4266 7900
18 998 3249 1230 moiſelle de Saint-Cyran n'a point
25 1249 3249 1482 changé pour moi; & cependant
23 1487 3381 1742 je laiſſe échapper des pleurs in-
25 1727 3309 1975 volontaires! Depuis que Madame
436 1994 3245 2234 d'Armiane & ſa fille ſont arrivées,
21 2226 3241 2485 les deux amies ne ſe quittent plus.
10 2449 3241 2728 Il ſemble que Conſtance m'ait
26 2738 3249 2995 ravi une partie des ſentimens
15 2999 3242 3233 de Théreſe. Je porte envie à leur
15 3249 3268 3474 amitié, à leurs entretiens, à leurs
410 3489 3366 3726 moindres careſſes. Cette paiſible
395 3727 3227 3964 jouiſſance me paroît bien pré-
17 3971 3226 4212 férable aux tranſports tumultueux
10 4217 3219 4477 de l'amour! Il eſt trop vrai que
18 4463 3196 4724 mon bonheur n'eſt plus le même:
25 4704 3598 4948 je vois s'approcher les jours de
10 4963 3588 5191 l'infortune: déja nous commen-
410 5220 3196 5467 çons à nous diperſer. Il eſt affreux
18 5477 3385 5702 de ſe quitter quand on a formé
14 5722 3193 5987 la douce habitude de ſe voir: le
2454 5996 3133 6219 Aa
