4266 7784
1128 1028 3883 1217 cœur s'arrache avec douleur à la
1117 1283 3887 1516 ſociété qu'il s'eſt choiſie: mais
1121 1510 3890 1736 qu'y a-t-il de conſtant ſur la terre?
1118 1771 3879 1990 Nous vivions dans une parfaite
859 2019 3887 2233 intelligence; il faut la rompre;
1122 2260 3887 2476 & c'eſt ainſi que la nature nous
1113 2501 3861 2725 diſpoſe à la derniere ſéparation.
1122 2750 3887 2968 Le temps vole & chaſſe devant
1117 2995 3856 3194 lui les amitiés humaines, comme
1113 3236 3879 3442 le vent balaie la pouſſiere. On
1121 3475 3871 3713 s'éloigne; on ne ſe rapproche
1117 3713 3879 3943 plus; ou ſi l'on revient ſur les
1128 3960 3878 4186 ſcenes paſſées, on eſt ſurpris de
1132 4205 3876 4429 n'être plus ému ſi vivement: le
1132 4449 3876 4672 cœur n'a point changé; mais les
1124 4676 3865 4918 ſituations ne ſont plus les mêmes.
1129 4912 3872 5140 Triſte variété qui détruit le char-
1128 5168 3868 5392 me d'une poſſeſſion durable &
1132 5416 2008 5632 tranquille!
1125 5647 3864 5918 Je conſerverai toute ma vie le
