4266 7793
1069 929 3823 1164 nante, debout derriere nos chai-
1066 1164 3826 1399 ſes, écoutoit & joignoit ſes ré-
1062 1399 3830 1636 flexions aux nôtres. Son loge-
1062 1665 3834 1839 ment étoit reſſerré comme ſa for-
1062 1917 3834 2128 tune, & le plus ſouvent nous paſ-
1062 2165 3823 2339 ſions ces ſoirées charmantes dans
1051 2420 3830 2644 une petite piece qui lui ſervoit
1066 2644 3834 2868 de cuiſine. Là, tandis que le ſou-
1062 2901 3834 3120 per frugal ſe préparoit, nous pour-
1058 3145 3830 3349 ſuivions nos entretiens graves ou
1054 3389 3845 3597 plaiſans; le bon vieillard nous
1054 3623 3856 3834 racontoit longuement les hiſtoires
1058 3859 3863 4086 de ſajeuneſſe, & les pieds étendus
1062 4111 3852 4341 ſur les tiſons, nous nous amuſions
1058 4366 3841 4574 à l'entendre. Je n'ai jamais goûté
888 4603 3808 4841 d'heures plus agréables; j'étois
761 4850 3870 5076 tout fier d'occuper une place dans
691 5060 3851 5306 la ſociété, & de converſer avec
1069 5343 3852 5555 des hommes, moi qui ne vivois
656 5584 3826 5810 encore qu'avec des enfans: l'inſ-
