4266 7806
467 833 3224 1048 & la mort n'a fait que ſaiſir le
459 1081 3232 1305 reſte de ſa proie. Avant ſa diſ-
42 1325 3228 1542 grace, il n'y avoit point d'homme
459 1563 3232 1798 plus heureux. Tout l'amuſoit; il
33 1818 3239 2017 étoit content de tout, & il avoit
39 2061 3228 2280 l'art d'attacher un prix aux moin-
460 2303 1825 2484 dres choſes.
667 2543 3242 2758 Pardonnez-moi ces longs dé-
474 2781 3243 3009 tails: qui plus que vous, Mon-
35 3029 3238 3253 ſieur, eſt fait pour les apprécier?
51 3262 3250 3495 En les écrivant, mon cœur ſe
36 3494 3279 3744 ſoulage, & je goûte une ſorte de
47 3743 3279 3999 plaiſir à payer ce tribut de re-
40 3993 3283 4242 connoiſſance à l'amitié, devant
43 4239 3286 4510 un ami qui m'a ſi bien conſolé
351 4498 1976 4747 de ma perte.
2340 5709 3061 5982 As
