4266 7856
2154 576 2763 843 rO
1080 1068 3847 1330 ER E XLVII.
1690 1593 3075 1746 Au même.
1012 1898 1484 2085 L
1001 2064 3858 2321 Nous avions invité Madame
1005 2317 3869 2570 d'Armiane, ſa fille & quelques
1001 2567 3806 2819 étrangers à faire une promenade
994 2816 3847 3070 dans le parc. En entrant dans l'o-
990 3070 3869 3312 rangerie, nos deux hôteſſes ont
997 3307 3869 3550 été frappées d'une ſurpriſe agréa-
990 3540 3806 3797 ble, à la vue d'un pavillon de
990 3795 3813 4049 verdure orné de feſtons qui ſem-
990 4046 3858 4300 bloient pendre naturellement ſur
990 4284 3855 4527 toutes les branches. Des bancs
987 4562 3811 4772 de gazons ſemés de roſes, d'œil-
984 4809 3803 5004 lets, de tubéreuſes, bordoient
987 5056 3799 5269 l'intérieur du pavillon & entou-
983 5295 3795 5460 roient une table couverte de
987 5538 3796 5792 crême, de patiſſeries & des meil-
