4266 7806
2308 583 2853 805 n
1183 872 3933 1076 ble; les hommes de bout derriere
1187 1124 3951 1314 elles, les ſervoient & en étoient
1176 1361 3955 1540 ſervis. C'étoit un tableau char-
1176 1606 3955 1825 mant de voir cette longue file
1180 1836 3951 2067 de jeunes payſanes toutes vêtues
1172 2096 3944 2304 uniformement & les villageois
1169 2345 3951 2549 avec les rubans qui flottoient à
1157 2586 3948 2805 leurs chapeaux. L'expreſſion de
1161 2820 3944 3061 la joie qui brilloit ſur tous les
1154 3072 3940 3284 viſages, le rire éclatant, les bons
1165 3320 3944 3525 mots, les contes plaiſans, les
1172 3550 3937 3747 chanſons, l'heureuſe & franche
1161 3795 3948 4007 liberté, tout cela ne peut ſe ren-
1161 4040 3940 4245 dre. L'image de leur bonheur ſe
1161 4278 3937 4508 communiquoit juſqu'à moi, &
1154 4537 3940 4762 faiſoit couler dans mes veines des
1157 4762 3937 4990 torrens de plaiſir. Théreſe &
1165 5001 3933 5231 Conſtance occupées à faire les
1154 5265 3929 5458 honneurs de la fête n'avoient
1165 5502 3929 5725 point de repos. Mille voix por-
