4266 7836
1434 580 1852 764 i5
-14 821 3071 1074 toient leurs noms juſqu'au ciel,
-14 1068 2989 1333 & la bénédiction des convives ſe
-13 1327 2999 1576 mêloit au bruit de leurs couplets
-13 1574 3006 1799 ruſtiques. Le repas a duré juſqu'au
-13 1796 3003 2069 ſoir: alors un feu d'artifice eſt parti
-12 2063 3004 2315 du milieu du canal. La façade du
-11 2315 2995 2552 château, toutes les allées du parc,
-11 2543 3006 2798 & tous les parterres ont paru illu-
-10 2798 2999 3048 minés. Les portiques de lumiere
-9 3042 3011 3296 qui brilloient au-deſſus des ber-
-9 3296 3029 3537 ceaux en fleurs, les gerbes qui
-9 3536 3006 3766 retomboient en millions d'étoiles
-8 3760 3011 4022 & qui nous couvroient tout - à-
-8 4022 3055 4262 coup d'une clarté éblouiſſante,
-7 4241 3077 4493 l'illuſion d'une nuit charmante,
-6 4487 3014 4754 le ſon des inſtrumens, les chants
-6 4747 3082 4990 & lesvoix confuſes de l'aſſemblée
-5 4983 3066 5256 ſe réuniſſoient pour former le
-5 5256 3096 5529 plus beau des ſpectacles. Je vais
-4 5510 3085 5757 me repoſer, car pour vous avouer
3822 7171 4280 7484 L
