4266 7754
2417 675 2844 860 ir.
885 908 3984 1174 mon ſecret, j'ai été chargé de
1237 1168 4008 1394 diriger la fête, d'inſtruire les en-
1234 1427 3988 1646 fans, de leur apprendre leurs
841 1660 3986 1892 rôles, de diſpoſer les décora-
1234 1909 3977 2076 tions & de veiller au bon ordre.
1227 2147 3977 2368 Depuis quinze jours, je n'étois
1234 2395 3965 2610 occupé que de ces préparatifs,
1227 2636 3973 2799 & la crainte d'échouer m'a fait
1219 2876 3962 3096 paſſer ſouvent de mauvaiſes nuits.
1224 3115 3976 3325 Celle-ci ſera tranquille, je l'eſ-
1215 3352 3973 3578 pere, & je vais dormir ſur mes
1212 3591 3965 3801 lauriers, s'il eſt vrai que le ſom-
807 3834 3958 4054 meil puiſſe approcher de moi.
1216 4075 3958 4250 O mon ami! comment l'oublier
1212 4315 3954 4540 un inſtant! Comment ceſſer de
1204 4559 3946 4797 voir cette figure angélique envi-
1204 4791 4008 5029 ronnée de tous ceux dont elle
1208 5028 4218 5262 fait le bonheur, & partageant leur
1201 5281 3935 5504 joie? Quel triomphe, & qu'il étoit
1204 5505 3988 5751 digne de ſon cœur! Jamais je
