4266 7825
2442 633 2871 816 S
1255 882 4200 1121 pleurs. Ah! lui ai-je dit, je vois
1147 1150 4014 1359 qu'il eſt plus aiſé de faire le bon-
1247 1392 4014 1597 heur des autres que le ſien! Mon
1251 1631 4010 1847 ami, m'a-t-elle répondu, cette
1243 1869 4010 2100 journée eſt trop belle; je ne dois
1247 2126 3991 2338 plus m'attendre qu'à des diſgraces.
1240 2375 4006 2565 Pour chaſſer ſa triſteſſe, Conſ-
1236 2617 4003 2793 tance nous a ramenés dans le
1240 2852 4006 3061 cercle où la joie, le tumulte &
1225 3098 3999 3284 le mouvement nous ont diſtraits.
1229 3340 3988 3559 On a danſé juſqu'au point du jour:
908 3585 3995 3809 alors Théreſe a pris le bras de ſa
1232 3835 3991 4044 couſine & le mien; nous avons
1229 4073 3988 4278 été nous aſſeoir ſur un tertre
1225 4319 3973 4535 élevé qui eſt au milieu du parc.
1217 4565 4073 4796 On voyoit de là les premieres
994 4814 3969 4997 couleurs de l'aurore; l'étoile de
1214 5060 3984 5242 Vénus brilloit de tout ſon éclat;
1214 5309 3969 5525 des nuages de pourpre & d'argent
1221 5555 3950 5771 étoient répandus ſur toute la ſur-
