4266 7793
2064 723 2908 913 o
1142 982 4060 1183 connoître l'inſtabilité des événe-
1280 1243 4044 1466 mens pour compter ſur un plaiſir
1279 1482 4056 1707 durable; & voyant que je pleu-
1279 1735 4056 1959 rois, pourquoi vous affliger, mon
1279 1970 4041 2137 ami? il faut s'attendre aux revers.
1277 2215 4045 2443 Les jours de la félicité ſont peut-
1279 2456 4045 2683 être finis pour nous; ne nous abu-
977 2701 4071 2925 ſons pas ſur notre état; il eſt dans
1272 2943 4063 3157 la main de la Providence qui
1191 3177 4074 3407 peut le rendre à jamais fortuné:
1276 3430 4071 3658 mais vous voyez combien de pé-
1273 3652 4056 3857 rils nous environnent; béniſſons
1268 3911 4059 4074 le ciel ſi nous obtenons encore
1272 4145 4023 4368 quelques beaux jours; pour moi
1264 4392 4037 4615 je n'en eſpere plus. Je crois donc
1276 4635 4052 4855 que la ſageſſe humaine doit ſe
1268 4882 4044 5102 borner, non pas à prévenir des
1205 5125 4034 5337 maux que nous redoutons ſans
957 5367 4007 5593 pouvoir les éviter, mais à goûter
1228 5617 4008 5835 paiſiblement les biens actuels qui
