4266 7773
1309 973 4042 1132 où nous avons coutume de vous
1302 1209 4042 1405 attendre. Le nom de Faldoni
1058 1453 4046 1663 frappe l'écho des rochers & re-
1298 1704 4042 1914 vient triſtement. Chaque pas qui
1298 1940 4101 2135 ſe fait entendre ſur la route me
1302 2176 4042 2371 donne une ſubite émotion; je
1298 2426 4031 2618 crois toujours vous voir: mais
1298 2666 4034 2877 mon eſpérance eſt déçue & mes
1294 2913 4027 3124 ſoupirs ſont emportés par les vents
1291 3149 4031 3363 avec la pouſſiere qui s'éleve ſous
1287 3396 3326 3603 les pieds des voyageurs.
1287 3629 4012 3828 Nous avons déja dit ving fois:
1279 3861 4027 4079 pourquoi ne vient-il pas? & nos
1291 4104 4012 4318 yeux demeurent fixés ſur la plaine.
1287 4344 4020 4554 Eſt - ce lui que je vois dans le
907 4591 4009 4794 chemin qui borde la forêt? Non,
1280 4842 4012 5041 dit Conſtance; c'eſt un villageois
1287 5081 4012 5292 occupé de ſes travaux. -- Mais
1287 5325 4005 5532 que fait-il donc? -- Il va venir.
1291 5572 4005 5753 Il doit venir. Il viendra ſurement.
3551 5801 4012 5974 Voilà
