4266 7900
1488 790 2332 984 a
459 1779 3121 1998 Fldonr à Thérese.
-5 2257 3146 2494 Ialoré l'impatience où j'étois
-5 2492 3136 2742 d'aller jouir aux Ormes des plai-
-6 2734 3146 2969 ſirs de ma ſoirée, je n'ai pu re-
-6 2948 3135 3223 fuſer à des malheureux qui im-
-7 3223 3184 3501 ploroient mon ſecours un temps
-7 3482 3353 3711 qui m'étoit bien cher. Je pars,
-8 3712 3125 3961 charmante amie, au moment où
-9 3953 3124 4253 je reçois votre meſſager, & j'em-
-9 4228 3120 4508 porte mes mémoires. Je crains
-10 4462 3135 4731 bien qu'ils n'altérent l'opinion
-10 4714 3128 4966 généreuſe que vous avez conçue
-11 4959 3128 5176 de moi. L'hiſtoire de ma jeuneſſe
-11 5176 3124 5413 eſt celle de mes erreurs: mais
-12 5412 3124 5672 vous ſecondez le projet que j'a-
-12 5652 3124 5920 vois depuis long - temps de me
2420 5958 2699 6114 Ba
