4266 7836
774 1150 2765 1319 MOIRES
1009 1604 2519 1774 D Faldonr.
-12 2093 3167 2375 Je ſuis né à Livourne. Mon pere
-11 2350 3185 2596 occupoit une des premieres pla-
-11 2592 3178 2831 ces de l'Etat, & ſes richeſſes
-10 2832 3194 3072 égaloient ſon crédit; mais de
-5 3065 3179 3306 malheureuſes entrepriſes riſquées
-9 3323 3179 3543 dans le commerce & des diſgra-
-9 3569 3178 3791 ces multipliées le forcerent d'a-
-8 3761 3181 4013 bandonner ſes emplois: il n'avoit
-8 4006 3174 4287 ſauvé des débris de ſa fortune
-1 4283 3167 4523 qu'une petite terre où il ſe retira.
-6 4523 3297 4750 Je l'avois peu vu depuis mon en-
-6 4743 3170 5002 ſance: élevé dans des écoles pu-
24 4996 3163 5227 bliques, je m'accoutumois à me
10 5238 3159 5484 regarder comme un citoyen du
-4 5486 3155 5732 monde, & quand je rentrai dans
2150 5771 2497 5962 B
