4266 7900
2310 651 2793 844 o
1163 905 4266 1176 la maiſon paternelle, j'y vécus
1167 1168 4266 1419 en étranger. Je vis bientôt que
1145 1419 4267 1663 dans ma terre natale je n'avois
1152 1663 4268 1924 rien à prétendre: né avec un
1156 1923 4268 2158 cœur ſuperbe, amoureux de l'in-
1145 2174 4269 2426 dépendance, ennemi des baſſeſſes,
1141 2403 4269 2640 que pouvois-je faire? Je me ſen-
1066 2657 4270 2894 tois oppreſſé: l'humeur me bour-
1099 2909 3950 3129 reloit. Je préférai la miſere & l'é-
1047 3100 4271 3374 loignement: je quittai mon pere &
1126 3374 4271 3625 ma patrie, & je leur payai le tribut
1122 3622 4272 3869 de quelques larmes. Je me trou-
1133 3880 4272 4122 vois perdu dans une autre contrée,
1118 4121 4273 4338 ſans amis, ſans parens, ſans for-
1130 4375 3945 4623 tune & ſans état. J'y traînai long-
1009 4583 4274 4840 temps une vie obſcure, pourſuivi
700 4840 4275 5351 e ppanſes aiiaare, eur s
1111 5350 4276 5574 cependant & ſatisfait de moi-
1126 5571 4277 5838 même. Mon cœur n'avoit pas
