4266 7856
1193 849 4024 1085 Quand je peignois les ſituations
1219 1085 4024 1301 d'une vie agitée, les horreurs de
1223 1339 4024 1548 l'infortune où j'avois langui, les
1230 1589 4020 1795 dégoûts qu'il m'avoit fallu dévo-
1226 1836 4020 2049 rer auprès de l'altiere opulence
1230 2083 4024 2289 & de la grandeur faſtueuſe, cette
1230 2329 4121 2539 ſucceſſion rapide d'états divers
1245 2561 4031 2775 que j'embraſſois & fuyois ſitôt
1241 2804 4028 3029 que j'y ſentois le poids de mes
1241 3059 4031 3265 entraves; quand je me repré-
1230 3302 4028 3489 ſentois luttant comme un forçat
1208 3545 4031 3747 avec la deſtinée, portant avec
1226 3777 4031 3979 moi cet amour de la liberté qui
1226 4012 4042 4214 me faiſoit rejetter toute idée d'aſ-
1204 4259 4050 4476 ſujettiſſement, malheureux par
1241 4510 4046 4723 mon ſort, plus malheureux par
1249 4756 4042 4970 mon eſprit d'indépendance, qui
1256 4988 4039 5194 ne m'offroit dans l'avenir qu'une
1227 5242 4039 5456 perſpective déſolante; alors avec
1196 5478 4035 5691 une agitation marquée, Louiſe
