<PcGts xmlns="http://schema.primaresearch.org/PAGE/gts/pagecontent/2017-07-15" xmlns:xsi="http://www.w3.org/2001/XMLSchema-instance" xsi:schemaLocation="http://schema.primaresearch.org/PAGE/gts/pagecontent/2017-07-15 http://schema.primaresearch.org/PAGE/gts/pagecontent/2017-07-15/pagecontent.xsd"><Metadata><Creator>User123</Creator><Created>2020-10-14T09:11:11</Created><LastChange>2020-10-14T09:11:11</LastChange></Metadata><Page imageFilename="0044.png" imageHeight="7806" imageWidth="4266"><TextRegion id="r0" type="paragraph" orientation="-0.0"><Coords points="1,1 4264,1 4264,7804 1,7804"/><TextLine id="r0_l001"><Coords points="1439,594 2081,594 2081,783 1439,783"/><TextEquiv index="1"><Unicode></Unicode></TextEquiv></TextLine><TextLine id="r0_l002"><Coords points="11,1111 10,1111 10,862 11,861 67,861 67,861 67,860 68,859 71,859 72,860 73,860 73,861 73,886 74,886 340,886 340,887 340,888 342,889 346,889 348,892 348,896 350,897 351,897 351,898 351,899 352,900 352,923 353,923 852,923 852,923 852,895 854,893 855,893 856,892 856,884 858,882 859,882 860,881 860,876 861,875 1111,875 1112,874 1112,873 1114,871 1118,871 1122,867 1126,867 1127,869 1127,870 1129,871 1137,871 1138,873 1138,919 1139,919 1864,919 1865,918 1865,895 1867,893 1868,893 1869,892 1869,884 1871,882 1872,882 1872,882 1872,881 1875,878 1876,878 1876,878 1876,877 1879,874 1880,874 1880,874 1880,873 1882,871 1886,871 1894,863 2114,863 2114,863 2114,861 2115,860 2366,860 2366,861 2366,866 2368,867 2369,867 2370,869 2370,874 2372,875 2373,875 2374,877 2374,915 2375,915 2867,915 2867,915 2867,884 2869,882 2870,882 2871,881 2871,876 2872,875 2889,875 2890,874 2891,875 2892,875 2893,877 2893,878 2894,878 2899,878 2900,880 2900,952 2901,952 2987,952 2988,953 2989,953 2989,954 2989,955 2991,956 2992,956 2993,958 2993,982 2994,982 3007,982 3008,984 3008,985 3010,986 3011,986 3012,988 3012,997 3013,997 3014,997 3015,999 3015,1015 3014,1016 3013,1016 3012,1017 3012,1029 3010,1031 3009,1031 3008,1032 3008,1033 3007,1034 3006,1034 3004,1036 3004,1045 3004,1045 3003,1045 3001,1047 3001,1051 2999,1053 2987,1053 2986,1054 2986,1055 2985,1056 2984,1056 2983,1057 2913,1057 2912,1058 2912,1085 2911,1086 2909,1086 2908,1087 2908,1093 2908,1093 2907,1093 2903,1097 2898,1097 2897,1097 2897,1020 2897,1019 2728,1019 2725,1016 2417,1016 2416,1015 2415,1015 2414,1015 2414,1014 2413,1012 1555,1012 1554,1013 1554,1014 1552,1016 1444,1016 1442,1018 1442,1034 1442,1034 1441,1034 1439,1036 1439,1040 1437,1042 1436,1042 1435,1043 1435,1052 1435,1052 1434,1052 1431,1055 1431,1059 1430,1060 1429,1060 1428,1061 1428,1062 1427,1063 1427,1067 1426,1068 1425,1068 1424,1069 1424,1070 1423,1071 1410,1071 1409,1071 1409,1062 1408,1060 1006,1060 1005,1060 1005,1059 1004,1057 1003,1057 1001,1056 1001,1032 1001,1031 531,1031 530,1032 530,1033 529,1034 324,1034 322,1036 322,1037 321,1038 41,1038 40,1039 40,1070 39,1071 38,1071 37,1072 30,1072 29,1073 29,1081 27,1083 22,1083 21,1084 21,1111 21,1111"/><TextEquiv index="1"><Unicode>écoutoit, les yeux fixés ſur moi,</Unicode></TextEquiv></TextLine><TextLine id="r0_l003"><Coords points="42,1350 40,1349 40,1348 39,1346 23,1346 21,1345 21,1332 21,1331 15,1331 14,1331 14,1317 14,1316 12,1316 10,1315 10,1112 11,1111 22,1111 23,1112 24,1112 25,1114 25,1116 26,1116 2180,1116 2180,1116 2180,1115 2181,1114 2181,1113 2182,1112 2187,1112 2188,1111 2188,1110 2190,1108 2198,1108 2199,1110 2199,1111 2200,1111 2201,1112 2202,1112 2203,1114 2203,1115 2205,1116 2762,1116 2774,1129 2774,1168 2775,1168 2818,1168 2819,1170 2819,1171 2820,1171 2944,1171 2945,1173 2945,1174 2949,1178 2949,1205 2950,1205 3030,1205 3030,1206 3030,1222 3032,1223 3033,1223 3034,1225 3034,1226 3033,1227 3032,1227 3031,1228 3030,1229 3030,1230 3029,1231 3028,1231 3027,1232 3027,1233 3025,1235 2961,1235 2960,1236 2960,1256 2959,1257 2946,1257 2945,1258 2945,1259 2943,1261 2798,1261 2797,1262 2797,1263 2796,1264 2572,1264 2570,1266 2570,1275 2570,1275 2569,1275 2563,1281 2563,1285 2562,1286 2558,1286 2551,1293 2551,1294 2551,1294 2546,1294 2544,1296 2544,1297 2543,1298 2018,1298 2017,1299 2017,1308 2016,1309 2012,1309 2010,1311 2010,1312 2010,1312 1986,1312 1985,1313 1984,1312 1974,1312 1973,1312 1973,1303 1975,1301 1976,1301 1976,1301 1976,1269 1976,1268 605,1268 604,1269 604,1282 604,1282 603,1282 600,1285 600,1300 596,1304 596,1312 596,1312 595,1312 593,1314 593,1315 592,1316 591,1316 589,1318 589,1323 589,1323 588,1323 585,1326 585,1327 585,1327 580,1327 578,1329 578,1330 577,1331 45,1331 44,1332 44,1349 43,1350"/><TextEquiv index="1"><Unicode>croyant ſentir mes peines, ſou-</Unicode></TextEquiv></TextLine><TextLine id="r0_l004"><Coords points="37,1631 36,1631 36,1629 36,1628 34,1628 32,1627 32,1566 32,1565 23,1565 21,1564 21,1555 21,1554 13,1554 12,1553 11,1553 10,1553 10,1503 11,1502 12,1502 13,1501 14,1501 14,1501 14,1388 16,1386 17,1386 17,1386 17,1385 19,1383 29,1383 29,1383 29,1373 30,1372 31,1372 32,1371 32,1370 34,1368 1572,1368 1572,1368 1572,1363 1574,1361 1578,1361 1580,1359 1580,1358 1581,1357 1586,1357 1587,1356 1587,1355 1589,1353 2005,1353 2006,1355 2006,1356 2008,1357 2551,1357 2551,1358 2551,1359 2554,1361 2558,1361 2561,1364 2602,1364 2604,1367 2604,1368 2605,1368 2606,1368 2607,1370 2607,1405 2608,1405 2762,1405 2763,1407 2763,1412 2764,1412 2854,1412 2855,1413 2941,1413 2941,1414 2941,1415 2943,1416 2947,1416 2955,1424 2956,1424 2956,1425 2956,1450 2957,1450 3015,1450 3015,1451 3015,1452 3017,1453 3021,1453 3033,1465 3034,1465 3034,1466 3034,1471 3036,1472 3037,1472 3038,1474 3034,1478 3034,1479 3034,1479 2938,1479 2937,1480 2937,1505 2937,1505 2936,1505 2935,1506 2865,1506 2862,1509 2847,1509 2843,1513 1729,1513 1728,1514 1728,1531 1729,1531 3055,1531 3056,1533 3056,1535 3056,1535 1729,1535 1728,1536 1728,1553 1728,1553 1727,1553 1726,1554 1696,1554 1695,1555 1695,1556 1694,1557 1329,1557 1328,1558 1328,1559 1326,1561 316,1561 315,1562 315,1577 314,1578 314,1579 313,1580 282,1580 281,1581 281,1582 280,1583 41,1583 40,1584 40,1631 40,1631"/><TextEquiv index="1"><Unicode>pirant, &amp; quelquefois m'inter-</Unicode></TextEquiv></TextLine><TextLine id="r0_l005"><Coords points="3010,1832 3008,1831 3008,1830 3007,1828 3006,1828 3004,1827 3004,1826 3004,1825 1023,1825 1022,1824 620,1824 619,1824 619,1823 618,1822 618,1777 618,1776 30,1776 29,1776 29,1729 29,1728 23,1728 21,1727 21,1700 21,1699 14,1699 13,1698 11,1698 10,1698 10,1696 11,1695 12,1695 13,1694 21,1694 21,1694 21,1670 22,1669 23,1669 24,1668 32,1668 32,1668 32,1656 34,1654 37,1654 37,1654 37,1632 38,1631 1360,1631 1360,1631 1360,1621 1361,1620 1361,1618 1362,1617 1374,1617 1376,1615 1376,1614 1377,1613 1405,1613 1405,1613 1405,1600 1407,1598 1412,1598 1413,1600 1413,1605 1414,1605 1956,1605 1957,1606 1958,1606 1958,1607 1958,1617 1959,1617 2963,1617 2963,1618 2963,1619 2965,1620 2966,1620 2967,1622 2967,1706 2968,1706 3033,1706 3034,1708 3034,1716 3036,1717 3037,1717 3038,1719 3038,1724 3039,1724 3040,1724 3041,1726 3041,1728 3041,1728 3040,1728 3036,1732 3017,1732 3016,1733 3016,1829 3015,1830 3015,1831 3014,1832"/><TextEquiv index="1"><Unicode>rompant par des exclamations gé-</Unicode></TextEquiv></TextLine><TextLine id="r0_l006"><Coords points="22,1859 3046,1859 3046,2089 22,2089"/><TextEquiv index="1"><Unicode>néreuſes. Elle aimoit mon cou-</Unicode></TextEquiv></TextLine><TextLine id="r0_l007"><Coords points="30,2100 3050,2100 3050,2312 30,2312"/><TextEquiv index="1"><Unicode>rage; cette hauteur dans la miſere</Unicode></TextEquiv></TextLine><TextLine id="r0_l008"><Coords points="1656,2559 1652,2555 1006,2555 1004,2554 1004,2523 1004,2522 49,2522 47,2521 47,2516 48,2515 1004,2515 1004,2515 1004,2512 1004,2511 42,2511 40,2510 40,2490 40,2489 32,2489 31,2488 30,2488 29,2488 29,2487 28,2486 28,2484 29,2483 29,2353 31,2351 44,2351 44,2351 44,2338 46,2336 50,2336 51,2338 51,2347 52,2347 2234,2347 2235,2348 2236,2348 2236,2349 2236,2351 2237,2351 2565,2351 2567,2354 2567,2355 2568,2355 2955,2355 2956,2357 2956,2358 2958,2359 2963,2359 2963,2360 2963,2361 2965,2362 2966,2362 2967,2364 2967,2396 2968,2396 3022,2396 3023,2398 3023,2411 3024,2411 3052,2411 3052,2412 3052,2413 3053,2414 3053,2429 3054,2429 3055,2429 3056,2431 3056,2492 3056,2492 3051,2492 3049,2494 3049,2495 3048,2496 3028,2496 3027,2497 3027,2498 3025,2500 2609,2500 2608,2501 2608,2556 2607,2557 2607,2559 2607,2559"/><TextEquiv index="1"><Unicode>ne lui déplaiſoit pas; elle eſtimoit</Unicode></TextEquiv></TextLine><TextLine id="r0_l009"><Coords points="54,2817 54,2794 54,2793 42,2793 40,2792 40,2705 40,2704 34,2704 33,2704 33,2703 32,2702 32,2561 34,2559 40,2559 40,2559 40,2553 42,2551 43,2551 43,2551 43,2550 45,2548 47,2548 47,2549 47,2585 48,2585 54,2585 55,2587 55,2592 56,2592 2555,2592 2555,2592 2555,2591 2557,2589 2558,2589 2559,2588 2559,2587 2561,2585 2562,2585 2563,2587 2563,2588 2565,2589 2577,2589 2578,2591 2578,2596 2579,2596 2621,2596 2622,2598 2622,2600 2623,2600 2955,2600 2956,2602 2956,2603 2957,2603 2958,2603 2960,2606 2960,2607 2961,2607 2962,2607 2963,2609 2963,2613 2966,2615 2967,2615 2967,2616 2967,2652 2968,2652 3037,2652 3038,2654 3038,2655 3039,2655 3047,2655 3049,2658 3049,2659 3050,2659 3051,2659 3053,2662 3053,2673 3055,2674 3056,2674 3056,2675 3056,2710 3058,2711 3059,2711 3060,2713 3060,2725 3059,2726 3058,2726 3056,2728 3056,2733 3056,2733 3055,2733 3052,2736 3052,2737 3052,2737 3040,2737 3036,2741 3032,2741 3030,2743 3030,2744 3030,2744 3029,2744 3028,2745 2575,2745 2574,2746 2574,2755 2574,2755 2573,2755 2570,2758 2570,2762 2569,2763 2568,2763 2567,2764 2567,2765 2565,2767 2564,2767 2563,2768 2563,2769 2561,2771 2560,2771 2559,2772 2559,2773 2554,2778 2553,2778 2552,2779 2552,2780 2550,2782 2549,2782 2548,2783 2548,2784 2547,2785 1959,2785 1958,2786 1958,2788 1957,2789 1956,2789 1954,2791 1954,2792 1953,2793 67,2793 66,2794 66,2799 65,2800 60,2800 59,2801 59,2817 57,2819"/><TextEquiv index="1"><Unicode>la fierté avec laquelle j'avois</Unicode></TextEquiv></TextLine><TextLine id="r0_l010"><Coords points="30,2834 3072,2834 3072,3053 30,3053"/><TextEquiv index="1"><Unicode>quitté ma patrie, &amp; elle me diſoit</Unicode></TextEquiv></TextLine><TextLine id="r0_l011"><Coords points="30,3061 3451,3061 3451,3298 30,3298"/><TextEquiv index="1"><Unicode>avec douceur que je la retrouve-</Unicode></TextEquiv></TextLine><TextLine id="r0_l012"><Coords points="37,3309 3091,3309 3091,3544 37,3544"/><TextEquiv index="1"><Unicode>rois en France. Je paſſois les jours</Unicode></TextEquiv></TextLine><TextLine id="r0_l013"><Coords points="2093,3761 2092,3761 2092,3699 2092,3698 665,3698 663,3700 663,3701 662,3702 56,3702 55,3703 55,3749 54,3750 53,3750 52,3751 48,3751 47,3751 47,3688 47,3687 42,3687 40,3686 40,3640 40,3639 39,3639 38,3638 37,3638 36,3638 36,3544 37,3543 44,3543 44,3544 44,3546 45,3546 58,3546 58,3547 58,3548 60,3549 61,3550 62,3550 62,3551 62,3557 63,3557 584,3557 586,3560 586,3561 587,3561 592,3561 593,3563 593,3601 594,3601 1587,3601 1587,3601 1587,3558 1588,3557 1594,3557 1594,3557 1594,3556 1597,3553 1601,3553 1602,3552 1602,3551 1603,3550 1617,3550 1618,3549 1672,3549 1673,3550 1690,3550 1691,3552 1691,3553 1692,3553 2624,3553 2628,3557 2632,3557 2634,3560 2634,3561 2635,3561 2640,3561 2641,3563 2641,3564 2642,3564 2643,3564 2644,3566 2644,3609 2645,3609 3081,3609 3082,3611 3082,3612 3084,3613 3089,3613 3090,3615 3090,3620 3091,3620 3092,3620 3096,3624 3097,3624 3097,3625 3097,3679 3098,3679 3099,3679 3101,3682 3101,3683 3102,3683 3103,3683 3104,3685 3104,3686 3105,3687 3105,3692 3104,3693 3104,3694 3104,3694 3103,3694 3101,3696 3101,3708 3100,3709 3099,3709 3097,3711 3097,3716 3097,3716 3096,3716 3093,3719 3093,3720 3093,3720 3091,3720 3090,3721 3090,3745 3089,3746 2104,3746 2103,3747 2103,3760 2102,3761"/><TextEquiv index="1"><Unicode>entiers avec elle &amp; ſa ſœur;</Unicode></TextEquiv></TextLine><TextLine id="r0_l014"><Coords points="60,4010 58,4009 58,3963 58,3962 49,3962 47,3961 47,3848 47,3847 46,3847 43,3845 43,3784 43,3783 41,3783 40,3783 40,3781 41,3780 42,3780 43,3779 43,3778 44,3777 44,3762 45,3761 47,3761 47,3761 47,3752 48,3751 51,3751 51,3752 51,3761 52,3761 54,3761 55,3763 55,3794 56,3794 997,3794 997,3794 997,3793 999,3791 1405,3791 1405,3792 1405,3793 1407,3794 2303,3794 2303,3794 2303,3793 2305,3791 2436,3791 2437,3793 2437,3794 2438,3794 2887,3794 2888,3795 2889,3795 2889,3796 2889,3797 2891,3798 2907,3798 2908,3800 2908,3801 2910,3802 2911,3802 2911,3803 2911,3821 2912,3821 3034,3821 3034,3822 3034,3823 3036,3824 3037,3824 3038,3826 3038,3850 3039,3850 3048,3850 3049,3852 3049,3883 3050,3883 3095,3883 3096,3884 3097,3884 3097,3885 3097,3886 3101,3890 3101,3909 3102,3909 3103,3909 3104,3911 3104,3912 3106,3913 3107,3913 3108,3915 3108,3920 3107,3921 3028,3921 3027,3922 3027,3945 3025,3947 2921,3947 2919,3946 2919,3945 2918,3943 1641,3943 1639,3942 1639,3941 1638,3939 435,3939 433,3941 433,3946 433,3946 432,3946 430,3948 430,3949 429,3950 68,3950 67,3951 63,3951 62,3952 62,4009 61,4010"/><TextEquiv index="1"><Unicode>l'habitude d'être enſemble reſſer-</Unicode></TextEquiv></TextLine><TextLine id="r0_l015"><Coords points="44,4029 3105,4029 3105,4264 44,4264"/><TextEquiv index="1"><Unicode>roit de plus en plus les nœuds</Unicode></TextEquiv></TextLine><TextLine id="r0_l016"><Coords points="44,4264 3105,4264 3105,4501 44,4501"/><TextEquiv index="1"><Unicode>d'une amitié naiſſante: j'étois ſans</Unicode></TextEquiv></TextLine><TextLine id="r0_l017"><Coords points="52,4778 51,4778 51,4738 51,4737 49,4737 47,4736 47,4630 47,4629 45,4629 44,4629 44,4610 43,4609 43,4501 44,4500 73,4500 73,4501 73,4507 74,4507 629,4507 630,4509 630,4510 631,4510 635,4510 636,4511 637,4511 637,4512 637,4514 638,4514 1000,4514 1000,4515 1000,4516 1003,4518 1004,4518 1004,4519 1004,4520 1007,4522 2402,4522 2403,4521 2404,4521 2405,4522 2406,4522 2407,4524 2407,4525 2408,4525 2569,4525 2570,4527 2570,4528 2572,4529 2573,4529 2574,4531 2574,4532 2575,4533 2576,4533 2577,4533 2578,4535 2578,4540 2579,4540 3003,4540 3004,4542 3004,4543 3006,4544 3022,4544 3023,4546 3023,4555 3024,4555 3063,4555 3064,4557 3064,4558 3066,4559 3067,4559 3067,4560 3067,4573 3068,4573 3082,4573 3083,4574 3101,4574 3101,4575 3101,4580 3103,4581 3104,4581 3104,4582 3104,4657 3107,4659 3108,4659 3108,4660 3108,4662 3107,4663 3106,4663 3105,4664 3105,4671 3104,4672 3104,4673 3103,4674 3102,4674 3101,4675 3101,4676 3099,4678 2861,4678 2860,4679 2860,4683 2859,4684 2859,4685 2859,4685 2858,4685 2856,4687 2856,4691 2854,4693 2853,4693 2852,4694 2852,4699 2851,4700 2850,4700 2848,4702 2848,4703 2848,4703 2847,4703 2846,4704 2845,4705 2845,4706 2844,4707 2843,4707 2841,4709 2841,4710 2840,4711 2835,4711 2834,4712 2834,4713 2832,4715 2828,4715 2826,4717 2826,4722 2826,4722 2824,4722 2822,4721 2822,4720 2821,4718 2816,4718 2815,4718 2815,4678 2815,4677 2716,4677 2715,4677 2715,4676 2714,4674 1941,4674 1939,4673 1939,4672 1938,4670 635,4670 634,4671 634,4679 633,4680 633,4681 633,4681 632,4681 630,4683 630,4687 628,4689 627,4689 626,4690 626,4695 625,4696 620,4696 619,4697 619,4702 618,4703 617,4703 616,4704 609,4704 608,4705 608,4706 607,4707 371,4707 370,4708 370,4725 369,4726 89,4726 88,4727 88,4740 87,4741 86,4741 84,4743 84,4744 84,4744 67,4744 66,4745 66,4747 65,4748 64,4748 62,4750 62,4759 62,4759 59,4759 58,4760 58,4777 57,4778"/><TextEquiv index="1"><Unicode>projet d'aimer &amp; de ſéduire, &amp;</Unicode></TextEquiv></TextLine><TextLine id="r0_l018"><Coords points="2855,4971 2854,4970 2853,4970 2852,4970 2852,4969 2851,4967 2847,4967 2845,4966 2845,4927 2845,4926 2357,4926 2355,4925 2355,4924 2355,4923 2262,4923 2261,4922 2100,4922 2099,4922 2099,4921 2098,4919 2020,4919 2019,4918 2018,4918 2017,4918 2017,4917 2016,4915 89,4915 88,4916 88,4929 87,4930 71,4930 70,4931 70,4954 69,4955 69,4956 69,4956 68,4956 66,4955 66,4954 65,4953 65,4942 65,4941 56,4941 55,4941 55,4886 55,4885 52,4885 51,4885 51,4779 52,4778 433,4778 433,4778 433,4765 435,4763 455,4763 455,4764 455,4765 457,4766 1778,4766 1784,4773 1784,4777 1786,4778 1787,4778 1787,4779 1787,4787 1791,4791 1791,4799 1793,4800 1794,4800 1795,4802 1795,4807 1796,4807 1797,4807 1798,4809 1798,4826 1799,4826 3074,4826 3075,4828 3075,4829 3077,4830 3078,4830 3078,4831 3078,4832 3080,4833 3081,4833 3081,4834 3082,4835 3082,4836 3084,4837 3089,4837 3089,4838 3089,4839 3090,4840 3090,4844 3091,4844 3095,4844 3096,4845 3097,4845 3097,4846 3097,4851 3099,4852 3100,4852 3101,4854 3101,4881 3102,4881 3106,4881 3107,4882 3108,4882 3108,4883 3108,4888 3107,4889 3106,4889 3104,4891 3104,4900 3104,4900 3099,4900 3097,4902 3097,4903 3096,4904 3091,4904 3090,4905 3090,4906 3088,4908 3087,4908 3086,4909 3086,4910 3085,4911 3084,4911 3082,4913 3082,4914 3081,4915 3080,4915 3079,4916 3079,4917 3077,4919 3065,4919 3064,4920 3064,4921 3063,4922 2901,4922 2900,4923 2900,4970 2899,4971"/><TextEquiv index="1"><Unicode>c'eſt un aveu dû à mon cœur que</Unicode></TextEquiv></TextLine><TextLine id="r0_l019"><Coords points="48,4997 3202,4997 3202,5249 48,5249"/><TextEquiv index="1"><Unicode>je repouſſai ſouvent la cruelle</Unicode></TextEquiv></TextLine><TextLine id="r0_l020"><Coords points="52,5249 3124,5249 3124,5476 52,5476"/><TextEquiv index="1"><Unicode>idée de troubler la paix de ces</Unicode></TextEquiv></TextLine><TextLine id="r0_l021"><Coords points="55,5487 3150,5487 3150,5740 55,5740"/><TextEquiv index="1"><Unicode>timides colombes. Le pere me</Unicode></TextEquiv></TextLine><TextLine id="r0_l022"><Coords points="2404,5751 2712,5751 2712,5903 2404,5903"/><TextEquiv index="1"><Unicode>Be</Unicode></TextEquiv></TextLine></TextRegion></Page></PcGts>