4266 7900
1254 832 4309 1086 livroit ſes filles avec une con-
1179 1077 4308 1313 fiance hélas! cruellement déçue.
1277 1313 4306 1560 Mais l'honnête homme peut - il
1277 1558 4305 1840 voir dans autrui le vice qu'il
1273 1804 4303 2064 ignore? Un matin, j'allai me pro-
1268 2045 4302 2319 mener avec les deux ſœurs dans
1268 2299 4300 2562 les campagnes voiſines; le tableau
911 2539 4299 2810 du ſoleil levant, le chant de mille
1276 2790 4297 3052 oiſeaux, la molleſſe & la fraî-
1281 3032 4295 3301 cheur de l'air, & je ne ſais quelle
903 3300 4293 3544 volupté répandue ſur toute la na-
1224 3543 4292 3768 ture, diſpoſoient le cœur à s'at-
1183 3768 4290 4057 tendrir. Je m'enfonçai dans l'é-
1130 4032 4288 4298 paiſſeur des bois avec Louiſe;
1247 4288 4287 4537 ſa ſœur occupée à cueillir des
1258 4536 4285 4782 fraiſes, nous perdit; elle nous
858 4781 4284 5029 appella long-temps; nous revîn-
1126 5029 4282 5271 mes enfin; mais nous reparûmes
1250 5252 4281 5523 comme deux coupables, avec
1144 5502 4279 5779 la rougeur ſur le front, & j'avois
