4266 7900
-6 872 3052 1103 de plus le remord dans l'ame.
-8 1091 3056 1356 Louiſe que j'avois vue ſi gaie,
-9 1344 3053 1633 ſi folâtre, ſi tendrement naive,
-11 1613 3060 1861 ne fut plus la même. Un morne
-13 1835 3071 2106 ſilence enveloppoit ſes penſées;
-15 2078 3082 2354 la triſteſſe voiloit ſon viſage;
-16 2353 3090 2592 elle me fixoit ſouvent d'un air
-18 2592 3093 2830 doux & pénétré, & baiſſoit ſes
-19 2811 3097 3091 humides regards dès qu'elle ren-
-21 3090 3094 3331 controit les miens. Quand je lui
-23 3331 3082 3608 parlois elle rougiſſoit; quand je
-24 3595 3128 3826 m'éloignois elle pleuroit; quand
-26 3826 3101 4089 je touchois ſa main elle trembloit
-27 4088 3331 4316 comme ſi elle eût eu le friſſon;
-29 4316 3512 4569 un jour elle me diſoit: vous
-31 4566 3101 4819 m'avez rendue bien miſérable!
-32 4818 3331 5072 vous êtes cauſe que je n'oſe plus
-34 5030 3109 5283 lever les yeux. Une autre fois je
-36 5278 3188 5551 la trouvai aſſiſe à terre, au pied
-37 5549 3113 5816 d'une chaiſe, la tête cachée dans
