4266 7682
151 864 3045 1167 fruits de mon hymen: je t'ai
144 1165 3045 1403 confié deux innocentes créatures
140 1397 3057 1638 qui n'avoient pas même apperçu
137 1631 3053 1869 de loin l'ombre du vice. Tu as
133 1869 3064 2108 dit dans ton ame: corrompons
126 2104 3061 2344 ces cœurs ſimples qui ſe livrent
119 2343 3057 2581 à moi foi: affligeons cet honnête
115 2574 3056 2808 vieillard dans la plus chere partie
111 2801 3064 3052 de lui - même, & qu'il pleure
104 3045 3063 3256 éternellement ſes bienfaits. A la
97 3266 3070 3512 fin, fatigué de mes regrets, je
97 3509 3078 3759 partis de cette maiſon où je laiſſois
90 3751 3186 3962 après moi l'horreur, le déſeſpoir,
82 3954 3063 4193 la honte & le répentir. Arrivé à
78 4191 3070 4429 Paris, je me jettai dans le tour-
71 4423 3071 4690 billon; je m'évitai moi-même;
64 4683 3075 4914 je cherchai des diſtractions: au
57 4913 3067 5139 bout de quelques mois, je parvins,
53 5136 3071 5399 ſinon à perdre l'idée de Louiſe,
50 5392 3063 5656 au moins à l'affoiblir, & je ne
