4266 7900
2363 626 3445 928 (
1424 919 4190 1174 ma bouche: une fauſſe honte,
1417 1175 4214 1421 la crainte, ou je ne ſais quel au-
1421 1421 4222 1665 tre ſentiment, m'a toujours re-
1330 1665 4214 1907 tenue; il faut enfin vous parler,
1378 1910 4209 2158 & je conjure la ſuprême clémence
1420 2156 4213 2403 de me protéger dans le cruel
1420 2402 4213 2622 effort que je vais faire ſur moi-
1413 2657 4210 2872 même. Vous vous êtes apperçu
1421 2898 4206 3117 de l'impreſſion que fit ſur moi vo-
1410 3151 4210 3379 tre premier aſpect: elle n'étoit
1410 3379 4203 3607 que trop viſible: j'avois toujours
1198 3637 4210 3856 vécu dans l'intérieur de ma fa-
1398 3863 4206 4086 mille, & je connoiſſois trop peu
1398 4104 4199 4323 le monde pour me défier d'un
1401 4337 4198 4586 penchant qui ſembloit me pro-
1401 4580 4183 4809 mettre le bonheur: je m'y livrai
1229 4836 4195 5055 ſans ſcrupule & avec toute l'in-
1410 5085 4195 5300 génuité de mon âge. Quelques
1406 5329 4191 5537 égards, quelques ſoins, des at-
1413 5578 4191 5827 tentions particulieres que vous
848 5944 1332 6140 L
