4266 7701
160 5 745 110 --
1355 787 1863 989 5
152 1028 2987 1307 paroiſſiez m'accorder & que je
130 1304 2965 1552 pris pour un retour de tendreſſe,
126 1540 2987 1761 acheverent de m'égarer. Qu'une
123 1761 2987 1987 amante eſt aiſément trompée!
115 1972 2983 2236 Je vous voyois flatter mes goûts,
112 2236 2987 2469 me prévenir dans tous mes vœux,
108 2474 2994 2679 chercher conſtamment mes re-
101 2703 2990 2965 gards, vous placer auprès de moi
101 2957 2990 3179 à la table, au jeu, dans les pro-
90 3193 2977 3407 menades, me parler avec un air
86 3429 2986 3650 d'intérêt que vous n'aviez pour
93 3662 2983 3901 perſonne, me reprendre de mes
79 3891 2987 4120 fautes avec une douceur qui
72 4120 2987 4367 m'enchantoit; je me croyois ai-
68 4361 2965 4609 mée & vous ne ſongiez point à
64 4603 2977 4820 me déſabuſer! Quand vous osâtes
75 4844 2976 5080 deſcendre dans mon cœur pour
57 5076 2965 5320 en tirer le ſecret de ma foibleſſe,
46 5319 2968 5574 je vous fis tous les aveux que
39 5563 2972 5804 vous déſiriez avec une ſimplicité
