4266 7845
1265 953 4279 1220 qui m'étonne aujourd'hui; & vous
1266 1214 4278 1469 ne me déſabuſiez point! Enfin
1258 1467 4277 1713 l'heure de mon infortune arriva:
1250 1710 4277 1957 je ne m'arrêterai pas ſur cette
1228 1951 4277 2196 fatale époque de ma vie; vous
1257 2196 4276 2442 & moi, nous aurions trop à rou-
1247 2439 4275 2684 gir, & je ne veux point vous re-
1247 2684 4275 2928 procher une faute que j'ai par-
1243 2927 4274 3156 tagée; mais comment juſtifier
1214 3149 4274 3403 votre conduite depuis ce temps?
1236 3425 4274 3677 Je ſortois à peine de vos bras,
1248 3671 4273 3880 & mes yeux étoient encore bai-
1239 3880 4272 4157 gnés des larmes du repentir, quand
1236 4109 4271 4374 vous m'avez quittée! Vous par-
1232 4373 4271 4630 tiez, peut-être pour toujours, &
1228 4624 4271 4877 je reſtois ſeule avec la honte &
1217 4871 4270 5120 la douleur! Vous n'avez point
1228 5114 4270 5361 vu mes pleurs; vous n'avez pas
1180 5356 4269 5621 entendu mes cris; vous étiez loin
1228 5603 4268 5873 de moi, diſſipé par le plaiſir, &
