4266 7773
26 1102 3079 1320 ble ingratitude: mais n'eſt-il point
40 1350 3102 1588 d'eſpérance de pardon? ne puis-je
306 1588 3101 1807 obtenir la grace de reparer toutes
33 1836 3076 2039 mes injuſtices? Dites, Mademoi-
262 2083 3079 2287 ſelle! qu'ordonnez-vous d'un cri-
37 2312 3090 2534 minel repentant qui ſe jette à vos
302 2559 3091 2792 pieds & qui vous conjure de lui
44 2810 3090 3024 rendre le bien qu'il a perdu? Et
44 3053 3076 3249 en diſant ces mots, j'embraſſois
48 3271 3083 3503 ſes genoux. Des réparations, dit-
70 3536 3083 3747 elle! il n'eſt plus temps d'y pen-
251 3776 3094 3983 ſer; de quoi ſerviroient-elles à
55 4019 3087 4248 une fille mourante? Des répara-
59 4259 3076 4466 tions, a-t-elle ajouté avec cha-
63 4510 3072 4724 leur! en eſt-il qui puiſſent tenir
255 4746 3293 4975 lieu de l'amour que je vous pro-
251 4986 3076 5196 diguois, & me conſoler des maux
306 5229 3079 5447 que vous m'avez faits? Croyez-
262 5480 3367 5683 vous, pouvez-vous croire que je
81 5708 3079 5933 conſente aujourd'hui à recevoir
2334 5967 2641 6129 Ca
