4266 7647
1299 1106 3992 1332 un dédommagement de tant de
1248 1354 4004 1578 peines? Non, Monſieur! la pitié
1302 1599 3992 1826 ne peut payer l'amour, & je ſuis
1291 1820 3997 2049 trop fiere pour ne devoir qu'à la
1292 2083 3989 2290 reconnoiſſance, ou à quelque
1284 2318 3975 2528 ſentiment plus humiliant encore,
1284 2548 3978 2755 le retour que vous m'offrez. J'in-
1284 2775 3975 2983 ſiſtai; je la conjurai de m'accorder
1281 3019 3979 3236 le nom de ſon époux. Il fut un
1277 3250 3975 3472 temps, reprit - elle, où j'ambi-
1273 3495 3967 3654 tionnois ce titre: mais vous
1266 3716 3971 3930 voyez mon état; ces nœuds ſe-
1277 3949 3964 4162 roient rompus preſqu'auſſi - tôt
1277 4184 3939 4409 que formés: il faut y renoncer:
1212 4413 3950 4633 la ſeule grace que je vous de-
1191 4657 3950 4870 mande, c'eſt d'épargner d'autres
1278 4892 3943 5102 victimes! je vous en ſupplie par
1184 5130 3932 5348 votre ame qui m'eſt encore chere:
969 5369 3943 5576 abandonnez ces honteuſes ſéduc-
1277 5605 3932 5841 tions qui ne laiſſent que des ſuites
