4266 7900
1416 510 2269 782 5
-46 779 3109 1053 une multitude d'aſſertions qui ve-
-44 1050 3127 1308 noient à l'appui de cette affreuſe
-42 1299 3127 1525 doctrine. Enfin je parvins à éta-
-41 1524 3124 1804 blir dans mon eſprit, comme des
-39 1804 3116 2031 vérités primitives, le néant de
-38 2024 3120 2287 la vertu & la néceſſité des paſ-
-36 2283 3116 2556 ſions. Dès que j'eus bien fixé ma
-34 2546 3120 2799 croyance ſur cette morale deſ-
-33 2798 3120 3049 tructive, je m'affranchis de mes
-31 3045 3131 3290 remords, & j'acquis dans le dé-
-29 3273 3127 3542 ſordre une ſorte de calme à-peu-
-28 3542 3128 3816 près ſemblable à celui que l'o-
-26 3786 3112 4064 pium procure aux convulſions du
-24 4039 3128 4282 délire. Je ne me ſouvins plus
-22 4262 3129 4534 alors que j'avois un pere infirme
-21 4531 3124 4784 à qui je devois mes ſecours. Faſſe
-20 4748 3124 5021 le ciel que je trouve dans ma
-18 5021 3116 5268 vieilleſſe les ſoins & les conſo-
-17 5235 3075 5529 lations que j'ai négligé de lui
-15 5522 3120 5788 donner! Mais ſi la juſtice ſouve-
2283 5787 2586 5991 Ca
2811 7784 3237 7895 .
