4266 7900
1126 867 4279 1154 raine me réſerve le ſort des fils
1130 1133 4278 1403 ingrats, je dois m'attendre à un
1118 1389 4278 1650 affreux abandon dans le déclin
1126 1639 4277 1895 de ma vie. Cependant je l'aimois
798 1866 4277 2142 tendrement, & je ſuis perſuadé
821 2129 4276 2395 qu'il l'ignoroit; car je n'ai jamais
764 2392 4275 2615 ſongé à lui en donner des preuves.
1133 2600 4275 2866 Combien de voluptés on ſe dé-
1118 2866 4274 3116 robe en renonçant à la vertu!
1115 3142 4274 3386 Au milieu de mes vains plaiſirs,
1115 3379 4273 3634 je n'étois pas heureux: je me
1115 3629 4273 3856 rappellois quelquefois les pre-
1111 3869 4273 4112 mieres leçons de mon enfance;
1028 4112 4272 4372 en comparant mon état préſent
1111 4352 4271 4604 à celui dont j'avois joui, je re-
1118 4598 4271 4843 grettois mes principes; je ſentois
1118 4843 4270 5102 qu'il n'eſt de bonheur conſtant &
1115 5095 4270 5351 réel que dans un cœur en paix
1115 5344 4269 5593 avec lui-même. Ce combat des
1118 5586 4269 5864 paſſions avec la raiſon me jettoit
