4266 7793
2224 474 2727 659 .
1077 747 3934 970 ſyſtême de nos Sceptiques mo-
1084 992 3856 1206 dernes, d'après leſquels je me
1084 1243 3863 1451 figurois la Divinité comme un
1088 1484 3856 1695 être paſſif, indifférent ſur les ſcè-
1080 1728 3849 1921 nes de ce monde, ſans bonté,
1077 1976 3849 2202 ſans malice, & l'univers comme
1077 2224 3834 2428 une végétation animée, éternelle,
1077 2468 3845 2679 exiſtant par ſon mouvement, &
1058 2716 3849 2924 ſe conſervant par une ſucceſſion
1058 2957 3841 3186 infinie d'altération, de change-
1054 3186 3841 3416 ment & de reproduction. Un jour
1051 3441 3897 3649 que je traverſois les hautes mon-
1036 3656 3838 3893 tagnes de l'iſle, je m'arrêtai
1047 3922 3826 4112 comme en extaſe, au moment
1047 4167 3826 4344 où le ſoleil venoit de ſe lever &
1036 4415 3852 4618 jettoit ſur toute la nature un
1040 4659 3834 4837 voile éclatant de lumiere. Une
1032 4910 3930 5118 longue chaîne de rochers rangée
1036 5151 3845 5344 autour de moi, recevoit & ren-
1032 5388 3860 5643 voyoit ſes rayons à travers l'eſpace
