4266 7900
-44 898 3057 1184 rés dans le tumulte & la diſſipa-
-43 1183 3071 1426 tion du monde. Je reconnus alors
-42 1402 3105 1681 la vérité de ce que dit Bacon,
-40 1676 3060 1930 qu'un peu de philoſophie fait des
-38 1929 3067 2183 athées, mais que beaucoup de
-37 2181 3052 2459 philoſophie les ramene à la reli-
-35 2425 3075 2702 gion: convaincu que nul effet ne
-33 2679 3094 2952 peut exiſter ſans cauſe, & re-
-32 2905 3067 3173 montant d'origine en origine juſ-
-30 3154 3075 3399 qu'au ſuprême Auteur, je trouvai
-29 3393 3082 3658 la divinité que je cherchois. Je
-27 3644 3131 3879 me diſois: les incrédules, en
-26 3879 3075 4153 ſuppoſant l'éternité de la matiere,
-24 4152 3120 4402 ne font que ſubſtituer à un prin-
-22 4382 3112 4648 cipe que j'adore ſans le compren-
-20 4631 3113 4873 dre, un autre principe inexplica-
-19 4866 3124 5140 ble: ils affligent mon cœur ſans
-17 5124 3131 5387 contenter ma raiſon: ils n'offrent
-16 5378 3097 5635 qu'une hypotheſe inintelligible &
-14 5634 3124 5898 déſolante, en ſappant les fonde-
