4266 7732
369 1020 3093 1225 jeux ſi redoutables: mais l'habi-
117 1269 3086 1470 tude de nous voir rendoit ce pro-
121 1499 3090 1715 jet difficile: je repris bientôt un
106 1740 3090 1952 genre de vie auquel je trouvois
369 1992 3093 2143 mille douceurs. Suſanne croiſſoit
369 2234 3082 2424 & s'embelliſſoit tous les jours;
366 2475 3089 2698 ſon eſprit s'étoit formé; aux gra-
365 2716 3086 2867 ces naïves de ſon enfance avoit
362 2954 3086 3159 ſuccédé l'ingénuité décente &
362 3195 3093 3408 timide d'un âge plus réſervé; ſes
355 3418 3082 3634 yeux ſe baiſſoient devant moi;
80 3656 3090 3868 je ſurprenois quelquefois ſes re-
366 3894 3097 4110 gards doux & modeſtes, & je ne
362 4128 3097 4325 les rencontrois jamais ſans trou-
73 4373 3097 4581 ble: une fois, je la voyois deſ-
369 4607 3090 4823 ſiner, & j'oſai porter mes levres
369 4859 3079 5086 ſur ſa main; elle me fixa tendre-
55 5086 3097 5301 ment & rougit: un feu ſéditieux
51 5341 3258 5550 me pénétra; les idées les plus
44 5579 3298 5821 coupables alloient m'entraîner;
