4266 7751
300 1079 3096 1355 & me dit; ceſſez de vous affliger,
292 1365 3170 1590 & reprenez l'aſſurance des belles
352 1601 3096 1847 ames. Perſonne n'eſt à l'abri des
285 1846 3095 2090 ſéductions; mais il n'eſt donné
292 2088 3099 2332 qu'à la vertu d'en triompher, &
300 2327 3103 2572 la vôtre a ſubi noblement cette
293 2571 3084 2791 épreuve. Au reſte, ajouta-t-il en
289 2818 3093 3044 ſouriant, c'eſt pour vous-même
87 3070 3095 3296 qu'il faut ſurveiller le tréſor que
296 3293 3103 3532 je vous confie. Je n'ai point ici
281 3524 3099 3771 d'amis qui me ſoient plus chers
72 3767 3099 4014 que vous, & mon deſſein eſt de
72 4008 3099 4255 vous unir à ma famille par des
54 4254 3099 4494 nœuds plus étroits: voilà le plan
54 4489 3092 4736 que je m'étois fait & dans lequel
69 4721 3092 4970 la connoiſſance de votre carac-
47 4973 3081 5217 tere me confirme tous le jours.
50 5213 3088 5459 Je retombai à ſes genoux, & je
50 5454 3088 5701 murmurai quelques mots de re-
43 5690 3081 5957 mercîment: il me ramena auprès
