4266 7773
1224 1073 4001 1298 de ſa fille & lui recommanda de
1228 1316 4008 1475 me chérir déſormais comme un
1224 1556 3994 1763 homme qui devoit être ſon époux.
1228 1792 4009 1991 Le front de Suſanne ſe couvrit
1227 2027 4007 2265 d'une aimable rougeur & je vis
1231 2263 3996 2507 que je ne lui étois pas indifférent.
1231 2502 4004 2728 Nous paſſions des jours tranquil-
1228 2758 3997 2993 les dans l'attente du bonheur,
1231 2992 4008 3228 quand la mort m'enleva mes eſ-
1231 3226 3997 3464 pérances. Suſanne mourut d'une
1245 3453 4004 3701 fièvre maligne, & j'eus la dou-
1173 3713 3990 3935 leur de perdre en même - temps
1232 3960 3990 4167 ſon vénérable pere. Je leur ren-
1235 4208 3994 4403 dis les derniers devoirs avec une
1231 4435 3982 4676 amertume que je n'avois jamais
1234 4675 3989 4919 éprouvée. Je voyois s'évanouir
1227 4915 3986 5162 les idées de félicité que je m'é-
1175 5173 3978 5406 tois formées pour l'avenir; je
1179 5399 3978 5899 auoue, , u ,, leeerre
3688 5887 4245 6081 &
