4266 7722
354 1151 3069 1319 & la conſolation de ma vie:
343 1384 3098 1607 tout étoit diſparu: je me trou-
347 1629 3105 1834 vois ſeul, dans un lieu ſauvage,
351 1867 3112 2079 errant parmi des cercueils & ſur
336 2115 3101 2312 les froides cendres de ceux que
347 2349 3102 2568 j'avois aimés. Je n'habitois plus
347 2601 3094 2805 qu'à regret cette île qui m'avoit
343 2842 3102 3050 paru ſi belle; je ne pouvois me
343 3072 3112 3281 ſupporter dans mon déſert; cha-
351 3320 3134 3522 que pas m'y rappelloit des plai-
343 3551 3350 3770 ſirs paſſés & des pertes préſentes;
347 3773 3094 3986 chaque objet nourriſſoit en moi
347 4025 3105 4183 des ſouvenirs déchirans: une af-
84 4263 3076 4420 freuſe mélancolie retomboit ſur
336 4515 3076 4683 mon cœur; mes anciens remords
91 4752 3083 4964 ſuſpendus long-temps par la dou-
336 4994 3076 5202 ceur d'une ſociété paiſible ſe ré-
343 5227 3288 5388 veilloient avec une force terri-
340 5465 3069 5684 ble; tous les jours j'allois pleurer
120 5706 3072 5918 ſur le tombeau de mes amis, &
570 5958 1322 6133 Tome II.
