4266 7900
922 1390 2547 1541 E L.
557 1867 3092 2017 Thérese à Faldonr.
10 2211 3120 2616 ort récit vous m'avez fait!
78 2584 3139 2826 je ne ceſſe d'y penſer! Falloit-il
337 2852 3121 3093 revenir ſur d'anciennes erreurs,
327 3103 3132 3341 & préſenter à votre amie des ta-
331 3338 3131 3587 bleaux affligeans? Cependant,
323 3580 3128 3817 j'aime votre franchiſe, & dans
21 3813 3121 4063 vos fautes même, je reconnois ce
48 4066 3113 4294 caractere qui ne vous a jamais
319 4328 3110 4553 quitté. Je plains cette pauvre
319 4568 3110 4800 Louiſe d'avoir aimé; je la plains,
14 4825 3245 5053 ſur-tout, de n'avoir pas été payée
323 5077 3107 5251 de retour: elle méritoit ſi bien
320 5328 3106 5549 de l'être! Il eſt affreux pour vous,
311 5578 3117 5814 d'avoir cauſé ſon malheur: mais
9 5800 3223 6049 vos remords ont aſſez expié cette
2335 6079 2673 6261 Da
