4266 7900
14 805 3112 1063 donner. Fieres de nos foibleſſes
308 1062 3139 1300 même, quand notre gloire eſt
11 1323 3185 1549 perdue, nous jouiſſons de nos
15 1579 3125 1802 ſacrifices, en ſongeant qu'il en
316 1827 3112 2073 eſt l'objet. Eh! n'eſt-ce point par
304 2072 3090 2322 lui que nous vivons, que nous
14 2322 3101 2589 penſons, que nous ſommes triſtes
313 2589 3113 2797 ou gaies, fortunées ou miſéra-
317 2827 3136 3019 bles? Connoiſſons - nous un inté-
317 3076 3132 3298 rêt plus fort que le ſien? Cher-
313 3336 3196 3554 chez parmi vous ces déchiremens
309 3573 3151 3796 d'un cœur trahi, ces tortures qui
313 3826 3528 4029 conſument une amante, & qui la
313 4067 3151 4244 traînent lentement au tombeau!
313 4319 3129 4504 Vous autres hommes, vous êtes
286 4564 3144 4779 diſtraits & diſſipés par le tumulte;
294 4806 3151 5028 mille objets peuvent vous écarter
11 5062 3355 5281 de celui qui vous occupe; mais
301 5314 3140 5551 nous, dans la ſolitude où notre
11 5551 3140 5797 éducation nous enchaîne, nous
2461 5816 2812 6020 D
