4266 7900
2321 576 2835 826 o
813 843 4266 1106 ſommes toujours avec nos pen-
1115 1092 4266 1359 ſées, toujours près de cette image
1130 1360 4267 1615 adorée, toujours livrées à des
1122 1607 4267 1860 ſouvenirs qui la nourriſſent! Nous
1160 1856 4268 2107 avons à combattre, & vos ſéduc-
1107 2099 4269 2349 tions, & nos deſirs plus puiſſans
1167 2350 4270 2605 encore, & la ſenſibilité de nos
1165 2598 4270 2849 organes, & la foibleſſe de nos
1141 2841 4270 3097 cœurs, & la crédulité de nos
1152 3090 4271 3343 eſprits! & c'eſt contre des êtres
1141 3343 4271 3602 ſi fragiles, que vous vous armez
1133 3594 4272 3836 de toutes les forces de la nature
1130 3837 4273 4091 & de l'art! Pourquoi l'homme
1081 4083 4273 4333 qui fait les loix ne rend-il pas ſa
892 4331 4273 4579 compagne digne de tous ſes hom-
1073 4540 4274 4840 mages, en lui donnant le dégré
1137 4846 4274 5081 de perfection dont elle eſt ſuſcep-
1145 5072 4275 5335 tible? Craindroit - il de perdre
1084 5335 4276 5581 l'empire, s'il déployoit les talens
949 5581 4276 5849 & les vertus des femmes, ou bien
