4266 7856
2199 583 2741 778 S.
1084 849 3874 1032 la ſociété; l'amour fondé ſur l'eſ-
1088 1096 3874 1313 time ne ſeroit plus l'amuſement
1092 1354 3874 1544 d'un cœur oiſif, & on verroit
1088 1597 3867 1795 éclore entre les deux ſexes, une
1084 1847 3870 2057 rivalité de force & de grandeur
1088 2098 3870 2315 qui tourneroit à leur profit mu-
1036 2352 1455 2506 tuel.
1294 2588 3870 2812 Cette pauvre Louiſe ſe préſente
1084 2831 3874 3059 encore ſous ma plume. Combien
1084 3085 3874 3265 elle a dû ſouffrir! aimer ſans re-
1088 3324 3870 3538 tour après avoir tout immolé à
1103 3567 3766 3777 celui qu'on aime! ah dieu!....
1092 3810 3867 4024 ce n'eſt point ſa mort que je
1028 4057 4245 4514 aſe ui ee i a ae de
1092 4547 3833 4757 voir fait qu'un ingrat! La mort!
654 4798 3870 5022 Eh! peut - on la comparer à ces
1092 5037 3870 5250 mouvemens du déſeſpoir, à ces
1099 5284 3870 5493 convulſions de la rage qui nous
1095 5530 3867 5736 font maudire l'exiſtence? Quelle
