4266 7773
26 804 3293 1025 folie à nous, d'écouter une paſ-
22 1036 3101 1261 ſion rarement heureuſe, & preſ-
28 1286 3101 1522 que toujours ſuivie d'inépuiſables
349 1519 3373 1743 regrets!.... Pardon, je ne finis
343 1777 3098 2003 pas; je devrois vous égayer, &
40 2024 3101 2235 je ſuis rejettée malgré moi dans
37 2279 3212 2452 mes réflexions. Vous êtes cauſe
48 2519 3448 2740 que j'ai paſſé la nuit la plus
361 2762 3109 2972 cruelle, agitée de toutes vos
361 3009 3120 3219 ſcenes, vous ſuivant par - tout,
354 3256 3124 3470 vous accuſant d'avoir laiſſé mou-
358 3481 3171 3706 rir..... allez! ne m'en parlez plus!
350 3732 3138 3931 j'ai de l'humeur contre vous, &
354 3972 3149 4171 je ſerois tentée de vous haïr tout
228 4219 974 4385 de bon.
553 4451 3150 4654 Je ne ſais ſi je dois attribuer à
369 4705 3153 4937 cette lecture la ſituation de mon
365 4937 3238 5148 ame: je ſuis aujourd'hui d'une
365 5199 3157 5410 triſteſſe accablante: tout m'afflige
380 5447 3157 5664 & me déplait. Je voudrois, pour
2320 5694 2637 5864 D
