4266 7900
-15 758 3056 1051 pas encore vu; vous nous don-
-14 1009 3067 1268 nerez le bras; on déjeûnera avec
-14 1268 3060 1511 des œufs frais dans la ferme que
-13 1510 3060 1751 vous connoiſſez; nos mamans
-13 1751 3067 2010 nous prendront en voiture, & nous
-12 2001 3067 2261 retournerons enſemble. Dieu
-11 2254 3067 2511 veuille qu'il ne ſurvienne pas
-11 2504 3072 2763 d'obſtacles à tous ces beaux pro-
-11 2763 3067 3027 jets! car je m'accoutume à ne
-10 3018 2245 3339 plus compter ſur rien.
