4266 7825
1571 1508 3556 1646 Fllonr au Curé.
1180 1910 3954 2186 O Monſieur! quel affreux évé-
1150 2230 3954 2439 nement! Madame de Saint-Cyran
1150 2479 3950 2636 ſe meurt. Elle eut hier un accès
1154 2721 3954 2941 de fievre qui l'empêcha d'exé-
1162 2963 3943 3187 cuter une partie projettée: nous
1150 3217 3935 3433 reſtâmes auprés d'elle: le ſoir,
1143 3459 3932 3667 il lui ſurvint une toux pénible,
1139 3693 3943 3868 une ardeur d'entrailles; elle avoît
1132 3920 3935 4129 le friſſon, le tremblement, tous
1139 4177 3924 4390 les ſimptômes d'une pleuréſie:
1139 4419 3935 4602 la nuit a été terrible; on déſeſ-
1143 4665 3928 4877 pere de ſa vie; elle eſt, à tout
1143 4918 3928 5127 moment, ſur le point d'être ſuf-
1143 5156 3924 5380 foquée. On court; on ſe préci-
1147 5402 3909 5622 pite; les domeſtiques ſont ſur les
