4266 7900
1431 575 1856 760 .
9 831 3049 1048 chemins; les médecins ſe ſucce-
13 1079 3054 1342 dent; une partie du village eſt
10 1330 3057 1542 dans la cour du château; la
18 1577 3062 1826 frayeur & la déſolation ſe pei-
247 1830 3069 2064 gnent ſur tous les viſages. Thé-
9 2079 3064 2337 reſe immobile eſt à genoux au-
247 2309 3260 2584 près du lit de ſa mere, & ne fait
9 2572 3076 2809 que pleurer. Madame d'Armiane
259 2810 3278 3053 & ſa fille ſont au milieu des
262 3058 3077 3292 femmes, donnent les ordres,
259 3313 3091 3538 veillent la malade & ſemblent
269 3548 3087 3787 ſe multiplier dans tous les lieux.
10 3798 3087 4025 Au milieu de ces mouvemens,
269 4040 3103 4281 il regne dans l'étendue de la mai-
9 4293 3098 4534 ſon un ſilence morne & lugubre;
282 4541 3099 4782 on n'entend que des ſanglots
13 4788 3101 4979 étouffés. On a fait revenir de ſon
9 5026 3098 5274 couvent la jeune de Saint-Cyran,
291 5279 3106 5518 pour recevoir la bénédiction de
303 5525 3309 5781 ſa mere; cette pauvre enfant
