4266 7793
2337 587 2823 774 S
1095 852 4192 1025 nous a fait fondre en larmes.
1194 1095 4026 1317 Tant de ſenſibilité dans un âge
1080 1343 3934 1555 ſi tendre! mais c'eſt la digne ſœur
1194 1582 3930 1749 de Théreſe! il faut les voir toutes
1184 1834 3934 2046 deux autour de leur mere expi-
1183 2080 3918 2237 rante: ce tableau déchire le cœur.
1183 2322 3926 2540 On a écrit à M. de Saint-Cyran
1050 2565 3918 2775 & à ſon fils: le Chevalier qui eſt
1042 2803 4219 3059 plus près a déja reçu l'avis &
1157 3059 4218 3307 ne peut tarder d'arriver. Venez,
1157 3292 4218 3448 Monſieur! hâtez - vous de re-
1047 3526 4219 3759 cueillir les derniers ſoupirs d'une
1153 3763 4223 3999 mere qui vous appelle à tous les
1151 4003 3897 4210 inſtans: mais hélas! je crains bien
1142 4264 3601 4487 que vous n'arriviez trop tard.
