4266 7845
2424 661 2937 848 .
1217 936 4005 1157 tient pas à ce monde où nous
1209 1179 4005 1371 ſommes. Je vois maintenant le
1202 1424 4002 1631 dernier terme, comme l'objet de
1213 1685 4009 1898 mes vœux. Hélas! qui reſteroit
1206 1932 3994 2153 pour me conſoler? vous le ſavez,
1206 2165 3998 2373 Monſieur; vous ſavez ſi elle me
1217 2429 4002 2597 chériſſoit! vous étiez le confident
1209 2670 3987 2901 de ſes penſées: vous avez vu
1191 2909 3990 3090 comme elle voloit au-devant de
1198 3159 3979 3371 mes deſirs, comme une ſeule de
1187 3412 3979 3645 mes larmes briſoit ſon ame ma-
1180 3660 3983 3857 ternelle, comme elle me couvroit
1168 3896 3968 4124 de tous ſes regards! Que de pleurs
1183 4139 3964 4360 quand nous nous ſéparions! quelle
1176 4378 3963 4605 joie quand nous étions réunies!
873 4618 3960 4867 quelle tendre inquiétude ſur mes
1171 4855 3957 5092 moindres peines! On eût dit que
1183 5114 3948 5319 tout lui manquoit dès qu'elle ne
1176 5317 3948 5570 voyoit plus ſa fille. Non, je ne
1164 5595 3934 5827 l'ai point aſſez aimée; j'étois trop
