4266 7764
1368 806 1887 982 .
95 1056 3108 1284 occupée de ma folle paſſion, &
92 1306 3031 1523 maintenant je pleure ſur une
92 1545 3031 1769 froide pouſſiere qui ne peut plus
96 1791 3035 2018 m'entendre; je lui adreſſe mes
92 2018 3031 2255 plaintes; je l'appelle; je la cher-
81 2273 3060 2505 che & je ne la vois plus! ce lit,
302 2527 3031 2733 cet appartement, ces meubles,
81 2755 3035 2982 ces lieux où je l'ai vue, ces vête-
81 2982 3068 3215 mens qu'elle portoit, tout m'ir-
66 3248 3057 3458 rite & me déſeſpere. Je ne la
243 3479 3075 3700 trouve nulle part, & tout me la
70 3715 3042 3932 repréſente! Je n'ai d'autre dou-
73 3954 3259 4160 ceur que de verſer mes larmes
63 4189 3042 4410 dans le ſein de ma couſine: cette
51 4442 3034 4668 conſolation me ſera bientôt ravie;
43 4667 3033 4887 elle & ſa mere n'attendent pour
48 4929 3031 5146 partir que le retour de mon pere
305 5168 3046 5388 qui doit être ici dans peu de jours.
37 5410 3046 5639 Votre ami ne paroît plus; je l'ai
33 5664 3049 5922 prié d'interrompre ſes viſites, &
