4266 7663
1361 816 1982 993 .
274 1079 2949 1235 neur & des vertus dont tu lui
278 1321 2957 1523 donnois l'exemple! attire à toi
281 1556 2953 1762 cette infortunée qui ne fera plus
278 1787 2960 2021 que languir, juſqu'au moment où
281 2021 2960 2188 elle ira dans tes bras ſe délaſſer
278 2281 2964 2469 de ſes ſouffrances! Voilà, Mon-
282 2512 2960 2722 ſieur, ce que je lui crie ſur ſa
271 2754 2978 2967 tombe où je paſſe des jours en-
274 2989 3029 3202 tiers, baignée de larmes, déſeſ-
267 3238 2964 3440 pérant de la revoir, & ne pou-
274 3465 3061 3671 vant m'arracher à cette pierre
274 3689 2476 3924 inſenſible qui nous ſépare.
