4266 7722
2432 795 2846 983 6
1646 1343 3568 1457 EI.
1468 1756 3814 1915 Le Cé à Térse.
1285 2119 3982 2472 Que m'apprenez-vous, ô ciel!
1277 2466 3975 2690 une mort ſi ſubite, ſi imprévue!
1282 2712 3989 2925 Mais cette digne mere de famille
1281 2956 3988 3173 étoit depuis long-temps réſignée
1282 3194 3985 3400 à ſa derniere heure: elle n'avoit
1271 3429 3981 3652 pas attendu les approches de ce
1015 3671 3978 3882 fatal inſtant, pour diſpoſer ſon ame
1270 3906 3977 4116 à paroître devant Dieu: elle lui
1270 4137 3971 4363 a porté des jours purs & remplis
1268 4384 3970 4605 par la vertu: elle jouit d'une paix
1274 4631 3967 4823 céleſte, & elle nous laiſſe en
1271 4866 3949 5086 proie aux orages de la vie! Ah!
1274 5110 3956 5323 quels triſtes momens ſont préparés
1264 5356 3956 5569 pour ma vieilleſſe! quels chagrins
1270 5594 3956 5800 vont ſe mêler aux infirmités qui
3715 5906 4238 6060 me
