4266 7722
386 993 3105 1236 me menacent! j'étois malade
386 1230 3101 1467 quand j'ai reçu votre lettre; mes
36 1471 3102 1709 douleurs s'en ſont accrues; je
371 1702 3115 1923 ſuis maintenant dans le lit, affligé
43 1958 3112 2191 de vos maux & des miens. Que
364 2184 3101 2416 l'humanité eſt miſérable! Il faut
72 2438 3240 2658 traîner une pénible exiſtence à
357 2668 3115 2916 travers une foule de tourmens,
364 2910 3089 3146 & tant d'efforts pour vivre n'a-
361 3140 3396 3382 boutiſſent qu'à la mort! Je ſerois
328 3380 3506 3619 déja près de vous, ſi j'étois en
335 3604 3488 3856 état de faire la route; je ſouffre
320 3840 3071 4097 exceſſivement de vous abandon-
98 4094 3071 4324 ner à vous - même, dans ce mo-
87 4331 3144 4576 ment de douleur & d'effroi. Au
101 4562 3588 4818 nom du ciel! ne vous laiſſez pas
302 4799 3481 5051 dompter par le déſeſpoir! élevez-
324 5036 3378 5296 vous, ma chere fille, juſqu'à l'Etre
313 5272 3232 5529 immortel qui frappe & qui con-
112 5504 3444 5774 ſole. Eh! qui ſommes-nous, vils
309 5723 1647 5924 Tome II.
