4266 7562
2370 833 2832 1014 o
1281 1058 3934 1318 atômes, enſans de la pouſſicre,
1317 1307 3934 1549 pour oſer murmurer des châti-
1321 1547 3930 1779 mens qu'il nous envoye? Qui de
1278 1778 3929 2007 nous eſt aſſez parfait pour n'avoir
1275 2000 3922 2241 point mérité la rigueur céleſte?
1285 2211 3911 2482 Humilions-nous ſous ſes fléaux;
1260 2476 3916 2715 rendons-lui grace de ne les avoir
1270 2716 3912 2944 point réſervés pour un autre mon-
1267 2947 3909 3176 de, & d'épuiſer ſur cette vie paſ-
928 3185 3897 3412 ſagere la coupe de ſa juſtice!
913 3373 3911 3639 La félicité n'appartient pas à
1239 3620 3904 4098 ape e u e madle e
1260 4098 3904 4316 larmes: ſouffrir, vieillir, & mou-
1257 4315 3897 4569 rir, voilà ſa deſtinée. Elle pour-
236 4545 3904 4796 roit être plus douce, & le diſ-
1243 4789 3884 5027 penſateur ſouverain qui a donné
1239 5019 3894 5263 le ſouffle à ces portions de la
1065 5252 3883 5502 matiere, qui les a tirées de leur
1246 5493 3876 5736 antique repos pour leur imprimer
