4266 7793
384 978 3142 1194 le mouvement, pouvoit dans le
370 1224 3153 1448 court eſpace de leur durée, ſe-
376 1461 3160 1685 mer de quelques fleurs la route
381 1713 3156 1927 qui les mene au tombeau: mais
384 1956 3153 2168 qui ſait ſi le moment que nous
32 2197 3153 2420 appellons la vie, n'eſt pas pour
384 2444 3164 2663 nous un temps d'épreuve qui doit
376 2673 3167 2887 nous conduire au bonheur? Dans
380 2933 3175 3143 l'idée de la clémence inſinie, on
384 3185 3170 3392 peut, ſans préſomption, eſpérer
406 3418 3182 3648 un meilleur monde & de plus
387 3641 3182 3862 beaux jours. Oh! quand ſerai-je
384 3886 3175 4111 délivré des entraves qui m'arrê-
395 4126 3200 4354 tent! Quand pourrai - je dire au
437 4376 3201 4594 Dieu que j'adore! j'ai fourni la
410 4620 3194 4847 tâche de travaux que tu m'avois
392 4865 3197 5085 impoſée; cette terre dont je ſuis
447 5111 3212 5345 ſorti a plus d'une fois été trempée
388 5347 3212 5556 de mes ſueurs & de mes larmes;
398 5581 3201 5783 j'ai ſoutenu tous les combats
2412 5857 2697 6013 Ea
