4266 7784
1956 742 2787 960 O
1089 1041 3842 1255 appris à ſupporter l'abſence?à
1077 1284 3846 1512 l'heure ſolemnelle qui vous rap-
1081 1512 3846 1735 pellera dans ſon ſein, qu'il vous
1074 1764 3868 1971 ſera doux d'être réunies! Oui,
1078 1993 3872 2218 je l'eſpere; un temps viendra que
1077 2255 3850 2451 nous ſerons tous enſemble, &
1089 2495 3850 2709 que la ſainte amitié nous rappro-
1081 2739 3853 2931 chera. Heureux ſéjour où l'inté-
1085 2986 3857 3189 rêt, l'ambition, la haine, les pe-
804 3226 3850 3433 tites paſſions de l'humanité n'au-
1085 3466 3857 3680 ront point d'accès, où les ſen-
1085 3706 3857 3916 timens épurés ſeront des vertus,
1067 3945 3857 4149 où rien que de noble & de divin
1081 4193 3861 4348 n'entrera dans nos ames!.... Hé-
1078 4425 3857 4628 las! je veux vous encourager &
1089 4669 3853 4872 mes larmes coulent, & l'image
1078 4912 3903 5142 de cette femme céleſte vient ac-
1092 5142 3905 5370 cabler ma penſée! O perte irré-
1092 5396 3861 5610 parable! ô amie dont rien ne me
1092 5632 3864 5839 conſolera! je ne tarderai pas à te
