4266 7856
1978 692 2778 973 io
1425 1241 3538 1447 LETTRE LIV
1204 1690 3684 1903 FAdoni à Threse.
1177 2163 3910 2396 oulez-vous gémir éternel-
1099 2423 3867 2651 lement, & n'eſt-il pas un terme
1092 2677 3893 2876 aux regrets, quand les maux ſont
1081 2913 3893 3078 ſans remede? Ah! cruelle amie!
1092 3141 3874 3369 j'ai vu le temps où j'avois quel-
1088 3395 3889 3601 ques droits ſur vos jours; vous
1077 3642 3878 3848 me promettiez de n'exiſter que
758 3877 3873 4139 pour moi; vous chériſſiez la vie
758 4120 3873 4333 pour me la conſacrer toute en-
1077 4364 3867 4581 tiere: ce temps n'eſt plus; je le
1062 4614 3874 4824 ſais; je n'en ſuis que trop con-
1066 4854 3874 5048 vaincu: mais l'amitié (ſi ce n'eſt
1084 5100 3882 5314 pas l'amour) ne ſuffit - elle pas
1088 5347 3878 5561 pour vous retenir au monde? On
1088 5598 3878 5811 dit que vous êtes noyée dans vos
