4266 7722
1505 807 2046 994 o
24 1058 3148 1316 cœur, vous que j'aime! vous que
30 1303 3155 1530 je ne ceſſerai d'aimer qu'en ceſ-
37 1545 3171 1780 ſant de vivre! ô mon amie! me
43 1779 3159 2038 l'ôterez - vous, ce tréſor que je
47 2037 3170 2282 poſſede? Tout redouble mes crain-
46 2262 3174 2491 tes! déja vous me défendez de
51 2517 3171 2725 vous revoir; ce n'eſt qu'en trem-
55 2739 3178 2970 blant que je vous écris; nos amis
427 3006 3182 3232 ſe diſperſent; l'une eſt allée ha-
62 3232 3193 3463 biter le ſéjour des juſtes; l'autre
435 3481 3204 3704 eſt au moment de la ſuivre; ce
431 3722 3189 3924 vénérable Paſteur languit ſous le
77 3963 3200 4194 poids des infirmités; ſon ame
79 4200 3217 4442 céleſte eſt ſouffrante dans un
83 4441 3345 4680 corps malade; nous le perdrons
86 4660 3210 4901 peut-être. Hélas! il n'eſt pas fait
98 4927 3203 5150 pour ce monde. Les méchans,
97 5133 3210 5377 les perſécuteurs vivent & s'éter-
117 5403 3339 5626 niſent: c'eſt en vain qu'on attend
119 5650 3232 5898 leur mort pour reſpirer; ils vi-
2512 5871 3213 6086 E
