4266 7784
1347 683 1960 882 ro)
100 967 3079 1192 parcours les bois & le rochers;
88 1203 3056 1436 je cherche tous les endroits où
92 1443 3053 1657 je vous ai vue; je repaſſe ſur ces
78 1698 3049 1912 promenades charmantes que nous
162 1923 3056 2126 faiſions tous les jours; je ne vois
295 2178 3056 2381 qu'un déſert immenſe: le déclin
291 2414 3056 2610 de l'automne ajoute à la noirceur
291 2661 3071 2868 de mes penſées; ces feuilles qui
302 2901 3067 3108 tombent de toutes parts, cette
59 3141 3348 3361 campagne flétrie, ces images de
292 3361 3247 3601 deuil & de déſolation me rem-
288 3601 3067 3833 pliſſent de terreur; je ſoupire
288 3833 3082 4057 de me trouver ſeul au milieu des
280 4104 3060 4318 ravages du temps: cette puiſſance
44 4348 3270 4576 deſtructive répandue dans l'uni-
291 4576 3063 4791 vers me fait ſonger au moment
291 4820 3049 5049 où vous & moi ne ſerons plus.
291 5075 3063 5301 Hier, le ſoleil couchant jettoit
299 5301 3292 5529 un doux éclat ſur la prairie; je
295 5562 3060 5769 voyois cette belle vallée & les
