4266 7754
2307 807 2845 1003 i)
1186 1050 3940 1312 bords du fleuve où je vous avois
1180 1306 3936 1542 accompagnée- tant de fois; vous
1186 1554 3954 1782 n'y étiez plus; je m'ennuyois &
1187 1801 3914 2018 je n'ai pu m'y fixer un quart-
1189 2031 3940 2212 d'heure. En entrant dans le ver-
1186 2284 3947 2508 ger, je me ſouvenois d'y avoir
1193 2522 3935 2739 cueilli des fruits avec vous; j'ai
1186 2766 3932 2978 regardé ce noyer d'où je faiſois
1182 3002 3939 3218 tomber à vos pieds une pluie de
1187 3239 3943 3398 noix: vous ne ſauriez croire l'im-
1181 3474 3931 3955 ee oe pus opon l
1179 3949 3939 4161 lieux où vous n'êtes pas. Souffrez
1182 4187 3932 4410 que je vous voye! vos parens
1187 4431 3935 4642 ſont-ils des tigres, & ne peut-on
1186 4666 3932 4889 approcher de leur demeure? O
1193 4909 3932 5121 ma chere Théreſe! que votre ab-
1190 5147 3929 5370 ſence eſt terrible! depuis vingt
1190 5383 3914 5608 jours, je ne vis que pour éprou-
775 5624 3929 5862 ver tous les tourmens. Plus de
