4266 7816
1458 701 2009 909 i.
62 971 3123 1218 repos; ſi je m'endors un inſtant,
62 1229 3127 1467 mon réveil fait mon ſupplice;
58 1461 3123 1697 je n'ai plus l'eſpérance de vous
58 1702 3127 1921 revoir le reſte du jour. La ſeule
54 1949 3435 2169 crainte de ne vous revoir jamais
54 2195 3130 2438 me fait deſirer la mort: je l'ap-
51 2424 3131 2664 pelle à mon ſecours; je l'appelle
47 2690 3131 2870 en vain: mais combien ma ſitua-
46 2892 3331 3160 tion devient plus horrible quand
43 3158 3138 3392 je me repréſente ce que vous
46 3397 3138 3629 devez ſouffrir! Je me dis quel-
43 3637 3149 3870 quefois; ſi elle ne m'avoit point
40 3874 3142 4080 aimé, elle ſeroit heureuſe: un
35 4119 3152 4341 autre plus fortuné eût mérité ſa
32 4371 3150 4607 foi: mais, chere Théreſe! t'au-
32 4606 3264 4846 roit-il aimée comme moi? Ah!
40 4830 3319 5081 mon ange! mon aimable amie!
32 5092 3156 5318 gardez-vous de le croire! gardez-
36 5337 3160 5570 vous ſur-tout de vous reprocher
32 5582 3156 5807 mes peines! elles font mon bon-
