4266 7900
719 1250 2543 1409 E LV.
481 1717 3121 1956 Thérese à Falloni.
15 2112 3083 2435 On vous a donc parlé de mon
25 2443 3076 2688 état! je voulois vous le cacher;
22 2699 3087 2946 c'eſt ſur-tout dans cette vue que
247 2931 3404 3167 je vous éloignois; je voulois me
29 3197 3136 3415 navrer ſeule & à plaiſir de ma
263 3421 3076 3621 douleur: cet avenir redoutable
265 3674 3083 3894 qui ne m'offre plus que des pri-
20 3915 3083 4143 vations, des abſences, des per-
9 4154 3362 4391 ſécutions, des ſacrifices, ce
17 4391 3087 4643 temps auquel je frémis de ſon-
15 4629 3083 4873 ger me plonge dans des angoiſſes
18 4865 3084 5115 mortelles. Il eſt trop vrai que les
19 5127 3083 5356 jours du bonheur ſont paſſés:
10 5381 3094 5620 cette tendre maman les emporte
18 5620 3314 5846 avec elle dans le tombeau. Adieu
