4266 7672
1266 1028 3927 1238 eſpoir, puiſqu'il lui fait plaiſir;
1270 1270 3926 1466 mais je ſens qu'elles couleront
1267 1495 3948 1708 juſqu'au moment où je recouvre-
1270 1741 3930 1954 rai le bonheur que j'ai perdu.
948 1980 3948 2139 Combien elle eſt ardente à me
1270 2222 3941 2428 ſervir! avec quelle complaiſance
1277 2454 3945 2664 elle m'écoute! Après vous, je
1277 2696 3948 2899 n'ai que ſon amitié pour m'aider
1274 2931 3945 3131 à ſupporter ma pénible exiſten-
1154 3170 3981 3366 ce.... Grand dieu! quel change-
1266 3402 3955 3554 ment! Voici l'heure où vous avez
1277 3626 3941 3822 coutume d'arriver; elle revient,
1274 3865 3930 4071 & je ne vous vois plus! je vous
1277 4096 3945 4292 deſire; je vous cherche; mon
1285 4346 3945 4546 cœur vous appelle ſans ceſſe.
1270 4585 3919 4737 Mon ami! mon bien aimé! Ah!
1162 4810 3963 5023 venez! je ne puis ſoutenir plus
1277 5059 4057 5262 long-temps cette épreuve; elle
1285 5294 3941 5454 eſt au-deſſus de mes forces. Ve-
1285 5526 3937 5740 nez! que je vous apperçoive, &
