4266 7784
92 934 2968 1170 je ſerai contente. Je ſuis reſtée
96 1188 2971 1421 hier, pendant des heures entieres,
88 1425 2982 1661 appuyée près d'une fenêtre qui
77 1663 2970 1896 donne ſur la plaine, & je ne
76 1895 2952 2121 vous ai point vu une ſeule fois!
73 2158 2974 2372 Toute la nature paſſoit, excepté
246 2365 2974 2616 vous! Qu'êtes-vous donc devenu?
85 2621 2982 2846 J'attendois vainement; mes pleurs
255 2860 2986 3067 ont redoublé, & je me ſuis cou-
243 3119 2979 3326 chée dans un déſeſpoir nouveau...
69 3358 2992 3577 Je viens de quitter cette fenê-
246 3575 2981 3816 tre chérie, & je n'ai que la force
54 3812 2985 4026 de m'aſſeoir! O mon ami, je
48 4060 2986 4259 vous ai vu & je vous ai fui!
52 4292 2986 4521 Mes genoux ſe déroboient ſous
44 4547 2986 4761 moi; je n'exiſtois plus; je meurs
43 4775 2985 5020 à chaque inſtant. Je croyois être
39 5017 2989 5248 plus calme, & ma douleur au-
41 5260 2986 5501 gmente! mon déſeſpoir eſt ex-
185 5501 3001 5736 trême; j'ignore où il me con-
