4266 7659
1089 883 4103 1110 trefois comblée de joie me fait-
1201 1104 4111 1353 il une impreſſion ſi contraire?
1076 1364 4115 1585 pourquoi ces pleurs? Mais auſſi
1245 1606 4119 1812 pourquoi cette diſtinction parti-
1166 1845 4126 2055 culiere? Ah! qu'on me laiſſe en
1241 2055 4137 2282 paix! Je ne leur demande rien!
1231 2303 4140 2516 je ne veux rien d'eux! puiſſent-
1267 2530 4144 2747 ils m'oublier! je m'attends à des
1224 2776 3956 2989 perſécutions; je ſuis ſurveillée
1263 3025 4158 3245 avec une rigueur inouie: on ne
1267 3249 4162 3462 me permet plus de ſortir du parc,
1260 3465 4166 3697 & quand je m'y promene, c'eſt
1256 3721 4169 3899 avec ma tante ou ma couſine.
1249 3949 4180 4151 On a ſu que vous étiez venu ſou-
1242 4194 4180 4393 vent au château pendant cet été;
1227 4425 4191 4631 il faut y faire une viſite de dé-
1248 4659 4197 4882 cence & n'y plus reparoître. Ve-
1230 4881 4201 5118 nez demain dans la ſoirée; je
1230 5103 4208 5349 vous attendrai. Ah! ſans doute
1227 5382 4216 5586 je reſterai. Ingrat! pouvez-vous
3667 5586 4220 5839 me
974 7537 1681 7627 ,
