4266 7610
1441 933 2010 1209 a
453 1447 3064 1674 LcE EVI.
1012 1895 2411 2060 Au même.
77 2340 3093 2560 st-ce bien vous que j'ai revul
440 2596 3122 2804 eſt-ce vous que je croyois ne plus
447 2822 3122 3022 revoir? oui, c'eſt vous; c'eſt
443 3061 3451 3273 votre voix que j'ai entendue, ô
447 3294 3155 3509 mon cher Faldoni! que n'ai- je
451 3523 3133 3734 oſé attacher mes yeux ſur les
447 3762 3148 3988 vôtres! Mais on nous obſervoit;
440 3991 3437 4199 j'examinois la contenance de mon
451 4227 3129 4442 pere; il n'étoit point à ſon jeu;
447 4463 3129 4685 il étoit avec nous. Hélas! je ne
454 4706 3119 4910 vous ai rien dit, rien qui vous
451 4939 3122 5161 marquât ma tendreſſe; & je vous
458 5182 3129 5390 aime! Ah! vous n'en doutez pas
461 5404 3487 5638 ſûrement! avec quel intérêt je
471 5637 3136 5872 vous écoutois! chaque mot que
2482 5849 2807 6055 F
762 7485 1717 7578 -
