4266 7663
2208 902 2808 1138 a
1132 1203 3819 1401 vous prononciez me cauſoit la
1136 1425 3826 1633 plus vive émotion. Avez-vous lu
1130 1667 3823 1831 dans mon cœur? avez - vous vu
1118 1898 3823 2112 la contrainte où j'étois de n'oſer
1118 2139 3815 2368 m'exprimer? avez-vous ſenti que
1118 2357 3815 2576 mes diſtractions étoient l'effet de
1114 2614 3844 2828 ma prudence? Il falloit diſſimuler
1046 2840 3815 3079 ou nous perdre; il falloit paroî-
1042 3074 3811 3318 tre vous voir avec indifférence.
1114 3302 3807 3551 Quel horrible tourment! Trahie
1112 3555 4177 3794 à chaque inſtant par ma douleur,
1107 3789 4172 4026 j'étois auprès de vous, & j'avois
847 4020 4168 4240 peine à retenir mes larmes. Vous
1111 4264 3815 4484 m'avez quittée ſitôt pour la der-
1114 4507 3807 4742 niere fois! Que ne prolongiez-
1053 4741 3800 4977 vous votre viſite d'un ſeul mo-
1111 4980 4147 5204 ment! Il vous étoit ſi facile de
1100 5218 4139 5455 reſter! Mais le vouliez-vous, di-
1107 5431 4132 5692 tes-moi? Sans doute vous n'avez
1093 5691 4129 5916 fait que céder à la cruelle né-
