4266 7900
22 913 3248 1198 ceſſité de nous ſéparer. Votre
428 1176 3388 1435 départ m'a plongée dans un ac-
429 1414 3618 1662 cablement qui reſſembloit à la
421 1687 3248 1937 ſtupidité; je me rappellois ces
421 1932 3252 2177 heures tranquilles que nous avions
417 2177 3267 2679 onneo do obienie e iiei
429 2671 3259 2920 citois! combien j'étois fiere de
421 2924 3350 3176 mon amour, quand vous m'aſſu-
372 3149 3619 3424 riez qu'il vous avoit rendu au
417 3410 3535 3665 plaiſir, & maintenant vous étiez
417 3653 3252 3908 replongé dans de nouvelles pei-
-1 3907 3248 4149 nes! Mais ne vous laiſſez point
-10 4160 3599 4400 aller à la triſteſſe: il faut me le
417 4399 3244 4653 promettre, ou je douterai de mes
-11 4653 3252 4904 droits ſur votre ame. Vois, mon
-8 4903 3241 5155 cher Faldoni, ton amie, ton
-17 5151 3241 5404 amante à tes pieds, te conjurer
-6 5400 3338 5634 de veiller ſur ta vie! Penſe à
-5 5636 3226 5886 l'avenir! Retrace-toi ces momens
2271 5923 2575 6115 LE
