4266 7806
2069 626 2694 820 I)
990 889 3766 1118 ſi doux que nous avons paſſés;
997 1134 3784 1362 ils pourront renaître: le ciel peut
1009 1366 3766 1583 faire des miracles en faveur de
1008 1626 3769 1831 notre amour. On ne me dit rien
1008 1868 3784 2104 encore; je vois ſur le viſage de
1008 2098 3780 2335 mon pere un froid qui me glace:
1001 2348 3792 2583 je tremble que ce calme apparent
634 2604 3794 2817 ne couve quelque orage; mais
1004 2837 3792 3065 je ſuis prête à tout. Hier, après
663 3097 3795 3308 votre départ, Madame d'Armiane
793 3299 3795 3546 & Conſtance étoient montées
1020 3567 3792 3806 chez elles; je reſtai avec M. de
1023 3807 3803 4031 Saint-Cyran; je pris mon tam-
1023 4053 3799 4276 bour & je me mis à broder. Mon
1023 4297 3792 4531 pere ſe promenoit en ſilence,
1031 4545 3799 4756 & il me lançoit de temps en
1027 4781 3807 5017 temps des coups-d'œil terribles.
1035 5032 3807 5244 Je n'oſois lever les yeux, effrayée
1041 5273 3809 5518 de rencontrer les ſiens. Fatiguée
1053 5512 3810 5763 de cette ſcène muette, je ſortis
