4266 7773
1474 571 2043 753 a.
412 830 3160 1061 j'aime ces vêtemens lugubres, &
423 1073 3238 1288 ce deuil qui eſt l'image de mon
109 1317 3160 1546 cœur! En me rappellant mes per-
408 1540 3168 1787 tes, ils me nourriſſent de ma dou-
408 1803 3153 2019 leur. Je ne me plais que dans les
408 2045 3164 2250 larmes; j'en arroſe mon chevet:
408 2285 3436 2510 le ſommeil me fuit; le ſommeil
417 2533 3168 2752 qui conſole les malheureux, ne
412 2772 3183 2992 revient plus que pour m'apporter
310 3018 3175 3242 de triſtes ſonges plus affreux que
408 3259 3234 3478 mes veilles. Je n'ai d'autre ſou-
413 3486 3194 3735 lagement que celui de vous écrire.
401 3730 3598 3967 Avec quelle impatience j'attends
419 3964 3178 4196 ces heures de ténébres pour me
405 4218 3186 4436 rapprocher de vous! Tout dort
408 4452 3197 4700 maintenant, & je n'ai que ce
412 4695 3163 4936 temps qui m'appartienne. Ah!
386 4935 3192 5182 qu'ils dorment! je n'envie pas
357 5167 3591 5427 leur repos: vaut-il le tourment
408 5416 3200 5652 même que j'éprouve à me rap-
1946 5645 2559 5890 F
