4266 7856
1080 767 3877 991 peller votre idée? quelle impreſ-
1080 1011 4272 1242 ſion m'a laiſſé la douceur que
1083 1261 4276 1472 nous goûtions avant notre infor-
1083 1509 4269 1729 tune! Jamais, mon aimable ami,
1087 1741 4277 1983 jamais je n'oublierai ces momens
1094 1990 3885 2211 de paix & de ſérénité! Souvenez-
1094 2242 4276 2469 vous de cette nuit charmante où,
1083 2478 4276 2717 dans le tumulte & le bruit d'une
1083 2720 4275 2955 fête, j'étois auprès de vous & de
777 2961 4275 3223 ma couſine: je pleurois; mais
1107 3225 3893 3445 ces larmes n'étoient point ame-
1098 3441 4274 3712 res, & cependant je preſſentois
1095 3708 3897 3943 déja le terme de mon bonheur:
1068 3913 4272 4196 c'étoit un mêlange de peine &
1102 4191 3892 4430 de plaiſir qui me cauſoit une mé-
1098 4419 4271 4683 lancolie délicieuſe. Dès que j'eus
1106 4684 4271 4931 perdu la plus tendre des meres,
1106 4931 4270 5185 je vis toute l'horreur de mon ſort;
1102 5171 4269 5438 je vis qu'il falloit renoncer à vous;
1035 5410 4269 5689 je voulus eſſayer de me vaincre,
