4266 7900
843 684 4213 942 ment malheureuſe? n'ai-je point
1032 942 3867 1188 aſſez ſouffert? C'eſt demain que
1063 1188 3856 1421 ma tante doit haſarder la péril-
1063 1443 3871 1655 leuſe demande de mon voyage;
1074 1700 4184 1934 c'eſt demain que mon arrêt ſera
1044 1934 2220 2171 prononcé....
1119 2201 3897 2427 Tout eſt dit; tout eſt con-
1059 2446 3894 2681 ſommé. Plus d'eſpoir! le mal-
1063 2681 3867 2929 heur, le malheur va fondre ſur
1058 2928 3851 3165 moi. Mes ſanglots m'étouffent.
1009 3150 3870 3399 O dieu! je l'avois bien prévu!
1063 3422 3973 3641 & que d'affreuſes circonſtances
1067 3667 3856 3909 accompagnent ce refus! J'ai be-
1069 3923 3866 4158 ſoin de reprendre mes ſens. Com-
1073 4157 3859 4410 ment vous écrire?... Il le faut ce-
1058 4408 3862 4654 pendant; ma tante va partir;
1077 4643 3866 4877 Conſtance ſe chargera de ma let-
686 4907 4251 5149 tre, & je n'ai que le moment
802 5151 4251 5398 de vous tracer ces caracteres qui
1047 5396 4251 5653 ſont baignés de mes larmes.... O
