4266 7764
1441 644 1968 828 i
98 886 3291 1158 pondois point; il a répété la
98 1133 3114 1378 même queſtion avec une voix
91 1368 3096 1625 plus forte. Moi! Monſieur! lui
88 1620 3123 1855 ai-je dit; moi laſſe de vivre avec
87 1848 3116 2080 vous!.... Eh bien! n'ai-je pas rai-
84 2082 3134 2341 ſon? Vous craignez de pourſui-
80 2334 3079 2567 vre; une foible pudeur vous re
76 2564 3134 2817 tient: vous n'avez pas encore
69 2810 3141 3057 aſſez d'audace pour avouer que
69 3057 3134 3279 je vous gêne, que mon œil clair-
65 3301 3141 3521 voyant nuit à vos ſourdes intri-
61 3522 3151 3795 gues. -- O Monſieur! ô mon pere!
374 3775 3160 3967 -- ô mon frere, a dit Madame
54 3987 3390 4235 d'Armiane, ne faites point cet
51 4255 3171 4481 outrage à ma niece: le projet
50 4502 3170 4716 de ce voyage n'eſt venu que de
411 4731 3182 4977 moi: j'ai cru devoir le lui pro-
228 4971 3184 5198 poſer pour la diſtraire de ſa dou-
50 5207 3182 5436 leur; je la voyois accablée de
35 5455 3184 5672 la mort d'une mere, environnée
