4266 7803
1326 670 1930 856 Li.
74 866 3074 1163 femme. Conſtance m'a dit en-
69 1191 3055 1409 ſuite que mes yeux, mes traits,
66 1402 3073 1640 & tout mon viſage exprimoient
66 1655 3074 1889 le déſordre de mon eſprit. Mon
63 1915 3078 2148 pere s'eſt approché, & m'a re-
59 2163 3078 2389 gardée fixement. Que veut cette
58 2395 3092 2618 fille? eſt-elle folle? il faudra l'en-
58 2610 3088 2836 chaîner; & il faiſoit le mouve-
58 2895 3088 3114 ment d'aller appeller ſes gens.
51 3110 3203 3367 Monſieur! Monſieur! a dit ma
47 3350 3103 3599 tante, y penſez - vous? & toi,
352 3618 3241 3846 Théreſe, reprends tes ſens: à
370 3846 3111 4089 quoi bon tout ce tumulte? on
40 4107 3100 4322 ne te permet pas de me ſuivre;
74 4348 3111 4579 eh bien! ma chere! il faut reſter,
41 4579 3115 4822 aimer ton pere, même dans ſes
363 4837 3215 5067 rigueurs, & tâcher par la ten-
36 5066 3107 5315 dreſſe filiale de gagner la ſienne.
29 5287 3114 5525 Ah! Madame, ai - je dit, j'aime
33 5559 3115 5821 mon pere; mais..... achevez,
