4266 7703
2279 721 2985 899 (io)
1313 967 4124 1201 lui cacher. Et moi, a-t-on repris,
1306 1200 4022 1438 je ne méritois point d'avoir part
1318 1439 4027 1642 à de ſi beaux ſecrets: j'étois l'en-
1194 1693 4023 1893 nemi dont il falloit ſe garder; &
1303 1915 4030 2141 tandis qu'une mere foible &
1314 2166 4027 2398 trompée ſouffroit qu'un quidam
1307 2398 4165 2637 osât annoncer des prétentions ſur
1292 2637 4169 2865 ma fille, & ſe loger pour plus
1296 2880 4034 3106 de commodité à deux pas de ma
1307 3123 4180 3309 maiſon, cette amoureuſe créature
1314 3349 4183 3561 trembloit que je n'arrivaſſe: à
1310 3593 4187 4038 rle de ee quiere, eu dooue
1318 4059 4027 4278 pour jouir de ſa liberté: mais
1208 4299 4023 4521 j'y ſaurai mettre ordre, & je lui
1310 4536 4026 4747 déclare ici devant ma ſœur, que
1310 4769 4212 5006 juſqu'au moment où elle aura reçu
1309 5005 4215 5242 la foi de l'honnête-homme que je
1302 5241 4222 5460 lui deſtine, & engagé la ſienne
1314 5486 4223 5716 aux autels, elle ne quittera point
