4266 7647
241 1152 2949 1368 ce château, duſſé-je y mettre des
256 1397 2935 1606 gardes: j'empêcherai bien qu'elle
244 1626 2937 1867 n'en ſorte pour courir après ſon
154 1866 2941 2097 ſéducteur: je lui donne ſa cham-
155 2098 3273 2319 bre pour priſon; qu'elle y pleure
166 2333 2956 2546 à loiſir ſes folles erreurs! Quand
238 2578 2927 2790 une fille a paſſé les bornes du
252 2816 3323 3025 devoir, un pere a le droit de
151 3060 2949 3255 franchir celles de la rigueur, &
245 3284 2949 3482 les jours de ma juſtice vont com-
237 3524 2941 3738 mencer pour elle.... O mon ami!
258 3737 2963 3973 comment vous répéter tout ce
248 3974 2931 4187 qu'il a dit, cet homme barbare
256 4220 2974 4425 que je n'oſe appeller mon pere!
248 4454 2931 4677 Il m'a menacée de toute ſa ven-
255 4676 2959 4927 geance, ſi après un temps écoulé
254 4924 2955 5141 je ne ſubiſſois l'affreux hymen
266 5145 3251 5372 qu'il veut m'impoſer; il a rejetté
266 5401 2935 5606 les prieres, les larmes, les inſ-
274 5627 3302 5844 tances de ſa ſœur; rien n'a pu le
824 7478 1491 7572 -
