<PcGts xmlns="http://schema.primaresearch.org/PAGE/gts/pagecontent/2017-07-15" xmlns:xsi="http://www.w3.org/2001/XMLSchema-instance" xsi:schemaLocation="http://schema.primaresearch.org/PAGE/gts/pagecontent/2017-07-15 http://schema.primaresearch.org/PAGE/gts/pagecontent/2017-07-15/pagecontent.xsd"><Metadata><Creator>User123</Creator><Created>2020-10-14T09:10:43</Created><LastChange>2020-10-14T09:10:43</LastChange></Metadata><Page imageFilename="0153.png" imageHeight="7659" imageWidth="4266"><TextRegion id="r0" type="paragraph" orientation="-0.0"><Coords points="1,1 4264,1 4264,7657 1,7657"/><TextLine id="r0_l001"><Coords points="2328,718 2931,718 2931,895 2328,895"/><TextEquiv index="1"><Unicode></Unicode></TextEquiv></TextLine><TextLine id="r0_l002"><Coords points="1292,956 4105,956 4105,1166 1292,1166"/><TextEquiv index="1"><Unicode>m'enterrer dans des lieux dont je</Unicode></TextEquiv></TextLine><TextLine id="r0_l003"><Coords points="1299,1216 4108,1216 4108,1422 1299,1422"/><TextEquiv index="1"><Unicode>ne ſortirois que pour deſcendre</Unicode></TextEquiv></TextLine><TextLine id="r0_l004"><Coords points="1285,1444 3992,1444 3992,1650 1285,1650"/><TextEquiv index="1"><Unicode>au tombeau: il a juré que ſi je</Unicode></TextEquiv></TextLine><TextLine id="r0_l005"><Coords points="1502,1895 1501,1894 1501,1893 1499,1891 1499,1890 1498,1889 1498,1888 1497,1887 1497,1886 1496,1885 1496,1884 1494,1882 1494,1881 1493,1880 1493,1879 1492,1878 1492,1877 1491,1876 1491,1875 1490,1874 1490,1873 1488,1871 1488,1870 1487,1869 1487,1868 1486,1867 1486,1866 1485,1865 1485,1864 1483,1862 1483,1861 1482,1860 1482,1859 1481,1858 1481,1857 1480,1856 1480,1855 1479,1854 1479,1853 1477,1851 1477,1850 1476,1849 1476,1848 1476,1847 1347,1847 1345,1846 1345,1845 1345,1844 1308,1844 1306,1843 1306,1841 1305,1840 1306,1839 1306,1762 1307,1761 1308,1761 1309,1760 1309,1759 1311,1757 1407,1757 1407,1757 1407,1751 1408,1750 1409,1750 1411,1748 1411,1747 1412,1746 1471,1746 1471,1746 1471,1696 1472,1695 3762,1695 3763,1696 3764,1696 3764,1697 3764,1717 3765,1717 3937,1717 3937,1718 3937,1720 3939,1721 3940,1721 3941,1723 3941,1739 3942,1739 3983,1739 3991,1748 3991,1905 3992,1905 4121,1905 4121,1906 4121,1907 4122,1908 4122,1910 4121,1911 1717,1911 1716,1912"/><TextEquiv index="1"><Unicode>vous revoyois, vous, mon cher</Unicode></TextEquiv></TextLine><TextLine id="r0_l006"><Coords points="4116,2140 4114,2139 4114,2137 4114,2136 3289,2136 3288,2136 3288,2135 3287,2134 3286,2132 3285,2132 3284,2132 3284,2123 3284,2122 2312,2122 2309,2120 2309,2101 2309,2100 1766,2100 1764,2099 1764,2090 1764,2089 1307,2089 1306,2089 1306,2036 1306,2035 1300,2035 1299,2035 1299,2034 1298,2033 1298,2023 1301,2020 1302,2020 1302,2020 1302,2012 1309,2005 1309,1943 1311,1941 1533,1941 1533,1941 1533,1939 1534,1938 1535,1938 1536,1937 1544,1937 1544,1937 1544,1936 1546,1934 2323,1934 2324,1933 2324,1932 2326,1930 2327,1930 2327,1930 2327,1929 2329,1927 2330,1927 2331,1926 2339,1926 2340,1927 2341,1927 2341,1928 2342,1929 2342,1930 2343,1930 2391,1930 2392,1932 2392,1934 2393,1934 3553,1934 3557,1930 4118,1930 4118,1930 4118,1911 4119,1910 4120,1911 4121,1911 4121,1912 4121,1930 4122,1930 4124,1930 4125,1932 4125,2017 4126,2017 4128,2017 4128,2018 4128,2019 4129,2020 4129,2081 4128,2082 4128,2093 4128,2093 4126,2093 4125,2094 4125,2117 4124,2118 4123,2118 4122,2119 4122,2129 4121,2130 4121,2139 4120,2140"/><TextEquiv index="1"><Unicode>Faldoni, ſi j'oſois vous parler ou</Unicode></TextEquiv></TextLine><TextLine id="r0_l007"><Coords points="1303,2158 4130,2158 4130,2388 1303,2388"/><TextEquiv index="1"><Unicode>vous écrire, il m'accabloit de</Unicode></TextEquiv></TextLine><TextLine id="r0_l008"><Coords points="2359,2618 2359,2617 2359,2616 2340,2616 2338,2615 2338,2614 2338,2613 2337,2613 2334,2611 2334,2610 2334,2609 1983,2609 1981,2608 1981,2559 1981,2558 1329,2558 1327,2557 1327,2491 1327,2490 1322,2490 1320,2489 1320,2488 1319,2487 1319,2486 1318,2486 1317,2486 1317,2485 1316,2484 1316,2478 1319,2475 1323,2475 1324,2474 1324,2473 1325,2472 1333,2472 1335,2470 1335,2469 1336,2468 1341,2468 1342,2467 1342,2459 1344,2457 1616,2457 1616,2457 1616,2456 1618,2454 1721,2454 1721,2454 1721,2437 1722,2436 1723,2436 1725,2434 1725,2433 1726,2432 1727,2432 1728,2431 1728,2430 1730,2428 1742,2428 1742,2428 1742,2413 1745,2410 1753,2410 1753,2410 1753,2409 1755,2407 3420,2407 3421,2406 3421,2405 3423,2403 4121,2403 4121,2403 4121,2388 4122,2387 4125,2387 4125,2388 4125,2399 4126,2399 4127,2399 4128,2401 4128,2412 4129,2413 4129,2414 4130,2414 4135,2414 4136,2416 4136,2471 4138,2472 4139,2472 4139,2473 4139,2543 4138,2544 4137,2544 4136,2545 4136,2568 4135,2569 2365,2569 2364,2570 2364,2618 2362,2620"/><TextEquiv index="1"><Unicode>tout le poids de ſa malédiction:</Unicode></TextEquiv></TextLine><TextLine id="r0_l009"><Coords points="3724,2826 3723,2825 3722,2825 3721,2825 3721,2824 3720,2822 3719,2822 3717,2821 3717,2783 3717,2782 3455,2782 3454,2782 3454,2781 3453,2779 3267,2779 3266,2780 3266,2781 3265,2782 3264,2782 3263,2783 3262,2784 3262,2785 3261,2786 2983,2786 2980,2784 2980,2783 2980,2782 2821,2782 2687,2782 2683,2786 2662,2786 2658,2782 2506,2782 2504,2781 2504,2780 2504,2779 2300,2779 2298,2781 2298,2782 2298,2782 2285,2782 2284,2783 2284,2818 2284,2818 2283,2818 2279,2822 2278,2822 2277,2822 2277,2783 2277,2782 2076,2782 2075,2782 2075,2781 2074,2779 1893,2779 1809,2779 1807,2781 1807,2782 1807,2782 1798,2782 1797,2782 1797,2781 1795,2778 1794,2778 1793,2778 1793,2776 1793,2775 1611,2775 1609,2777 1609,2778 1609,2778 1608,2778 1607,2779 1502,2779 1501,2780 1501,2781 1500,2782 1340,2782 1338,2784 1338,2785 1337,2786 1319,2786 1316,2784 1316,2780 1316,2779 1315,2779 1313,2778 1313,2776 1314,2775 1319,2775 1320,2774 1320,2701 1322,2699 1323,2699 1324,2698 1324,2697 1326,2695 1331,2695 1331,2695 1331,2683 1333,2681 1334,2681 1334,2681 1334,2680 1337,2677 1338,2677 1338,2677 1338,2676 1340,2674 1341,2674 1342,2673 1342,2673 1342,2672 1344,2670 1345,2670 1345,2670 1345,2666 1346,2665 1346,2664 1347,2663 1348,2663 1349,2662 1349,2658 1359,2648 1363,2648 1364,2647 1364,2646 1365,2645 1370,2645 1371,2644 1371,2643 1373,2641 1391,2641 1393,2644 1393,2645 1394,2645 1395,2645 1396,2647 1396,2648 1397,2648 1401,2648 1402,2649 1403,2649 1403,2650 1403,2655 1405,2656 1406,2656 1407,2658 1407,2695 1408,2695 1594,2695 1595,2694 1595,2693 1596,2692 1605,2692 1605,2693 1605,2694 1607,2695 1894,2695 1894,2695 1894,2694 1896,2692 2074,2692 2074,2692 2074,2648 2075,2647 2075,2646 2076,2645 2085,2645 2085,2645 2085,2644 2088,2641 2102,2641 2104,2644 2104,2645 2105,2645 2258,2645 2259,2647 2259,2648 2261,2649 2262,2649 2262,2650 2262,2692 2263,2692 2337,2692 2340,2695 2522,2695 2522,2695 2522,2694 2524,2692 2580,2692 2580,2692 2580,2654 2582,2652 2583,2652 2583,2652 2583,2651 2586,2648 2587,2648 2587,2648 2587,2647 2589,2645 2597,2645 2598,2647 2598,2648 2599,2648 2600,2648 2602,2651 2602,2652 2603,2652 2604,2652 2605,2654 2605,2695 2606,2695 2679,2695 2680,2696 2681,2696 2681,2697 2681,2698 2683,2699 2785,2699 2786,2701 2786,2702 2787,2702 2970,2702 2970,2702 2970,2701 2972,2699 2980,2699 2981,2698 2981,2697 2983,2695 3157,2695 3157,2695 3157,2691 3160,2688 3171,2688 3172,2690 3172,2691 3174,2692 3435,2692 3435,2692 3435,2644 3438,2641 3442,2641 3443,2640 3443,2639 3444,2638 3467,2638 3468,2640 3468,2688 3469,2688 3543,2688 3544,2690 3544,2692 3545,2692 3612,2692 3612,2693 3612,2694 3614,2695 3618,2695 3620,2698 3620,2699 3621,2699 3622,2699 3623,2701 3623,2702 3625,2703 3630,2703 3630,2704 3630,2705 3632,2706 3633,2706 3634,2708 3634,2739 3635,2739 3724,2739 3724,2739 3724,2672 3726,2670 3730,2670 3734,2674 3735,2674 3735,2675 3735,2739 3736,2739 3890,2739 3890,2739 3890,2694 3892,2692 3894,2692 3894,2692 3894,2650 3895,2649 3896,2649 3897,2648 3897,2640 3899,2638 3954,2638 3955,2637 3955,2636 3957,2634 3962,2634 3962,2634 3962,2633 3965,2630 3979,2630 3981,2633 3981,2634 3982,2634 3983,2634 3984,2636 3984,2692 3985,2692 4132,2692 4132,2692 4132,2600 4134,2598 4135,2598 4135,2598 4135,2597 4138,2594 4140,2597 4140,2692 4141,2692 4143,2692 4143,2693 4143,2702 4142,2703 4141,2703 4140,2704 4140,2715 4139,2716 4139,2717 4139,2717 4003,2717 4002,2718 4002,2771 4002,2771 3990,2771 3988,2773 3988,2774 3987,2775 3769,2775 3768,2776 3768,2780 3767,2781 3767,2782 3767,2782 3766,2782 3764,2784 3764,2788 3760,2792 3760,2796 3759,2797 3758,2797 3757,2798 3757,2799 3756,2800 3755,2800 3754,2801 3753,2802 3753,2803 3752,2804 3751,2804 3750,2805 3750,2806 3749,2807 3745,2807 3737,2815 3729,2815 3728,2816 3728,2825 3728,2825 3727,2825 3726,2826"/><TextEquiv index="1"><Unicode>ſans vouloir rien entendre, il</Unicode></TextEquiv></TextLine><TextLine id="r0_l010"><Coords points="1317,2863 4003,2863 4003,3065 1317,3065"/><TextEquiv index="1"><Unicode>nous a bruſquement laiſſées, &amp;</Unicode></TextEquiv></TextLine><TextLine id="r0_l011"><Coords points="1317,3101 4159,3101 4159,3318 1317,3318"/><TextEquiv index="1"><Unicode>nous ſommes demeurées comme</Unicode></TextEquiv></TextLine><TextLine id="r0_l012"><Coords points="1317,3325 4166,3325 4166,3558 1317,3558"/><TextEquiv index="1"><Unicode>frappées de la foudre. Suis-je aſſez</Unicode></TextEquiv></TextLine><TextLine id="r0_l013"><Coords points="1317,3558 4173,3558 4173,3776 1317,3776"/><TextEquiv index="1"><Unicode>malheureuſe? Le ciel me réſerve-</Unicode></TextEquiv></TextLine><TextLine id="r0_l014"><Coords points="2313,4021 2312,4020 2311,4020 2309,4019 2309,3967 2309,3966 1686,3966 1685,3966 1685,3965 1683,3962 1682,3962 1681,3962 1681,3960 1681,3959 1347,3959 1346,3959 1346,3958 1344,3955 1343,3955 1342,3955 1342,3954 1340,3951 1339,3951 1338,3951 1338,3946 1337,3944 1336,3944 1335,3944 1335,3943 1334,3942 1334,3917 1334,3916 1326,3916 1324,3915 1324,3914 1323,3913 1323,3912 1322,3912 1320,3911 1320,3881 1321,3880 1322,3880 1323,3879 1324,3878 1324,3877 1325,3876 1334,3876 1334,3876 1334,3875 1337,3872 1341,3872 1342,3871 1342,3870 1343,3869 1344,3869 1346,3867 1346,3866 1347,3865 1348,3865 1349,3864 1349,3863 1351,3861 1356,3861 1356,3861 1356,3860 1358,3858 1461,3858 1461,3858 1461,3827 1463,3825 1464,3825 1464,3825 1464,3818 1465,3817 1465,3816 1467,3814 1522,3814 1522,3814 1522,3813 1524,3811 1529,3811 1529,3811 1529,3810 1532,3807 2969,3807 2970,3806 2970,3805 2971,3804 4163,3804 4165,3802 4165,3801 4166,3800 4168,3800 4168,3801 4168,3814 4169,3815 4169,3843 4170,3843 4171,3843 4172,3845 4172,3966 4173,3966 4175,3966 4175,3967 4175,3970 4175,3970 4173,3970 4172,3971 4172,3998 4171,3999 4170,3999 4169,4000 4168,4001 4168,4002 4168,4002 3459,4002 3457,4004 3457,4005 3456,4006 2317,4006 2316,4007 2316,4020 2316,4020 2315,4020 2314,4021"/><TextEquiv index="1"><Unicode>t-il encore de nouvelles angoiſſes?</Unicode></TextEquiv></TextLine><TextLine id="r0_l015"><Coords points="2780,4233 2778,4232 2778,4231 2778,4230 2777,4230 2775,4229 2775,4191 2775,4190 2086,4190 2085,4191 2085,4201 2085,4201 1848,4201 1847,4202 1847,4233 1847,4233 1805,4233 1804,4233 1804,4223 1804,4222 1350,4222 1349,4222 1349,4221 1348,4219 1347,4219 1346,4219 1346,4218 1345,4217 1345,4159 1344,4157 1343,4157 1342,4157 1342,4156 1341,4154 1340,4154 1338,4153 1338,4148 1338,4147 1337,4147 1336,4146 1334,4145 1334,4144 1334,4143 1325,4143 1324,4143 1324,4141 1326,4139 1327,4139 1327,4139 1327,4138 1329,4136 1330,4136 1331,4135 1331,4116 1333,4114 1334,4114 1334,4114 1334,4103 1335,4102 1335,4101 1336,4100 1337,4100 1338,4099 1338,4098 1340,4096 1341,4096 1342,4095 1342,4094 1344,4092 1345,4092 1345,4092 1345,4081 1346,4080 1346,4079 1347,4078 1348,4078 1349,4077 1349,4076 1350,4075 1351,4075 1353,4073 1353,4072 1354,4071 1359,4071 1360,4070 1360,4069 1362,4067 1366,4067 1371,4062 1371,4061 1372,4060 1377,4060 1378,4059 1378,4058 1379,4057 1380,4056 1381,4056 1382,4055 1382,4054 1383,4053 1391,4053 1393,4051 1393,4050 1394,4049 1529,4049 1529,4050 1529,4051 1530,4052 1530,4056 1531,4056 1676,4056 1678,4059 1678,4063 1680,4064 1681,4064 1681,4065 1681,4074 1682,4074 1904,4074 1905,4076 1905,4078 1906,4078 2378,4078 2378,4078 2378,4076 2380,4074 2410,4074 2410,4074 2410,4073 2412,4071 2413,4071 2414,4070 2414,4065 2415,4064 2416,4064 2418,4062 2418,4061 2419,4060 2420,4060 2421,4059 2421,4058 2422,4057 2423,4057 2425,4055 2425,4054 2426,4053 2427,4053 2429,4051 2429,4050 2430,4049 2446,4049 2446,4049 2446,4048 2448,4046 2560,4046 2561,4045 2786,4045 2786,4045 2786,4043 2787,4042 2788,4042 2790,4040 2793,4037 2793,4036 2794,4035 2803,4035 2804,4037 2804,4038 2805,4038 3221,4038 3228,4045 4164,4045 4164,4045 4164,4026 4166,4024 4167,4024 4168,4023 4168,4022 4170,4020 4171,4020 4172,4022 4172,4031 4173,4031 4175,4031 4176,4033 4176,4056 4177,4056 4178,4056 4179,4058 4179,4099 4178,4100 4000,4100 3999,4101 3999,4160 3998,4161 3997,4161 3995,4163 3995,4167 3991,4171 3991,4175 3991,4175 3990,4175 3988,4177 3988,4178 3987,4179 3986,4179 3984,4181 3984,4182 3983,4183 3978,4183 3977,4184 3977,4185 3972,4190 3964,4190 3963,4191 3963,4192 3961,4194 3227,4194 3226,4195 3226,4200 3225,4201 3224,4201 3223,4202 3223,4206 3212,4217 3212,4221 3210,4223 3209,4223 3208,4224 3208,4225 3207,4226 3206,4226 3205,4227 3205,4228 3203,4230 2784,4230 2782,4232 2782,4233 2782,4233"/><TextEquiv index="1"><Unicode>Oh! que ne ſuis - je déja dans le</Unicode></TextEquiv></TextLine><TextLine id="r0_l016"><Coords points="1314,4277 3996,4277 3996,4480 1314,4480"/><TextEquiv index="1"><Unicode>caveau de mes peres! Que m'im-</Unicode></TextEquiv></TextLine><TextLine id="r0_l017"><Coords points="1330,4721 1327,4719 1327,4657 1327,4656 1323,4656 1319,4652 1315,4652 1313,4651 1313,4639 1314,4638 1315,4638 1316,4637 1316,4633 1319,4630 1331,4630 1331,4630 1331,4556 1333,4554 1627,4554 1627,4554 1627,4549 1629,4547 2334,4547 2334,4547 2334,4528 2337,4525 2338,4525 2338,4525 2338,4524 2340,4522 2344,4522 2345,4521 2345,4520 2347,4518 2792,4518 2793,4517 2793,4516 2794,4515 3763,4515 3764,4517 3764,4518 3765,4518 3773,4518 3781,4526 3782,4526 3782,4527 3782,4532 3784,4533 3785,4533 3786,4535 3786,4569 3787,4569 3962,4569 3962,4570 3962,4571 3964,4572 3968,4572 3970,4575 3970,4576 3971,4576 3976,4576 3977,4578 3977,4579 3979,4580 3980,4580 3981,4582 3981,4583 3982,4583 3983,4583 3984,4585 3984,4641 3985,4641 3998,4641 3998,4642 3998,4643 4001,4645 4002,4645 4002,4646 4002,4651 4001,4652 4000,4652 3999,4653 3999,4654 3997,4656 3996,4656 3995,4657 3995,4658 3994,4659 3986,4659 3984,4661 3984,4662 3983,4663 3133,4663 3132,4664 3132,4706 3132,4706 3098,4706 3096,4708 3096,4709 3095,4710 3096,4710 4197,4710 4197,4711 4197,4716 4196,4717 4195,4717 4194,4718 1375,4718 1374,4719 1374,4720 1374,4720 1373,4720 1372,4721"/><TextEquiv index="1"><Unicode>porte une triſte vie qui ne ſera</Unicode></TextEquiv></TextLine><TextLine id="r0_l018"><Coords points="1318,5161 1316,5160 1316,4891 1316,4890 1315,4890 1313,4889 1313,4885 1315,4883 1331,4883 1331,4883 1331,4816 1333,4814 1352,4814 1353,4813 1353,4812 1354,4811 1439,4811 1439,4811 1439,4766 1442,4763 1443,4763 1443,4763 1443,4762 1445,4760 1453,4760 1454,4759 1454,4758 1455,4757 1459,4757 1460,4756 1461,4756 1461,4756 1461,4755 1463,4753 2283,4753 2284,4755 2284,4756 2285,4756 2286,4756 2288,4759 2288,4760 2289,4760 2290,4760 2291,4762 2291,4792 2292,4792 2343,4792 2344,4793 2345,4793 2345,4794 2345,4800 2346,4800 3132,4800 3132,4800 3132,4759 3138,4753 3146,4753 3147,4752 3147,4751 3149,4749 3156,4749 3158,4752 3158,4753 3159,4753 3633,4753 3634,4755 3634,4759 3640,4764 3965,4764 3966,4766 3966,4767 3967,4767 3975,4767 3976,4768 3977,4768 3977,4769 3977,4770 3979,4771 3980,4771 3980,4772 3980,4773 3983,4775 3987,4775 3988,4777 3988,4778 3989,4778 3990,4778 3991,4780 3991,4788 3993,4789 3994,4789 3995,4791 3995,4796 3996,4796 4186,4796 4186,4796 4186,4737 4188,4735 4189,4735 4190,4734 4190,4719 4191,4718 4194,4718 4194,4719 4194,4721 4195,4721 4197,4721 4197,4722 4197,4864 4199,4865 4200,4865 4201,4867 4201,5124 4200,5125 3975,5125 3973,5127 3973,5128 3973,5128 3972,5128 3971,5129 3964,5129 3962,5131 3962,5132 3962,5132 3942,5132 3941,5133 3941,5142 3940,5143 3935,5143 3934,5143 3934,5137 3934,5136 3744,5136 3742,5135 3742,5134 3741,5132 1993,5132 1992,5133 1992,5135 1991,5136 1989,5136 1988,5137 1988,5139 1988,5139 1986,5139 1985,5140 1971,5140 1970,5141 1970,5149 1965,5154 1959,5149 1959,5137 1959,5136 1330,5136 1327,5134 1327,5097 1327,5096 1326,5096 1322,5092 1321,5092 1320,5093 1320,5161 1320,5161"/><TextEquiv index="1"><Unicode>l utrme airrms ur ie</Unicode></TextEquiv></TextLine><TextLine id="r0_l019"><Coords points="1307,5220 4213,5220 4213,5422 1307,5422"/><TextEquiv index="1"><Unicode>cette affreuſe exiſtence! je ne ſens</Unicode></TextEquiv></TextLine><TextLine id="r0_l020"><Coords points="1964,5681 1963,5681 1963,5667 1963,5666 1348,5666 1345,5669 1345,5670 1345,5670 1344,5670 1341,5668 1341,5667 1341,5666 1336,5666 1335,5666 1335,5661 1334,5659 1333,5659 1331,5658 1331,5638 1331,5637 1329,5637 1327,5636 1327,5635 1327,5634 1326,5634 1324,5633 1324,5628 1324,5627 1323,5627 1322,5626 1321,5626 1320,5626 1320,5625 1320,5624 1319,5623 1318,5623 1317,5623 1317,5622 1315,5619 1314,5619 1313,5619 1313,5559 1313,5558 1311,5558 1309,5557 1309,5553 1311,5551 1327,5551 1327,5551 1327,5546 1330,5543 1331,5543 1331,5543 1331,5524 1337,5518 1356,5518 1356,5518 1356,5517 1358,5515 1436,5515 1436,5515 1436,5466 1438,5464 1449,5464 1454,5459 1454,5458 1455,5457 1829,5457 1829,5457 1829,5448 1831,5446 1854,5446 1854,5447 1854,5449 1855,5450 1855,5460 1856,5460 4208,5460 4208,5460 4208,5455 4210,5453 4211,5453 4212,5455 4212,5460 4214,5461 4215,5461 4215,5462 4215,5623 4216,5623 4218,5623 4219,5625 4219,5676 4219,5676 4209,5676 4208,5676 4208,5664 4208,5663 2795,5663 2793,5665 2793,5666 2793,5666 1985,5666 1984,5667 1984,5673 1985,5673 1990,5673 1992,5676 1991,5677 1990,5677 1988,5679 1988,5680 1987,5681"/><TextEquiv index="1"><Unicode>plus; je ne penſe plus; je ne ſuis</Unicode></TextEquiv></TextLine><TextLine id="r0_l021"><Coords points="3671,5677 4224,5677 4224,5920 3671,5920"/><TextEquiv index="1"><Unicode>plus</Unicode></TextEquiv></TextLine><TextLine id="r0_l022"><Coords points="2711,7288 3718,7288 3718,7468 2711,7468"/><TextEquiv index="1"><Unicode></Unicode></TextEquiv></TextLine></TextRegion></Page></PcGts>