4266 7754
286 1027 3036 1253 plus à rien; le déſeſpoir m'op-
282 1270 3042 1496 prime; je ne vois que des bour-
300 1516 3043 1736 reaux, des ſupplices, un enfer.
274 1747 3053 1978 Mais pourquoi vous envelopper
289 1992 3058 2213 dans mon malheur? Fuyez - moi
286 2240 3060 2461 plutôt! fuyez, homme adoré &
289 2487 3061 2695 digne d'un meilleur ſort! allez
212 2734 3060 2952 chercher des cœurs qui pourront
275 2962 3061 3196 au moins payer le vôtre! allez
296 3205 3064 3414 jouir loin de moi de la félicité
283 3439 3065 3657 qui vous eſt due! pourquoi vous
274 3684 3060 3868 obſtiner à aimer une infortunée
276 3920 3087 4148 dont le terme approche, & qui
274 4166 3050 4411 ne vous laiſſeroit après elle que
290 4413 3061 4650 des regrets? O l'ami de mon
293 4648 3047 4868 cœur! ô le plus cher des hommes!
81 4884 3065 5117 pourrez-vous me quitter? le pour-
282 5141 3043 5351 rez-vous? mon image ne vous
138 5383 3038 5616 ſuivra-t-elle pas? n'avez-vous pas
139 5611 3038 5846 à craindre qu'elle empoiſonne
429 5875 1234 6059 Tome I.
