4266 7836
2272 749 2824 954 i
1147 1011 4278 1276 tous vos inſtans? S'il eſt poſſible
1142 1256 4278 1539 qu'une autre vous dédommage de
1139 1516 4277 1752 ma perte, aimez-là, j'y conſens:
1128 1748 4277 2011 ſi du fond de mon cachot j'appre-
1136 2010 4276 2275 nois que vous êtes heureux, je
1124 2261 4276 2506 bénirois encore le ciel! Allez,
1132 2499 4276 2738 trop généreux ami! allez vivre
1136 2738 4275 2962 loin d'une terre de douleur où
1135 2953 4274 3220 vous ne verriez que deuil & dé-
1135 3218 4274 3469 ſolation. C'eſt la derniere fois que
1139 3462 4273 3714 je vous écris. Qu'aurois-je à vous
1139 3714 4272 3959 dire encore? vous parler de mon
1158 3957 4272 4198 infortune? vous affliger par le
1150 4191 4272 4445 récit de mes tourmens? porter
1154 4438 4271 4705 dans votre ame le poiſon qui me
1165 4699 4271 4935 tue? Non, je veux ſouffrir ſeule;
1158 4935 4270 5187 je veux dévorer mes larmes &
1165 5186 4269 5429 les cacher à toute la nature.
1147 5429 4269 5669 Adieu! oubliez-moi; ne m'écri-
1106 5668 4268 5939 vez plus; ne ſoyons plus rien l'un
