4266 7741
465 1029 3243 1264 à l'autre; il le faut ..... O mon
54 1263 3214 1506 dieu! je n'y pourrai ſurvivre; la
83 1503 3217 1744 vie n'eſt plus pour moi qu'une
45 1744 3217 1988 mort continuelle; mon eſprit
72 1985 3214 2229 s'égare dans ce déluge de maux;
479 2229 3217 2474 ma tête s'affoiblit; ma raiſon s'en
476 2471 3225 2715 va; je meurs; je meurs mille fois
50 2708 3228 2961 avant de mourir..... Adieu, mon
54 2958 3228 3203 ami! mon bien-aimé! toi qui me
57 3187 3232 3447 fus cher & qui me le ſeras juſ-
468 3423 3228 3678 qu'au dernier ſoupir! Il faut donc
65 3661 3225 3917 le dire cet adieu! Quel mot ter-
70 3918 3222 4164 rible à prononcer! mon cœur ſe
73 4168 3222 4406 déchire; je n'exiſte plus: bientôt
76 4423 3214 4673 peut - être vous apprendrez que
355 4648 3217 4891 tout eſt fini pour moi. Des bords
91 4888 3229 5132 de ma tombe où je vais entrer,
109 5116 3228 5373 ô Faldoni, écoutez la voix de
98 5369 3239 5615 votre amie! elle vous conjure de
105 5606 3251 5879 vivre & de rendre le calme à
2147 5831 3272 6074 Ga
