<PcGts xmlns="http://schema.primaresearch.org/PAGE/gts/pagecontent/2017-07-15" xmlns:xsi="http://www.w3.org/2001/XMLSchema-instance" xsi:schemaLocation="http://schema.primaresearch.org/PAGE/gts/pagecontent/2017-07-15 http://schema.primaresearch.org/PAGE/gts/pagecontent/2017-07-15/pagecontent.xsd"><Metadata><Creator>User123</Creator><Created>2020-10-14T09:10:55</Created><LastChange>2020-10-14T09:10:55</LastChange></Metadata><Page imageFilename="0158.png" imageHeight="7900" imageWidth="4266"><TextRegion id="r0" type="paragraph" orientation="0.25"><Coords points="1,1 4264,1 4264,7898 1,7898"/><TextLine id="r0_l001"><Coords points="1525,658 2557,654 2558,901 1526,905"/><TextEquiv index="1"><Unicode></Unicode></TextEquiv></TextLine><TextLine id="r0_l002"><Coords points="420,951 3210,939 3211,1183 421,1195"/><TextEquiv index="1"><Unicode>encore atteſteroient ton injuſtice-</Unicode></TextEquiv></TextLine><TextLine id="r0_l003"><Coords points="239,1196 3195,1183 3196,1401 240,1414"/><TextEquiv index="1"><Unicode>Sois toujours l'ami de ton amie!</Unicode></TextEquiv></TextLine><TextLine id="r0_l004"><Coords points="19,1460 3204,1446 3205,1666 20,1680"/><TextEquiv index="1"><Unicode>que le temps &amp; l'abſence ne</Unicode></TextEquiv></TextLine><TextLine id="r0_l005"><Coords points="414,1702 3204,1690 3205,1922 415,1934"/><TextEquiv index="1"><Unicode>puiſſent détruire en toi la douce</Unicode></TextEquiv></TextLine><TextLine id="r0_l006"><Coords points="14,1962 3199,1948 3200,2168 15,2182"/><TextEquiv index="1"><Unicode>chaleur de notre ancienne ten-</Unicode></TextEquiv></TextLine><TextLine id="r0_l007"><Coords points="417,2209 3237,2197 3238,2426 418,2438"/><TextEquiv index="1"><Unicode>dreſſe! Quand les années auront</Unicode></TextEquiv></TextLine><TextLine id="r0_l008"><Coords points="410,2458 3210,2446 3211,2671 411,2683"/><TextEquiv index="1"><Unicode>rendu ces impreſſions moins vi-</Unicode></TextEquiv></TextLine><TextLine id="r0_l009"><Coords points="406,2683 3218,2671 3219,2900 407,2912"/><TextEquiv index="1"><Unicode>ves, que le ſouvenir attendriſſant</Unicode></TextEquiv></TextLine><TextLine id="r0_l010"><Coords points="421,2949 3210,2937 3211,3145 422,3157"/><TextEquiv index="1"><Unicode>de ta maîtreſſe ſe réveille quel-</Unicode></TextEquiv></TextLine><TextLine id="r0_l011"><Coords points="414,3192 3218,3180 3219,3412 415,3424"/><TextEquiv index="1"><Unicode>quefois dans ton cœur, ſans y</Unicode></TextEquiv></TextLine><TextLine id="r0_l012"><Coords points="417,3426 3218,3414 3219,3656 418,3668"/><TextEquiv index="1"><Unicode>cauſer d'amertume! Songe à ces</Unicode></TextEquiv></TextLine><TextLine id="r0_l013"><Coords points="1960,3904 1959,3902 1959,3901 1958,3901 1957,3900 1956,3900 1955,3898 1955,3888 1954,3888 754,3893 753,3892 753,3890 752,3889 743,3889 741,3887 741,3886 740,3885 637,3886 636,3885 629,3885 628,3883 628,3847 627,3847 613,3847 613,3846 612,3836 612,3836 423,3836 421,3835 421,3834 420,3832 419,3832 417,3831 417,3701 416,3700 414,3700 414,3700 414,3699 412,3698 408,3698 406,3695 406,3690 406,3690 408,3690 410,3688 410,3687 411,3686 427,3685 429,3684 429,3683 430,3681 1603,3676 1604,3676 1604,3669 1603,3668 357,3674 357,3673 357,3671 358,3670 359,3670 361,3668 361,3667 362,3666 363,3666 365,3668 1609,3662 1610,3663 1611,3663 1612,3664 1612,3668 1612,3668 2187,3666 2189,3667 2189,3668 2190,3670 2191,3670 2193,3671 2193,3689 2193,3690 3186,3685 3187,3686 3187,3687 3189,3689 3197,3689 3199,3691 3199,3692 3200,3693 3201,3693 3203,3695 3203,3817 3204,3817 3213,3817 3214,3819 3214,3820 3215,3820 3216,3821 3217,3821 3218,3823 3218,3824 3217,3825 3216,3825 3214,3827 3214,3832 3214,3832 3209,3832 3208,3834 3208,3835 3207,3835 3206,3835 3205,3836 3112,3837 3112,3837 3112,3869 3111,3870 3105,3870 3105,3870 3105,3876 3103,3878 1963,3883 1963,3883 1963,3902 1961,3904"/><TextEquiv index="1"><Unicode>beaux jours dont nous avons ſi</Unicode></TextEquiv></TextLine><TextLine id="r0_l014"><Coords points="409,3920 3217,3908 3218,4152 410,4164"/><TextEquiv index="1"><Unicode>peu joui, à cette félicité qu'on</Unicode></TextEquiv></TextLine><TextLine id="r0_l015"><Coords points="401,4164 3217,4152 3218,4402 403,4414"/><TextEquiv index="1"><Unicode>ne goûte pas deux fois dans la</Unicode></TextEquiv></TextLine><TextLine id="r0_l016"><Coords points="26,4416 3225,4402 3227,4646 27,4660"/><TextEquiv index="1"><Unicode>vie! Rappelle-toi nos jeux, nos</Unicode></TextEquiv></TextLine><TextLine id="r0_l017"><Coords points="406,4676 3218,4664 3219,4906 407,4918"/><TextEquiv index="1"><Unicode>entretiens, ce ſentiment immor-</Unicode></TextEquiv></TextLine><TextLine id="r0_l018"><Coords points="10,4928 3219,4914 3220,5132 11,5146"/><TextEquiv index="1"><Unicode>tel d'un premier amour, cette</Unicode></TextEquiv></TextLine><TextLine id="r0_l019"><Coords points="312,5182 3210,5170 3211,5392 313,5404"/><TextEquiv index="1"><Unicode>flamme victorieuſe de tous les</Unicode></TextEquiv></TextLine><TextLine id="r0_l020"><Coords points="402,5420 3218,5408 3219,5627 403,5639"/><TextEquiv index="1"><Unicode>efforts humains! Songe à cette</Unicode></TextEquiv></TextLine><TextLine id="r0_l021"><Coords points="402,5658 3595,5644 3596,5878 403,5892"/><TextEquiv index="1"><Unicode>amie qui n'a point regretté de</Unicode></TextEquiv></TextLine><TextLine id="r0_l022"><Coords points="2211,5921 2543,5920 2544,6114 2212,6115"/><TextEquiv index="1"><Unicode>G</Unicode></TextEquiv></TextLine><TextLine id="r0_l023"><Coords points="1880,7641 2311,7639 2311,7785 1880,7787"/><TextEquiv index="1"><Unicode></Unicode></TextEquiv></TextLine></TextRegion></Page></PcGts>