4266 7703
352 907 3084 1130 ſobéir, la punition la plus ſévere
29 1149 3033 1386 ſeroit le prix de ſa révolte. J'ai
345 1379 3073 1609 laiſſé paſſer ce premier feu; alors
349 1623 3083 1854 prenant la parole, j'ai commencé
348 1872 3054 2091 par lui rappeller l'engagement
349 2116 3055 2325 que j'avois contracté à votre naiſ-
341 2357 3066 2571 ſance de vous ſervir de pere, &
348 2597 3073 2812 les ſoins que lui-même m'avoit
352 2841 3069 3047 chargé de donner à votre édu-
345 3074 3334 3303 cation. Après avoir bien établi le
341 3297 3073 3535 droit que j'avois d'embraſſer votre
341 3553 3065 3764 défenſe, & de lui parler avec le
337 3792 3069 3964 tendre intérêt d'un tuteur en fa-
330 4027 3065 4247 veur de ſa pupille, je lui ai de-
337 4265 3069 4444 mandé s'il vouloit faire le bonheur
341 4505 3072 4706 de ſa fille. Qui en doute, s'eſt-il
337 4741 3065 4963 écrié? j'ai pourſuivi. D'après ces
330 4988 3064 5203 diſpoſitions, comment pouvez-
331 5225 3076 5438 vous former un mariage auſſi mal
334 5458 3079 5687 aſſorti? Il alloit m'interrompre:
2330 5711 2934 5927 5
