4266 7856
2139 651 2984 849 .
1068 907 3885 1162 j'ai levé la voix: oui, l'homme
1076 1155 3911 1413 que vous lui deſtinez eſt indigne
1080 1406 3900 1653 de ſa main: ſes mœurs.... vous
1080 1652 3888 1903 vous moquez, m'a - t - il dit; &
1087 1903 3896 2146 depuis quand les mœurs d'un
938 2145 3918 2374 homme ſont-ils un obſtacle à de
1087 2381 3918 2648 pareils arrangemens? S'il ne fal-
1087 2644 3903 2891 loit marier que des Catons, où
1098 2886 3914 3062 en ſerions-nous? Mon zele s'eſt
1096 3137 3912 3358 enflammé: quoi, Monſieur, vous
1094 3368 4247 3613 ne rougiriez pas d'abandonner vo-
1098 3587 4247 3839 tre fille au plus vil débauché!
1103 3867 4248 4087 vous ne frémiriez pas d'expoſer
1107 4121 4245 4312 ſon honneur, ſa vie, ſa deſtinée
1111 4368 3949 4592 pour ce monde & pour l'autre!
1129 4607 3923 4816 Eſt-ce là le langage d'un pere?
1088 4835 3919 5067 Je veux que la corruption du
1107 5093 4241 5299 ſiecle ait fait jetter un voile ſur
1103 5340 3923 5549 le déſordre des mœurs, & qu'un
1107 5583 4237 5814 libertin ſoit accueilli dans la ſo-
