4266 7900
1035 828 4279 1099 dans les miſeres de la vie. Mais,
1058 1092 4278 1331 Monſieur, qu'arrivera-t-il, ſi vous
942 1324 4278 1577 la forcez d'épouſer un homme
1164 1570 4278 1814 qu'elle abhorre? Avez-vous prévu
1165 1807 4277 2070 tous les dangers de cet hymen &
1152 2070 4276 2320 tous les déſordres qui vont le
1152 2309 4276 2567 ſuivre? Ne craignez-vous pas d'en
971 2562 4275 2812 être un jour reſponſable? voyez
1141 2812 4274 3056 des enfans malheureux, déteſtés
1141 3051 4274 3304 de leurs parens, vous accuſer
1137 3302 4273 3553 de tous leurs maux; voyez une
1134 3546 4273 3797 épouſe languir, ſe deſſécher dans
715 3789 4273 4058 les larmes, & finir ſa carriere
1122 4052 4272 4289 avant le terme établi par la na-
1122 4298 4269 4517 ture; ou ſi elle réſiſte à ſes dou-
1107 4514 4271 4786 leurs, voyez la diſcorde leur
1096 4786 4270 5069 ſouffler une haine immortelle,
1040 5033 4252 5271 les ſéparer avec éclat, les dé-
1099 5251 4269 5523 vouer à la honte du divorce, &
998 5520 4269 5793 les tribunaux retentir du récit
