4266 7722
1355 617 1976 804 5
321 877 3039 1085 ſcandaleux de leurs guerres in-
310 1121 3043 1330 teſtines. Je l'ai ramené ſur votre
318 1355 3068 1549 ſituation actuelle, & le trouvant
321 1607 3039 1816 inébranlable, j'ai déployé toute
325 1852 3043 2060 la force de la vérité pour lui
329 2089 3061 2298 faire ſentir qu'il ſortoit des bor-
332 2338 3054 2557 nes preſcrites à l'autorité pater-
329 2557 3460 2776 nelle; que la violence dont il
343 2816 3072 2977 uſoit envers vous étoit contraire
351 3061 3076 3218 à toutes les loix divines & hu-
340 3295 3080 3492 maines; qu'il alloit devenir le
336 3525 3080 3686 meurtrier de ſa fille dont la vie
73 3762 3083 3978 étoit dans le plus grand péril,
350 4007 3098 4237 & qu'il s'expoſoit à vous obliger
351 4237 3098 4468 de recourir à la protection des
347 4482 3102 4720 Magiſtrats, s'il continuoit de vous
351 4738 3094 4963 traiter avec une barbarie dont il
351 4963 3098 5176 n'y avoit point d'exemple: je n'ai
358 5202 3091 5418 pas craint d'ajouter que ſi vous
368 5442 3115 5654 embraſſiez ce parti, je ſerois le
