4266 7900
2211 549 3165 752 n
1092 806 4252 1085 premier à vous ſoutenir; que je
1088 1073 4251 1308 n'avois ni ſon crédit, ni ſa for-
1096 1298 3927 1540 tune; mais que j'étois prêt à
1099 1563 3931 1791 conſacrer tout mon bien pour
1088 1808 4195 2010 une ſi noble cauſe. Sa colere s'eſt
1084 2050 4253 2282 rallumée; il m'a demandé ſi j'é-
1084 2300 4253 2566 tois venu pour l'inſulter: ſans
1077 2552 3929 2785 attendre ma réponſe, il s'eſt ap-
1059 2801 3938 3031 proché d'une fenêtre, & il a juré
1077 3042 3912 3276 que ſi je ne ſortois ſur le champ,
1073 3292 4251 3559 il me feroit jetter hors de chez
1069 3546 4251 3777 lui. Il a crié d'une voix fou-
1069 3776 4252 4032 droyante, que ſa réſolution étoit
1066 4036 4251 4280 priſe, que rien ne l'en détourne-
1069 4251 4251 4513 roit; que tant qu'il lui reſteroit
1073 4512 3962 4761 du ſang dans les veines, votre
1066 4761 3901 5003 homme ſeroit l'objet de ſes pour-
1069 5021 4252 5242 ſuites; qu'une lettre de cachet
1058 5276 3964 5495 ne tarderoit pas à le venger de
1066 5471 3964 5774 l'inſolent qui avoit la témérité
