4266 7900
1311 630 1926 823 .
214 885 3038 1132 d'aſpirer à ſon alliance, & que
9 1138 3083 1377 pour vous, malgré vos protec-
202 1383 3034 1599 teurs, il vous enverroit ſi loin,
209 1641 3031 1869 qu'il n'entendroit plus parler de
203 1888 3034 2135 vos folies. A ces mots, il m'a
217 2122 3054 2366 conduit vers la porte, en me dé-
221 2371 3053 2609 clarant qu'à l'avenir elle ſeroit
214 2636 3053 2860 fermée pour moi. Je lui ai ré-
214 2869 3370 3113 pondu: Monſieur, je reviendrai
218 3128 3223 3360 toutes les fois que mon devoir me
218 3369 3376 3610 rappellera, parce que j'ai promis
221 3604 3366 3859 à votre épouſe de n'abandonner
221 3859 3136 4104 jamais ſon enfant. Vous pourrez
229 4101 3083 4367 m'outrager, me frapper, me jet-
233 4354 3095 4593 ter hors de chez vous par les
236 4605 3097 4856 fenêtres, comme vous m'en avez
233 4856 3101 5084 menacé, parce que je ſuis un
234 5101 3107 5350 Prêtre infirme, un vieillard foi-
241 5337 3109 5560 ble & ſans défenſe; mais vous
248 5600 3287 5873 ne m'empêcherez point d'être fi-
