<PcGts xmlns="http://schema.primaresearch.org/PAGE/gts/pagecontent/2017-07-15" xmlns:xsi="http://www.w3.org/2001/XMLSchema-instance" xsi:schemaLocation="http://schema.primaresearch.org/PAGE/gts/pagecontent/2017-07-15 http://schema.primaresearch.org/PAGE/gts/pagecontent/2017-07-15/pagecontent.xsd"><Metadata><Creator>User123</Creator><Created>2020-10-14T09:10:46</Created><LastChange>2020-10-14T09:10:46</LastChange></Metadata><Page imageFilename="0169.png" imageHeight="7845" imageWidth="4266"><TextRegion id="r0" type="paragraph" orientation="-0.125"><Coords points="1,1 4264,1 4264,7843 1,7843"/><TextLine id="r0_l001"><Coords points="2342,615 2907,616 2906,804 2341,803"/><TextEquiv index="1"><Unicode>i.</Unicode></TextEquiv></TextLine><TextLine id="r0_l002"><Coords points="1217,851 4279,858 4279,1118 1217,1111"/><TextEquiv index="1"><Unicode>dele à ma promeſſe pour la plus</Unicode></TextEquiv></TextLine><TextLine id="r0_l003"><Coords points="1218,1111 4279,1118 4278,1377 1217,1370"/><TextEquiv index="1"><Unicode>vertueuſe des meres &amp; la plus</Unicode></TextEquiv></TextLine><TextLine id="r0_l004"><Coords points="1210,1376 4278,1383 4278,1623 1210,1616"/><TextEquiv index="1"><Unicode>malheureuſe des filles. Au reſte,</Unicode></TextEquiv></TextLine><TextLine id="r0_l005"><Coords points="4271,1862 4270,1861 4263,1861 4263,1860 4263,1786 4262,1786 2869,1783 2869,1783 2869,1829 2868,1830 2868,1832 2867,1833 2866,1833 2865,1834 2830,1834 2829,1833 2828,1833 2827,1831 2827,1828 2826,1828 1903,1825 1902,1826 1262,1825 1262,1826 1262,1829 1260,1830 1259,1830 1258,1832 1258,1833 1257,1833 1256,1833 1255,1834 1208,1834 1207,1833 1206,1833 1206,1832 1206,1688 1206,1688 1207,1688 1208,1687 1210,1685 1210,1684 1210,1684 1238,1684 1239,1684 1239,1683 1241,1680 1443,1680 1444,1679 1902,1680 1903,1679 2165,1680 2166,1680 2166,1637 2167,1635 2168,1635 2170,1634 2170,1633 2170,1632 2179,1632 2181,1631 2181,1630 2183,1628 2383,1629 2384,1628 2386,1628 2386,1628 2386,1629 2388,1632 2396,1632 2398,1633 2398,1641 2403,1647 2404,1647 2405,1647 2405,1679 2405,1680 2676,1680 2678,1682 3674,1684 3675,1684 3675,1645 3676,1643 3677,1643 3679,1642 3679,1637 3679,1636 3680,1636 3681,1635 3689,1635 3690,1635 3690,1634 3691,1632 3757,1633 3758,1632 4262,1633 4263,1632 4263,1623 4264,1623 4277,1623 4277,1623 4277,1861 4276,1862"/><TextEquiv index="1"><Unicode>prenez garde à ce que vous allez</Unicode></TextEquiv></TextLine><TextLine id="r0_l006"><Coords points="4263,2102 4263,2101 4263,2082 4263,2082 3632,2080 3631,2080 3631,2079 3629,2076 3621,2076 3619,2075 3619,2074 3619,2073 3618,2073 3616,2072 3616,2071 3615,2069 3614,2069 3613,2069 3612,2068 3612,2067 3611,2065 3610,2065 3608,2064 3608,2059 3608,2058 3607,2058 3604,2056 3604,2030 3604,2029 1857,2025 1856,2026 1856,2027 1855,2028 1266,2027 1265,2028 1253,2028 1250,2026 1250,2014 1250,2013 1208,2013 1206,2011 1206,2010 1205,2009 1204,2009 1202,2007 1202,1999 1204,1998 1206,1998 1206,1997 1206,1935 1208,1934 1209,1934 1209,1933 1209,1932 1211,1931 1212,1931 1213,1929 1213,1928 1215,1927 1220,1927 1220,1927 1220,1926 1221,1925 1223,1923 1224,1923 1224,1923 1224,1907 1227,1904 1228,1904 1228,1904 1228,1899 1230,1897 1231,1897 1232,1896 1232,1891 1233,1890 1234,1890 1236,1888 1236,1887 1237,1886 1238,1886 1240,1884 1240,1883 1241,1882 1242,1882 1243,1881 1243,1880 1244,1879 1245,1879 1247,1877 1247,1876 1248,1875 1249,1875 1250,1874 1254,1874 1254,1874 1254,1873 1256,1871 1295,1871 1295,1872 1295,1873 1297,1874 4263,1881 4263,1880 4263,1865 4262,1864 4263,1861 4263,1861 4270,1861 4271,1862 4276,1862 4276,1862 4276,2100 4275,2101 4274,2101 4273,2102"/><TextEquiv index="1"><Unicode>faire: nous vivons ſous un gou-</Unicode></TextEquiv></TextLine><TextLine id="r0_l007"><Coords points="4264,2346 4263,2345 4263,2329 4263,2329 3577,2327 3574,2325 3574,2323 3573,2322 3573,2320 3573,2319 3567,2319 3567,2319 3567,2317 3566,2316 3565,2316 3564,2315 3563,2315 3563,2315 3563,2280 3562,2279 1830,2275 1830,2276 1830,2277 1828,2278 1823,2278 1822,2277 1822,2269 1821,2268 1237,2267 1236,2266 1236,2258 1234,2256 1233,2256 1232,2255 1232,2239 1230,2237 1229,2237 1228,2236 1228,2231 1227,2230 1226,2230 1224,2228 1224,2220 1222,2218 1221,2218 1221,2218 1221,2206 1217,2201 1217,2193 1215,2192 1207,2192 1198,2182 1198,2171 1199,2170 1320,2170 1321,2170 1321,2146 1323,2143 2187,2145 2188,2145 2188,2127 2189,2125 2197,2125 2200,2123 2200,2122 2200,2121 3443,2124 3444,2123 3444,2122 3445,2121 4262,2123 4263,2122 4263,2102 4263,2102 4273,2102 4274,2101 4275,2101 4276,2101 4275,2345 4275,2346"/><TextEquiv index="1"><Unicode>vernement doux &amp; bienfaiſant où</Unicode></TextEquiv></TextLine><TextLine id="r0_l008"><Coords points="4273,2606 4272,2606 4271,2605 4269,2605 4268,2604 4266,2604 4265,2603 4263,2603 4263,2602 4263,2525 4263,2525 2391,2521 2390,2521 2390,2523 2389,2525 1263,2522 1262,2523 1262,2528 1262,2528 1261,2528 1260,2529 1257,2529 1254,2527 1254,2507 1254,2506 1200,2506 1198,2504 1198,2492 1200,2491 1202,2491 1202,2490 1202,2365 1204,2364 1212,2364 1214,2361 1214,2360 1215,2360 1242,2360 1243,2362 1243,2366 1244,2366 4263,2373 4263,2372 4263,2346 4264,2346 4275,2346 4275,2346 4275,2606 4274,2607"/><TextEquiv index="1"><Unicode>le Souverain lui-même ſe ſoumet</Unicode></TextEquiv></TextLine><TextLine id="r0_l009"><Coords points="4264,2833 4263,2832 4263,2828 4263,2828 2718,2824 2711,2818 2711,2814 2711,2813 2059,2812 2058,2811 2058,2810 2057,2809 2058,2760 2057,2760 2055,2760 2054,2758 2054,2757 2053,2757 1681,2756 1679,2754 1260,2753 1256,2749 1214,2749 1214,2748 1214,2747 1211,2745 1203,2745 1202,2743 1202,2742 1200,2741 1199,2741 1198,2739 1198,2738 1197,2738 1196,2738 1195,2736 1195,2735 1194,2734 1194,2676 1196,2674 1197,2674 1198,2673 1198,2668 1199,2667 1203,2667 1211,2659 1586,2660 1587,2659 1587,2611 1587,2611 1588,2611 1589,2610 1600,2610 1602,2608 1602,2607 1602,2607 1615,2607 1617,2609 2234,2610 2235,2611 2236,2611 2237,2612 2237,2615 2237,2615 4262,2620 4263,2619 4263,2603 4263,2603 4265,2603 4266,2604 4268,2604 4269,2605 4271,2605 4272,2606 4273,2606 4275,2607 4274,2829 4274,2830 4273,2830 4272,2831 4270,2831 4269,2832 4267,2832 4266,2833"/><TextEquiv index="1"><Unicode>aux loix qu'il impoſe. Songez-</Unicode></TextEquiv></TextLine><TextLine id="r0_l010"><Coords points="4263,3083 4263,3082 4263,3011 4262,3011 2318,3006 2317,3007 2203,3007 2203,3008 2203,3062 2201,3063 2164,3063 2163,3062 2162,3062 2162,3062 2162,3057 2161,3056 1688,3055 1688,3055 1688,3054 1685,3051 1681,3051 1680,3050 1680,3027 1679,3026 1434,3025 1434,3025 1434,3004 1434,3003 1204,3003 1202,3001 1202,3000 1201,2999 1200,2999 1198,2997 1198,2865 1198,2865 1197,2865 1195,2863 1195,2862 1194,2861 1194,2856 1195,2855 1195,2854 1197,2853 1198,2853 1198,2852 1198,2851 1200,2850 1231,2850 1233,2852 1858,2853 1860,2856 1860,2857 1861,2857 3667,2861 3668,2860 3668,2859 3670,2857 3818,2858 3819,2857 4263,2858 4263,2857 4263,2833 4264,2833 4266,2833 4267,2832 4269,2832 4270,2831 4272,2831 4273,2830 4274,2830 4274,2830 4274,3082 4273,3083"/><TextEquiv index="1"><Unicode>bien qu'un pere n'eſt le chef de</Unicode></TextEquiv></TextLine><TextLine id="r0_l011"><Coords points="1183,3076 4274,3083 4274,3331 1183,3324"/><TextEquiv index="1"><Unicode>ſa famille que pour la protéger</Unicode></TextEquiv></TextLine><TextLine id="r0_l012"><Coords points="1184,3324 4274,3331 4273,3573 1183,3566"/><TextEquiv index="1"><Unicode>&amp; non pour l'opprimer; que la</Unicode></TextEquiv></TextLine><TextLine id="r0_l013"><Coords points="1746,3795 1744,3794 1744,3782 1744,3781 1189,3780 1187,3778 1187,3777 1186,3776 1186,3776 1185,3776 1183,3774 1184,3667 1183,3666 1183,3665 1181,3664 1180,3664 1180,3663 1180,3653 1180,3653 1181,3653 1185,3649 1190,3649 1191,3648 1191,3582 1191,3582 1192,3582 1196,3578 1211,3578 1213,3580 1974,3582 1975,3582 1975,3583 1976,3585 2740,3586 2741,3587 2741,3588 2741,3588 4262,3592 4263,3591 4263,3573 4263,3573 4272,3573 4273,3573 4272,3793 4272,3794 4264,3794 4263,3793 4263,3745 4263,3745 2268,3740 2267,3741 2267,3783 2266,3784 2265,3784 2263,3786 2263,3787 2263,3787 2262,3787 2261,3788 1786,3787 1785,3788 1785,3791 1785,3791 1761,3791 1759,3793 1759,3794 1758,3795"/><TextEquiv index="1"><Unicode>juſtice publique a l'œil ouvert ſur</Unicode></TextEquiv></TextLine><TextLine id="r0_l014"><Coords points="4270,4081 4269,4080 4267,4080 4266,4079 4265,4079 4264,4078 4263,4078 4263,4077 4263,4004 4262,4004 4240,4004 4239,4002 4239,3998 4240,3997 4262,3997 4263,3996 4263,3992 4262,3992 2506,3988 2506,3988 2506,3991 2504,3993 2503,3993 2502,3994 2502,3999 2501,4000 2500,4000 2498,4002 2498,4003 2497,4004 2496,4004 2495,4005 2495,4006 2493,4008 2492,4008 2491,4009 2491,4010 2490,4011 2489,4011 2487,4013 2487,4014 2486,4015 2485,4015 2483,4017 2483,4018 2482,4019 2477,4019 2476,4020 2476,4021 2474,4023 2473,4023 2472,4024 2472,4025 2470,4027 2463,4027 2462,4026 2461,4026 2461,4025 2461,3991 2460,3991 1815,3989 1815,3989 1815,3988 1814,3987 1286,3986 1284,3984 1284,3983 1283,3982 1173,3982 1172,3980 1172,3971 1172,3971 1173,3971 1174,3970 1175,3970 1176,3969 1176,3889 1178,3888 1183,3888 1183,3887 1183,3886 1185,3885 1189,3885 1190,3884 1191,3884 1191,3883 1191,3874 1193,3873 1194,3873 1195,3871 1195,3870 1196,3870 1197,3870 1198,3868 1198,3864 1199,3863 1199,3862 1200,3862 1201,3862 1202,3860 1202,3859 1203,3859 1204,3859 1206,3856 1206,3852 1212,3847 1213,3847 1213,3846 1213,3845 1216,3843 1220,3843 1221,3842 1221,3841 1222,3840 1238,3840 1240,3838 1240,3837 1241,3836 1562,3837 1563,3836 1567,3836 1568,3834 1568,3833 1570,3832 1582,3832 1584,3834 2877,3837 2878,3836 2886,3836 2887,3834 2887,3833 2889,3832 2904,3832 2907,3835 4263,3838 4263,3837 4263,3794 4264,3794 4272,3794 4272,3794 4272,4080 4271,4081"/><TextEquiv index="1"><Unicode>ſes démarches, &amp; le bras levé</Unicode></TextEquiv></TextLine><TextLine id="r0_l015"><Coords points="4264,4303 4263,4302 4263,4239 4263,4239 2384,4235 2383,4235 2383,4237 2381,4240 2380,4240 2379,4240 2379,4245 2378,4247 2377,4247 2376,4247 2375,4248 2375,4249 2374,4251 2373,4251 2371,4252 2371,4253 2371,4254 2370,4254 2368,4255 2368,4256 2367,4258 2366,4258 2364,4259 2364,4260 2363,4262 2358,4261 2357,4262 2357,4263 2355,4265 2355,4266 2355,4266 2354,4266 2353,4267 2353,4268 2352,4269 2352,4269 2351,4269 2350,4270 1222,4268 1221,4269 1221,4283 1219,4285 1215,4285 1213,4286 1213,4287 1213,4288 1174,4288 1172,4286 1172,4285 1171,4284 1170,4284 1168,4282 1168,4275 1169,4274 1169,4273 1170,4273 1171,4273 1171,4272 1172,4143 1172,4143 1173,4143 1174,4142 1189,4142 1191,4140 1191,4139 1191,4139 1200,4139 1202,4137 1202,4136 1203,4135 1323,4135 1326,4133 1326,4132 1326,4131 1508,4132 1509,4131 1649,4131 1650,4130 1650,4084 1651,4083 1659,4083 1662,4080 1662,4079 1662,4079 1712,4079 1714,4078 1714,4077 1715,4075 2569,4077 2570,4076 2570,4075 2570,4075 2853,4076 2854,4075 4264,4078 4265,4079 4266,4079 4267,4080 4269,4080 4270,4081 4271,4081 4272,4081 4271,4299 4270,4301 4269,4301 4268,4302 4266,4302 4265,4303"/><TextEquiv index="1"><Unicode>pour l'arrêter, s'il ſort des limi-</Unicode></TextEquiv></TextLine><TextLine id="r0_l016"><Coords points="4269,4576 4268,4575 4267,4575 4266,4574 4265,4574 4264,4573 4263,4573 4263,4572 4263,4540 4262,4540 2130,4535 2129,4533 2129,4481 2128,4481 1244,4479 1243,4478 1243,4477 1241,4475 1203,4475 1202,4473 1202,4472 1200,4471 1199,4471 1198,4469 1198,4468 1196,4467 1195,4467 1195,4466 1195,4465 1193,4464 1192,4464 1191,4462 1191,4408 1190,4408 1182,4408 1182,4408 1182,4553 1181,4554 1170,4554 1168,4551 1168,4389 1167,4389 1165,4389 1165,4388 1165,4385 1165,4385 1197,4385 1198,4384 1198,4383 1200,4381 1204,4381 1206,4379 1206,4378 1207,4378 1208,4378 1213,4372 1213,4371 1215,4370 1508,4371 1508,4370 1508,4330 1510,4329 1515,4329 1516,4327 1516,4326 1517,4326 1518,4326 1519,4325 1540,4325 1541,4326 1542,4326 1542,4326 1542,4327 1544,4329 4263,4335 4263,4334 4263,4303 4264,4303 4265,4303 4266,4302 4268,4302 4269,4301 4270,4301 4271,4300 4271,4300 4271,4575 4270,4576"/><TextEquiv index="1"><Unicode>tes de ſon pouvoir; ne croyez</Unicode></TextEquiv></TextLine><TextLine id="r0_l017"><Coords points="1626,4785 1624,4783 1624,4782 1624,4782 1159,4781 1157,4779 1157,4775 1159,4774 1160,4774 1161,4772 1161,4730 1161,4730 756,4729 755,4728 755,4721 756,4721 761,4721 761,4721 761,4720 763,4718 779,4718 780,4717 780,4716 782,4714 1161,4715 1161,4714 1161,4640 1163,4639 1168,4639 1168,4638 1168,4637 1170,4636 1171,4636 1171,4635 1172,4554 1172,4554 1182,4554 1184,4555 1184,4556 1184,4557 1193,4557 1195,4558 1195,4565 1195,4566 2815,4569 2817,4567 2833,4568 2835,4566 2835,4565 2835,4565 2837,4565 2839,4567 3684,4568 3687,4571 4264,4573 4265,4574 4266,4574 4267,4575 4268,4575 4269,4576 4270,4576 4271,4576 4270,4778 4270,4779 4269,4779 4268,4780 4267,4780 4266,4781 4265,4781 4264,4782 3687,4780 3686,4781 3684,4781 3683,4781 3683,4780 3682,4778 3678,4778 3675,4776 3675,4766 3675,4765 1629,4761 1628,4761 1628,4783 1627,4785"/><TextEquiv index="1"><Unicode>pas avoir le droit de faire diſpa-</Unicode></TextEquiv></TextLine><TextLine id="r0_l018"><Coords points="4263,5050 4263,5049 4263,4981 4262,4981 3238,4978 3238,4979 3238,5016 3236,5017 3228,5017 3225,5020 2543,5019 2542,5020 2499,5020 2498,5018 2498,5017 2497,5017 2492,5017 2491,5015 2491,5014 2490,5014 2489,5013 2488,5013 2487,5011 2487,5010 2485,5009 2484,5009 2484,5008 2484,5007 2481,5005 2480,5005 2480,5005 2480,5030 2479,5031 2478,5031 2477,5032 2476,5030 2476,4989 2475,4989 1674,4987 1673,4986 1673,4985 1671,4983 1669,4983 1669,4982 1669,4980 1670,4979 2038,4980 2039,4979 2039,4978 2038,4978 1402,4976 1401,4975 1400,4975 1400,4975 1400,4969 1399,4968 1158,4968 1157,4966 1157,4962 1159,4960 1160,4960 1161,4959 1161,4883 1162,4882 1178,4882 1180,4880 1180,4879 1180,4879 1181,4878 1182,4878 1183,4877 1183,4876 1184,4875 1278,4875 1281,4873 1281,4872 1281,4871 1347,4871 1348,4871 1348,4843 1349,4841 1350,4841 1351,4841 1351,4840 1354,4837 1355,4837 1355,4837 1355,4832 1357,4830 1358,4830 1359,4829 1359,4820 1360,4819 1361,4819 1363,4817 1363,4816 1364,4815 1737,4816 1738,4815 2730,4817 2732,4815 3444,4817 3450,4811 4263,4813 4263,4812 4263,4782 4265,4781 4266,4781 4267,4780 4268,4780 4269,4779 4270,4779 4270,4779 4270,5049 4269,5050"/><TextEquiv index="1"><Unicode>roître à votre gré ce précieux</Unicode></TextEquiv></TextLine><TextLine id="r0_l019"><Coords points="1369,5271 1365,5267 1364,5267 1363,5267 1363,5216 1363,5215 1204,5215 1202,5213 1202,5212 1201,5211 1193,5211 1191,5209 1191,5208 1190,5207 1178,5207 1176,5205 1176,5204 1176,5204 1175,5204 1174,5203 1170,5203 1168,5201 1168,5196 1168,5196 1167,5196 1165,5194 1165,5190 1163,5188 1162,5188 1161,5187 1161,5151 1161,5148 1162,5148 1163,5148 1165,5145 1165,5144 1166,5144 1167,5144 1168,5142 1168,5123 1171,5121 1206,5121 1206,5120 1206,5070 1210,5066 1211,5065 1211,5065 1507,5066 1508,5065 1508,5063 1510,5061 1517,5061 1520,5063 1520,5064 1520,5065 1521,5065 1523,5067 3208,5070 3209,5069 3221,5069 3224,5067 3224,5066 3224,5065 3343,5066 3344,5065 3345,5065 3347,5063 3347,5062 3348,5061 3796,5062 3797,5061 4262,5062 4263,5061 4263,5050 4263,5050 4269,5050 4270,5050 4269,5254 4269,5255 3512,5253 3511,5254 3511,5266 3510,5267 3490,5267 3489,5267 3489,5268 3487,5271 3480,5271 3477,5268 3477,5267 3477,5267 3468,5267 3466,5265 3466,5264 3467,5264 3468,5263 3469,5263 3470,5261 3470,5218 3470,5218 1838,5214 1837,5215 1837,5263 1837,5263 1817,5263 1815,5265 1815,5266 1814,5267 1404,5266 1403,5267 1398,5267 1396,5269 1396,5270 1395,5271"/><TextEquiv index="1"><Unicode>dépôt qui vous eſt confié par la</Unicode></TextEquiv></TextLine><TextLine id="r0_l020"><Coords points="4264,5539 4263,5538 4263,5532 4262,5531 4263,5453 4262,5453 2793,5449 2792,5450 2578,5450 2577,5451 2577,5452 2575,5454 2340,5453 2339,5454 2188,5454 2188,5455 2188,5498 2186,5499 2185,5499 2185,5500 2185,5501 2183,5502 2160,5502 2158,5505 2158,5506 2157,5506 2144,5506 2144,5506 2144,5505 2141,5502 2133,5502 2132,5501 2132,5493 2131,5492 1718,5491 1718,5491 1718,5490 1715,5487 1714,5487 1713,5486 818,5484 817,5483 817,5478 818,5476 1713,5478 1714,5478 1714,5474 1713,5473 1563,5473 1562,5472 1561,5472 1561,5471 1561,5469 1560,5468 1560,5455 1559,5455 1151,5454 1150,5452 1150,5402 1149,5402 1137,5402 1136,5401 1135,5401 1135,5400 1135,5372 1134,5372 1133,5372 1132,5371 1131,5371 1131,5370 1131,5365 1132,5364 1137,5364 1138,5363 1138,5362 1140,5360 1290,5360 1292,5359 1292,5358 1292,5357 1293,5357 1296,5355 1296,5354 1296,5353 1372,5353 1374,5352 1374,5351 1375,5349 1878,5350 1879,5349 1880,5349 1882,5348 1882,5340 1883,5338 1884,5338 1886,5337 1886,5332 1886,5331 1887,5331 1890,5329 1890,5328 1890,5327 1891,5327 1893,5326 1893,5325 1895,5322 1899,5322 1901,5321 1901,5320 1902,5319 2460,5320 2461,5319 2461,5309 2462,5308 2463,5308 2465,5306 2465,5305 2466,5304 2475,5304 2476,5303 2476,5302 2478,5300 2789,5300 2790,5300 2790,5299 2791,5297 3529,5299 3530,5299 3530,5298 3531,5297 3536,5297 3537,5296 3537,5295 3539,5293 4263,5295 4263,5294 4263,5255 4264,5255 4269,5255 4269,5255 4268,5538 4268,5539"/><TextEquiv index="1"><Unicode>nature, &amp; que les loix ont laiſſé</Unicode></TextEquiv></TextLine><TextLine id="r0_l021"><Coords points="1136,5537 4269,5544 4268,5803 1135,5796"/><TextEquiv index="1"><Unicode>pour un temps ſous votre garde;</Unicode></TextEquiv></TextLine></TextRegion></Page></PcGts>