4266 7845
1180 744 1737 938 io
123 1020 2907 1233 par les eſprits vulgaires; mais en
123 1266 2899 1480 m'efforçant de prévenir ou de re-
120 1509 2907 1730 pouſſer votre infortune, je ne
123 1756 2911 1973 puis perdre l'eſtime de moi-
119 2002 2910 2201 même, & cela me ſuffit. Si vous
119 2249 2914 2466 préférez une habitation ſur les
119 2481 2914 2686 terres de M. de Thémine, je ſuis
131 2731 2918 2948 chargé de ſa part de vous l'offrir:
26 2974 2926 3187 il eſt indigné, comme moi, de
119 3224 2925 3430 tout ce qu'on vous fait ſouffrir,
127 3456 2933 3680 & ſi je ne l'avois retenu, il vou-
120 3703 2925 3867 loit aller lui-même vous arracher
123 3949 2929 4158 à vos tyrans. M. de Thémine,
134 4196 2933 4409 en qualité de parent de votre
120 4442 2937 4640 mere, a le droit ſans doute de
127 4685 2940 4906 vous prêter ſon appui, & c'eſt
127 4939 2933 5149 un défenſeur ardent ſur lequel
127 5186 3023 5395 vous pouvez compter. Voici le
131 5417 2940 5645 plan qu'il vous trace: dans l'al-
134 5671 2933 5896 ternative d'épouſer le plus vil des
