<PcGts xmlns="http://schema.primaresearch.org/PAGE/gts/pagecontent/2017-07-15" xmlns:xsi="http://www.w3.org/2001/XMLSchema-instance" xsi:schemaLocation="http://schema.primaresearch.org/PAGE/gts/pagecontent/2017-07-15 http://schema.primaresearch.org/PAGE/gts/pagecontent/2017-07-15/pagecontent.xsd"><Metadata><Creator>User123</Creator><Created>2020-10-14T09:11:02</Created><LastChange>2020-10-14T09:11:02</LastChange></Metadata><Page imageFilename="0173.png" imageHeight="7900" imageWidth="4266"><TextRegion id="r0" type="paragraph" orientation="0.25"><Coords points="1,1 4264,1 4264,7898 1,7898"/><TextLine id="r0_l001"><Coords points="2390,760 3038,758 3039,991 2391,993"/><TextEquiv index="1"><Unicode></Unicode></TextEquiv></TextLine><TextLine id="r0_l002"><Coords points="1308,998 4252,985 4253,1254 1309,1267"/><TextEquiv index="1"><Unicode>hommes, ou de ſubir la ven-</Unicode></TextEquiv></TextLine><TextLine id="r0_l003"><Coords points="1322,1267 4123,1255 4124,1488 1323,1500"/><TextEquiv index="1"><Unicode>geance du plus féroce des peres,</Unicode></TextEquiv></TextLine><TextLine id="r0_l004"><Coords points="1322,1527 4214,1514 4215,1730 1323,1743"/><TextEquiv index="1"><Unicode>vous pouvez vous réfugier dans</Unicode></TextEquiv></TextLine><TextLine id="r0_l005"><Coords points="1322,1773 4130,1761 4131,1975 1323,1987"/><TextEquiv index="1"><Unicode>un cloître &amp; réclamer le ſecours</Unicode></TextEquiv></TextLine><TextLine id="r0_l006"><Coords points="1326,2019 4130,2007 4131,2196 1327,2208"/><TextEquiv index="1"><Unicode>des loix; elles ſont les tutrices</Unicode></TextEquiv></TextLine><TextLine id="r0_l007"><Coords points="1326,2272 4251,2259 4252,2484 1327,2497"/><TextEquiv index="1"><Unicode>de l'orphelin à qui la nature ou</Unicode></TextEquiv></TextLine><TextLine id="r0_l008"><Coords points="1318,2523 4130,2511 4131,2726 1319,2738"/><TextEquiv index="1"><Unicode>les paſſions ont ravi ſon pere;</Unicode></TextEquiv></TextLine><TextLine id="r0_l009"><Coords points="1326,2760 4213,2747 4214,2963 1327,2976"/><TextEquiv index="1"><Unicode>elles ſauront qu'une digne mere</Unicode></TextEquiv></TextLine><TextLine id="r0_l010"><Coords points="1322,3006 4137,2994 4138,3214 1323,3226"/><TextEquiv index="1"><Unicode>vous avoit deſtiné pour époux</Unicode></TextEquiv></TextLine><TextLine id="r0_l011"><Coords points="1313,3248 4130,3236 4131,3436 1314,3448"/><TextEquiv index="1"><Unicode>l'homme vertueux qu'on vous re-</Unicode></TextEquiv></TextLine><TextLine id="r0_l012"><Coords points="1258,3489 4130,3477 4131,3698 1259,3710"/><TextEquiv index="1"><Unicode>fuſe, elles apprendront quel eſt</Unicode></TextEquiv></TextLine><TextLine id="r0_l013"><Coords points="1299,3735 4126,3723 4126,3933 1299,3945"/><TextEquiv index="1"><Unicode>le miſérable auquel on menace</Unicode></TextEquiv></TextLine><TextLine id="r0_l014"><Coords points="1326,3982 4252,3969 4253,4184 1327,4197"/><TextEquiv index="1"><Unicode>de vous vendre: leur ſage équité</Unicode></TextEquiv></TextLine><TextLine id="r0_l015"><Coords points="1318,4233 4126,4221 4127,4449 1319,4461"/><TextEquiv index="1"><Unicode>fixera votre ſort, &amp; vous ſerez</Unicode></TextEquiv></TextLine><TextLine id="r0_l016"><Coords points="1107,4479 4123,4466 4123,4630 1108,4643"/><TextEquiv index="1"><Unicode>libre alors de choiſir une retraite</Unicode></TextEquiv></TextLine><TextLine id="r0_l017"><Coords points="1322,4721 4126,4709 4127,4876 1323,4888"/><TextEquiv index="1"><Unicode>chez l'un ou l'autre de vos amis.</Unicode></TextEquiv></TextLine><TextLine id="r0_l018"><Coords points="1386,5214 4122,5202 4123,5428 1387,5440"/><TextEquiv index="1"><Unicode>C'eſt à vous, ma chere fille,</Unicode></TextEquiv></TextLine><TextLine id="r0_l019"><Coords points="1318,5454 4130,5442 4131,5646 1319,5658"/><TextEquiv index="1"><Unicode>à vous déterminer; je ne vous</Unicode></TextEquiv></TextLine><TextLine id="r0_l020"><Coords points="1318,5706 4251,5693 4252,5919 1319,5932"/><TextEquiv index="1"><Unicode>donnerai point de conſeil; mais</Unicode></TextEquiv></TextLine></TextRegion></Page></PcGts>