4266 7806
2455 715 3004 898 i66
1387 1222 3813 1428 LETTRE LVIII.
1683 1688 3709 1837 Thérese au Curé.
1327 2116 4214 2374 Ah! Monſieur! quelles idées
1183 2393 4219 2640 vous réveillez en moi! Douce &
1260 2634 4218 2868 chere eſpérance! Seroit-il vrai
1327 2885 4078 3115 que je ne t'aurois point perdue?
1324 3139 4077 3369 cette union ſi déſirée pourroit ſe
1249 3353 4077 3572 faire! mes jours s'écouleroient
1320 3620 4229 3840 enfin dans le repos! j'aurois autour
1320 3839 4233 4099 de moi les objets de ma tendreſſe!
1317 4103 4234 4320 je ſerois libre & contente! je ne
1324 4358 4062 4584 verſerois plus de larmes! Oh!
1328 4599 4066 4820 non je n'y dois pas ſonger. Il
1331 4834 4240 5062 faudroit quitter la maiſon pater-
1320 5089 4241 5309 nelle, & le repentir ſuivroit une
1182 5333 4245 5564 pauvre fugitive errante, & livrée
1312 5575 4245 5804 à la pitié d'autrui. Je ſuis péné-
