4266 7845
1232 990 4279 1245 tieuſe & me plaindre de ce qu'on
1236 1245 4278 1510 me refuſe mon amant! Juſte ciel!
1243 1498 4277 1763 que la terre s'ouvre plutôt pour
1244 1757 4277 2001 cacher ma honte! Je veux que la
1232 1995 4277 2251 patrie écoute un enfant qui peut
1225 2245 4276 2499 avoir quelques droits de ſe plain-
1228 2493 4276 2746 dre; je veux que les rigueurs em-
1224 2746 4275 2991 ployées contre moi paſſent la
1224 2990 4274 3233 meſure de l'équité; je veux enfin
1236 3233 4274 3481 qu'on m'accorde la liberté de
1228 3480 4273 3737 diſpoſer de mon ſort: mais où
1232 3731 4272 3979 fuirois-je, ſi devant mes juges,
-8 3921 175 4104 L.
1232 3978 4272 4212 & dans l'inſtant de ce vain triom-
1232 4206 4272 4454 phe, je rencontrois les regards
1239 4448 4271 4714 de mon pere? O grand dieu! ſes
1239 4718 4271 4957 regards! les connoiſſez - vous,
1239 4957 4270 5174 Monſieur? Vous les peignez-vous
1176 5174 4269 5418 comme moi? Ils m'anéantiroient!
1236 5416 4269 5681 ils me feroient rentrer dans la
1236 5681 4268 5932 poudre! je ne verrois plus dans
3829 5918 4268 6182 ce
