4266 7900
1427 821 1971 1007 o)
-2 1066 3083 1334 ce moment que ma révolte: il
-2 1327 3125 1591 me faudroit courir juſqu'au bout
-3 1584 3083 1808 de la terre, & cette image ef-
-4 1800 3112 2070 frayante m'y ſuivroit encore. O
-4 2070 3120 2315 mon bienfaiteur! pardonnez ſi
-4 2316 3091 2560 votre fille oſe ſe permettre avec
-5 2553 3083 2807 vous des réflexions que vous n'a-
-6 2800 3113 3056 vez pu manquer de faire. Je ſais
-6 3049 3082 3309 combien de juſtes raiſons viennent
-7 3302 3076 3554 à l'appui de votre lettre, & je
-7 3547 3079 3794 n'ai que trop de pente à les croire;
-8 3787 3128 4011 mais en vérité, je ne ſerois jamais
-8 4004 3113 4283 heureuſe: j'aime mieux ſouffrir
-9 4276 3117 4527 ce qu'on me réſerve. Que peu-
-9 4520 3114 4771 vent-ils me faire de plus, que de
-10 4764 3113 5019 m'ôter la vie? S'ils me tuent, ils
-10 5012 3106 5268 abrégeront la durée de mes pei-
-11 5261 3098 5519 nes, & je les bénirai de ne m'a-
-12 5511 3045 5770 voir point fait languir. Je prévois
-13 5752 3071 6042 juſqu'où peut aller la vengeance
486 6026 1259 6208 Tome Il.
2348 6052 2526 6223 H
