4266 7816
-14 1039 3122 1338 ſez - vous que mon foible cœur
-14 1328 3126 1580 ne me retrace pas à tous les mo-
-13 1579 3122 1829 mens la peinture enchantereſſe
-12 1822 3126 2069 d'une félicité que je pourrois con-
-12 2064 3111 2297 noître? Cet infortuné que je com-
-12 2296 3118 2532 blerois de joie, n'eſt-il pas là? ne
-11 2531 3118 2797 l'entends-je pas, qui me prie, qui
-10 2797 3103 3029 me conjure de fuir auprès de vous?
-10 3017 3100 3281 Non, non, Faldoni! non, vous
-9 3279 3107 3539 avez beau me preſſer; rien ne
-9 3534 3389 3767 me fera changer de réſolution!
-8 3740 3107 4020 laiſſez-moi mourir; je vous le
-8 4017 3115 4268 dis dans la vérité de mon cœur.
-7 4269 3100 4479 Je veux que vous viviez; je vous
-7 4479 3066 4722 le demande: mais ma courſe eſt
-6 4722 3051 4990 faite, & vous n'entendrez plus
-6 4986 3037 5254 parler de moi. O mon noble ami!
-5 5246 3100 5469 vous le voyez; ma pauvre tête
-5 5464 3085 5714 eſt bouleverſée; je ne ſais plus
-4 5684 3063 5975 lier deux penſées; je voulois vous
2305 5995 2625 6175 Ha
