4266 7803
2233 781 2789 996 u
1144 1044 4252 1252 remercier de vos bontés, & je
1130 1293 3882 1500 m'égare dans un abîme de ré-
1126 1537 3885 1752 flexions qui ne finiſſent plus. Où
1126 1767 3893 1978 en étois-je? que vous ai-je dit?
967 2011 4245 2230 Que je ne pouvois accepter vos
1107 2263 4238 2422 ſecours? Je le voudrois bien!
1104 2515 4237 2735 mais croyez-vous que mon pere
1104 2735 3863 2959 n'iroit pas me pourſuivre dans la
1096 2981 3874 3178 retraite où je me ſerois cachée?
1092 3222 3871 3448 Si je le voyois paroître, ſi j'en-
1085 3474 4226 3689 tendois ſa voix, ſi j'appercevois
1085 3726 4226 3926 ſon ombre .... je mourrois de
1085 3974 3859 4178 frayeur! Dites - moi donc ſi ſa
1085 4211 4219 4426 malédiction ne perceroit pas le
1081 4459 3859 4671 ſecret de mon aſyle? O mon
1096 4692 3859 4859 dieu! m'avoir maudite! m'avoir
1089 4933 3852 5141 rejettée loin de lui, comme un
1004 5178 3845 5378 vil objet de rebut! Mon dieu!
1092 5418 3841 5646 vous l'avez entendu, & vous ſa-
1095 5640 4207 5903 vez ſi je méritois cet horrible
