4266 7900
994 817 4251 1070 en vain l'image d'un bonheur qui
1118 1041 4251 1300 n'eſt plus fait pour moi! Il eſt
1111 1325 4244 1560 trop vrai que la mort ſeule peut
948 1574 3916 1825 m'ôter le ſouvenir des beaux
722 1812 3924 2062 jours qui me ſont ravis; mais ſi
805 2047 4236 2305 je me les rappelle, hélas! ce
1062 2304 4247 2547 n'eſt que pour en pleurer la perte.
715 2554 3920 2808 Si vous voyez votre ami, ſup-
1043 2808 3919 3081 pliez-le de travailler à ſe guérir
1062 3063 3900 3290 d'une paſſion malheureuſe. Ah!
983 3306 3913 3529 Monſieur, quelle conſolation ce
1096 3543 3906 3779 ſeroit pour moi, ſi j'apprenois
1096 3798 4252 4028 qu'il ne ſe laiſſe point dompter
1099 4039 4252 4274 par la douleur! ranimez ſon cou-
1062 4292 3911 4527 rage! voici le moment de l'exer-
1073 4511 3900 4767 cer. Il eſt homme; il a des reſ-
1073 4772 3912 5012 ſources: mais qui ſuis-je pour
1091 5029 3474 5242 lutter contre ma deſtinée?
