4266 7816
1399 656 2058 880 I
756 1183 3070 1343 LE LI.
623 1646 2879 1801 Le Curé à Faldoni.
-36 2127 3141 2391 J'appreds que vous cédez au
-17 2375 3144 2590 découragement; le chagrin vous
-26 2598 3145 2843 accable; vous fuyez le monde;
-12 2846 3153 3077 vous négligez juſqu'à l'amitié;
-26 3090 3145 3326 ce ſentiment qui fait le charme
-25 3344 3155 3563 du malheureux, vous éprouve in-
-27 3563 3156 3818 ſenſible: & moi qui croyois avoir
-25 3809 3160 4055 des droits ſur votre cœur, vous
-24 4061 3549 4281 m'oubliez! je ne vous vois plus!
-23 4277 3163 4518 Homme infortuné! viens dans les
-21 4516 3167 4787 bras de ton ami verſer les larmes
-19 4784 3156 5022 du déſeſpoir! viens! je les rece-
-2 5017 3164 5257 vrai; je te conſolerai; je te dirai
-10 5283 3167 5499 comment l'ame du ſage peut s'é-
-15 5464 3155 5748 lever au-deſſus de ſes maux. Tant
2498 5771 2848 5970 H
