4266 7845
-15 858 3037 1115 J'ai vu Mademoiſelle de Saint-
-14 1112 3048 1344 Cyran: ſon déſeſpoir, ſes cris,
-14 1339 3052 1594 ſes larmes, ſes ſanglots me bri-
-13 1594 3048 1863 ſoient le cœur. Je ne crois pas
-12 1860 3059 2101 qu'elle puiſſe long-temps ſoute-
-12 2100 3059 2348 nir un état ſi violent. J'ai vaine-
-11 2347 3339 2596 ment eſſayé de la calmer; elle
-11 2596 3074 2820 ne voyoit ni n'entendoit: le dé-
-10 2819 3066 3068 ſordre de ſa tête paſſoit juſqu'à
-10 3067 3063 3335 ſon eſprit. On dit qu'elle ne parle
-9 3334 3332 3607 plus, qu'elle refuſe tout aliment,
-9 3571 3220 3812 qu'elle appelle la mort: je l'ai
-8 3812 3070 4070 trouvée baignée dans les larmes;
-8 4067 3078 4309 elle avoit peine à me reconnoître;
-7 4308 3351 4572 je ſuis parvenu à me faire écouter
-7 4555 3078 4800 un inſtant; tout-à-coup il lui ſur-
-6 4793 3068 5048 venoit une penſée; ſon cœur ſe
-6 5048 3085 5318 gonfloit & ſes pleurs recommen-
-5 5311 3081 5523 çoient. Au nom de Dieu, n'ajou-
-5 5523 3082 5783 tez point à ſon malheur! Songez
2001 5805 2671 6027 H
