4266 7784
2344 550 2879 735 I
1213 803 4251 1021 que ſa vie tient à la vôtre, &
1211 1052 4252 1256 que vos douleurs ſont les ſiennes.
1229 1256 4248 1517 Elle deſire que vous ſupportiez
1225 1543 3986 1750 votre infortune; elle dit qu'elle
1221 1790 3968 2004 ſera moins à plaindre ſi elle ap-
1225 2037 4237 2248 prend que vous avez ſoin de vos
900 2266 4234 2480 jours: donnez-lui l'exemple du
1218 2521 4233 2724 courage; efforcez-vous de faire
1196 2757 4163 2942 encore ce dernier ſacrifice; celui
1192 2997 4230 3200 que vous avez fait vous rendra
1177 3240 4226 3429 tous les autres moins ſenſibles:
1196 3462 4223 3716 car je ne dois point vous le ca-
1181 3716 4219 3946 cher; elle a reçu vos derniers
1236 3964 4215 4178 adieux, & vous ne pouvez plus
1233 4204 4212 4411 vous attendre à la revoir. Ty-
1244 4444 4211 4662 ranniſée par un pere infléxible,
1247 4695 4208 4914 abſolu, violent, qui ne vous par-
1144 4914 4208 5152 donnera jamais d'avoir gagné le
1144 5160 4204 5396 cœur de ſa fille, elle n'a plus
1148 5403 4201 5651 l'eſpérance de vous être unie:
