4266 7900
1348 627 1892 818 i
-15 870 3014 1126 pas temps d'agir & de féconder
-14 1121 3011 1387 le germe des ſentimens ſublimes
-14 1387 3007 1624 que le ciel mit en vous? Com-
-13 1607 3011 1881 bien de ſois n'ai - je pas vu vos
-13 1881 3014 2110 yeux émus au récit des actions
-12 2136 2999 2394 généreuſes? Vous brûliez de les
-11 2385 3007 2615 imiter; vous portiez envie à ces
-10 2609 3004 2861 grands hommes que l'enthou-
-10 2855 3004 3103 ſiaſme éleva au-deſſus des ſcènes
-10 3103 3003 3350 vulgaires de l'humanité; un tranſ-
-9 3346 3011 3628 port divin vous faiſoit treſſaillir
-9 3598 2999 3838 aux tableaux immortels de leur
-8 3838 3342 4108 gloire. Croyez - vous qu'ils n'a-
-8 4085 3011 4333 voient point appris à ſe vaincre?
-7 4330 2996 4580 Leurs cœurs étoient - ils moins
-7 4577 2999 4836 ardens que le vôtre? l'amour les
-6 4824 2996 5070 avoit-il épargnés? Ah! ſans doute
-6 5070 2996 5324 ils étoient livrés à tous les orages
-5 5316 2992 5556 de la vie: mais ils fouloient aux
-4 5550 2993 5884 pieds les paſſions enchantereſſes;
