4266 7825
2304 566 2960 760 S
1225 834 4021 1054 ils repouſſoient la volupté; ils
1236 1083 4036 1258 s'arrachoient aux ſéductions de
1236 1325 4032 1553 l'amour; la vertu les embrâſoit;
1236 1571 4017 1739 ſon divin modele étoit devant
1240 1813 4039 2022 leurs yeux; ils ne voyoient que
1243 2055 4043 2292 lui, & pour l'atteindre, ils mar-
1206 2292 4043 2461 choient ſur les flammes. Loin de
1244 2546 4047 2763 moi toute philoſophie auſtere qui
1244 2796 4043 3008 n'accorde rien au plaiſir! vous
1247 3031 4047 3266 avez vu ſi j'approuvois ce Stoï-
1258 3266 4040 3489 ciſme inſenſé qui fait de l'homme
1225 3526 4040 3716 un enfant de douleur, & de la
1258 3768 4040 3976 vie un cercle étroit de peines,
1254 4010 4055 4170 de combats & de travaux. Tout
1262 4248 4051 4468 le monde auſſi n'eſt pas né pour
1262 4497 4055 4720 l'héroïſme; il eſt peu de ces ames
1273 4720 4055 4959 privilégiées qu'un feu céleſte em-
1273 4981 4047 5201 porte au-delà des routes battues:
1273 5227 4051 5436 le grand art de la vie eſt de ſavoir
1273 5473 4073 5689 trouver les vraies limites des cho-
