4266 7900
1439 1186 3719 1356 LERE LX.
1398 1647 4252 1907 Thérese à Costance.
1375 2117 4251 2381 T toi auſſi tu m'abandonnes!
1368 2404 4252 2622 le ſeul être qui pouvoit m'enten-
1368 2622 4252 2853 dre eſt loin de moi! O ma chere
1376 2883 4252 3098 Conſtance! pourquoi m'as - tu
1361 3128 4252 3358 quittée? Hélas! les malheureux
1360 3372 4251 3612 ſont ſeuls; l'air qui les environne
1371 3610 4251 3845 eſt empeſté; tout s'en éloigne:
1364 3846 4252 4101 mais toi! toi, ma fidelle amie!
1368 4101 4252 4331 devois - tu me laiſſer en proie à
942 4365 4165 4553 mes bourreaux, livrée à tout ce
1372 4609 4169 4821 que la tyrannie a de plus barbare?
1376 4854 4172 5070 Je ne ſuis plus au monde; une
1127 5107 4252 5326 priſon, des menaces, des perſé-
1383 5345 4252 5575 cutions, des larmes, voilà le par-
1376 5605 4252 5823 tage affreux de mes jours & de
