4266 7900
1228 663 1757 848 S
-6 891 3143 1180 mes nuits! Eh, grand dieu! faut-
-8 1159 2891 1428 il que parmi tant d'horreurs, cette
-10 1409 2891 1675 image adorée me pourſuive en-
-11 1656 2895 1925 core! O Faldoni! Faldoni! qu'a-
-13 1906 2905 2159 vez-vous fait? pourquoi m'avez-
-15 2156 2890 2400 vous aimée? J'étois tranquille,
-16 2400 2910 2675 heureuſe; mes jours s'écouloient
-18 2655 3310 2918 dans la paix de l'innocence: vous
-20 2896 2901 3128 avez porté dans mes entrailles
-21 3115 2901 3395 l'ardeur qui les conſume; vous
-23 3387 2901 3639 êtes venu comme un incendiaire
-25 3636 2901 3896 embrâſer un cœur trop ſenſible;
-26 3884 2894 4130 vous avez troublé mon eſprit,
-28 4129 2894 4373 égaré ma raiſon, bouleverſé mes
-29 4373 2903 4646 ſens, & me voilà perdue! un feu
-31 4626 2890 4883 dévorant court dans mes veines.
-33 4851 2894 5114 Undélire fougueux me tranſporte.
-34 5089 2901 5363 Devoir, religion, ſageſſe, tout
-36 5363 2901 5613 me manque à la fois. Où fuirai-je
-38 5612 2883 5871 loin de vous? Ces parens cruels
