4266 7816
76 1041 3146 1308 là c'étoit un palais, ici des jar-
81 1275 2808 1500 dins; on foule des tombeaux;
80 1529 2812 1771 on paſſe à travers des ronces &
80 1777 2812 2015 on arrive par des chemins affreux
76 2022 2812 2204 aux bords d'un vaſte abîme où
72 2256 2812 2518 tout va s'engloutir. Eh bien! cet
69 2492 2802 2740 abîme, il eſt tout près; je le vois;
63 2739 2809 2979 j'y touche, & je ne ſais quel mou-
72 2990 2811 3233 vement inconnu me pouſſe à m'y
66 3237 2866 3462 précipiter. Je roule dans ma tête
66 3433 2847 3694 les deſſeins les plus noirs.... Hé-
58 3711 2801 3954 las! quand je quitterois le monde,
61 3949 2797 4200 ma place ſeroit bientôt remplie.
68 4200 2805 4441 On ſerre les files, a dit quel-
72 4447 2805 4688 qu'un, & il n'y paroît plus. Mon
62 4696 2797 4944 pere va partir pour Paris; il me
58 4914 2801 5129 laiſſe entre les mains de ma
65 5175 2790 5407 duegne, & dans un mois il ame-
66 5415 2797 5653 nera l'odieux perſonnage qui doit
62 5662 2794 5895 m'acheter. Mais crois-moi, chere
