4266 7900
1349 995 4252 1251 couſine; ce mariage ne ſe fora
1353 1251 4252 1499 pas; c'eſt un point immuablement
1349 1499 4252 1746 arrêté dans mon ame: il y a dans
1353 1746 4252 1994 ce mois une infinité d'inſtans qui
1338 2001 4252 2241 peuvent produire des événemens
1342 2241 4252 2484 inattendus. Il me ſeroit impoſſible
1338 2499 4252 2734 de fuir; je ſuis renfermée dans ma
1010 2734 4252 2963 chambre, & je n'en ſors que pour
1334 2993 4252 3219 aller à la meſſe; encore y ſuis-je
1330 3237 4251 3728 alerlé e uilaaipor,ja lons
1337 3727 4251 3968 que je ne pourrois m'y réſoudre;
1330 3973 4252 4195 l'opprobre me ſuivroit, & je
1180 4221 4252 4448 tiens du moins à la vie par le
1331 4466 4101 4685 ſentiment de l'honneur: mais le
1330 4715 4252 4941 pis aller ſeroit de mourir. Eh,
1156 4963 4251 5178 mon dieu! ils n'ont pas beaucoup
1123 5201 3562 5435 à faire pour m'achever.
3011 5939 4062 6025 EE
3014 5973 4251 6194 E
