4266 7773
725 1256 2647 1411 EnE
349 1698 3057 1870 FAldonr à Thérese.
295 2078 3072 2396 I faut que je vous écrive; il
305 2418 3474 2638 faut que mon cœur ſe ſoulage; ce
316 2648 3076 2876 ſont les derniers mots que j'oſerai
320 2898 3087 3123 vous adreſſer: ne me faites pas
327 3138 3087 3334 un crime de violer votre défenſe;
327 3375 3090 3584 les malheureux ſont excuſables:
335 3617 3384 3854 on m'a tout ravi; il ne me reſte
342 3842 3101 4079 que des plaintes; elles me ſont
346 4096 3104 4329 bien permiſes! Il fut un temps
62 4343 3097 4571 où les expreſſions de l'amour cou-
345 4583 3116 4820 loient de ma plume avec une dou-
353 4820 3104 5012 ce abondance. Mon ame enchan-
353 5062 3101 5298 tée ne créoit alors que des images
353 5298 3105 5545 riantes; la joie animoit mes pen-
360 5553 3119 5790 ſées, & le ſentiment de mon bon-
600 5787 1371 5951 Tome II.
