4266 8083
1447 945 2004 1139 o.
-14 1210 3131 1459 que vous aviez foulée; je l'ai bai-
-14 1458 3142 1728 ſée en ſanglottant, & je me ſuis
-13 1717 3142 1975 écrié: ô terre! je ne te verrai
-13 1974 3138 2260 plus!.... Il va donc vous ſacrifier
-12 2224 3161 2468 ce pere barbare! il vous vendra
-11 2461 3177 2717 au poids de l'or! Cette monſ-
-10 2710 3173 2958 trueuſe union doit ſe conſommer,
-10 2951 3189 3221 & moi, je la verrai d'un œil tran-
-9 3214 3158 3457 quille! & je n'invoquerai pas tou-
-9 3450 3185 3684 tes les foudres du ciel contre un
-8 3677 3168 3961 hymen formé au mépris des en-
-8 3961 3195 4241 gagemens les plus ſacrés! Non!
-8 4223 3188 4470 que l'enfer s'ouvre pour les en-
-7 4456 3165 4722 gloutir les profanateurs de nos
-7 4718 3157 4959 ſermens! que le feu conſume
-6 4958 3191 5226 juſqu'à leurs traces! Mais, Thé-
-5 5225 3176 5447 reſe! tu ne peux pas le ſubir cet
-5 5429 3561 5687 hymen; tant que je vivrai, tu ne
-4 5678 3348 5953 le peux pas: ta foi m'eſt engagée;
-4 5927 3180 6221 le ciel & la terre le ſavent. At-
2300 6247 2956 6468 Ia
