4266 7713
2310 863 2849 1049 io
1210 1115 3935 1323 tends que je ſois mort; attends
1199 1366 3932 1570 que ma pouſſiere ſoit abandonnée
1079 1603 3935 1818 aux vents, & qu'ils l'emportent
1191 1844 3920 2048 avec les ſermens que tu m'as faits!
1184 2073 3928 2295 je ne tarderai pas long-temps à te
1169 2317 4216 2514 rendre libre. Vivrai - je en effet,
1177 2569 4216 2777 pour voir un pere indigne de ce
1169 2809 4212 3013 nom ſigner ton malheur, & le
1169 3053 4209 3261 plus vil mortel paſſer dans tes
1173 3286 3913 3502 bras? vivrai - je pour aller végéter
1173 3534 4194 3727 dans le fond d'un déſert, avec un
1177 3771 4190 3964 cœur déſſéché, une ame ſans reſ-
1162 4001 4187 4201 ſort, des ſens flétris, & une jeu-
1162 4248 3902 4473 neſſe uſée par la douleur? Fati-
1162 4473 3899 4693 guerai-je le ciel de mes plaintes
1169 4726 3888 4886 & les hommes du récit de mes
1162 4962 4172 5185 maux? Le ciel m'a délaiſſé: les
911 5199 4168 5426 hommes n'écoutent gueres l'in-
1159 5451 4161 5633 fortuné; ils ont bien autre choſe
1166 5651 4158 5936 à faire! le temps que je leur dé-
