4266 7900
701 817 4309 1112 & mourra dans l'oubli. Il faut ſe
1130 1073 4307 1347 plier pour monter; il faut s'avilir
1133 1319 4306 1613 pour briller; il faut avec un front
1069 1569 4288 1826 d'airain porter un cœur de glace.
1114 1813 4303 2070 Travaillez! ſuez! amaſſez de l'or!
1122 2070 4301 2342 faites-vous riches! & qui oſera
1122 2338 4300 2584 vous reprocher d'avoir opprimé
1118 2581 4298 2807 la veuve & l'orphelin, d'avoir
1107 2779 4297 3087 bu le ſang du peuple & bravé
1107 3074 4295 3308 ſes cris? Qui ſaura que vos pre-
730 3308 4294 3564 miers pas vous ont couvert d'op-
1115 3582 4291 3807 probre, & que vous rampiez de-
1118 3805 4290 4063 vant les idoles de jour? vous voilà
1114 4063 4288 4307 ſur le faîte, & vos dédains vous
1118 4302 4287 4544 vengent de ceux qu'il vous a fallu
1107 4544 4285 4793 dévorer! Non, non, j'aime mieux
1111 4792 4284 5041 mourir que de voir des atômes
1118 5039 4282 5284 enflés de vent s'élever ſur ma tête
1130 5284 4280 5524 & me fouler aux pieds. Qui ſont
1130 5523 4279 5797 donc ces orgueilleux reptiles, &
