4266 7722
1552 643 2097 826 aom
475 902 3226 1107 ractere, il faut fuir le genre hu-
475 1151 3229 1312 main & ſe ſauver dans les rochers
478 1388 3229 1549 du nouveau monde: mais c'eſt un
471 1618 3229 1845 pays que j'ai vu; je n'y retour-
471 1870 3229 2090 nerai plus: j'y marcherois ſur le
471 2111 3229 2298 tombeau de mes bienfaiteurs, &
318 2341 3226 2554 j'irois ajouter des regrets à des
486 2590 3222 2795 regrets. Eh! quel eſt le déſert,
508 2831 3237 3032 quel eſt le climat ſi lointain qu'il
471 3068 3226 3280 puiſſe être, où je ne porte la plaie
471 3309 3244 3511 ſanglante que tu m'as faite! Beauté
69 3551 3376 3752 chere & terrible! image d'un Dieu
471 3784 3215 3978 bienfaiſant & ſévere! tourment,
471 4029 3222 4216 délice, enchantement de mon
84 4263 3218 4475 cœur! ange ou divinité que j'a-
467 4508 3226 4694 dore! Toi, mon amante, ma com-
464 4749 3222 4965 pagne, mon épouſe! tu peux me
475 4979 3218 5151 dire de t'oublier! tu me défends
106 5220 3218 5388 de te voir & de t'écrire! tu me
475 5465 3218 5681 chaſſes loin de toi, & tu veux que
