4266 7764
2266 625 2796 813 ()
1144 868 4239 1081 je vive! Ah cruelle, cruelle Thé-
1140 1129 4248 1353 reſe! impitoyable amie! je ne te
1144 1353 3903 1593 verrai donc plus! je ne te parle-
1140 1607 3903 1825 rai plus! tu ceſſeras d'exiſter pour
1133 1857 4237 2071 moi! O douleur! ô déſeſpoir! ô
1133 2100 4234 2310 fureur qui me tranſporte! va!
1133 2343 3902 2564 laiſſe-moi finir ma miſérable vie!
1129 2586 4226 2810 laiſſe - moi mourir en pleurant
1133 2821 4216 3016 l'inſtant où je t'ai connue! laiſſe-
1129 3060 4219 3295 moi verſer des larmes de ſang ſur
1139 3294 4218 3538 ces écrits doux & trompeurs où
1128 3537 4211 3766 tu me peignois ton amour! Les
1129 3792 4212 4009 voilà ces lettres brûlantes! rien
1126 4031 4208 4260 ne peut m'en ſéparer: je les tiens
1122 4274 4204 4469 ſur mon cœur: je les couvre de
1122 4509 3899 4719 baiſers: je les conjure d'être fi-
1125 4748 4197 4977 deles à leur promeſſe: je répete
1140 4995 4193 5216 avec elles ces paroles ſi tendres;
1140 5249 4190 5448 “toi qui me fus cher & qui me
1136 5488 4186 5698 “le ſeras juſqu'au dernier ſou-
