4266 7764
1225 838 4252 1111 O ciel! concevez notre bonheur!
1228 1129 4245 1364 plus de perſécutions! plus d'obſ-
1225 1364 4245 1582 tacle! un Dieu protecteur de l'in-
1218 1615 4241 1777 nocence & bienfaiteur des hom-
1213 1845 4236 2104 mes! le pere commun de tous les
1213 2103 4229 2320 êtres qui fera grace à nos foibleſ-
1217 2347 4230 2553 ſes, & ſera touché des maux que
853 2556 4226 2807 nous avons ſoufferts! O monamie!
1221 2814 4226 3048 nous la reverrons cette tendre
1221 3048 4223 3300 mere que vous pleurez; elle nous
1202 3302 4214 3533 conduira aux pieds de l'éternel,
1205 3530 4214 3779 & réclamera pour nous ſa bonté
1213 3778 4214 4008 ſouveraine: elle lui préſentera ſes
1228 4017 4204 4245 enfans qui n'ont pu trouver d'aſyle
1221 4274 4204 4465 ſur la terre, & qui ſont venus ſe
1210 4509 3972 4715 refugier auprès de lui. Ce grand
1092 4741 3973 4947 Dieu, ce Dieu de clémence pour-
1074 4977 4197 5171 roit-il nous faire un crime d'avoir
1192 5223 4193 5459 hâté le moment de retourner dans
1217 5459 4186 5720 ſon ſein? Non, ma Théreſe; un
