4266 7856
1412 691 1997 920 a
-15 945 3058 1179 crime eſt une action contraire à
-14 1178 3062 1452 l'ordre: mais nous ne ferons de
-13 1452 3062 1678 mal à perſonne; nous gliſſerons
-13 1673 3050 1937 ſans bruit dans la tombe, & nous
-12 1928 3062 2182 ne laiſſerons aucun vuide: tout
-12 2182 3050 2411 n'en ira pas moins ſuivant le
-11 2395 3443 2664 branle ordinaire; les méchans
-11 2664 3062 2897 n'en ſeront pas moins oppreſſeurs;
-10 2884 3066 3159 les bons n'en ſeront pas moins
-10 3159 3062 3379 victimes. Dieu nous punira, di-
-9 3375 3069 3646 ſent-ils! Dieu punira les hommes
-8 3639 3062 3884 cruels, les parens tyranniques:
-8 3877 3070 4109 mais nous hélas! qu'avons-nous
-8 4109 3065 4363 fait pour ſubir ſes vengeances?
-7 4343 3062 4606 En nous aimant, nous rempliſ-
-7 4595 3058 4832 ſions ſa volonté; nous nous laiſ-
-6 4825 3059 5101 ſions doucement aller au pen-
-5 5094 3059 5339 chant de la nature, & nous ſe-
-5 5339 3058 5596 mions notre route de quelques
-4 5589 3050 5856 fleurs; nos jours étoient pleins
