4266 7900
2226 578 2861 789 oo
1171 828 4266 1092 de l'Être ſuprême; nous l'appel-
1171 1089 4266 1360 lions dans la jouiſſance de nos
1167 1367 4267 1610 plaiſirs; nous aimions à ſentir,
1164 1609 4267 1836 à penſer, à parler en ſa préſence.
1167 1832 4268 2049 Combien de fois dans des momens
1160 2049 4268 2317 de félicité, n'avons-nous pas élevé
1152 2306 4269 2568 juſqu'à lui nos vœux reconnoiſ-
1152 2563 4270 2832 ſans? Nous le béniſſions de notre
1148 2829 4270 3082 amour; il recevoit nos ſermens;
1145 3071 4271 3325 il étoit témoin de notre foi mu-
1145 3335 4271 3599 tuelle;..... oui, croyez - moi,
1031 3580 4272 3776 Théreſe! il les a reçus nos ſer-
1152 3749 4272 4051 mens, & ſi vous les trahiſſiez, il
1148 4051 4273 4311 n'y auroit plus pour vous de paix
1145 4307 4273 4538 ni de bonheur: vous ſeriez à ja-
1148 4531 4274 4777 mais tourmentée du ſouvenir de
1148 4778 4275 5038 votre ami: ſon ombre pâle &
1145 5030 4275 5283 ſanglante, au milieu de vos triſtes
1145 5279 4275 5520 nuits, viendroit vous faire enten-
1148 5512 4276 5786 dre le cri de ſa douleur: vous la
