4266 7825
1295 804 4219 1058 & l'appui des malheureux, dans
1288 1068 4215 1281 la fleur de l'âge, vous conſentiriez
1292 1329 4218 1541 de mourir avec moi! Ah! pardon!
1281 1560 4222 1772 la douleur m'égare; ma main
1288 1809 4222 2025 court ſur le papier comme une
1281 2040 4222 2260 inſenſée; je pleure; je m'écrie;
1281 2286 4226 2530 je me leve; je marche en furieux;
1273 2530 4226 2759 je reprends la plume, & chaque
1277 2789 4226 3012 mot eſt baigné de mes larmes.
1277 3019 4222 3239 Adieu! adieu! mon amie! je pars;
1266 3269 4226 3504 je m'en vais devant vous; j'irai
1266 3526 4226 3749 vous attendre, & je ſuis sûr de
1262 3783 2267 3932 vous revoir.
2874 7666 3504 7800 .
