4266 7900
1341 594 1930 828 .
-14 882 3072 1123 toutes ces idées me jettent dans
-14 1116 3079 1400 la fievre du délire. Comment
-14 1397 3060 1637 échapper à mon ſort? Si j'étois
-13 1618 3060 1886 ſeule malheureuſe! Mais l'être
-12 1879 3061 2133 avec vous, mais ajouter le parjure
-11 2126 3053 2380 à ma miſere! je n'y pourrois ſur-
-11 2380 3060 2623 vivre; je mourrois plus tard, &
-11 2622 3063 2856 nous ne ſerions plus enſemble.
-10 2851 3067 3115 Qu'eſt-ce que dix ou vingt ans de
-10 3106 3063 3346 plus ſur ma tête? ils ſont courts
-9 3365 3082 3636 pour le bonheur; mais qu'ils ſe-
-9 3617 3075 3849 roient longs pour la peine! O
-8 3847 3067 4098 mon ami! j'ai toujours regretté
-8 4097 3056 4337 de n'avoir pu m'unir à toi. De
-7 4330 3061 4579 quel amour j'aurois payé le tien!
-6 4572 3067 4826 dans quelle harmonie céleſte au-
-6 4819 3068 5078 roient coulé nos jours! Non, tant
-6 5078 3063 5297 de félicité nous eût fait goûter
-5 5297 3067 5564 ſur la terre la condition des an-
-4 5557 3170 5879 ges, & nous ne devions pas l'eſ-
