4266 7806
500 1186 2719 1338 E LXIII.
226 1573 2994 1725 La Femme-e--Chamere
412 1792 2994 1955 de Thérese, au CoTe De
415 2011 2041 2159 Saint- Cyyaav.
638 2430 1929 2620 Monsieur,
221 2892 3000 3093 J'ai à vous annoncer un grand
230 3135 3013 3302 malheur. Mademoiſelle Théreſe
234 3372 3017 3543 & M. Faldoni ſe ſont tués ce
226 3617 2998 3822 matin dans la Chapelle. Je ſuis
226 3855 3001 4055 ſi troublée que je ne ſais comment
48 4100 2983 4274 vous faire ce récit. O Monſieur!
52 4344 3005 4549 quel déſaſtre, & qui eſt - ce qui
234 4586 2994 4783 auroit pu le prévoir? Mademoi-
226 4823 3002 5031 ſelle paroiſſoit ſi tranquille! hier
230 5060 2987 5254 ſamedi, elle diſtribua, ſuivant ſa
241 5305 2991 5517 coutume, quelqu'argent aux pant
230 5539 2980 5784 vres du village, & elle leur diſol-
