4266 7836
1245 965 4032 1185 de prier pour elle. On lui pré-
1103 1189 4036 1416 ſenta deux petits enfans qui étoient
1252 1446 4036 1666 orphelins; elle les plaça chez le
1256 1695 4040 1916 Concierge, lui recommanda de
1248 1949 4039 2158 les élever & promit de payer leur
1256 2191 4043 2407 penſion. Il vint une vieille femme
864 2433 4039 2638 chargée d'une nombreuſe famille,
1260 2679 4051 2903 & dont le mari avoit été mis en
1245 2903 4062 3130 priſon pour une cauſe très-légere:
1267 3160 4043 3317 elle écrivit elle-même à M. le
1267 3409 4028 3635 Bailli pour demander ſa grace:
1271 3635 4043 3812 elle ſe retira enſuite dans ſon
1271 3890 4039 4103 appartement. Comme Monſieur
879 4129 4040 4341 m'avoit défendu de la quitter, je
1267 4378 4036 4535 la ſuivis: elle fut deux heures à
1274 4609 4036 4803 faire des lettres, & deſcendit
917 4855 4036 5068 quand on ſonna le dîner. Elle
972 5094 4032 5299 trouva M. le Vicaire à qui elle
1282 5336 4028 5556 parla long-temps en particulier.
1278 5575 4039 5776 M. le Vicaire nous a dit aujour-
3641 5824 4226 5981 d'hui
