4266 7629
1224 1087 3886 1317 à de pareils récits. On préſumoit
1220 1338 3883 1547 que cet homme s'étoit battu en
1220 1582 3893 1798 duel, parce qu'on ne l'avoit point
1213 1823 3872 2042 volé: il avoit la poitrine percée,
1208 2048 4111 2267 & ſon épée étoit auprès de lui.
1205 2256 3889 2511 L'entretien fut long - temps ſur
1208 2500 3885 2744 cette hiſtoire. Mademoiſelle qui
1198 2748 3868 2977 n'avoit encore rien dit, impatien-
1011 2976 3875 3209 tée des réflexions morales de ces
1011 3186 3867 3445 Meſſieurs, demanda s'il n'y avoit
1191 3466 3876 3690 pas des milliers d'hommes qui ſe
1187 3689 3850 3928 faiſoient tuer dans les combats,
1176 3910 3878 4151 & dont on ne parloit point. Ils
1176 4176 3849 4403 meurent pour leur Roi, ajoutoit-
1176 4402 3857 4610 elle; eh bien? celui-là peut-être
1195 4643 3854 4866 eſt mort pour l'honneur qui vaut
1191 4880 3851 5078 bien un Roi; & regardant ſa ſœur;
1184 5099 4015 5300 & toi, Lolotte, ne voudrois - tu-
1195 5350 3851 5559 pas mourir pour moi? Mademoi-
1202 5573 3861 5770 ſelle Lolotte ſe leva & ſe jettant
