4266 7741
351 1064 3120 1251 dans les bras de Mademoiſelle;
32 1305 3100 1519 oui, ma ſœur, lui dit-elle, avec
343 1551 3090 1778 l'expreſſion la plus tendre; oui,
39 1783 3115 1999 je vous donnerois tout mon ſang,
54 2031 3105 2203 ſi vous le demandiez. Mademoi-
347 2269 3115 2486 ſelle la repouſſa doucement de
88 2508 3097 2707 ſes bras, & dit en détournant la
61 2755 3097 2971 tête pour pleurer; tu es une petite
348 2980 3098 3150 folle! & elles s'embraſſerent.
65 3233 3100 3408 M. le Chevalier avoit dîné de-
248 3472 3097 3690 hors, & l'après - midi, il fit ſeller
343 3716 3111 3944 ſon cheval pour aller paſſer quel-
344 3943 3519 4167 ques jours à Lyon. Ses piſtolets
343 4181 3107 4427 avoient été placés ſur une table,
343 4427 3093 4644 dans le ſallon: Mademoiſelle y
109 4679 3086 4916 entra & les trouva; elle en prit
87 4909 3089 5118 un, & demanda froidement à M.
98 5162 3090 5374 ſon frere comment on ſe ſervoit
106 5396 3100 5574 de cette arme. Il lui montra des
347 5639 3086 5864 balles & de la poudre: elle reſta
2257 5893 2558 6048 a
