4266 7647
2189 821 2733 997 o
1181 1053 3903 1282 quelques minutes à les regarder
1174 1303 3900 1512 fixement, puis d'un air tranquille,
1174 1541 3903 1754 elle porta le bout du piſtolet ſur
1163 1779 3899 1984 ſon front: n'eſt-ce pas ainſi, dit-
1177 2020 3896 2218 elle, qu'on prend congé de la vie?
1166 2254 3892 2445 Fi donc, lui dit M. le Chevalier,
1170 2499 3900 2693 on croiroit que tu veux nous quit-
1170 2733 3896 2931 ter! Si cela étoit, reprit-elle tou-
1159 2960 3892 3161 jours avec le même ton, je laiſ-
1163 3201 3881 3395 ſerois bien des gens étonnés!
1159 3431 3878 3590 Elle le feroit comme elle le dit
922 3669 3885 3872 au moins: & il continua de plai-
921 3872 3882 4062 ſanter. Comme il alloit monter à
1152 4126 3874 4339 cheval, ne veux - tu pas que je
1152 4367 3874 4555 t'embraſſe, dit-il à Mademoiſelle?
1159 4601 3871 4821 Il la ſerra tendrement dans ſes
911 4828 3867 5030 bras, & Mademoiſelle ſe mit à
1152 5069 3863 5268 fondre en larmes. Il poſa ſon
1145 5300 3864 5502 fouet ſur une table, prit la main
1156 5538 3856 5721 de ſa ſœur & la conduiſant ſur
