4266 7900
15 917 3223 1161 un ſopha, il s'aſſit auprès d'elle:
15 1187 3208 1402 nous te cauſons du chagrin, lui
11 1436 3196 1662 dit-il; mais auſſi pourquoi cette
15 1685 3456 1896 obſtination? pourquoi refuſer l'é-
358 1930 3196 2157 poux qu'on te propoſe? quelle
362 2157 3185 2337 folie à toi de t'enmouracher d'un
11 2420 3189 2635 inconnu! Mon frere, répondit
249 2650 3181 2899 Mademoiſelle, vos queſtions ne
25 2898 3452 3152 ſont pas raiſonnables: demande-
10 3139 3180 3384 t-on à un malade pourquoi il a
10 3353 3173 3629 la fievre? Au ſurplus tout eſt fini
14 3659 3184 3893 entre nous ſur ce point; n'en
14 3881 3203 4134 parlons plus. Je le veux, reprit
10 4100 3444 4383 M. le Chevalier, mais tu n'en ſe-
18 4373 3339 4640 ras que plus à plaindre. Pour moi,
10 4622 3452 4865 tu ſais que je ne peux rien dans
11 4877 3419 5119 tout cela: ſi je t'ai quelquefois
10 5118 3165 5359 tourmentée à cette occaſion, je
14 5355 3407 5589 t'en demande pardon; embraſſons.
15 5620 3155 5850 nous; oublions le paſſé, & fais à
2190 5884 2529 6095 LRs
