4266 7803
2233 618 2841 818 a
1170 896 3919 1115 l'avenir tout ce qu'il te plaira
1181 1137 3930 1367 je te promets de ne m'en plus
1167 1385 3933 1604 mêler. Cependant je ne puis
1170 1630 3933 1837 m'empêcher de t'avertir que tu
1170 1870 3941 2089 te prépares bien des peines; car
1159 2111 3937 2326 tu connois mon pere: il eſt ab-
1167 2352 3933 2511 ſolu & il aimera mieux te voir
1152 2596 3930 2800 morte que déſobéiſſante. Made-
1141 2833 3937 3033 moiſelle écoutoit, la tête baiſſée;
1148 3078 3937 3289 elle mit le doigt ſur ſa bouche,
1156 3315 3933 3534 comme pour s'empêcher de par-
1159 3563 3933 3774 ler: puis ſe levant, adieu donc,
1130 3804 3937 4011 mon frere! & elle lui préſenta
1133 4030 3926 4274 ſa joue qu'il preſſa de ſes lèvres.
1133 4292 3930 4504 Quand il fut parti, elle le ſuivit
1133 4530 3933 4737 des yeux juſqu'au bout de l'ave-
1129 4770 3930 4985 nue; puis elle rentra, & ſe remit
1129 5015 3911 5233 à pleurer. Elle reſta juſqu'au ſoir,
1122 5259 3922 5467 aſſiſe ſur la même place, & la
1132 5499 3918 5721 tête appuyée ſur ſes mains. Il
