4266 7741
440 960 3204 1173 temps au ſouvenir de Madame.
41 1191 3189 1389 Aurois - tu bien de l'effroi, dit-
451 1440 3189 1642 elle, ſi quelque nuit mon ſpectre
447 1671 3200 1881 alloit auſſi te ſurprendre? Oh!
443 1910 3200 2123 c'eſt tout différent, reprit Made-
444 2148 3193 2328 moiſelle Lolotte; vous n'êtes
447 2379 3196 2615 point morte, & puis, tenez ma
451 2615 3200 2837 ſœur, ſous quelque forme que
447 2863 3200 3061 vous veniez, vous ſerez toujours
66 3116 3200 3340 bien reçue: car vous êtes ſi bonne,
68 3350 3211 3559 que vous ne pourriez jamais me
451 3585 3237 3812 faire de mal! Eh bien, ajouta
73 3820 3446 4043 Mademoiſelle, attends - moi de-
84 4065 3207 4256 main; entends - tu? demain, à
458 4278 3215 4490 cette heure-ci. Oui, oui, diſoit
454 4541 3211 4717 ſa ſœur; vous viendrez dans ma
462 4780 3244 5004 chambre, me rendre la viſite que
91 5018 3204 5246 je vous fais; & elle ſe mit à la
99 5260 3200 5469 careſſer. Donne - moi ma harpe,
293 5498 3204 5730 dit Mademoiſelle; il y a un air
2280 5736 2804 5942 L
