4266 7793
454 902 3233 1150 Oui! dit Mademoiſelle Lolotte;
29 1153 3241 1394 & la meſſe qu'on dit à huit heu-
458 1406 3330 1622 res! ne faut-il pas l'entendre? A
406 1650 3563 1879 ce mot de meſſe, Mademoiſelle
413 1900 3249 2128 ſe leva bruſquement, & elle mar-
443 2145 3244 2371 choit à grands pas dans ſa cham-
424 2368 3252 2615 bre. Eh bien, dit-elle, après quel-
487 2632 3248 2846 ques momens; allez-vous-en, ma
491 2870 3257 3077 chere amie, allez! j'ai beſoin
487 3110 3253 3342 d'être ſeule. Sa ſœur s'en alloit:
358 3360 3582 3590 elle la rappella: non, non, ma
495 3584 3263 3808 petite! reſte avec moi; reſte en-
502 3843 3271 4057 core un peu; nous ne ſerons pas
498 4068 3274 4314 toujours enſemble; & les larmes
476 4308 3279 4529 rouloient dans ſes yeux. Je t'en-
506 4563 3274 4772 verrai coucher de bonne heure,
498 4798 3283 5026 afin que demain tu ſois prête pour
517 5042 3285 5249 la meſſe. -- Mais, ma ſœur, vous
522 5282 3290 5505 n'y ſerez donc pas, vous, ſi vous
502 5530 3301 5767 paſſez la nuit? car il faudra bien
2550 5790 2883 6000 A
