4266 7784
2273 568 2787 794 S
1147 844 3889 1104 dormir le matin. -- J'y ſerai, ma
1077 1088 3889 1348 chere! oh! certainement, j'y ſe-
1150 1345 3886 1564 rai! & puis, comme tu dis, je
1133 1598 3883 1753 dormirai le matin. A ces mots
1140 1842 3883 2041 elle recommença à frédonner la
1074 2089 3876 2314 romance, en tirant quelques ſons
1074 2318 3876 2539 de ſa harpe. Mais ne frappe-t-on
1129 2565 3876 2783 pas, dit-elle? j'entends du bruit
1126 2816 3872 3027 à la porte. C'étoit le vent qui
1122 3045 3865 3215 ſouffloit. Mademoiſelle Lolotte
1078 3292 3861 3495 friſſonnoit déja, car la crainte du
1118 3551 3842 3754 revenant ne la quittoit point:
1096 3783 3853 3979 voilà, diſoit - elle, une terrible
1102 4026 3834 4244 nuit! Oui, répondit Mademoi-
1095 4243 3845 4500 ſelle; il y a des jours qui ne le
1028 4488 3849 4738 ſont pas moins! L'orage ayant
1089 4743 3839 4931 ceſſé à deux heures, Mademoi-
1082 4979 3842 5197 ſelle renvoya ſa ſœur après l'avoir
1092 5223 3835 5433 embraſſée cinq ou ſix fois: elle
1022 5466 3831 5677 ſe coucha & s'aſſoupit. Ce matin
