<PcGts xmlns="http://schema.primaresearch.org/PAGE/gts/pagecontent/2017-07-15" xmlns:xsi="http://www.w3.org/2001/XMLSchema-instance" xsi:schemaLocation="http://schema.primaresearch.org/PAGE/gts/pagecontent/2017-07-15 http://schema.primaresearch.org/PAGE/gts/pagecontent/2017-07-15/pagecontent.xsd"><Metadata><Creator>User123</Creator><Created>2020-10-14T09:10:44</Created><LastChange>2020-10-14T09:10:44</LastChange></Metadata><Page imageFilename="0238.png" imageHeight="7900" imageWidth="4266"><TextRegion id="r0" type="paragraph" orientation="-0.0"><Coords points="1,1 4264,1 4264,7898 1,7898"/><TextLine id="r0_l001"><Coords points="2133,1041 2132,1041 2132,1039 2132,1038 1893,1038 1892,1037 1874,1037 1873,1037 1873,1036 1873,1035 1416,1035 1415,1036 1415,1040 1415,1040 1408,1040 1407,1039 1391,1039 1390,1039 1390,1034 1389,1032 1384,1032 1382,1031 1382,980 1382,979 1263,979 1262,979 1262,976 1263,975 1382,975 1382,975 1382,853 1378,849 1378,833 1378,832 1373,832 1371,831 1371,758 1372,757 1378,757 1378,757 1378,733 1379,732 1379,731 1380,730 1381,730 1386,736 1386,749 1387,749 1560,749 1560,750 1560,753 1561,753 1677,753 1678,754 1789,754 1789,755 1789,757 1790,757 1989,757 1989,758 1989,759 1991,761 1992,761 1993,761 1993,762 1993,791 1994,791 2000,791 2001,793 2001,794 2002,794 2007,794 2008,796 2008,797 2009,797 2010,798 2011,798 2012,800 2012,805 2014,806 2015,806 2016,808 2016,813 2017,813 2018,813 2019,815 2019,825 2020,825 2057,825 2057,826 2057,886 2058,886 2295,886 2296,885 2297,885 2298,884 2298,883 2300,881 2347,881 2347,881 2347,879 2349,877 2411,877 2411,877 2411,785 2413,783 2422,783 2423,785 2423,965 2424,965 2427,965 2427,966 2427,976 2426,977 2426,980 2426,980 2423,980 2422,981 2422,998 2421,999 2421,1001 2421,1001 2390,1001 2389,1002 2389,1008 2388,1009 2387,1009 2385,1011 2385,1012 2384,1013 2383,1013 2381,1015 2381,1016 2380,1017 2379,1017 2378,1018 2378,1019 2377,1020 2368,1020 2367,1021 2367,1036 2367,1036 2363,1036 2362,1037 2354,1037 2353,1038 2299,1038 2298,1039 2258,1039 2257,1040 2137,1040 2136,1041"/><TextEquiv index="1"><Unicode></Unicode></TextEquiv></TextLine><TextLine id="r0_l002"><Coords points="501,1294 500,1294 500,1293 500,1292 378,1292 376,1291 376,1290 376,1289 375,1288 374,1288 372,1287 372,1267 372,1266 12,1266 10,1265 10,1263 11,1262 12,1262 13,1261 14,1261 14,1261 14,1259 15,1258 289,1258 289,1258 289,1052 290,1051 291,1051 292,1050 293,1050 293,1050 293,1037 294,1036 402,1036 403,1035 805,1035 805,1035 805,1034 807,1032 901,1032 902,1031 964,1031 965,1030 1024,1030 1024,1031 1024,1034 1025,1034 2483,1034 2483,1034 2483,1026 2485,1024 2819,1024 2819,1025 2819,1027 2820,1027 3042,1027 3043,1028 3047,1028 3048,1030 3048,1032 3049,1032 3070,1032 3071,1034 3071,1039 3072,1039 3326,1039 3327,1041 3327,1050 3328,1050 3329,1050 3330,1051 3331,1051 3331,1052 3331,1126 3332,1126 3534,1126 3535,1128 3535,1224 3536,1224 3537,1224 3538,1226 3538,1228 3539,1229 3538,1230 3538,1231 3538,1231 3537,1231 3536,1232 3535,1233 3535,1234 3534,1235 3449,1235 3448,1236 3448,1246 3447,1247 3445,1247 3444,1248 3444,1250 3444,1250 3332,1250 3331,1251 3331,1278 3331,1278 3106,1278 3105,1279 3105,1280 3105,1280 3060,1280 3059,1281 2944,1281 2943,1282 2943,1283 2943,1283 2914,1283 2913,1284 2821,1284 2820,1285 1824,1285 1823,1286 1823,1287 1823,1287 1231,1287 1229,1289 1165,1289 1164,1290 984,1290 982,1292 942,1292 941,1293 505,1293 504,1294"/><TextEquiv index="1"><Unicode>je ſuis entrée che en à héu-</Unicode></TextEquiv></TextLine><TextLine id="r0_l003"><Coords points="419,1537 418,1536 306,1536 304,1535 304,1523 304,1522 303,1522 300,1520 300,1519 300,1518 299,1518 297,1517 297,1513 295,1510 294,1510 293,1510 293,1433 293,1432 27,1432 26,1431 19,1431 18,1431 18,1430 16,1427 15,1427 14,1427 14,1425 15,1424 293,1424 293,1424 293,1365 293,1364 292,1364 291,1363 290,1363 289,1363 289,1362 295,1356 304,1356 304,1356 304,1324 306,1322 500,1322 500,1322 500,1295 501,1294 734,1294 734,1294 734,1293 735,1292 1160,1292 1160,1292 1160,1291 1161,1290 1228,1290 1231,1287 1232,1287 1234,1285 1277,1285 1277,1285 1277,1270 1278,1269 1281,1269 1282,1268 1469,1268 1470,1269 1474,1269 1475,1270 1478,1270 1479,1271 1480,1271 1480,1272 1480,1278 1481,1278 3331,1278 3331,1279 3331,1307 3332,1307 3436,1307 3436,1308 3436,1356 3436,1356 3435,1356 3431,1360 3396,1360 3395,1361 3395,1420 3395,1420 3385,1420 3384,1421 3384,1445 3382,1447 3381,1447 3380,1448 3380,1449 3379,1450 3328,1450 3327,1451 3327,1472 3326,1473 3068,1473 3067,1474 3067,1521 3066,1522 3065,1522 3064,1523 3064,1524 3062,1526 3053,1526 3052,1527 3052,1529 3052,1529 3046,1529 3045,1530 3045,1531 3045,1531 2323,1531 2322,1532 2322,1533 2322,1533 2141,1533 2140,1534 995,1534 994,1535 994,1536 994,1536 430,1536 429,1537"/><TextEquiv index="1"><Unicode>res pour l'habiller; elle m'a de-</Unicode></TextEquiv></TextLine><TextLine id="r0_l004"><Coords points="1010,1787 1009,1787 1009,1771 1009,1770 528,1770 527,1771 527,1780 526,1781 526,1782 526,1782 445,1782 444,1783 444,1785 443,1786 442,1786 440,1785 440,1784 439,1782 435,1782 432,1780 432,1772 432,1771 374,1771 372,1770 372,1764 372,1763 336,1763 334,1762 334,1761 333,1759 332,1759 331,1759 331,1758 330,1756 329,1756 327,1755 327,1711 327,1710 19,1710 18,1710 18,1709 16,1706 15,1706 14,1706 14,1704 15,1703 327,1703 327,1703 327,1587 327,1586 302,1586 301,1586 301,1585 300,1584 300,1583 300,1582 291,1582 289,1581 289,1580 291,1578 292,1578 293,1577 293,1576 295,1574 300,1574 300,1574 300,1566 303,1563 304,1563 304,1563 304,1550 306,1548 306,1537 307,1536 368,1536 369,1537 429,1537 429,1538 429,1548 430,1548 458,1548 459,1550 459,1552 460,1552 714,1552 715,1554 715,1559 716,1559 986,1559 986,1559 986,1537 987,1536 993,1536 993,1537 993,1559 994,1559 1424,1559 1424,1559 1424,1557 1425,1556 1430,1556 1431,1555 1431,1554 1433,1552 1758,1552 1759,1551 1759,1550 1761,1548 1763,1548 1763,1548 1763,1535 1765,1533 2607,1533 2607,1533 2607,1531 2608,1530 2777,1530 2778,1531 3045,1531 3045,1532 3045,1533 3046,1533 3051,1533 3052,1535 3052,1536 3054,1537 3063,1537 3063,1538 3063,1539 3066,1541 3067,1541 3067,1542 3067,1605 3068,1605 3432,1605 3433,1607 3433,1608 3434,1608 3435,1608 3437,1611 3436,1612 3139,1612 3138,1613 3138,1614 3141,1616 3142,1616 3142,1617 3142,1618 3143,1619 3143,1638 3145,1639 3146,1639 3146,1640 3146,1645 3148,1646 3149,1646 3150,1648 3150,1684 3151,1684 3157,1684 3157,1685 3157,1686 3158,1687 3158,1695 3159,1695 3553,1695 3553,1696 3553,1699 3553,1699 3551,1699 3550,1700 3550,1701 3549,1702 3549,1703 3549,1703 3083,1703 3082,1704 3082,1770 3081,1771 3061,1771 3060,1772 3060,1774 3061,1774 3458,1774 3459,1776 3459,1777 3458,1778 3307,1778 3306,1779 2409,1779 2408,1780 2247,1780 2246,1781 2083,1781 2082,1782 1916,1782 1915,1781 1824,1781 1823,1781 1823,1779 1823,1778 1414,1778 1413,1779 1413,1780 1412,1781 1412,1782 1412,1782 1018,1782 1017,1783 1017,1785 1016,1786 1014,1786 1013,1787"/><TextEquiv index="1"><Unicode>mandé ſa robe blanche de ſatin</Unicode></TextEquiv></TextLine><TextLine id="r0_l005"><Coords points="4052,1515 4252,1515 4252,1865 4052,1865"/><TextEquiv index="1"><Unicode></Unicode></TextEquiv></TextLine><TextLine id="r0_l006"><Coords points="808,2035 807,2034 418,2034 417,2033 275,2033 274,2033 274,2032 274,2031 273,2031 270,2029 272,2027 273,2027 274,2026 274,2025 276,2023 357,2023 357,2023 357,1889 358,1888 359,1888 361,1886 361,1882 362,1881 367,1876 371,1876 372,1875 372,1874 373,1873 374,1873 376,1871 376,1870 377,1869 378,1869 379,1868 387,1868 387,1868 387,1867 389,1865 394,1865 394,1865 394,1864 397,1861 406,1861 406,1861 406,1810 408,1808 424,1808 425,1807 425,1806 426,1805 427,1805 428,1804 1009,1804 1009,1804 1009,1788 1010,1787 1816,1787 1817,1786 1823,1786 1823,1786 1823,1782 1824,1781 2404,1781 2405,1780 2656,1780 2657,1779 3301,1779 3302,1778 3305,1778 3305,1779 3305,1781 3304,1782 3305,1782 3459,1782 3459,1783 3459,1784 3462,1786 3463,1786 3463,1787 3463,1789 3463,1789 3462,1789 3461,1790 3445,1790 3444,1791 3444,1793 3444,1793 3162,1793 3161,1794 3161,1887 3161,1887 3160,1887 3158,1889 3158,1931 3156,1933 3155,1933 3154,1934 3154,1935 3153,1936 3149,1936 3146,1939 3146,1940 3146,1940 3141,1940 3138,1943 3138,1944 3138,1944 3133,1944 3131,1946 3131,1947 3130,1948 3083,1948 3082,1949 3082,2019 3082,2019 3081,2019 3078,2022 3078,2023 3078,2023 3068,2023 3067,2024 3067,2026 3066,2027 2401,2027 2400,2028 2400,2031 2400,2031 814,2031 813,2032 813,2034 813,2034 812,2034 811,2035"/><TextEquiv index="1"><Unicode>des Indes: je lui ai dit qu'elle</Unicode></TextEquiv></TextLine><TextLine id="r0_l007"><Coords points="659,2283 658,2282 505,2282 504,2282 504,2254 504,2253 494,2253 493,2253 493,2252 491,2249 490,2249 489,2249 489,2247 489,2246 379,2246 378,2245 377,2245 376,2245 376,2205 376,2204 367,2204 363,2200 359,2200 357,2199 357,2198 357,2197 356,2197 353,2195 353,2190 353,2189 272,2189 270,2188 270,2187 269,2185 268,2185 267,2185 267,2050 267,2049 12,2049 10,2048 10,2040 12,2038 274,2038 274,2038 274,2034 275,2033 1902,2033 1905,2030 2958,2030 2958,2030 2958,2027 2959,2026 3014,2026 3015,2027 3064,2027 3064,2028 3064,2053 3065,2053 3067,2053 3067,2054 3067,2057 3068,2057 3560,2057 3561,2059 3561,2060 3563,2061 3564,2061 3565,2063 3565,2064 3564,2065 3068,2065 3067,2066 3067,2087 3068,2087 3077,2087 3078,2089 3078,2090 3079,2091 3079,2095 3080,2095 3131,2095 3131,2096 3131,2106 3132,2106 3157,2106 3157,2107 3157,2108 3160,2110 3161,2110 3161,2111 3161,2172 3162,2173 3162,2174 3163,2174 3172,2174 3173,2176 3173,2253 3174,2253 3447,2253 3448,2255 3448,2256 3447,2257 3446,2257 3444,2259 3444,2260 3443,2261 3132,2261 3131,2262 3131,2264 3131,2264 3130,2264 3127,2267 3127,2268 3127,2268 3081,2268 3077,2272 3064,2272 3063,2273 3063,2275 3062,2276 3049,2276 3048,2277 3048,2279 3048,2279 875,2279 874,2280 874,2283 874,2283"/><TextEquiv index="1"><Unicode>avoit gardé cette robe pendant</Unicode></TextEquiv></TextLine><TextLine id="r0_l008"><Coords points="2152,2528 2151,2528 2151,2527 2151,2526 1975,2526 1974,2525 1973,2525 1972,2524 1971,2524 1970,2524 1970,2510 1970,2509 1606,2509 1605,2510 1605,2524 1605,2524 1602,2524 1601,2524 1601,2506 1601,2505 1546,2505 1541,2501 1541,2495 1541,2494 1074,2494 1073,2495 1073,2509 1073,2509 984,2509 983,2510 983,2527 983,2527 980,2527 979,2527 979,2510 979,2509 761,2509 760,2510 486,2510 485,2511 485,2528 485,2528 272,2528 271,2528 271,2527 269,2525 269,2524 268,2524 267,2524 267,2522 269,2520 270,2520 270,2520 270,2519 272,2517 312,2517 312,2517 312,2318 313,2317 318,2317 322,2313 505,2313 505,2313 505,2283 506,2282 511,2282 512,2283 877,2283 877,2284 877,2291 878,2291 1363,2291 1363,2291 1363,2285 1365,2283 1366,2283 1371,2289 1371,2298 1372,2298 1721,2298 1722,2300 1722,2306 1723,2306 2060,2306 2061,2308 2061,2309 2062,2309 2063,2309 2064,2311 2064,2313 2065,2313 2105,2313 2106,2315 2106,2316 2108,2317 2155,2317 2155,2318 2155,2320 2157,2321 2173,2321 2174,2323 2174,2324 2175,2324 2577,2324 2577,2324 2577,2304 2579,2302 2615,2302 2615,2302 2615,2300 2617,2298 2716,2298 2716,2298 2716,2280 2717,2279 2721,2279 2721,2280 2721,2298 2722,2298 2784,2298 2784,2299 2784,2300 2785,2301 2785,2302 2786,2302 3051,2302 3052,2304 3052,2305 3053,2305 3054,2306 3055,2306 3056,2308 3056,2309 3057,2309 3058,2309 3060,2312 3060,2313 3061,2313 3063,2313 3063,2314 3063,2351 3064,2351 3123,2351 3124,2353 3124,2354 3126,2355 3146,2355 3146,2356 3146,2357 3149,2359 3150,2359 3150,2360 3150,2361 3152,2362 3156,2362 3158,2365 3158,2366 3159,2366 3160,2366 3161,2368 3161,2372 3164,2374 3165,2374 3165,2375 3165,2415 3166,2415 3168,2415 3169,2417 3169,2502 3170,2502 3334,2502 3335,2504 3335,2505 3336,2505 3337,2505 3338,2507 3338,2509 3338,2509 3337,2509 3336,2510 3064,2510 3063,2511 3063,2526 3063,2526 3060,2526 3058,2524 3057,2524 3056,2524 3056,2514 3056,2513 2642,2513 2641,2514 2641,2527 2641,2527 2220,2527 2219,2528"/><TextEquiv index="1"><Unicode>tout le printemps, &amp; une partie</Unicode></TextEquiv></TextLine><TextLine id="r0_l009"><Coords points="11,2771 10,2771 12,2769 14,2769 14,2769 14,2707 16,2705 425,2705 425,2705 425,2699 425,2698 390,2698 386,2694 382,2694 379,2692 379,2691 379,2690 374,2690 372,2689 372,2688 372,2687 371,2687 368,2685 368,2684 368,2683 363,2683 361,2682 361,2670 360,2668 359,2668 357,2667 357,2650 358,2649 359,2649 360,2648 361,2648 361,2648 361,2628 363,2626 368,2626 368,2626 368,2621 370,2619 372,2619 372,2619 372,2552 373,2551 424,2551 425,2550 425,2549 427,2547 684,2547 685,2546 685,2545 687,2543 979,2543 979,2543 979,2528 980,2527 983,2527 984,2528 986,2528 987,2530 987,2573 988,2573 1053,2573 1055,2576 1055,2577 1056,2577 1057,2577 1058,2579 1058,2600 1059,2600 1088,2600 1088,2601 1088,2602 1090,2603 1601,2603 1601,2603 1601,2567 1602,2566 1603,2566 1603,2566 1603,2525 1604,2524 1607,2524 1609,2526 1978,2526 1978,2527 1978,2528 1979,2528 2570,2528 2571,2527 3059,2527 3060,2526 3064,2526 3064,2527 3064,2528 3065,2528 3067,2528 3067,2529 3067,2551 3068,2551 3082,2551 3082,2552 3082,2553 3084,2554 3085,2555 3086,2555 3086,2556 3086,2588 3087,2588 3141,2588 3143,2591 3143,2600 3144,2600 3168,2600 3169,2602 3169,2603 3170,2603 3171,2603 3173,2606 3173,2626 3174,2626 3175,2626 3177,2629 3177,2632 3175,2634 3174,2634 3173,2635 3173,2681 3171,2683 3170,2683 3169,2684 3169,2689 3168,2690 3141,2690 3139,2692 3139,2693 3138,2694 3087,2694 3086,2695 3086,2746 3085,2747 3083,2747 3082,2748 3082,2754 3082,2754 3077,2754 3074,2757 3074,2758 3074,2758 2812,2758 2811,2759 2811,2765 2811,2765 2810,2765 2805,2770 2794,2770 2793,2770 2793,2740 2793,2739 2058,2739 2057,2740 2057,2742 2056,2743 2055,2743 2054,2744 2053,2745 2053,2746 2052,2747 2010,2747 2008,2746 2008,2718 2008,2717 1536,2717 1535,2716 1534,2716 1533,2716 1533,2702 1533,2701 1433,2701 1431,2700 1431,2699 1431,2698 618,2698 617,2699 617,2735 616,2736 613,2734 613,2733 613,2732 612,2732 609,2730 609,2729 609,2728 22,2728 21,2729 21,2771 21,2771"/><TextEquiv index="1"><Unicode>de l'automne, &amp; qu'elle n'étoit</Unicode></TextEquiv></TextLine><TextLine id="r0_l010"><Coords points="165,2980 164,2979 164,2977 163,2976 163,2974 162,2973 162,2971 161,2970 161,2968 160,2967 160,2965 159,2964 159,2962 158,2961 158,2959 157,2958 157,2956 156,2955 156,2953 155,2952 155,2950 154,2949 154,2947 153,2946 153,2944 152,2943 152,2941 151,2940 151,2938 150,2937 150,2935 149,2934 149,2932 148,2931 148,2929 147,2928 147,2926 146,2925 146,2923 145,2922 145,2920 144,2919 144,2917 143,2916 143,2914 142,2913 142,2911 141,2910 141,2908 140,2907 140,2905 139,2904 139,2902 138,2901 138,2899 137,2898 137,2896 136,2895 136,2893 135,2892 135,2890 134,2889 134,2887 133,2886 133,2884 132,2883 132,2881 131,2880 131,2878 130,2877 130,2875 129,2874 129,2872 128,2871 128,2869 127,2868 127,2866 126,2865 126,2863 125,2862 125,2860 124,2859 124,2857 123,2856 123,2854 122,2853 122,2851 121,2850 121,2848 120,2847 120,2845 119,2844 119,2842 118,2841 118,2839 117,2838 117,2836 116,2835 116,2833 115,2832 115,2830 114,2829 114,2827 113,2826 113,2824 112,2823 112,2821 111,2820 111,2818 110,2817 110,2815 109,2814 109,2812 108,2811 108,2809 107,2808 107,2806 106,2805 106,2803 105,2802 105,2800 104,2799 104,2797 103,2796 103,2794 102,2793 102,2791 101,2790 101,2788 100,2787 100,2785 99,2784 99,2782 98,2781 98,2780 97,2779 97,2777 96,2776 96,2774 96,2773 12,2773 10,2772 11,2771 95,2771 96,2770 2804,2770 2804,2771 2804,2792 2805,2792 2968,2792 2969,2794 2969,2795 2970,2795 2971,2795 2973,2798 2973,2799 2974,2799 2975,2799 2977,2802 2977,2803 2978,2803 2979,2803 2980,2805 2980,2841 2981,2841 3055,2841 3056,2843 3056,2844 3058,2845 3066,2845 3081,2860 3082,2860 3082,2861 3082,2897 3083,2897 3148,2897 3149,2898 3150,2898 3150,2899 3150,2900 3152,2901 3156,2901 3158,2904 3158,2905 3159,2905 3164,2905 3165,2907 3165,2919 3167,2920 3168,2920 3169,2922 3169,3014 3170,3014 3220,3014 3224,3018 3225,3018 3225,3019 3225,3021 3225,3021 493,3021 492,3022"/><TextEquiv index="1"><Unicode>plus portable. C'eſt une fantaiſie,</Unicode></TextEquiv></TextLine><TextLine id="r0_l011"><Coords points="11,3022 3264,3022 3264,3268 11,3268"/><TextEquiv index="1"><Unicode>a - t - elle dit; je veux la mettre</Unicode></TextEquiv></TextLine><TextLine id="r0_l012"><Coords points="15,3271 3336,3271 3336,3502 15,3502"/><TextEquiv index="1"><Unicode>encore une fois. Elle ne ceſſoit</Unicode></TextEquiv></TextLine><TextLine id="r0_l013"><Coords points="897,3763 896,3762 792,3762 791,3761 785,3761 783,3760 783,3728 783,3727 24,3727 21,3725 21,3722 22,3721 22,3720 23,3719 643,3719 643,3719 643,3683 643,3682 439,3682 436,3680 436,3679 436,3678 401,3678 398,3676 398,3675 398,3674 393,3674 391,3673 391,3672 390,3670 385,3670 384,3670 384,3669 383,3668 383,3664 383,3663 382,3663 380,3662 380,3661 379,3659 378,3659 376,3658 376,3642 375,3640 374,3640 372,3639 372,3588 372,3587 283,3587 282,3587 282,3585 284,3583 285,3583 285,3583 285,3582 287,3580 391,3580 391,3580 391,3521 393,3519 394,3519 395,3518 395,3517 397,3515 399,3518 399,3519 400,3519 672,3519 673,3520 674,3520 674,3521 674,3522 681,3529 681,3534 682,3534 2342,3534 2343,3536 2343,3537 2344,3538 2345,3538 2346,3538 2347,3540 2347,3541 2348,3541 2349,3542 2350,3542 2351,3544 2351,3561 2352,3561 2859,3561 2860,3563 2860,3572 2861,3572 3093,3572 3093,3573 3093,3574 3094,3575 3094,3576 3095,3576 3097,3576 3097,3577 3097,3595 3098,3595 3157,3595 3157,3596 3157,3597 3159,3598 3163,3598 3164,3599 3165,3599 3165,3600 3165,3661 3168,3663 3169,3663 3169,3664 3169,3666 3169,3666 3168,3666 3167,3667 3166,3667 3165,3668 3165,3677 3164,3678 3159,3678 3158,3679 3158,3680 3157,3681 3156,3681 3155,3682 3151,3682 3150,3683 3150,3684 3149,3685 2774,3685 2773,3686 2773,3745 2772,3746 2771,3746 2770,3747 2769,3748 2769,3749 2769,3749 1870,3749 1869,3750 1869,3752 1868,3753 1867,3753 1866,3754 1865,3755 1865,3756 1864,3757 1165,3757 1164,3758 1164,3761 1164,3761 901,3761 900,3762 900,3763 900,3763"/><TextEquiv index="1"><Unicode>de jetter les yeux ſur ſa montre:</Unicode></TextEquiv></TextLine><TextLine id="r0_l014"><Coords points="3057,4009 3056,4009 3056,4008 3055,4007 3055,4006 3054,4006 3052,4005 3052,3939 3052,3938 2240,3938 2238,3937 2238,3936 2237,3934 30,3934 29,3935 29,4002 29,4002 27,4002 25,4001 25,4000 24,3998 23,3998 21,3997 22,3996 22,3995 23,3994 25,3994 25,3994 25,3766 27,3764 29,3764 29,3764 29,3762 30,3761 1164,3761 1164,3762 1164,3767 1166,3768 1167,3768 1167,3769 1167,3776 1168,3776 2641,3776 2641,3777 2641,3778 2643,3779 2644,3779 2645,3781 2645,3783 2646,3783 2957,3783 2958,3785 2958,3786 2960,3787 3082,3787 3082,3788 3082,3789 3086,3793 3086,3794 3087,3794 3088,3794 3090,3797 3090,3825 3091,3825 3150,3825 3150,3826 3150,3839 3152,3840 3176,3840 3176,3841 3176,3846 3178,3847 3179,3847 3180,3849 3180,3874 3181,3874 3470,3874 3471,3876 3471,3877 3472,3877 3473,3877 3474,3879 3474,3881 3474,3881 3181,3881 3180,3882 3180,3918 3179,3919 3178,3919 3176,3921 3176,3930 3176,3930 3163,3930 3162,3931 3162,3932 3160,3934 3091,3934 3090,3935 3090,3986 3089,3987 3088,3987 3087,3988 3086,3989 3086,3990 3086,3990 3061,3990 3060,3991 3060,4008 3059,4009"/><TextEquiv index="1"><Unicode>elle a ouvert la fenêtre: il faiſoit</Unicode></TextEquiv></TextLine><TextLine id="r0_l015"><Coords points="2398,4259 2397,4259 2397,4258 2397,4257 305,4257 304,4257 304,4256 306,4254 2397,4254 2397,4254 2397,4240 2397,4239 2364,4239 2362,4238 2362,4233 2362,4232 800,4232 798,4231 798,4230 797,4228 796,4228 794,4227 794,4184 794,4183 416,4183 413,4181 413,4180 413,4179 400,4179 399,4179 399,4178 397,4175 396,4175 395,4175 395,4174 390,4168 382,4168 380,4167 380,4159 378,4156 377,4156 376,4156 376,4151 375,4149 374,4149 372,4148 372,4147 372,4146 371,4145 370,4145 368,4144 368,4110 369,4109 369,4108 370,4107 375,4107 376,4106 376,4102 382,4096 386,4096 395,4087 395,4086 396,4085 401,4085 402,4084 402,4083 404,4081 413,4081 413,4081 413,4080 416,4077 1299,4077 1299,4077 1299,4038 1301,4036 1302,4036 1303,4035 1303,4030 1305,4028 2750,4028 2750,4028 2750,4027 2753,4024 3057,4024 3057,4024 3057,4010 3058,4009 3058,4010 3058,4028 3059,4028 3077,4028 3079,4031 3079,4032 3080,4032 3081,4032 3082,4034 3082,4035 3084,4036 3089,4036 3090,4038 3090,4077 3091,4077 3145,4077 3146,4079 3146,4088 3147,4088 3171,4088 3173,4091 3173,4167 3175,4168 3176,4168 3176,4169 3176,4171 3175,4172 3174,4172 3173,4173 3173,4174 3172,4175 3160,4175 3157,4178 3157,4179 3157,4179 3042,4179 3041,4180 3041,4186 3041,4186 3040,4186 3039,4187 3038,4187 3037,4188 3037,4190 3037,4190 2405,4190 2404,4191 2404,4257 2403,4258 2402,4258 2401,4259"/><TextEquiv index="1"><Unicode>encore nuit; le temps s'étoit</Unicode></TextEquiv></TextLine><TextLine id="r0_l016"><Coords points="1937,4510 1936,4510 1936,4489 1936,4488 683,4488 681,4487 681,4482 681,4481 348,4481 346,4480 346,4305 346,4304 299,4304 297,4303 297,4271 297,4270 288,4270 287,4269 286,4269 285,4269 285,4268 288,4265 289,4265 289,4265 289,4264 291,4262 292,4262 293,4261 293,4260 295,4258 304,4258 305,4257 308,4257 308,4258 308,4259 309,4259 2400,4259 2400,4260 2400,4281 2401,4281 2942,4281 2943,4283 2943,4284 2944,4284 2945,4284 2946,4285 2969,4285 2969,4286 2969,4330 2970,4330 3055,4330 3056,4332 3056,4333 3057,4333 3140,4333 3141,4334 3142,4334 3143,4336 3143,4337 3144,4337 3149,4337 3150,4339 3150,4340 3152,4341 3157,4341 3157,4342 3157,4343 3158,4344 3158,4348 3160,4349 3161,4349 3161,4350 3161,4405 3161,4405 3160,4405 3158,4407 3158,4411 3156,4413 3155,4413 3154,4414 3154,4415 3152,4417 3151,4417 3150,4418 3150,4419 3145,4424 3137,4424 3135,4426 3135,4427 3134,4428 2767,4428 2766,4429 2766,4430 2764,4432 2710,4432 2709,4433 2709,4480 2708,4481 2707,4481 2706,4482 2705,4483 2705,4484 2705,4484 1941,4484 1940,4485 1940,4510 1940,4510"/><TextEquiv index="1"><Unicode>éclairci, &amp; l'on voyoit briller les</Unicode></TextEquiv></TextLine><TextLine id="r0_l017"><Coords points="2643,4756 2642,4755 1488,4755 1487,4755 1487,4734 1487,4733 777,4733 776,4733 776,4732 775,4731 775,4678 775,4677 401,4677 398,4675 398,4674 398,4673 389,4673 388,4673 388,4672 386,4669 382,4669 372,4660 372,4656 371,4654 370,4654 369,4654 369,4653 368,4652 368,4644 368,4643 367,4643 365,4642 365,4610 366,4609 367,4609 369,4607 369,4606 370,4605 371,4605 372,4604 372,4603 374,4601 375,4601 376,4600 376,4599 377,4598 378,4598 380,4596 380,4591 381,4590 386,4590 387,4589 387,4588 389,4586 394,4586 395,4585 395,4584 397,4582 406,4582 406,4582 406,4573 408,4571 409,4571 410,4570 410,4565 411,4564 412,4564 414,4562 414,4550 416,4548 417,4548 417,4548 417,4543 419,4541 420,4541 421,4540 421,4535 422,4534 423,4534 425,4532 425,4531 426,4530 427,4530 429,4528 429,4527 430,4526 670,4526 670,4526 670,4523 671,4522 1937,4522 1937,4522 1937,4519 1937,4518 302,4518 300,4517 300,4516 300,4515 299,4515 297,4514 297,4512 298,4511 299,4511 301,4509 301,4508 302,4507 307,4507 308,4509 308,4510 309,4510 1942,4510 1943,4511 1944,4511 1944,4512 1944,4529 1945,4529 3062,4529 3063,4531 3063,4578 3064,4578 3122,4578 3124,4581 3124,4582 3125,4582 3130,4582 3131,4584 3131,4585 3133,4586 3134,4586 3135,4588 3135,4589 3137,4590 3142,4590 3142,4591 3142,4592 3143,4593 3145,4594 3146,4594 3146,4595 3146,4600 3148,4601 3149,4601 3150,4603 3150,4649 3149,4650 3148,4650 3146,4652 3146,4657 3145,4658 3144,4658 3142,4660 3142,4661 3142,4661 3141,4661 3139,4663 3139,4664 3138,4665 3137,4665 3135,4667 3135,4668 3134,4669 3129,4669 3128,4670 3128,4671 3126,4673 3118,4673 3116,4675 3116,4676 3116,4676 3021,4676 3020,4677 2903,4677 2901,4679 2901,4680 2901,4680 2650,4680 2649,4681 2649,4751 2648,4752 2646,4752 2645,4753 2645,4755 2644,4756"/><TextEquiv index="1"><Unicode>étoiles. Elle s'eſt appuyée contre</Unicode></TextEquiv></TextLine><TextLine id="r0_l018"><Coords points="885,4997 884,4997 884,4972 884,4971 310,4971 308,4970 308,4968 308,4967 306,4967 304,4966 304,4964 304,4963 302,4963 301,4963 301,4962 299,4960 299,4959 298,4959 297,4959 297,4957 299,4955 884,4955 884,4955 884,4923 884,4922 643,4922 642,4921 419,4921 417,4920 417,4919 417,4918 363,4918 361,4917 361,4784 363,4782 375,4782 376,4781 376,4780 378,4778 379,4778 380,4777 380,4776 381,4775 382,4775 383,4774 391,4774 391,4774 391,4773 393,4771 1484,4771 1484,4771 1484,4757 1485,4756 1486,4756 1487,4755 1490,4755 1490,4756 1490,4759 1491,4759 1498,4759 1499,4761 1499,4774 1500,4774 3073,4774 3075,4777 3075,4778 3076,4778 3077,4778 3078,4780 3078,4781 3079,4782 3079,4827 3080,4827 3141,4827 3143,4830 3143,4831 3144,4831 3149,4831 3150,4833 3150,4834 3152,4835 3161,4835 3161,4836 3161,4837 3164,4839 3165,4839 3165,4840 3165,4841 3167,4842 3171,4842 3173,4845 3173,4849 3175,4850 3176,4850 3176,4851 3176,4852 3179,4854 3180,4854 3180,4855 3180,4906 3180,4906 3175,4906 3173,4908 3173,4909 3172,4910 3171,4910 3169,4912 3169,4913 3168,4914 3167,4914 3165,4916 3165,4917 3164,4918 3159,4918 3158,4919 3158,4920 3156,4922 3144,4922 3142,4924 3142,4925 3142,4925 3015,4925 3014,4926 3014,4974 3014,4974 3013,4974 3011,4976 3011,4977 3010,4978 893,4978 892,4979 892,4993 892,4993 891,4993 889,4995 889,4996 888,4997"/><TextEquiv index="1"><Unicode>la croiſée, &amp; a tenu la vue fixée</Unicode></TextEquiv></TextLine><TextLine id="r0_l019"><Coords points="279,4998 3174,4998 3174,5232 279,5232"/><TextEquiv index="1"><Unicode>ſur la plaine: elle marquoit un</Unicode></TextEquiv></TextLine><TextLine id="r0_l020"><Coords points="28,5502 27,5501 26,5501 25,5501 25,5473 25,5472 19,5472 18,5473 18,5475 17,5476 16,5476 14,5478 14,5479 14,5479 11,5479 10,5479 10,5477 11,5476 12,5476 13,5475 14,5475 14,5475 14,5338 16,5336 365,5336 365,5336 365,5319 367,5317 368,5317 368,5317 368,5316 371,5313 372,5313 372,5313 372,5312 374,5310 386,5310 387,5309 387,5308 389,5306 768,5306 768,5306 768,5259 770,5257 771,5257 771,5257 771,5256 774,5253 821,5253 821,5253 821,5251 823,5249 838,5249 840,5252 840,5253 841,5253 929,5253 930,5255 930,5256 932,5257 2184,5257 2185,5259 2185,5261 2186,5261 2407,5261 2408,5263 2408,5264 2409,5264 2470,5264 2472,5267 2472,5268 2473,5268 2474,5268 2475,5270 2475,5271 2476,5272 2476,5283 2477,5283 2859,5283 2860,5285 2860,5286 2862,5287 2863,5287 2863,5288 2863,5314 2864,5314 2882,5314 2883,5316 2883,5325 2884,5325 3078,5325 3078,5326 3078,5327 3081,5329 3085,5329 3090,5335 3090,5343 3092,5344 3093,5344 3093,5345 3093,5346 3094,5347 3094,5366 3095,5366 3164,5366 3165,5368 3165,5373 3166,5373 3167,5373 3169,5376 3169,5377 3168,5378 3167,5378 3165,5380 3165,5384 3164,5385 3113,5385 3112,5386 3112,5396 3113,5396 3477,5396 3478,5398 3478,5400 3478,5400 3476,5400 3474,5402 3474,5404 3474,5404 3113,5404 3112,5405 3112,5419 3112,5419 3053,5419 3052,5420 3052,5471 3051,5472 34,5472 33,5473 33,5498 33,5498 31,5498 29,5500 29,5502 29,5502"/><TextEquiv index="1"><Unicode>peu d'émotion, quand elle enten-</Unicode></TextEquiv></TextLine><TextLine id="r0_l021"><Coords points="2861,5743 2860,5743 2860,5742 2858,5739 2857,5739 2856,5739 2856,5738 2856,5737 1904,5737 1903,5737 1903,5729 1903,5728 1896,5728 1895,5728 1895,5727 1895,5726 655,5726 654,5725 652,5725 651,5725 651,5669 651,5668 27,5668 25,5667 25,5666 26,5665 26,5502 27,5501 425,5501 425,5501 425,5500 427,5498 439,5498 440,5497 440,5496 441,5495 442,5495 443,5494 454,5494 455,5496 455,5498 456,5498 827,5498 828,5500 828,5502 829,5502 1578,5502 1578,5503 1578,5509 1579,5509 3047,5509 3048,5511 3048,5512 3049,5513 3050,5513 3051,5513 3052,5515 3052,5570 3053,5570 3055,5570 3056,5572 3056,5573 3057,5573 3058,5573 3060,5576 3060,5577 3061,5577 3062,5577 3063,5579 3063,5580 3065,5581 3066,5581 3067,5583 3067,5600 3068,5600 3161,5600 3161,5601 3161,5602 3162,5603 3162,5626 3163,5626 3345,5626 3346,5628 3346,5630 3346,5630 3344,5630 3343,5631 3343,5632 3342,5633 3342,5634 3342,5634 3087,5634 3086,5635 3086,5656 3086,5656 3085,5656 3082,5659 3082,5660 3082,5660 3077,5660 3074,5663 3074,5664 3074,5664 3046,5664 3045,5665 3045,5731 3044,5732 2868,5732 2867,5733 2867,5739 2867,5739 2866,5739 2864,5741 2864,5742 2863,5743"/><TextEquiv index="1"><Unicode>doit les pas de quelques voya-</Unicode></TextEquiv></TextLine><TextLine id="r0_l022"><Coords points="2043,5988 2042,5988 2042,5987 2040,5984 2039,5984 2038,5984 2038,5974 2038,5973 1874,5973 1872,5972 1872,5955 1872,5954 389,5954 387,5953 387,5952 387,5951 379,5951 378,5950 377,5950 376,5950 376,5949 375,5947 374,5947 372,5946 372,5925 372,5924 19,5924 18,5924 18,5922 20,5920 21,5920 21,5920 21,5919 24,5916 285,5916 285,5916 285,5730 287,5728 651,5728 651,5728 651,5726 652,5725 654,5725 655,5727 655,5737 656,5737 1921,5737 1921,5738 1921,5743 1922,5743 3040,5743 3041,5745 3041,5746 3042,5747 3043,5747 3044,5747 3044,5748 3044,5749 3045,5750 3045,5751 3046,5751 3048,5751 3048,5752 3048,5818 3049,5818 3152,5818 3154,5821 3154,5822 3155,5822 3160,5822 3161,5824 3161,5825 3163,5826 3164,5826 3165,5828 3165,5829 3167,5830 3172,5830 3173,5832 3173,5833 3174,5833 3175,5833 3176,5835 3176,5883 3177,5883 3527,5883 3527,5884 3527,5886 3527,5886 3526,5886 3525,5887 3523,5889 3523,5890 3523,5890 3309,5890 3308,5891 3308,5984 3307,5985 3306,5985 3305,5986 3305,5987 3304,5988"/><TextEquiv index="1"><Unicode>geurs. Elle s'eſt promenée dans</Unicode></TextEquiv></TextLine><TextLine id="r0_l023"><Coords points="648,7768 1549,7768 1549,7893 648,7893"/><TextEquiv index="1"><Unicode>L</Unicode></TextEquiv></TextLine></TextRegion></Page></PcGts>