4266 7856
840 895 3948 1206 ſa chambre; elle s'eſt aſſiſe; elle
836 1192 3974 1439 a fait faire du feu, a pris un livre,
889 1429 3967 1679 l'a quitté ſur le champ, a fait
1139 1674 3967 1925 ſervir ſon déjeûner, s'eſt levée
1132 1921 3959 2168 ſans y avoir touché, & s'eſt re-
1117 2163 3967 2392 miſe à la fenêtre où elle a regardé
1173 2407 3970 2648 les premieres approches de l'au-
1173 2647 3952 2875 rore. Tout cela ſe paſſoit en ſi-
1170 2909 3971 3126 lence: elle ne parloit que pour
1170 3156 3968 3358 me donner ſes ordres. Quand le
1170 3403 3953 3634 premier coup de la meſſe a ſonné,
1170 3634 3968 3863 elle a pâli; elle s'eſt fait apporter
1170 3896 3968 4091 un verre d'eau, & ſa main trem-
1069 4143 3956 4357 bloit en le prenant. J'imaginois
1170 4386 3964 4599 bien qu'elle étoit fortement oc-
1174 4641 3964 4843 cupée de quelqu'idée extraordi-
1170 4861 3964 5108 naire, & je me promettois de la
1189 5119 3971 5333 ſurveiller exactement pendant la
1178 5351 3964 5583 journée. En rapprochant les cir-
1181 5609 3949 5856 conſtances de la veille, je me
