4266 7793
753 793 3896 1041 out - à - coup j'entends des cris
802 1041 3896 1287 affreux; j'entends dire Mademoi-
1035 1279 3900 1530 ſelle eſt morte! & ces mots rou-
1076 1500 4184 1771 loient comme un tonnerre dans
1127 1771 3899 2015 la maiſon. Un domeſtique vient à
1113 2010 3899 2245 moi; il ne peut parler: j'arran-
1095 2246 3908 2495 geois la coëffure de Mademoiſelle
739 2501 3900 2743 Charlotte; je la quitte & je m'é-
1150 2752 3900 2986 lance à travers la cour: c'étoit
1150 2980 3899 3214 une confuſion épouvantable; on
1146 3238 3897 3469 alloit de côté & d'autre; on ſe
1146 3463 3888 3698 pouſſoit; on crioit; on pleuroit:
1142 3714 3908 3950 j'interrogeois; perſonne ne pou-
1153 3970 3899 4181 voit me répondre. Je trouve un
1146 4210 3897 4421 vieux domeſtique qui étoit ren-
1105 4436 3903 4670 verſé par terre & qui s'arrachoit
1106 4664 3888 4891 les cheveux; je lui parle; il me
1151 4896 3889 5139 montre l'Egliſe; je cours; je me
1150 5157 3889 5370 jette au milieu de la foule qui
1142 5385 3897 5632 aſſiégeoit la porte; j'arrive juſqu'à
