4266 7900
-14 957 3158 1237 l'autel.... O Monſieur! ô mon
-14 1237 3165 1485 maître! quel objet! je vois ma
-13 1474 3161 1729 maîtreſſe; je la vois étendue ſur
-13 1703 3165 1978 le marche-pied de l'autel, la tête
-12 1943 3173 2204 appuyée ſur les genoux de M.
-12 2198 3173 2462 Faldoni qui étoit couché ſur le
-11 2460 3169 2716 côté, & enveloppé dans un man-
-11 2691 3180 2963 teau. Chacun d'eux avoit un piſ-
-10 2951 3176 3211 tolet attaché au poignet du bras
-10 3203 3188 3464 droit par un nœud de ruban: ils
-9 3452 3177 3709 étoient ſans doute convenus d'un
-9 3684 3173 3955 ſignal pour tirer les deux coups
-8 3926 3177 4205 au même inſtant. Mademoiſelle
-7 4195 3180 4448 avoit l'épaule caſſée, & reſpiroit
-7 4416 3188 4690 encore. M. Faldoni avoit le cœur
-6 4666 3180 4951 percé. Comme j'entrois, Made-
-6 4900 3188 5177 moiſelle Charlotte accourt; on
-5 5155 3180 5425 veut l'écarter: mais elle ſe débat
-5 5417 3180 5675 avéc violence & arrive juſqu'au-
10 5649 3519 5939 près de ſa ſœur. Ah! ſi vous l'aviez
