4266 7900
1996 652 2797 927 a.
749 885 4309 1447 eeeoe e eea a
1085 1427 4305 1701 une chaiſe, & eſt allé chercher
1107 1669 4290 1924 M. le Curé. Mon dieu! que va-
1111 1915 4302 2199 t-il dire quand il ſaura la mort de
824 2170 4283 2419 ſa filleule! c'eſt une déſolation!
903 2426 4269 2651 par-tout on n'entend que des ſan-
1069 2651 4297 2923 glots: tous ces payſans dont elle
1050 2905 4296 3172 ſoulagéoit la miſere, viennent ſe
941 3153 4294 3412 mettre à genoux à la porte de
1054 3384 4293 3677 l'Egliſe, & ils pleurent en levant
1069 3654 3939 3906 leurs mains vers le ciel. Les me-
1051 3911 4289 4156 res, les enfans, les vieillards,
862 4153 4288 4406 tout eſt proſterné: la cour paroît
881 4383 4286 4656 comme un temple: jamais je n'ai
1042 4623 3619 4900 rien vu de plus touchant.
2400 5036 3468 5240 Le lundi.
1036 5279 4280 5583 M. le Curé eſt arrivé hier au
873 5502 4278 5836 ſoir; il a beaucoup pleuré: il dit
