4266 7900
1480 704 2028 892 .
13 955 3228 1225 que ce coup le fera mourir: il
10 1225 3121 1457 ne ceſſe d'appeller ſes enfans: il
14 1457 3122 1697 a paſſé la nuit auprès d'eux à prier
14 1703 3124 1944 & à gémir. Ils ſont expoſés dans
10 1948 3128 2155 la ſalle baſſe: M. le Curé vou-
10 2208 3135 2449 droit qu'ils fuſſent mis dans le
323 2438 3143 2690 même cercueil; mais M. le Che-
331 2694 3272 2942 valier n'y conſent pas. La foule
346 2930 3140 3164 eſt toujours la même: on entre
10 3193 3166 3418 dans la ſalle par une porte, &
21 3425 3165 3683 on ſort par une autre. Il n'a pas
10 3667 3162 3923 été poſſible de refuſer cette grace
10 3922 3444 4165 à tant de pauvres gens qui ne vou-
361 4160 3154 4394 loient que voir un inſtant leur
10 4423 3159 4647 bienfaitrice. Nous ſommes tous
10 4676 3241 4918 plongés dans la douleur. Made-
10 4896 3184 5136 moiſelle Charlotte eſt au lit avec
14 5152 3185 5364 une fiévre ardente. M. le Curé a
10 5401 3174 5628 de la peine à ſe ſoutenir; il répete
395 5645 3176 5872 toujours qu'il ne vivra pas long-
