4266 7900
19 1055 3113 1303 eſt à une demi - lieue d'ici.... je
15 1303 3087 1504 viens de rendre les derniers de-
286 1557 3095 1783 voirs à ma maîtreſſe. O Dieu! ayez
11 1783 3181 2028 pitié d'elle! j'ai pleuré en la cou-
11 2046 3113 2280 vrant de ſon linceuil, & le cœur
289 2290 3116 2533 m'a manqué. Si douce, ſi char-
300 2524 3116 2777 mante, & dans la fraîcheur de la
297 2772 3516 3024 jeuneſſe! ſes traits étoient encore
305 3025 3178 3245 beaux, malgré la mort violente
22 3283 3098 3502 qu'elle avoit ſoufferte. Sa joue
316 3531 3105 3765 s'étoit poſée ſur mon épaule, &
312 3746 3538 4012 avoit un peu de couleur. J'ai oſé
18 3979 3493 4262 la baiſer, & je lui ai dit adieu avec
312 4243 3210 4503 un ſerrement inexprimable. M. le
18 4480 3395 4748 Chevalier, en la voyant ſur ſon
331 4746 3508 4991 lit, fondoit en larmes: il diſoit
18 4989 3516 5239 qu'il ſerappelleroit éternellement
342 5231 3124 5486 l'union de leur enfance & leurs
349 5458 3297 5747 premieres tendreſſes. Il a coupé
10 5724 3116 6003 une boucle de ſes cheveux, &
