4266 7900
2164 667 2880 935 ao
1122 975 3994 1205 s'eſt retiré pour donner un libre
1129 1182 3949 1443 cours à ſa douleur.... Hélas!
957 1474 3943 1704 voilà qui eſt fini! nous ne la ver-
1127 1726 3954 1956 rons plus! ſa nourrice eſt ici;
904 1960 4007 2197 elle crie: moi qui l'ai vu naître!
1118 2196 3964 2442 qui l'ai nourrie de mon lait! &
915 2438 3923 2687 elle ſe frappe le ſein; ſa douleur
1054 2680 3945 2943 arrache des larmes à tous ceux
1006 2951 2571 3174 qui la voyent.
2348 3268 3637 3521 Mardi matin.
1081 3579 3908 3896 Le château eſt déſert; il n'y a
1013 3876 3904 4168 plus ici que les femmes. Nous
821 4118 3904 4385 nous ſommes renfermées pour
1100 4385 3896 4627 pleurer; j'ai les yeux inondés:
1100 4616 3896 4861 vous le verrez par l'état de ce
1111 4865 3893 5115 papier. Quand on a été ſur le
1107 5104 3889 5353 point d'enlever les corps, M. le
1112 5354 3901 5592 Curé s'eſt approché; pluſieurs
1107 5591 3915 5860 Gentilshommes du voiſinage atti-
3336 5839 3894 6031 rés
