4266 7629
2174 682 2788 915 e.
1119 969 3865 1213 mens au milieu de ce chant lu-
1170 1231 3851 1453 gubre: il ſembloit que chacun
1173 1453 3865 1676 eût perdu ſa ſœur ou ſon frere.
1109 1704 3854 1913 Quand le convoi s'eſt mis en mar-
1105 1930 3850 2160 che au ſon des cloches de la pa-
1101 2167 3851 2401 roiſſe, & que le char funèbre a
1102 2401 3851 2623 retenti ſur le pavé de la cour,
1163 2670 3847 2874 une voix plaintive eſt partie des
1112 2881 3850 3123 fenêtres du château: c'étoit Ma-
1118 3122 3853 3357 demoiſelle Charlotte qui avoit
1108 3354 3850 3596 ſollicité la grace de voir ſa ſœur
1104 3584 3846 3824 pour la derniere fois; elle lui
1165 3824 3849 4061 tendoit les bras: on l'a prompte-
1104 4060 3846 4298 ment reportée dans ſon lit. Ces
781 4296 3853 4517 deux cercueils entourés de flam-
1104 4513 3846 4758 beaux, ce vénérable Prêtre qui a
1129 4754 3839 4986 voulu les ſuivre à pied & qui ſe
1166 4987 3833 5221 traînoit à peine ſur ſon bâton, ce
1090 5227 3835 5462 cortége en deuil & tout ce peu-
1133 5458 3824 5684 ple qui gémiſſoit, formoient la
