4266 7703
444 1030 3255 1252 vous auriez répandu ſur mes der-
444 1278 3251 1435 niers inſtans le trouble & l'in-
448 1507 3237 1722 quiétude; & moi j'aurois affligé
448 1751 3142 1944 mon ami; j'aurois vu ſa douleur:
444 1998 3222 2195 il vaut mieux ſe quitter ſans ſe
455 2228 3160 2385 dire adieu. C'eſt la ſeule fois où
451 2472 3426 2691 j'ai pu fuir vos regards. Mainte-
455 2698 3171 2920 nant je dépoſe dans votre ſein ce
458 2940 3192 3177 fatal aveu, parce que je ne ſuis
458 3173 3250 3399 plus; au moment où vous l'ap-
466 3422 3171 3630 prenez, je deſcends dans la tombe;
462 3662 3186 3866 ſi pourtant les hommes qui ont
462 3903 3197 4114 tourmenté ma vie me laiſſent une
466 4128 3193 4340 pierre pour repoſer ma tête! s'ils
473 4361 3204 4573 me la refuſent, j'implore votre
469 4591 3200 4791 humanité. Qu'on me jette au fond
106 4834 3258 5039 de quelque ſolitude abandonnée,
480 5071 3262 5275 loin du fanatique inſultant qui
488 5311 3240 5540 fouleroit ma cendre avec dédain,
134 5540 3269 5778 & puiſſé-je y repoſer auprès de
2490 5792 2789 6000 L
