4266 7610
929 854 3836 1104 que je veux ceſſer de vivre? Mais
1090 1093 3804 1319 j'aime à revenir ſur la penſée con-
1087 1345 3791 1549 ſolante de mon immortalité: j'ai-
1091 1588 3813 1799 me à croire qu'il eſt un autre
1087 1824 3798 2028 monde où le pere inhumain meur-
1093 2052 3787 2275 trier de ſes enfans ſubira les ſu-
1090 2274 3790 2499 plices de l'enfer, où la douce &
1091 2525 3795 2733 timide colombe déchirée par ce
1080 2761 3795 2958 vautour, ſe refugiera dans le ſein
1083 3000 3795 3208 du pere de la nature & recevra
1091 3226 3781 3444 de lui le prix de l'innocence, où
1084 3465 3791 3670 deux amans perſécutés trouveront
1087 3694 3791 3898 un aſyle contre les loix féroces
1087 3930 3777 4142 & les vils préjugés des hommes.
1084 4166 3784 4377 O mon ami! qu'il en coûte peu
1073 4377 3780 4603 de quitter la vie quand on ſonge
1087 4624 3780 4840 à l'éternité! Je ne conçois pas
1098 4840 3773 5057 ces philoſophes qui s'attachent à
1094 5086 3773 5293 détruire la plus chere eſpérance
883 5314 3777 5540 du malheureux, en lui préſentant
2489 7428 3366 7568 L
