4266 7672
1053 854 4111 1093 être ſeroit le même individu qui
1064 1111 4119 1343 exiſte à mille lieues de moi!
1042 1361 4126 1563 Quoi! vous convenez que je
1057 1603 3793 1813 penſe & vous me refuſez la fa-
1064 1838 3800 2063 culté de penſer! La cauſe de mes
1049 2070 4137 2283 idées, dites-vous, n'eſt que l'im-
1053 2298 3796 2522 preſſion des objets ſur mes orga-
1057 2540 3796 2758 nes! hommes en délire! portez
1057 2783 3804 2949 loin de moi vos rêves téméraires!
1064 3011 3800 3232 j'approfondis ma penſée; je la
1067 3253 3800 3471 compare avec l'objet; je doute;
1060 3489 3807 3688 je me détermine; je choiſis:
1060 3738 3793 3945 toutes ces opérations ne peuvent
1064 3963 4184 4180 convenir qu'à un être ſimple &
1057 4216 3782 4412 ſans étendue. Pourriez-vous par-
1050 4444 3786 4643 tager une réflexion, diviſer un
1060 4672 3796 4885 acte de jugement ou de volonté,
1075 4907 3785 5070 concevoir ſous l'idée de l'étendue
1075 5146 3785 5345 & du mouvement, l'ordre, la
1067 5392 3785 5617 vertu, les qualités morales, les
