4266 7751
1409 664 2051 862 .
319 906 3229 1130 attributs métaphiſiques? Il eſt
315 1166 3133 1361 donc évident que les facultés de
312 1405 3063 1618 l'eſprit n'appartiennent pas à la
315 1654 1123 1823 matiere.
506 1882 3118 2102 Mais pourquoi m'arrêter à com-
312 2135 3115 2341 battre une chimere? L'eſprit
315 2374 3064 2583 éprouve à la fois des impreſſions
315 2608 3060 2810 diverſes; il les diſtingue, les
323 2839 3104 3064 compare & les juge: il s'élance
304 3096 3100 3298 au milieu des idées abſtraites,
297 3335 3089 3540 univerſelles, métaphiſiques; il
308 3577 3089 3786 connoit le paſſé, prévoit l'avenir,
297 3819 3357 4028 rapproche les temps, meſure les
294 4061 3096 4263 diſtances, voyage dans l'infini &
301 4296 3085 4509 porte dans le vaſte champ des
301 4538 3067 4758 vérités, le flambeaude l'analyſe.
290 4758 3078 4975 Quel flux de contrariétés l'agite!
301 5011 3067 5224 il veut; il ne veut pas; il loue
312 5253 3071 5463 dans un moment ce qu'il blâme
40 5488 3063 5701 dans un autre; il eſt tantôt gai,
