4266 7751
392 951 3170 1230 vers la terre, & la raiſon qui
385 1230 3115 1469 nous éleve au - deſſus de nous-
378 1469 3107 1708 mêmes, cet être double qui nous
388 1707 3158 1962 conſtitue, toutes ces preuves écla-
380 1951 3114 2145 tantes ſe réuniſſent, comme dans
381 2183 3152 2399 un foyer lumineux, pour me con-
370 2425 3107 2627 vaincre qu'une matiere aveugle
374 2663 3148 2880 & ſourde n'eſt pas le principe qui
370 2916 1354 3064 nous anime.
447 3151 3177 3309 Me voilà donc aſſuré de la
363 3379 3152 3592 ſpiritualité de mon ame: je ſais
337 3621 3100 3841 auſſi qu'un eſprit n'eſt ſuſceptible
348 3863 3104 4061 ni d'accroiſſement, ni d'altération
348 4108 3158 4333 du partie, ni de diſſolution: ainſi
54 4329 3341 4552 j'ai fait un grand pas vers la con-
349 4575 3152 4773 noiſſance de ſon immortalité. C'eſt
51 4806 3086 5019 ici que la main de Dieu baiſſe un
352 5063 3078 5268 rideau ſur la nature; c'eſt ici qu'il
352 5301 3129 5526 me dit comme à l'océan qui cou-
356 5526 3130 5764 vre ſes rivages; tu n'iras pas plus
