4266 7713
2321 659 2915 853 a
1224 929 3972 1159 Si quelque doute entroit dans
1206 1159 3972 1377 mon cœur, je me proſternerois
1231 1406 3964 1638 aux pieds du ſouverain Maître; je
1264 1638 3961 1855 lui dirois: pere de la nature! je
1257 1887 3957 2102 ſais que tu peux détruire ton ou-
1239 2132 3957 2325 vrage & que toi ſeul domines
1246 2365 3943 2543 au-deſſus des ſiecles. Cette mul-
1235 2616 3942 2817 titude d'inſtans fugitifs que nous
1224 2853 3924 3061 appellons le temps, n'eſt qu'un
1212 3085 3912 3311 point de ta durée: l'univers ſe
1209 3304 3912 3534 perd dans ton immenſité, & les
1199 3567 3902 3790 atômes diſperſés comme des grains
1191 3807 3891 3990 de ſable ſur cet amas de boue,
1191 4044 3884 4263 n'ont pas le droit de prétendre
1184 4277 3880 4449 aux brillans attributs de ton eſ-
1122 4503 3873 4704 ſence: mais ſous l'empire d'un
1173 4740 3862 4937 Dieu juſte & bon, mon ame ſe
1166 4973 3848 5188 révolte contre la penſée du néant.
1166 5214 3837 5404 J'ai vu les inſtitutions humaines
1159 5447 3826 5651 détruire l'harmonie des êtres,
