4266 7701
2126 638 3271 891 a
1196 938 3980 1149 décrets eſt ſans meſure comme
1225 1199 4147 1403 leur équité. Si de nouvelles clar-
1050 1450 3962 1665 tés avoient pu m'aider à perfec-
1257 1693 3965 1908 tionner ma raiſon, ſi j'avois pu
1203 1930 3958 2133 devenir plus vertueux en étant
1177 2170 3958 2377 plus inſtruit, tu ne m'aurois point
1185 2391 3940 2613 caché ce qui pouvoit me rendre
1243 2646 3947 2853 meilleur: mais dans le crépuſ-
1246 2886 3936 3089 cule de cette vie, ne m'as-tu pas
1232 3126 3933 3344 donné la portion de lumiere qui
1225 3365 3929 3587 ſuffiſoit pour me conduire? Peut-
1163 3594 3925 3758 être as-tu voulu confondre l'or-
1221 3838 3918 4045 gueil de l'homme, quand tu l'en-
1166 4074 3918 4285 vironnas de myſteres, quand tu
1210 4317 3914 4529 fis de ſa propre nature un pro-
1079 4536 3911 4736 blême inexplicable. Juſqu'où l'a
1116 4764 3896 4975 porté le deſir curieux de ſe con-
1203 5004 3889 5201 noître! Que de rêveries ſont nées
1199 5241 3878 5448 dans le cerveau des Sophiſtes!
1152 5473 3882 5706 Que de temps ils ont perdu à
3035 5717 3889 5920 pourſuivre
