4266 7900
1733 822 2311 1018 6
602 1094 3423 1334 de ſuppoſer que la mort rompra
591 1342 3411 1591 tous les nœuds qui nous atta-
598 1577 3833 1811 choient à nos amis, & que ces
591 1835 3411 2059 objets ſi chers ſeront pour nous
564 2084 3415 2310 comme s'ils n'étoient plus. Avois-
586 2328 3415 2552 je beſoin de voir mon amante
587 2580 3425 2803 pour la diſtinguer dans un cercle?
584 2832 3407 3042 Un mouvement ſecret, un treſ-
583 3078 3407 3322 ſaillement involontaire ne m'an-
579 3310 3404 3561 nonçoit - il pas ſa préſence? &
564 3571 3400 3804 quand je l'attendois, n'avois - je
575 3825 3396 4053 pas de ſourds preſſentimens de
580 4073 3396 4299 ſon approche? Oui, cet inſtinct
587 4322 3396 4551 céleſte indépendant de nos orga-
576 4548 3400 4765 nes, eſt une modification eſſen-
568 4810 3377 5016 tielle à notre ame, & nous ne
568 5048 3377 5283 devons jamais le perdre. Oui, je
567 5303 3384 5534 me flatte, j'eſpere que le même
565 5565 3377 5787 attraituui rapprocha dans ce
572 5804 3461 6040 monde deux ames ſenſibles pourra
2619 6067 2984 6233 Ma
