4266 7764
905 1074 3664 1240 ſurvivre à la deſtruction de la
905 1324 3656 1479 matiere & ſe conſerver en elles
912 1556 3656 1725 comme la flamme élémentaire
897 1809 3656 2019 dont elles furent pénétrées. J'oſe
894 2056 3663 2266 préſumer que ſous les yeux du
890 2295 3660 2505 Bienfaiteur ſuprême, les nobles
894 2545 3653 2766 ſentimens qui nous animoient dans
908 2766 3649 2994 cette vie terreſtre pourront encore
897 3031 3653 3241 ſe reproduire, & c'eſt alors que
901 3270 3652 3487 dégagés de nos viles paſſions, ils
901 3513 3649 3726 brilleront de toute leur beauté
908 3763 3656 3969 originelle, tels qu'ils étoient éma-
894 4005 3167 4160 nés du ſein de leur auteur.
2273 4395 3200 4513 A neuf heures.
916 4671 3649 4877 Quelle nuit terrible! tous les
916 4914 3645 5105 vents ſont déchaînés! l'obſcurité,
923 5160 3645 5377 la pluie, la grêle, une inondation
919 5407 3641 5609 générale font de la nature une
927 5646 3645 5819 ſcène d'horreur! Je viens de ſortir
