4266 7900
1571 538 2171 739 (
466 756 3306 1054 Elle éclaire maintenant le boſquet
470 1041 3298 1278 dont j'ai pris poſſeſſion. Adieu,
463 1290 3302 1517 bel aſtre à qui je devois de ſi
474 1530 3309 1775 douces promenades! tu brilleras
470 1781 3317 2022 bientôt ſur le gazon de ma tom-
478 2037 3324 2266 be.... Je cherche des yeux le ber-
51 2291 3324 2526 ceau de Juſtine que Théreſe a
481 2533 3324 2766 viſité, le banc où elle s'eſt aſſi-
480 2778 3332 2995 ſe.... Tout eſt caché dans les té-
481 3019 3332 3267 nèbres..... Voilà comme je ſerai
38 3254 3340 3516 demain; enſeveli dans une nuit
493 3515 3347 3763 éternelle, froid, inſenſible!....
493 3750 3341 3990 L'univers changera de face; les
496 4016 3354 4238 empires ſe renouvelleront; les
504 4258 3591 4495 années, les ſiecles paſſeront ſur
504 4494 3444 4741 moi, & je ſerai toujours là! les
508 4743 3362 4969 roſſignols chanteront à mes côtés
508 4994 3358 5194 dans les nuits de mai; la fraîche
508 5242 3410 5481 haleine du matin ſoufflera ſur ma
530 5478 3772 5713 couche; le Printemps fera re-
2641 5737 3110 5945 M
