4266 7825
1514 565 2349 760 .
-1 808 3165 1033 cher un meilleur gîte: elle m'at-
-2 1051 3156 1261 tend.... Mais, grand dieu! ſi j'al-
-3 1254 3160 1513 lois m'abuſer! ſi je l'entraînois
-3 1540 3156 1749 dans d'éternelles douleurs! ſi au
-4 1739 3149 2008 lieu de cette félicité que j'eſpere,
-4 2024 3346 2272 je ne trouvois que des tourmens
-5 2271 3152 2505 illimités! Des tourmens! hom-
-5 2506 3161 2752 mes cruels! ils n'appartiennent
-5 2766 3153 2987 qu'à vous! Des tourmens! auprès
-6 3007 3160 3232 d'un Dieu de clémence! comment
-7 3248 3160 3502 peut - on aſſocier des choſes ſi
-8 3499 3152 3726 contraires! comment peut - on
-8 3733 3153 3960 concevoir l'auteur, l'ami, le con-
-9 3952 3153 4219 ſolateur de tous les êtres, affli-
-9 4218 3145 4514 geant deux innocentes créatures,
-10 4496 3164 4709 pour n'avoir pu réſiſter à leur mi-
-10 4683 3153 4954 ſere! Ah! ſi lui - même a paru
-11 4939 3153 5204 ſuccomber ſous le poids des ſouf-
-11 5177 3149 5457 frances de l'humanité, s'il a re-
-12 5449 3145 5757 pouſſé loin de lui le calice de la
