4266 7764
1021 852 3832 1076 douleur, eſt-ce à de foibles mor-
1040 1104 3789 1319 tels qu'il eſt poſſible de le boire
1032 1347 3799 1565 tout entier, & n'ont - ils pas le
1030 1593 3800 1822 droit de quitter furtivement le
1036 1835 3795 2045 banquet de la vie quand tous ſes
1037 2078 3803 2304 mets leur ſont amers? Il eſt vrai
1036 2316 3800 2533 que ſi j'avois pu former des nœuds
1026 2562 3792 2756 chéris, ils m'auroient fait aimer
1036 2800 3789 3007 l'exiſtence: mais ces hommes que
1041 3043 3789 3260 vous appellez mes ſemblables,
1036 3271 3789 3497 je m'en ſuis vu repouſſé, mépriſé,
1033 3522 3792 3743 couvert d'opprobre; & vous vou-
948 3754 3800 3987 lez que je les ſupporte, moi, vil
1036 4003 3791 4226 rebut de ce vil troupeau! Non,
1021 4258 3792 4471 mon ami! non! plus de commerce
1040 4497 3800 4704 avec eux! nous ne pouvons reſter
1044 4722 3796 4940 ſur la même terre; & puiſqu'ils
1051 4961 3376 5185 vſont, il faut que je parte.
