4266 7836
1282 425 2486 645 a
1192 823 3391 1044 Dimanche, à ſix heures du matin.
688 1132 3401 1397 Je ſors d'un repos frais & tran-
480 1393 3267 1642 quille: en m'éveillant j'ouvre ma
476 1638 3274 1888 fenêtre pour voir le ciel: quelle
481 1889 3283 2129 ſérénité! comme il eſt pur! l'o-
480 2128 3405 2382 rage s'eſt diſſipé; mais mon cœur
487 2377 3282 2627 eſt encore le même! Je vois pa-
476 2621 3289 2865 roître l'étoile du matin: elle va
481 2888 3413 3097 me guider vers un rendez-vous,
476 3125 3278 3363 hélas! bien différent de ceux où
472 3360 3349 3602 tant de fois elle m'a conduit....
480 3602 3587 3849 Mon chien me careſſe.... pauvre
472 3842 3319 4088 animal! je le baiſe, & je pleure...
481 4089 3309 4308 Ami! je vous le laiſſe! il vous
481 4341 3316 4565 rappellera le ſouvenir de ſon maî-
476 4575 3513 4823 tre.... Mais le chant du coq ſe
480 4816 3331 5011 fait entendre; les travaux des
450 5063 3390 5311 hommes recommencent.... &les
495 5309 3498 5544 miens vont finir! Allons! prépa-
2444 5571 2787 5739 M
