4266 7701
1544 538 2079 723 aj
838 1002 3139 1206 RE LXV.
796 1417 2929 1635 Thérese à ſon Pere.
879 1813 2068 1999 Monsieur,
469 2225 3173 2406 Je vais vous faire entendre un
462 2460 3173 2679 langage que jamais aucune fille
465 2715 3158 2922 peut-être n'oſa tenir à ſon pere:
461 2944 3264 3158 mais je ſuis hors de toute regle,
469 3184 3278 3402 & mon infortune eſt ſans exemple.
461 3434 3275 3642 C'eſt de la région des morts que
447 3663 3158 3885 je vous parle: quand vous lirez
465 3917 3158 4129 cette lettre j'aurai repris mes
465 4154 3155 4369 droits; jene ſerai plus votre fille;
450 4383 3289 4605 je ne ſerai plus rien.... Homme
396 4623 3155 4826 inexorable.... mais pardon! Mon-
469 4852 3147 5059 ſieur! je me ſouviens encore que
487 5092 3147 5310 vous avez été mon pere, & je
490 5342 3242 5557 vous ſupplie de m'écouter! Vous
