4266 7900
2178 550 2797 743 (
1005 792 3915 1067 ne m'avez jamais aimée; je le dis
1118 1060 3911 1281 avec une amertume affreuſe, &
1119 1311 3911 1563 quand je repaſſe ſur toute ma
1111 1562 3904 1812 vie, je ne puis concevoir le mo-
1108 1828 3886 2043 tif de votre haine contre une en-
1104 2084 3897 2314 fant qui ne demandoit qu'à vous
1104 2314 3920 2559 chérir & qui faiſoit tout pour
1097 2559 3886 2805 mériter votre amour. Avec quelle
1093 2805 3882 3034 dureté vous me teniez éloignée
686 3057 3879 3283 de vous! Je ne pouvois vous voir
1082 3302 3875 3524 que rarement, & les jours où j'é-
961 3543 3867 3777 chappois de mon couvent pour
1040 3795 3962 4018 jouir des embraſſemens paternels
931 4044 3852 4271 étoient des jours de grace. Votre
920 4297 3845 4523 ſévérité ne vous quittoit pas même
1043 4533 3851 4776 dans ces douces étreintes où je
1047 4774 3843 5012 portois toute la tendreſſe filiale
783 5019 3832 5248 & l'extrême deſir de vous plaire.
783 5247 3972 5523 Vous ne receviez mes careſſes
1040 5523 3844 5760 qu'avec peine, & je ſortois de vos
