4266 7825
1441 655 2003 853 i
324 938 3075 1102 bras en verſant des larmes de dou-
320 1180 3191 1385 leur, comme d'autres filles quit-
320 1429 3075 1638 tent le ſein d'un pere avec des
324 1675 3079 1828 émotions délicieuſes & des lar-
316 1921 3075 2130 mes de volupté. Peut - être que
313 2163 3072 2390 mon eſprit frappé de l'idée de
305 2401 3072 2617 votre antipathie me rendoit plus
305 2640 3068 2818 ſenſible la froideur de cet accueil;
313 2882 3079 3098 mais j'en étois navrée. Lorſqu'en-
313 3120 3079 3325 fin ſortie du cloître où vous m'a-
48 3377 3079 3597 viez retenue depuis mon enfance,
312 3604 3079 3816 j'ai goûté la douceur de vivre
316 3853 3262 4081 ſous les yeux de mes parens, vos
316 4099 3083 4339 rigueurs ſe ſont accrues. Vous ne
51 4338 3086 4572 me parliez plus; vous me regar-
312 4567 3082 4783 diez rarement, & vos yeux n'a-
309 4810 3090 5034 voient point cette bonté que je
55 5017 3067 5291 leur déſirois. Vous n'étiez occupé
51 5289 3063 5509 que de mon frere; vous en faiſiez
48 5551 3064 5771 l'objet de vos affections, de vos
