<PcGts xmlns="http://schema.primaresearch.org/PAGE/gts/pagecontent/2017-07-15" xmlns:xsi="http://www.w3.org/2001/XMLSchema-instance" xsi:schemaLocation="http://schema.primaresearch.org/PAGE/gts/pagecontent/2017-07-15 http://schema.primaresearch.org/PAGE/gts/pagecontent/2017-07-15/pagecontent.xsd"><Metadata><Creator>User123</Creator><Created>2020-10-14T09:11:11</Created><LastChange>2020-10-14T09:11:11</LastChange></Metadata><Page imageFilename="0292.png" imageHeight="7682" imageWidth="4266"><TextRegion id="r0" type="paragraph" orientation="-0.0"><Coords points="1,1 4264,1 4264,7680 1,7680"/><TextLine id="r0_l001"><Coords points="1333,634 1880,634 1880,830 1333,830"/><TextEquiv index="1"><Unicode></Unicode></TextEquiv></TextLine><TextLine id="r0_l002"><Coords points="261,905 2941,905 2941,1065 261,1065"/><TextEquiv index="1"><Unicode>adoré de votre fille! J'allois au</Unicode></TextEquiv></TextLine><TextLine id="r0_l003"><Coords points="264,1144 2941,1144 2941,1344 264,1344"/><TextEquiv index="1"><Unicode>devant de cette tendreſſe que je</Unicode></TextEquiv></TextLine><TextLine id="r0_l004"><Coords points="261,1380 2941,1380 2941,1594 261,1594"/><TextEquiv index="1"><Unicode>n'ai jamais pu gagner; je faiſois</Unicode></TextEquiv></TextLine><TextLine id="r0_l005"><Coords points="257,1623 2948,1623 2948,1844 257,1844"/><TextEquiv index="1"><Unicode>tout pour l'acheter; ſi vous m'a-</Unicode></TextEquiv></TextLine><TextLine id="r0_l006"><Coords points="261,1854 2948,1854 2948,2050 261,2050"/><TextEquiv index="1"><Unicode>viez demandé de mourir, je vous</Unicode></TextEquiv></TextLine><TextLine id="r0_l007"><Coords points="253,2104 2941,2104 2941,2282 253,2282"/><TextEquiv index="1"><Unicode>aurois donné ma vie alors auſſi</Unicode></TextEquiv></TextLine><TextLine id="r0_l008"><Coords points="254,2340 2938,2340 2938,2546 254,2546"/><TextEquiv index="1"><Unicode>facilement que je la quitte, &amp;</Unicode></TextEquiv></TextLine><TextLine id="r0_l009"><Coords points="250,2582 2938,2582 2938,2785 250,2785"/><TextEquiv index="1"><Unicode>dans l'inſtant où en me preſſant</Unicode></TextEquiv></TextLine><TextLine id="r0_l010"><Coords points="246,2818 2934,2818 2934,2970 246,2970"/><TextEquiv index="1"><Unicode>avec douceur de céder à vos dé-</Unicode></TextEquiv></TextLine><TextLine id="r0_l011"><Coords points="239,3060 2937,3060 2937,3263 239,3263"/><TextEquiv index="1"><Unicode>ſirs vousme faiſiez ſentir pour la</Unicode></TextEquiv></TextLine><TextLine id="r0_l012"><Coords points="246,3296 2934,3296 2934,3499 246,3499"/><TextEquiv index="1"><Unicode>premiere fois le bonheur d'avoir</Unicode></TextEquiv></TextLine><TextLine id="r0_l013"><Coords points="243,3528 2938,3528 2938,3731 243,3731"/><TextEquiv index="1"><Unicode>un pere, une careſſe de plus, &amp;</Unicode></TextEquiv></TextLine><TextLine id="r0_l014"><Coords points="235,3752 2934,3752 2934,3955 235,3955"/><TextEquiv index="1"><Unicode>je ſuccombois à vos ſéductions;</Unicode></TextEquiv></TextLine><TextLine id="r0_l015"><Coords points="235,3991 2938,3991 2938,4198 235,4198"/><TextEquiv index="1"><Unicode>je m'abandonnois au ſacrifice</Unicode></TextEquiv></TextLine><TextLine id="r0_l016"><Coords points="243,4241 2934,4241 2934,4444 243,4444"/><TextEquiv index="1"><Unicode>odieux que vous me demandiez;</Unicode></TextEquiv></TextLine><TextLine id="r0_l017"><Coords points="232,4462 2912,4462 2912,4665 232,4665"/><TextEquiv index="1"><Unicode>je ſignois mon éternel malheur!</Unicode></TextEquiv></TextLine><TextLine id="r0_l018"><Coords points="239,4697 3173,4697 3173,4904 239,4904"/><TextEquiv index="1"><Unicode>Pourquoi donc m'avez-vous acca-</Unicode></TextEquiv></TextLine><TextLine id="r0_l019"><Coords points="243,4944 2927,4944 2927,5143 243,5143"/><TextEquiv index="1"><Unicode>blée de votre inimitié? Pourquoi</Unicode></TextEquiv></TextLine><TextLine id="r0_l020"><Coords points="243,5186 2912,5186 2912,5393 243,5393"/><TextEquiv index="1"><Unicode>tourmenter une foible victime qui</Unicode></TextEquiv></TextLine><TextLine id="r0_l021"><Coords points="65,5415 2905,5415 2905,5658 65,5658"/><TextEquiv index="1"><Unicode>ne pouvoit vous oppoſer que ſes</Unicode></TextEquiv></TextLine></TextRegion></Page></PcGts>