4266 7900
-2 1101 2947 1381 maudite.... O ciel! avez-vous pu
-2 1375 2947 1620 la prononcer cette horrible ma-
-3 1614 2948 1860 lédiction, ſans être glacé d'épou-
-3 1854 3383 2106 vante? O pere inhumain! vous
-4 2098 2943 2325 en voyez le fruit! votre miſéra-
-5 2322 2939 2599 ble enfant eſt perdue pour cette
-5 2600 2943 2846 vie & pour l'autre; un délire af-
-6 2839 2946 3090 freux m'a ſaiſie; je meurs; je me
-7 3090 2928 3327 précipite dans un abîme de maux:
-7 3354 2943 3586 mais il n'en eſt point d'égal à
-8 3586 2943 3832 ceux que vous m'avez cauſés.
-8 3819 2920 4079 Adieu, Monſieur! puiſſiez-vous
-8 4080 2944 4331 être heureux ſans trouble & ſans
-9 4325 2948 4578 remords! Quand vous vous ſou-
-9 4572 2948 4822 viendrez que vous aviez une fille,
-10 4816 3315 5085 je doute que votre cœur ſoit tran-
-10 5078 2955 5325 quille! il vous en reſte une en-
-11 5319 2954 5573 core, & c'eſt pour elle que je
-12 5566 2954 5811 vous conjure d'avoir au moins de
-13 5792 3271 6090 l'humanité ſi vous n'avez point
