4266 7803
2507 752 3030 982 S
1244 1038 4252 1296 d'entrailles! Je vous conjure à
1044 1311 4248 1522 genoux de ne la point faire mou-
1352 1559 4248 1767 rir! Ne traînez point toute votre
1359 1792 4245 2004 famille au tombeau! Songez que
1348 2044 4245 2248 le chagrin a conſumé les jours de
1352 2293 4100 2478 ma mere.... A ce nom chéri,
1352 2533 4096 2741 toutes mes plaies ſe renouvellent:
1348 2774 4108 2993 je me rappelle ſes ſoins, ſes
1341 3018 4111 3237 bontés, ſa conſtante amitié: elle
1326 3259 4104 3419 ſeule adouciſſoit en moi la dou-
1330 3511 4100 3722 leur de n'être pas aimée de mon
1341 3755 4096 3982 pere. Combien de fois elle a reçu
1348 4000 4093 4156 dans ſon ſein les larmes ameres
1348 4237 4089 4441 que vous me faiſiez verſer! Elle
1315 4478 4085 4678 y mêloit les ſiennes: elle me
1093 4707 4089 4930 conſoloit de l'excès de vos ri-
1333 4959 4104 5163 gueurs. Souvenez - vous, Mon-
1307 5200 4078 5411 ſieur, de ce jour où vous pûtes
1318 5444 4070 5656 vous oublier juſqu'à lever la main
1063 5674 4208 5860 ſur votre malheureuſe fille: ma
