4266 7610
1130 1044 3795 1234 fidele amie! combien je vous
837 1273 3791 1470 regrette! que de larmes j'ai ver-
1119 1502 3788 1730 ſées en ſongeant à cette ſépara-
1115 1729 3783 1969 tion! Mais on m'a tant fait ſout-
1116 1970 4066 2196 ſrir! j'étois ſi laſſe de vivre! il
976 2214 3780 2368 falloit bien mettre fin à toutes
1116 2443 4129 2661 ces horreurs. L'auriez - vous cru
1104 2670 3797 2882 que cette théreſe ſi foible, ſi
1109 2922 3773 3130 craintive, oſeroit ſe porter à cet
1101 3154 3788 3369 excès de déſeſpoir? Vous ſerez
1100 3389 3794 3597 épouvantée de l'apprendre, & les
1105 3608 3766 3823 circonſtances de ma mort vous la
1093 3818 3790 4056 rendront plus douloureuſe. Hélas!
1087 4077 3773 4292 je prévois vos regrets: nous étions
1030 4320 3788 4532 cheres l'une à l'autre: mais ne
1100 4531 3783 4757 devions-nous pas nous quitter un
1097 4735 3769 4988 jour? Nos chaînes auroient été
1105 5014 3762 5218 plus fortes & nos adieux plus dé-
1116 5247 3766 5469 chirans. Conſole-toi, ma douce
783 5469 3770 5694 amie! va! je ne t'oublierai point;
