4266 7764
989 960 4212 1203 qu'après avoir épouſé dans ces
1055 1232 3796 1453 pays lointains une Créole qui lui
1052 1471 3796 1685 apportoit une fortune conſidéra-
1048 1714 3792 1928 ble, il a cauſé ſa mort par les
1037 1957 3789 2170 procédés les plus barbares; qu'en
1055 2199 3803 2406 ayant eu deux filles, il les a relé-
1048 2438 3803 2648 guées dans un cloître pour aſſurer
1048 2678 3792 2887 ſes biens à un enfant né pendant
1044 2924 3788 3108 la vie de ſa femme, d'un com-
1052 3163 3789 3366 merce illégitime; que ſes ſœurs
1037 3402 3789 3605 ſont dans la miſere & qu'il a re-
1033 3641 3785 3844 fuſé de les voir; qu'il continue
1037 3880 3796 4031 de vivre avec la malheureuſe dont
1034 4119 3792 4311 il s'eſt fait ſuivre, & dont il m'eût
1033 4359 3774 4561 rendue l'eſclave.... Ma plume
1015 4594 4201 4771 s'arrête & ſe refuſe à tracer tant
1037 4822 3781 5013 d'infamies! Vous me demanderez,
1056 5061 4197 5271 mon amie, pourquoi je n'en ai
1059 5300 4193 5525 pas inſtruit mon pere? J'avois cru
1066 5546 4187 5760 que ſur mes refus conſtans on ne
