4266 7845
-2 1024 3127 1285 s'obſtineroit point à me donner
-2 1278 3120 1525 ce monſtre, & les choſes ayant
-3 1517 3119 1754 été pouſſées au dernier dégré de
-4 1733 3324 1985 la violence, j'ai pris le parti d'un
-4 1985 3171 2256 ſilence éternel, autant par fierté
-5 2255 3119 2478 que par raiſon: peut - être ne
-5 2477 3122 2726 m'eût-on pas écoutée; peut-être
-6 2725 3458 2979 eût-on traité d'impoſtures les rap-
350 2968 3124 3204 ports que j'aurois produits: il
-7 3171 3115 3443 falloit en nommer les auteurs,
-8 3443 3126 3706 & Dieu même n'eût pas été cru
-8 3705 3123 3975 par les tyrans qui avoient juré ma
-9 3967 3130 4203 perte. Que faire dans ces extré-
-9 4201 3126 4426 mités? m'enfuir? me ſauver lâ-
-9 4427 3126 4671 chement? m'expoſer aux regards
-10 4663 3123 4923 publics? Je pouvois m'échapper;
-11 4919 3115 5125 on m'en offroit les moyens; on
-11 5113 3119 5375 les couvroit d'une ombre de rai-
-12 5368 3111 5626 ſon. Eh! quel attrait on em-
-12 5633 3120 5912 ployoit pour me ſéduire! Ima-
