4266 7900
-15 968 3067 1270 forment nos ames, & qu'on ne
-14 1246 3067 1518 peut répondre avec l'amour de
-13 1509 3067 1757 la vertu, de ne pas ſuccomber
-13 1757 3056 1989 au crime!.... au crime! Hélas
-12 1979 3067 2230 ſeroit - il vrai que je ſuis coupa-
-12 2219 3071 2492 ble?.... Adieu! adieu, ma fidelle
-11 2483 3195 2726 amie! priez pour moi la divine
-11 2715 3071 2969 Clémence de pardonner à ma foi-
-10 2943 3075 3225 bleſſe. C'eſt pour retourner chez
-10 3221 3067 3471 mon pere que je m'en vais; je le
-9 3471 3071 3689 verrai; je lui dirai ce que j'ai
-9 3685 3060 3953 ſouffert, & il aura pitié de moi.
-8 3923 3063 4175 Il ſait qu'avant ce fatal inſtant,
-8 4166 3067 4421 la vertu me fut toujours chere,
-7 4421 3071 4665 & que ma vie ne s'eſt pas écoulée
-6 4660 3067 4920 ſans quelques bonnes œuvres. Un
-6 4913 3063 5146 jour d'erreur ne peut lui faire ou-
-5 5146 3056 5403 blier dix - huit ans d'innocence:
-4 5396 3065 5648 malgré la paſſion qui m'égare,
-4 5641 3392 5940 mon cœur eſt pur, j'oſe le dire,
