4266 7836
1184 1086 4278 1346 & je ne crains pas de porter à
1173 1337 4278 1598 ſon tribunal le compte de mes
1184 1583 4277 1819 actions. Il y a huit jours que j'é-
1177 1827 4277 2059 tois encore auſſi contente de moi-
1180 2060 4276 2316 même que je le fus jamais. Au
1176 2313 4275 2558 milieu de mes ſouffrances, je
1169 2554 4275 2796 n'aurois pas changé la paix de
1165 2796 4274 3039 mon ame pour la fortune des
1165 3038 4274 3282 Rois. Quelle étrange révolution
1161 3281 4273 3498 s'eſt faite en moi! Comment
1162 3498 4273 3768 l'ange de lumiere eſt - il tombé
1162 3766 4271 3934 dans l'abîme? Ah! Conſtance!
1158 4006 3904 4174 tremblez de vous livrer aux ſé-
1158 4252 4272 4467 ductions de l'orgueil! Le ſenti-
1150 4468 4271 4722 ment intime de notre vertu ne
1158 4719 4270 4940 ſert qu'à nous perdre, & le châ-
1158 4965 3902 5181 timent de cette vaine préſomp-
766 5206 3898 5424 tion eſt dans le prompt renverſe-
815 5458 4268 5667 ment de nos eſpérances. Penſez,
763 5632 4268 5934 ma chere amie, que cette piété
