4266 7900
1420 758 1983 990 i
240 1002 3211 1252 dont j'étois armée comme d'une
229 1263 3049 1496 égide impénétrable, ces principes
236 1501 3375 1749 d'une éducation ſévere, cette
236 1762 3053 1988 fierté qui me faiſoit repouſſer
244 2000 3053 2229 juſqu'à l'idée d'une foibleſſe, rien
244 2253 3053 2483 n'a pu me ſauver. Je n'écris point
244 2489 3061 2716 à M. le Curé; que lui dirois-je?
255 2728 3468 2946 Comment me juſtifier? c'eſt à
251 2979 3053 3206 vous, ma chere couſine, que je
250 3233 3340 3414 laiſſe le ſoin de le conſoler: fai-
255 3482 3053 3708 tes lui part de ma lettre; aſſurez-
14 3716 3057 3973 le bien que je conſerve en mou-
11 3979 3284 4207 rant la plus tendre vénération
259 4228 3052 4466 pour ſa perſonne & la plus vive
14 4458 2830 4717 reconnoiſſance de fes bontés.
1209 4670 1382 4814 e
846 5044 2355 5261 Fin du dernier Tome.
