4266 6400
1089 338 1436 418 m
1436 364 1750 430 e
1089 393 1751 491 I
1062 797 3122 899 esuire, Robert-artin ſ'SV-IBI Auteur du texte. Seconde
1062 899 3115 978 suite de l'Aventurier francois: francais, contenant les
1062 978 3122 1133 eéemiceiſevet l'one peamnatſauatemut lagenoe é
1074 1236 3116 1308 Les contenus accessibles sur le site Callica sont pour la plupart
1074 1320 3114 1391 des reproductions numériques d'oeuvres tombées dans le
1074 1405 3114 1474 domaine public provenant des collections de la Bnf- eur
1076 1487 3116 1558 réutilisation s'inscrit dans le cadre de la loi n'-o du Il juillet
1076 1573 1259 1626 O
1076 1654 3116 1709 a réutilisation non commerciale de ces contenus est libre et
1073 1737 3116 1808 ratuite dans le respect de la léqislation en viqueur et notamment
1074 1821 2225 1876 du maintien de la mention de source.
1074 1904 3116 1974 La réutilisation commerciale de ces contenus est payante et fait
1076 1987 3117 2058 l'objet d'une licence. Est entendue par réutilisation commerciale la
1076 2070 3114 2141 revente de contenus sous forme de produits élaborés ou de
1072 2155 1794 2209 fourniture de service.
1073 2311 2806 2390 CQUtR lCPOUr ACCEDtr AUTARFS ENALA LCEnCE
1073 2570 3114 2641 les contenus de Callica sont la propriété de la Bnf au sens de
1075 2653 3113 2723 l'article l.z-l du code général de la propriété des personnes
1075 2738 1393 2808 publiques.
1072 2903 3112 2974 l Quelques contenus sont soumis à un réqime de réutilisation
1075 2988 1712 3058 particulier. ll s'agit
1074 3154 3115 3224 des reproductions de documents protégés par un droit d'auteur
1073 3237 3118 3308 appartenant à un tiers. Ces documents ne peuvent être réutilisés
1072 3320 3114 3391 sauf dans le cadre de la copie privée, sans l'autorisation préalable
1074 3405 1753 3459 du titulaire des droits.
1080 3487 3114 3558 des reproductions de documents conservés dans les
1075 3570 3116 3641 bibliotheques ou autres institutions partenaires. Ceux-ci sont
1072 3654 3113 3724 siqnalés par la mention Source gallica.Bf.fr l Bibliothèque
1075 3737 3117 3808 municipale de ou autre partenaire. 'utilisateur est nvité à
1072 3820 3114 3891 s'informer auprès de ces bibliothèques de leurs conditions de
1076 3904 1478 3959 réutilisation.
1071 4153 3114 4218 l allica constitue une base de données, dont la Bnf- est le
1075 4237 3112 4308 producteur, protéqée au sens des articles é-l et suivants du
1073 4320 2176 4391 code de la propriété intellectuelle.
1072 4486 3117 4558 Sl les présentes conditions d'utilisation des contenus de Callica
1072 4570 3114 4641 sont réqies par la loi française. En cas de reutilisation prévue dans
1075 4654 3117 4724 un autre pays, il appartient à chaque utilisateur de vérifer la
1073 4737 2737 4808 conformité de son projet avec le droit de ce pays.
1073 4903 3115 4974 l l'utilisateur s'engaqe à respecter les présentes conditions
1074 4987 3112 5058 d'utilisation ainsi que la léqislation en viqueur, notamment en
1075 5070 3114 5141 matière de propriété intellectuelle. En cas de non respect de ces
1074 5154 3115 5224 dispositions, il est notamment passible d'une amende prévue par
1076 5238 1801 5308 la loi du juillet Toi.
1073 5403 3118 5468 pour obtenir un document de Callica en haute défnition
1073 5494 1384 5543 contacter
1074 5570 2034 5637 utilisation commercialeObnffr
