<?xml version="1.0" encoding="UTF-8" standalone="no"?><PcGts xmlns="http://schema.primaresearch.org/PAGE/gts/pagecontent/2017-07-15" xmlns:xsi="http://www.w3.org/2001/XMLSchema-instance" xsi:schemaLocation="http://schema.primaresearch.org/PAGE/gts/pagecontent/2017-07-15 http://schema.primaresearch.org/PAGE/gts/pagecontent/2017-07-15/pagecontent.xsd"><Metadata><Creator/><Created>2020-10-13T10:59:18</Created><LastChange>1970-01-01T00:00:00</LastChange><Comments/></Metadata><Page imageFilename="0006.png" imageHeight="6032" imageWidth="4266"><TextRegion id="r1" orientation="0.0" type="paragraph"><Coords points="1,1 4264,1 4264,6030 1,6030"/><TextLine id="l1"><Coords points="1682,420 1681,420 1681,401 1681,400 958,400 957,400 957,396 957,395 931,395 926,391 926,387 927,386 928,386 928,386 928,354 929,353 929,326 931,324 931,322 934,319 936,319 938,317 941,317 943,315 943,313 944,312 950,312 950,312 950,311 951,310 1155,310 1156,309 1190,309 1192,307 1344,307 1344,307 1344,306 1345,305 1349,305 1351,303 1579,303 1579,303 1579,302 1581,300 1581,298 1583,296 1743,296 1743,296 1743,286 1745,284 1748,284 1748,284 1748,265 1751,262 2152,262 2154,260 2372,260 2372,260 2372,258 2373,257 3156,257 3156,257 3156,253 3157,252 3268,252 3268,252 3268,246 3269,245 3272,245 3272,246 3272,253 3273,253 3307,253 3309,255 3325,255 3325,256 3325,259 3326,259 3335,259 3335,260 3335,278 3336,278 3456,278 3456,279 3456,296 3457,297 3457,360 3458,360 3478,360 3478,361 3478,362 3478,362 3374,362 3373,363 3373,379 3373,379 3237,379 3236,380 3236,382 3235,383 3202,383 3201,384 3201,398 3201,398 2920,398 2919,399 2919,412 2919,412 2915,412 2913,414 2724,414 2723,415 2315,415 2312,418 2312,419 2312,419 1691,419 1690,420"/><TextEquiv index="0"><Unicode>au moment où j'allois partir dans le deſ-</Unicode></TextEquiv><TextEquiv index="1"><Unicode>au moment où j'allois partir dans le deſ-</Unicode></TextEquiv></TextLine><TextLine id="l2"><Coords points="2090,573 2089,572 1560,572 1559,572 1559,571 1559,570 1443,570 1442,570 1442,562 1442,561 1441,561 1438,559 1438,557 1437,556 1437,544 1437,543 930,543 928,541 926,541 924,539 922,539 921,539 921,468 922,467 926,467 926,467 926,464 927,463 928,463 929,462 931,462 931,462 931,454 932,453 933,453 933,453 933,452 934,451 935,451 936,450 936,444 939,441 941,441 946,436 950,436 950,436 950,432 951,431 956,431 957,430 957,427 959,425 962,425 965,422 1266,422 1268,420 1829,420 1829,420 1829,418 1830,417 2527,417 2527,417 2527,416 2528,415 2828,415 2830,413 3110,413 3111,412 3124,412 3124,413 3124,415 3125,415 3127,415 3127,416 3127,429 3128,429 3129,429 3129,430 3129,450 3130,450 3322,450 3322,451 3322,453 3325,455 3327,455 3330,459 3330,461 3332,463 3332,499 3334,501 3334,518 3334,518 3333,518 3332,519 3332,522 3332,522 3331,522 3328,525 3326,525 3325,526 3325,527 3325,527 3324,527 3323,528 3323,529 3323,529 3319,529 3318,530 3318,532 3318,532 3311,532 3310,533 3310,540 3309,541 3293,541 3292,542 3292,544 3293,544 3407,544 3408,546 3408,547 3407,548 3281,548 3280,549 3280,565 3280,565 3278,565 3277,565 3277,559 3277,558 2112,558 2111,559 2111,573 2111,573"/><TextEquiv index="0"><Unicode>ſein de rejoindre mon Adélaïde, dans</Unicode></TextEquiv><TextEquiv index="1"><Unicode>ſein de rejoindre mon Adélaide, dans</Unicode></TextEquiv></TextLine><TextLine id="l3"><Coords points="1121,733 1120,733 1120,695 1120,694 926,694 922,691 922,685 924,683 924,592 925,591 934,591 938,587 941,587 943,585 964,585 964,585 964,583 965,582 1093,582 1093,582 1093,581 1095,579 1101,579 1101,579 1101,578 1102,577 1103,577 1103,577 1103,576 1104,575 1115,575 1115,576 1115,577 1116,577 1120,577 1122,579 1125,579 1125,580 1125,587 1126,587 1246,587 1246,588 1246,589 1248,591 1248,592 1249,592 2071,592 2071,592 2071,589 2073,587 2073,586 2073,585 1807,585 1806,585 1806,582 1808,580 1813,580 1814,579 1815,579 1816,578 2078,578 2079,577 2081,577 2082,576 2082,574 2083,573 2111,573 2111,574 2111,575 2114,577 2804,577 2804,577 2804,576 2805,575 3007,575 3007,575 3007,574 3008,573 3009,573 3009,573 3009,571 3012,568 3019,568 3021,566 3025,566 3027,568 3029,568 3029,569 3029,570 3030,570 3246,570 3246,571 3246,572 3247,572 3248,572 3248,573 3249,574 3249,575 3250,575 3404,575 3404,576 3404,577 3404,577 3250,577 3249,578 3251,580 3251,599 3252,599 3447,599 3447,600 3447,601 3447,601 3252,601 3251,602 3251,611 3252,611 3302,611 3304,613 3306,613 3308,615 3315,615 3316,616 3318,616 3318,617 3318,618 3319,618 3320,618 3320,619 3320,621 3321,622 3322,622 3323,622 3324,623 3325,623 3325,624 3325,627 3326,627 3327,627 3328,629 3328,631 3330,633 3330,673 3328,675 3328,677 3327,678 3327,680 3327,680 3326,680 3325,681 3325,683 3323,685 3324,685 3399,685 3399,686 3399,690 3399,690 3314,690 3313,691 3313,694 3313,694 3312,694 3310,696 3302,696 3301,697 3301,700 3300,701 3190,701 3189,702 3189,716 3189,716 3090,716 3089,717 3089,725 3089,725 2962,725 2961,726 2961,730 2961,730 2956,730 2955,730 2955,698 2955,697 2466,697 2465,698 2465,701 2465,701 2234,701 2233,702 2233,730 2233,730 2166,730 2165,731 1872,731 1871,732 1863,732 1861,731 1861,729 1858,726 1858,709 1858,708 1695,708 1693,707 1693,697 1693,696 1142,696 1141,697 1141,726 1141,726 1135,726 1134,727 1134,733 1134,733"/><TextEquiv index="0"><Unicode>l'eſpérance &amp; preſque la certitude de</Unicode></TextEquiv><TextEquiv index="1"><Unicode>l'eſpérance &amp; preſque la certitude de</Unicode></TextEquiv></TextLine><TextLine id="l4"><Coords points="1090,891 1089,890 1079,890 1077,889 1077,887 1076,886 1076,850 1076,849 929,849 928,849 928,848 928,847 927,847 926,847 926,778 924,776 924,767 925,766 927,766 930,763 931,763 931,763 931,748 932,747 933,747 933,747 933,746 934,745 935,745 935,745 935,743 936,742 938,742 938,742 938,741 939,740 971,740 971,740 971,736 972,735 1340,735 1343,732 2020,732 2020,732 2020,731 2026,725 2572,725 2573,726 2574,726 2576,728 3254,728 3256,730 3260,730 3260,731 3260,732 3262,733 3263,733 3263,734 3263,738 3264,738 3391,738 3393,740 3459,740 3459,741 3459,742 3459,742 3455,742 3454,743 3454,881 3452,883 3452,885 3452,885 2824,885 2823,886 1101,886 1100,887 1100,888 1100,888 1092,888 1091,889 1091,891 1091,891"/><TextEquiv index="0"><Unicode>l'épouſer, je maudiſſois le ſort qui avoit</Unicode></TextEquiv><TextEquiv index="1"><Unicode>l'épouſer, je maudiſſois le ſort qui avoit</Unicode></TextEquiv></TextLine><TextLine id="l5"><Coords points="1355,1047 1354,1046 1353,1046 1351,1045 1351,1015 1351,1014 938,1014 936,1013 936,1011 933,1008 933,999 933,998 930,998 929,998 929,996 924,991 924,987 922,985 922,974 924,972 924,962 926,960 926,958 928,956 928,953 929,952 931,952 931,952 931,950 934,947 936,947 936,947 936,946 937,945 939,945 943,941 945,941 945,941 945,939 948,936 957,936 960,933 998,933 998,933 998,895 1001,892 1003,892 1003,892 1003,891 1004,890 1006,890 1010,886 1230,886 1231,885 1235,885 1237,883 1239,883 1239,883 1239,882 1240,881 1245,881 1247,883 2666,883 2668,881 2681,881 2685,885 3449,885 3449,886 3449,886 3042,886 3041,887 3041,888 3042,888 3125,888 3125,889 3125,922 3126,922 3314,922 3316,924 3318,924 3318,925 3318,926 3319,926 3323,926 3325,929 3325,931 3327,933 3327,967 3328,968 3328,971 3327,972 3327,984 3325,986 3325,988 3325,988 3324,988 3323,989 3323,990 3322,991 3322,992 3321,993 3319,993 3318,994 3318,995 3318,995 3312,995 3311,996 3285,996 3284,997 3257,997 3254,1000 3254,1002 3254,1002 2839,1002 2838,1003 2838,1036 2838,1036 2129,1036 2128,1037 2128,1038 2128,1038 2126,1038 2125,1039 2123,1039 2121,1041 2102,1041 2101,1042 1371,1042 1370,1043 1370,1047 1370,1047"/><TextEquiv index="0"><Unicode>choiſi cet inſtant pour enchaîner mes</Unicode></TextEquiv><TextEquiv index="1"><Unicode>choiſi cet inſtant pour enchaîner mes</Unicode></TextEquiv></TextLine><TextLine id="l6"><Coords points="941,1205 940,1205 940,1204 940,1203 938,1203 934,1200 934,1109 933,1107 931,1107 928,1105 928,1095 930,1093 931,1093 931,1093 931,1092 932,1091 946,1091 948,1089 948,1087 949,1086 984,1086 986,1088 1117,1088 1118,1089 1122,1089 1122,1090 1122,1091 1123,1091 1124,1091 1124,1092 1124,1096 1125,1097 1125,1099 1127,1101 1127,1137 1128,1137 1260,1137 1260,1137 1260,1095 1262,1093 1266,1093 1270,1089 1294,1089 1295,1088 1310,1088 1310,1088 1310,1061 1311,1060 1318,1060 1318,1061 1318,1088 1319,1088 1346,1088 1347,1089 1354,1089 1354,1089 1354,1048 1355,1047 1370,1047 1371,1048 1373,1048 1373,1049 1373,1089 1374,1089 1481,1089 1482,1088 1486,1088 1488,1086 1517,1086 1517,1086 1517,1055 1519,1053 1519,1051 1520,1050 1527,1050 1529,1048 1536,1048 1542,1055 1542,1084 1543,1084 1589,1084 1591,1086 1748,1086 1748,1086 1748,1043 1749,1042 1756,1042 1756,1043 1756,1086 1757,1086 1775,1086 1777,1084 1781,1084 1781,1084 1781,1083 1782,1082 1882,1082 1882,1082 1882,1043 1883,1042 1885,1042 1885,1043 1885,1082 1886,1082 2085,1082 2085,1082 2085,1047 2086,1046 2088,1046 2089,1045 2090,1045 2090,1045 2090,1044 2091,1043 2093,1043 2094,1042 2101,1042 2102,1041 2107,1041 2107,1042 2107,1044 2109,1046 2109,1082 2110,1082 2316,1082 2316,1082 2316,1051 2317,1050 2317,1044 2318,1043 2319,1043 2319,1043 2319,1041 2324,1036 2327,1036 2329,1034 2331,1034 2331,1035 2331,1036 2332,1036 2336,1036 2338,1039 2338,1041 2340,1043 2340,1082 2341,1082 2500,1082 2501,1081 2575,1081 2576,1082 2580,1082 2580,1083 2580,1085 2582,1086 2584,1086 2584,1087 2584,1127 2585,1127 2735,1127 2737,1125 2737,1121 2738,1120 2739,1120 2739,1120 2739,1118 2740,1117 2740,1113 2744,1109 2744,1078 2745,1077 2745,1075 2746,1074 2747,1074 2747,1074 2747,1070 2748,1069 2750,1069 2751,1068 2751,1064 2753,1062 2755,1062 2759,1058 2764,1058 2765,1057 2835,1057 2835,1057 2835,1037 2836,1036 3046,1036 3046,1036 3046,1034 3047,1033 3064,1033 3065,1034 3077,1034 3079,1037 3079,1039 3081,1041 3081,1081 3082,1081 3214,1081 3218,1077 3225,1077 3225,1078 3225,1079 3226,1079 3256,1079 3261,1084 3263,1084 3263,1085 3263,1086 3264,1086 3265,1086 3265,1087 3265,1089 3267,1091 3267,1095 3268,1096 3268,1100 3269,1100 3316,1100 3316,1101 3316,1103 3317,1103 3318,1103 3318,1104 3318,1105 3319,1105 3321,1105 3322,1106 3326,1106 3327,1108 3327,1122 3327,1122 3323,1122 3318,1127 3309,1127 3308,1128 3308,1141 3308,1141 3298,1141 3297,1142 3297,1143 3296,1144 3296,1146 3296,1146 3278,1146 3275,1149 3275,1151 3275,1151 3273,1151 3269,1155 3180,1155 3179,1156 3175,1156 3174,1157 3174,1158 3174,1158 3096,1158 3095,1159 3095,1193 3094,1194 3089,1194 3087,1196 3072,1196 3070,1198 3069,1198 3069,1196 3068,1194 3066,1194 3065,1194 3065,1157 3065,1156 2933,1156 2931,1158 2767,1158 2766,1159 2766,1160 2766,1160 2695,1160 2694,1161 2694,1170 2694,1170 2693,1170 2692,1171 2692,1172 2692,1172 2649,1172 2646,1175 2645,1175 2644,1176 2644,1177 2644,1177 2643,1177 2642,1178 2642,1179 2641,1180 2635,1180 2634,1181 2634,1182 2634,1182 2633,1182 2632,1183 2632,1184 2632,1184 2625,1184 2620,1180 2620,1159 2620,1158 2420,1158 2417,1155 2280,1155 2279,1156 2279,1187 2279,1187 2277,1187 2276,1187 2276,1157 2276,1156 2196,1156 2195,1155 1904,1155 1903,1156 1885,1156 1884,1155 1641,1155 1640,1156 1598,1156 1597,1157 1597,1158 1597,1158 1421,1158 1417,1162 1353,1162 1351,1164 1351,1165 1351,1165 1348,1165 1347,1166 1347,1167 1347,1167 1345,1167 1344,1167 1344,1166 1344,1165 1342,1165 1340,1163 1336,1163 1335,1163 1335,1161 1335,1160 1204,1160 1203,1161 1203,1165 1203,1165 1202,1165 1201,1166 1201,1168 1199,1170 1199,1174 1198,1175 1198,1177 1198,1177 1197,1177 1196,1178 1196,1179 1196,1179 1195,1179 1194,1180 1194,1184 1189,1189 1183,1189 1182,1189 1182,1188 1182,1187 1181,1187 1179,1186 1179,1161 1179,1160 1002,1160 1001,1161 1001,1205 1001,1205"/><TextEquiv index="0"><Unicode>pas, reculer mon bonheur, &amp; ſuſpen-</Unicode></TextEquiv><TextEquiv index="1"><Unicode>pas, reculer mon bonheur, &amp; ſuſpen-</Unicode></TextEquiv></TextLine><TextLine id="l7"><Coords points="1468,1358 1466,1356 1462,1356 1461,1356 1461,1355 1461,1354 1457,1354 1456,1354 1456,1333 1456,1332 955,1332 953,1331 953,1323 953,1322 952,1322 950,1321 950,1319 950,1318 943,1318 941,1317 941,1304 940,1303 940,1302 940,1301 939,1301 938,1301 938,1299 937,1297 934,1297 933,1297 933,1273 935,1271 935,1267 936,1266 938,1266 938,1266 938,1262 939,1261 941,1261 941,1261 941,1258 943,1256 945,1256 945,1256 947,1254 947,1252 951,1248 953,1248 955,1246 958,1246 962,1242 965,1242 966,1241 983,1241 983,1241 983,1206 984,1205 1644,1205 1646,1203 1987,1203 1987,1203 1987,1202 1988,1201 1989,1201 1989,1201 1989,1200 1990,1199 1997,1199 1998,1198 2993,1198 2993,1198 2993,1197 2994,1196 2995,1196 2995,1196 2995,1195 2996,1194 3008,1194 3009,1196 3009,1198 3010,1199 3010,1221 3012,1223 3012,1234 3013,1234 3306,1234 3307,1235 3310,1235 3312,1237 3314,1237 3315,1239 3315,1241 3316,1241 3318,1241 3319,1242 3410,1242 3411,1244 3411,1246 3411,1246 3400,1246 3399,1247 3399,1263 3399,1263 3347,1263 3346,1264 3346,1299 3346,1299 3345,1299 3344,1300 3344,1302 3343,1303 3338,1303 3337,1304 3337,1306 3338,1306 3461,1306 3461,1307 3461,1309 3461,1309 3332,1309 3328,1313 3309,1313 3308,1314 3308,1316 3308,1316 3168,1316 3167,1317 3167,1318 3167,1318 3166,1318 3165,1319 3165,1320 3165,1320 3145,1320 3144,1321 3144,1337 3144,1337 2119,1337 2118,1338 2118,1340 2114,1344 2114,1346 2114,1346 2112,1346 2107,1351 1489,1351 1488,1352 1488,1354 1486,1356 1483,1356 1481,1358"/><TextEquiv index="0"><Unicode>dre en quelque façon le cours de ma</Unicode></TextEquiv><TextEquiv index="1"><Unicode>dre en quelque façon le cours de ma</Unicode></TextEquiv></TextLine><TextLine id="l8"><Coords points="917,1360 1152,1360 1152,1493 917,1493"/><TextEquiv index="0"><Unicode>vie.</Unicode></TextEquiv><TextEquiv index="1"><Unicode>vie.</Unicode></TextEquiv></TextLine><TextLine id="l9"><Coords points="2037,1664 2035,1663 2035,1625 2035,1624 1902,1624 1900,1622 1699,1622 1698,1623 1698,1657 1698,1657 1696,1657 1694,1659 1689,1659 1688,1660 1677,1660 1676,1659 1674,1659 1672,1657 1668,1657 1667,1657 1667,1623 1667,1622 1404,1622 1402,1624 1402,1626 1402,1626 1257,1626 1256,1627 1256,1628 1256,1628 1242,1628 1241,1628 1241,1627 1241,1626 1123,1626 1122,1626 1122,1625 1122,1624 1121,1624 1120,1624 1120,1623 1120,1622 1118,1622 1117,1621 1115,1621 1108,1615 1108,1546 1108,1545 1092,1545 1091,1545 1091,1544 1091,1543 1090,1543 1088,1542 1088,1540 1086,1538 1086,1529 1088,1527 1088,1524 1089,1523 1091,1523 1091,1523 1091,1522 1092,1521 1093,1521 1093,1521 1093,1519 1095,1517 1110,1517 1111,1516 1118,1516 1120,1514 1122,1514 1124,1512 1194,1512 1194,1513 1194,1514 1195,1514 1196,1514 1196,1515 1196,1554 1197,1554 1330,1554 1330,1554 1330,1553 1331,1552 1373,1552 1373,1552 1373,1551 1374,1550 1375,1550 1376,1549 1376,1547 1380,1543 1388,1543 1389,1545 1389,1548 1390,1548 1552,1548 1553,1547 1560,1547 1561,1548 1689,1548 1691,1551 1691,1552 1692,1552 1786,1552 1786,1552 1786,1513 1787,1512 1788,1512 1788,1512 1788,1510 1789,1509 1791,1509 1791,1509 1791,1508 1792,1507 1793,1507 1795,1505 1800,1505 1802,1507 1939,1507 1939,1508 1939,1511 1940,1511 1941,1511 1941,1512 1941,1514 1942,1515 1942,1540 1943,1540 1992,1540 1992,1541 1992,1548 1993,1548 2121,1548 2122,1547 2180,1547 2180,1547 2180,1543 2181,1542 2181,1531 2183,1529 2183,1526 2186,1523 2186,1521 2192,1515 2192,1513 2193,1512 2197,1512 2202,1507 2204,1507 2206,1505 2233,1505 2233,1505 2233,1503 2234,1502 2241,1502 2243,1500 2250,1500 2251,1499 2266,1499 2267,1500 2415,1500 2415,1501 2415,1502 2416,1502 2420,1502 2422,1505 2422,1507 2423,1507 2425,1507 2426,1509 2426,1548 2427,1548 2610,1548 2611,1547 2627,1547 2629,1550 2629,1552 2630,1552 2938,1552 2938,1552 2938,1551 2939,1550 2943,1550 2945,1548 2945,1508 2946,1507 2947,1507 2947,1507 2947,1506 2948,1505 2952,1505 2953,1504 2967,1504 2970,1507 2972,1507 2972,1508 2972,1548 2973,1548 3028,1548 3030,1550 3137,1550 3137,1550 3137,1518 3144,1511 3160,1511 3160,1512 3160,1516 3161,1516 3162,1516 3162,1517 3162,1518 3163,1519 3163,1547 3164,1547 3217,1547 3218,1548 3310,1548 3311,1550 3311,1552 3312,1552 3313,1552 3313,1553 3313,1555 3314,1555 3316,1555 3316,1556 3316,1558 3318,1560 3318,1562 3320,1564 3320,1574 3322,1576 3322,1583 3323,1583 3445,1583 3445,1584 3445,1586 3445,1586 3331,1586 3330,1587 3330,1619 3328,1621 3328,1622 3328,1622 3164,1622 3163,1623 3163,1628 3162,1629 3162,1639 3160,1641 3160,1646 3158,1648 3158,1650 3156,1652 3156,1653 3155,1654 3155,1655 3155,1655 3151,1655 3146,1660 3139,1660 3136,1658 3136,1623 3136,1622 2974,1622 2972,1624 2819,1624 2817,1626 2815,1626 2814,1627 2814,1628 2814,1628 2733,1628 2732,1628 2732,1627 2732,1626 2728,1626 2726,1624 2545,1624 2544,1624 2544,1623 2544,1622 2506,1622 2505,1621 2287,1621 2286,1622 2281,1622 2279,1624 2275,1624 2274,1625 2274,1626 2272,1628 2267,1628 2266,1628 2266,1624 2264,1621 2071,1621 2070,1622 2064,1622 2063,1623 2063,1663 2062,1664"/><TextEquiv index="0"><Unicode>Tout ce qui ſe paſſe dans ce donjon</Unicode></TextEquiv><TextEquiv index="1"><Unicode>Tout ce qui ſe paſſe dans ce donjon</Unicode></TextEquiv></TextLine><TextLine id="l10"><Coords points="946,1826 945,1826 945,1778 945,1777 944,1777 941,1775 941,1773 940,1772 940,1732 940,1731 936,1731 934,1729 930,1729 929,1729 929,1727 928,1726 928,1716 929,1715 931,1715 932,1714 934,1714 936,1712 941,1712 941,1712 941,1707 943,1705 950,1705 950,1705 950,1699 951,1698 955,1698 957,1696 967,1696 967,1697 967,1699 969,1701 969,1712 970,1712 1165,1712 1165,1712 1165,1675 1166,1674 1167,1674 1167,1674 1167,1673 1168,1672 1172,1672 1173,1671 1206,1671 1206,1671 1206,1669 1211,1664 1225,1664 1225,1665 1225,1669 1226,1669 1234,1669 1235,1671 1235,1674 1236,1674 1304,1674 1306,1677 1306,1681 1307,1681 1308,1681 1308,1682 1308,1696 1309,1696 1499,1696 1499,1696 1499,1668 1500,1667 1500,1663 1501,1662 1502,1662 1502,1662 1502,1661 1503,1660 1504,1660 1505,1659 1518,1659 1518,1660 1518,1667 1519,1667 1634,1667 1634,1668 1634,1673 1636,1675 1636,1698 1637,1698 1784,1698 1784,1698 1784,1691 1789,1686 1789,1684 1791,1682 1791,1680 1792,1679 1793,1679 1793,1679 1793,1677 1796,1674 1796,1672 1797,1671 1799,1671 1800,1670 1800,1668 1803,1665 1811,1665 1813,1668 1813,1672 1814,1672 1815,1672 1815,1673 1815,1676 1816,1676 1817,1676 1817,1677 1817,1681 1820,1684 1820,1691 1821,1691 1822,1691 1822,1692 1822,1696 1823,1696 1864,1696 1865,1698 1865,1702 1866,1702 1989,1702 1990,1703 2252,1703 2252,1703 2252,1677 2254,1675 2254,1668 2255,1667 2255,1665 2256,1664 2260,1664 2262,1662 2269,1662 2269,1663 2269,1664 2270,1664 2272,1664 2273,1666 2273,1671 2274,1671 2459,1671 2463,1667 2467,1667 2470,1664 2470,1663 2471,1662 2480,1662 2482,1660 2494,1660 2496,1662 2499,1662 2500,1664 2500,1667 2501,1668 2501,1705 2502,1705 2572,1705 2572,1706 2572,1707 2573,1707 2800,1707 2802,1705 2823,1705 2823,1706 2823,1707 2824,1707 2984,1707 2986,1705 2988,1705 2988,1705 2988,1699 2989,1698 2990,1698 2990,1698 2990,1694 2991,1693 2991,1691 2993,1689 2993,1687 2994,1686 2995,1686 2995,1686 2995,1684 2996,1683 2998,1683 2998,1683 2998,1679 3002,1675 3002,1673 3003,1672 3003,1670 3004,1669 3005,1669 3005,1669 3005,1668 3006,1667 3008,1667 3011,1664 3015,1664 3017,1662 3019,1662 3019,1662 3019,1661 3020,1660 3024,1660 3026,1658 3027,1659 3041,1659 3041,1660 3041,1662 3042,1662 3043,1662 3043,1663 3043,1664 3044,1664 3045,1664 3045,1665 3045,1705 3046,1705 3130,1705 3132,1707 3290,1707 3294,1703 3294,1699 3295,1698 3296,1698 3296,1698 3296,1697 3298,1695 3299,1695 3299,1695 3299,1694 3300,1693 3308,1693 3308,1694 3308,1695 3310,1697 3310,1705 3311,1705 3328,1705 3332,1710 3332,1762 3333,1762 3334,1762 3335,1764 3335,1772 3334,1773 3334,1775 3332,1777 3330,1777 3326,1781 3321,1781 3320,1782 3320,1787 3319,1788 3318,1788 3316,1787 3316,1783 3316,1782 3309,1782 3308,1781 3061,1781 3060,1782 3047,1782 3046,1781 2995,1781 2993,1779 2691,1779 2690,1780 2690,1781 2687,1784 2673,1784 2671,1783 2671,1782 2671,1781 2580,1781 2578,1779 2349,1779 2348,1779 2348,1778 2348,1777 2268,1777 2267,1776 2146,1776 2103,1776 2100,1779 2093,1779 2091,1781 2085,1781 2083,1779 2078,1779 2076,1777 1909,1777 1908,1778 1908,1779 1908,1779 1792,1779 1791,1779 1791,1778 1791,1777 1682,1777 1636,1777 1634,1779 1632,1779 1631,1780 1631,1781 1631,1781 1614,1781 1612,1780 1612,1778 1612,1777 1563,1777 1561,1775 1560,1775 1559,1774 1450,1774 1449,1775 1449,1798 1449,1798 1447,1798 1445,1797 1445,1775 1445,1774 1374,1774 1372,1776 1371,1776 1370,1777 1368,1777 1364,1781 1353,1781 1352,1782 1038,1782 1036,1784 967,1784 966,1785 966,1792 965,1793 962,1793 961,1794 961,1826 961,1826"/><TextEquiv index="0"><Unicode>terrible doit être caché ſous un ſecret</Unicode></TextEquiv><TextEquiv index="1"><Unicode>terrible doit être caché ſous un ſecret</Unicode></TextEquiv></TextLine><TextLine id="l11"><Coords points="3102,1978 3101,1978 3101,1973 3101,1972 1850,1972 1849,1973 1849,1976 1849,1976 1847,1976 1846,1977 1836,1977 1835,1977 1835,1973 1835,1972 1091,1972 1089,1971 1089,1942 1089,1941 936,1941 934,1939 931,1939 928,1937 928,1833 932,1829 941,1829 943,1827 945,1827 946,1826 1359,1826 1359,1826 1359,1825 1362,1822 1366,1822 1368,1820 1984,1820 1984,1820 1984,1819 1985,1818 2149,1818 2150,1817 2849,1817 2850,1818 2856,1818 2858,1820 2859,1820 2859,1821 2859,1822 2860,1822 2861,1822 2861,1823 2861,1824 2862,1824 3160,1824 3161,1825 3165,1825 3165,1826 3165,1829 3166,1829 3167,1829 3169,1831 3170,1831 3170,1832 3170,1835 3172,1837 3172,1860 3173,1860 3308,1860 3311,1863 3313,1863 3313,1864 3313,1865 3314,1865 3316,1865 3316,1866 3316,1868 3317,1868 3318,1868 3318,1869 3318,1870 3319,1870 3321,1870 3323,1873 3323,1880 3325,1882 3325,1913 3327,1915 3327,1918 3334,1925 3334,1931 3333,1932 3331,1932 3330,1933 3330,1934 3330,1934 3329,1934 3327,1936 3327,1937 3327,1937 3113,1937 3112,1938 3112,1978 3112,1978"/><TextEquiv index="0"><Unicode>inviolable; il n'eſt donc pas juſte qu'on</Unicode></TextEquiv><TextEquiv index="1"><Unicode>inviolable; il n'eſt donc pas juſte qu'on</Unicode></TextEquiv></TextLine><TextLine id="l12"><Coords points="1028,2137 1027,2137 1027,2096 1027,2095 984,2095 983,2094 981,2094 979,2092 943,2092 941,2091 941,2088 941,2087 939,2087 938,2087 938,2033 941,2030 943,2030 945,2028 945,2026 946,2025 953,2025 957,2021 960,2021 961,2020 1022,2020 1022,2020 1022,2019 1023,2018 1024,2018 1024,2018 1024,2017 1025,2016 1082,2016 1083,2015 1089,2015 1090,2014 1297,2014 1297,2014 1297,1982 1299,1980 1302,1980 1305,1977 1307,1977 1309,1975 1488,1975 1490,1973 2152,1973 2154,1971 2908,1971 2912,1975 2914,1975 2914,1976 2914,1978 2915,1978 3115,1978 3115,1979 3115,1980 3116,1980 3117,1980 3117,1981 3117,1983 3119,1985 3119,2016 3120,2016 3259,2016 3261,2018 3265,2018 3265,2019 3265,2023 3267,2025 3267,2054 3268,2054 3306,2054 3306,2055 3306,2056 3307,2056 3320,2056 3323,2060 3323,2061 3324,2061 3325,2061 3325,2062 3325,2063 3326,2063 3327,2063 3327,2064 3327,2066 3328,2067 3328,2088 3327,2089 3327,2097 3327,2097 3324,2097 3323,2098 3323,2099 3320,2102 3319,2102 3318,2103 3318,2106 3318,2106 3317,2106 3316,2107 3315,2107 3311,2111 3309,2111 3308,2112 3302,2112 3301,2113 3301,2114 3301,2114 2483,2114 2482,2115 2482,2126 2481,2127 2481,2129 2478,2132 2471,2132 2470,2133 2454,2133 2453,2134 2453,2135 2453,2135 2452,2135 2451,2135 2451,2133 2451,2132 1281,2132 1280,2133 1113,2133 1112,2134 1112,2136 1111,2137"/><TextEquiv index="0"><Unicode>attende de moi la deſcription du lieu,</Unicode></TextEquiv><TextEquiv index="1"><Unicode>attende de moi la deſcription du lieu,</Unicode></TextEquiv></TextLine><TextLine id="l13"><Coords points="2110,2300 2109,2300 2109,2277 2107,2275 2107,2243 2107,2242 2004,2242 2003,2243 2003,2244 2000,2247 1991,2247 1990,2248 1990,2262 1990,2262 1981,2262 1980,2262 1980,2251 1980,2250 1946,2250 1945,2251 1945,2287 1945,2287 1944,2287 1943,2287 1943,2251 1942,2250 1942,2249 1942,2248 1864,2248 1863,2248 1863,2244 1863,2243 1859,2243 1858,2242 1845,2242 1844,2243 1844,2276 1844,2276 1842,2276 1841,2277 1841,2279 1841,2279 1838,2279 1837,2279 1837,2243 1837,2242 1758,2242 1757,2243 1692,2243 1691,2244 1691,2287 1691,2287 1690,2287 1690,2244 1690,2243 1513,2243 1512,2242 1477,2242 1476,2243 1476,2247 1476,2247 1474,2247 1473,2247 1473,2246 1473,2245 1373,2245 1371,2247 1233,2247 1232,2248 1229,2248 1227,2250 1221,2250 1219,2248 1154,2248 1153,2247 1149,2247 1148,2247 1148,2246 1148,2245 1051,2245 1049,2247 1010,2247 1009,2248 994,2248 993,2249 993,2259 993,2259 991,2259 990,2260 984,2260 983,2259 982,2259 981,2259 981,2251 981,2250 960,2250 958,2248 953,2248 952,2247 938,2247 934,2244 934,2203 934,2202 932,2202 931,2202 931,2201 931,2200 929,2200 928,2200 928,2186 929,2185 929,2181 930,2180 932,2180 933,2179 933,2177 934,2176 936,2176 938,2174 949,2174 951,2176 988,2176 988,2177 988,2178 989,2178 1020,2178 1020,2178 1020,2142 1024,2138 1026,2138 1027,2137 1039,2137 1039,2138 1039,2139 1041,2141 1041,2143 1043,2145 1043,2181 1045,2183 1045,2185 1046,2185 1144,2185 1146,2183 1220,2183 1220,2183 1220,2181 1221,2180 1261,2180 1261,2180 1261,2148 1262,2147 1263,2147 1263,2147 1263,2146 1264,2145 1265,2145 1268,2142 1304,2142 1306,2140 1309,2140 1312,2137 1314,2137 1316,2135 1320,2135 1320,2136 1320,2138 1322,2140 1322,2176 1323,2176 1373,2176 1373,2177 1373,2178 1374,2178 1481,2178 1483,2176 1485,2176 1487,2174 1492,2174 1493,2173 1495,2173 1495,2173 1495,2172 1496,2171 1498,2171 1500,2169 1505,2169 1505,2169 1505,2133 1508,2130 1512,2130 1512,2130 1512,2129 1513,2128 1514,2128 1514,2129 1514,2130 1515,2130 1523,2130 1524,2132 1524,2157 1525,2157 1526,2157 1526,2158 1526,2171 1527,2171 1574,2171 1576,2173 1578,2173 1579,2174 1580,2174 1581,2175 1672,2175 1672,2175 1672,2145 1676,2141 1676,2139 1677,2138 1679,2138 1680,2137 1691,2137 1693,2140 1693,2143 1695,2145 1695,2173 1696,2173 1741,2173 1742,2174 1747,2174 1749,2176 1846,2176 1848,2174 1882,2174 1883,2173 1916,2173 1916,2173 1916,2139 1918,2137 1918,2135 1920,2133 1922,2133 1923,2132 1941,2132 1941,2133 1941,2137 1942,2138 1942,2174 1943,2174 1998,2174 2000,2176 2097,2176 2099,2174 2101,2174 2102,2173 2119,2173 2121,2171 2123,2171 2123,2171 2123,2170 2124,2169 2125,2169 2126,2168 2221,2168 2221,2168 2221,2134 2222,2133 2223,2133 2223,2133 2223,2132 2224,2131 2226,2131 2227,2130 2229,2130 2230,2131 2237,2131 2239,2133 2241,2133 2243,2136 2243,2138 2247,2142 2247,2143 2248,2144 2248,2174 2249,2174 2367,2174 2370,2171 2381,2171 2381,2172 2381,2173 2382,2173 2384,2173 2387,2176 2530,2176 2532,2174 2618,2174 2619,2173 2635,2173 2637,2171 2730,2171 2730,2171 2730,2134 2731,2133 2732,2133 2732,2133 2732,2132 2733,2131 2741,2131 2744,2135 2744,2137 2746,2138 2747,2138 2747,2139 2747,2142 2748,2142 2749,2142 2751,2145 2751,2150 2752,2151 2752,2152 2753,2152 2757,2152 2757,2153 2757,2155 2761,2159 2761,2161 2762,2161 2763,2161 2764,2162 2765,2162 2766,2164 2766,2171 2767,2171 2833,2171 2835,2173 2837,2173 2838,2174 2899,2174 2901,2176 2908,2176 2913,2181 2915,2181 2916,2183 2916,2185 2917,2186 2917,2191 2919,2193 2919,2219 2920,2219 3065,2219 3065,2219 3065,2181 3072,2174 3079,2174 3080,2173 3086,2173 3087,2174 3105,2174 3105,2174 3105,2136 3106,2135 3165,2135 3167,2137 3248,2137 3248,2138 3248,2142 3250,2143 3303,2143 3304,2145 3304,2174 3305,2174 3309,2174 3311,2177 3311,2178 3312,2178 3313,2178 3313,2179 3313,2180 3314,2180 3318,2180 3325,2188 3325,2190 3326,2190 3327,2190 3327,2191 3327,2193 3330,2196 3330,2224 3327,2227 3327,2231 3327,2231 3326,2231 3325,2232 3325,2236 3319,2242 3317,2242 3316,2243 3314,2243 3313,2244 3313,2245 3313,2245 3312,2245 3311,2246 3311,2247 3311,2247 3309,2247 3306,2250 3293,2250 3292,2250 3292,2249 3292,2248 3288,2248 3287,2247 3285,2247 3284,2247 3284,2246 3284,2245 3175,2245 3173,2247 3149,2247 3148,2247 3148,2246 3148,2245 3013,2245 3012,2246 3012,2250 3010,2252 3010,2254 3009,2255 3008,2255 3007,2256 3007,2258 3001,2264 2999,2264 2998,2265 2998,2266 2998,2266 2997,2266 2995,2268 2995,2270 2994,2271 2989,2271 2987,2273 2983,2273 2981,2271 2977,2271 2976,2271 2976,2248 2976,2247 2901,2247 2900,2248 2810,2248 2809,2249 2809,2252 2809,2252 2805,2252 2804,2252 2804,2244 2804,2243 2762,2243 2761,2244 2761,2245 2761,2245 2760,2245 2759,2246 2759,2271 2756,2274 2748,2274 2747,2274 2747,2248 2745,2245 2740,2245 2738,2243 2612,2243 2611,2243 2611,2242 2611,2241 2515,2241 2513,2243 2513,2245 2510,2248 2510,2252 2510,2252 2509,2252 2508,2253 2508,2255 2503,2260 2503,2265 2501,2267 2501,2271 2498,2274 2498,2276 2498,2276 2497,2276 2496,2277 2496,2281 2496,2281 2494,2281 2493,2282 2493,2286 2493,2286 2489,2286 2487,2288 2475,2288 2473,2286 2470,2286 2469,2286 2469,2285 2467,2283 2467,2242 2467,2241 2398,2241 2397,2242 2394,2242 2393,2243 2301,2243 2300,2244 2300,2245 2300,2245 2296,2245 2294,2247 2281,2247 2277,2243 2143,2243 2142,2244 2142,2276 2142,2276 2138,2276 2137,2277 2137,2291 2135,2293 2124,2293 2123,2294 2123,2298 2123,2298 2121,2298 2119,2300"/><TextEquiv index="0"><Unicode>ni celle de la vie qu'on y mène, ni le</Unicode></TextEquiv><TextEquiv index="1"><Unicode>ni celle de la vie qu'on y mène, ni le</Unicode></TextEquiv></TextLine><TextLine id="l14"><Coords points="3052,2445 3050,2443 3046,2443 3041,2439 3041,2437 3041,2436 2712,2436 2711,2436 2711,2435 2711,2434 2138,2434 2136,2432 2126,2432 2125,2431 2117,2431 2116,2431 2116,2430 2116,2429 2112,2429 2111,2429 2111,2425 2111,2424 974,2424 972,2423 972,2416 972,2415 951,2415 950,2415 950,2413 945,2408 945,2404 945,2403 944,2403 943,2403 943,2391 941,2389 941,2364 943,2362 943,2356 944,2355 945,2355 945,2355 945,2351 947,2349 947,2346 948,2345 950,2345 950,2345 950,2344 951,2343 952,2343 952,2343 952,2342 956,2338 957,2338 957,2338 957,2335 958,2334 966,2334 967,2333 970,2333 974,2329 984,2329 984,2329 984,2291 985,2290 991,2290 991,2290 991,2289 992,2288 1436,2288 1439,2285 1441,2285 1443,2283 1456,2283 1456,2284 1456,2286 1457,2286 3027,2286 3029,2288 3325,2288 3325,2289 3325,2290 3326,2290 3328,2290 3328,2291 3328,2293 3329,2293 3330,2293 3330,2294 3330,2384 3333,2386 3337,2386 3337,2387 3337,2389 3339,2391 3339,2399 3336,2402 3278,2402 3277,2403 3200,2403 3199,2404 3199,2442 3199,2442 3062,2442 3061,2443 3058,2443 3056,2445"/><TextEquiv index="0"><Unicode>détail des interrogatoires que j'y ai</Unicode></TextEquiv><TextEquiv index="1"><Unicode>détail des interrogatoires que j'y ai</Unicode></TextEquiv></TextLine><TextLine id="l15"><Coords points="1075,2599 1074,2599 1074,2562 1074,2561 972,2561 971,2560 938,2560 936,2559 936,2557 935,2556 935,2504 935,2503 934,2503 933,2503 933,2490 934,2489 936,2489 941,2484 943,2484 945,2482 945,2480 946,2479 948,2479 948,2479 948,2470 950,2468 950,2465 952,2463 952,2459 953,2458 953,2457 955,2455 955,2454 956,2453 960,2453 960,2453 960,2451 963,2448 965,2448 967,2446 969,2446 971,2444 979,2444 980,2443 984,2443 986,2441 1521,2441 1521,2441 1521,2440 1522,2439 1530,2439 1531,2438 2047,2438 2048,2439 2828,2439 2828,2440 2828,2441 2830,2442 3199,2442 3199,2443 3199,2444 3201,2446 3201,2448 3202,2448 3332,2448 3332,2449 3332,2450 3333,2450 3334,2450 3335,2452 3335,2453 3336,2453 3337,2453 3337,2454 3337,2458 3339,2460 3339,2499 3340,2500 3340,2546 3340,2546 3338,2546 3337,2547 3335,2549 3335,2551 3335,2551 3331,2551 3330,2552 3330,2553 3330,2553 3329,2553 3328,2554 3328,2555 3328,2555 3326,2555 3325,2556 3316,2556 3314,2558 3311,2558 3309,2560 3238,2560 3237,2561 3237,2575 3237,2575 3223,2575 3222,2576 3222,2582 3222,2582 3221,2582 3220,2583 3220,2584 3220,2584 3119,2584 3118,2585 3118,2598 3118,2598 3107,2598 3106,2598 3106,2596 3106,2595 2704,2595 2703,2594 2585,2594 2583,2592 2578,2592 2577,2591 1082,2591 1081,2592 1081,2595 1079,2597 1079,2599 1079,2599"/><TextEquiv index="0"><Unicode>ſubis. Il ſuffit de dire que j'y fus traité</Unicode></TextEquiv><TextEquiv index="1"><Unicode>ſubis. Il ſuffit de dire que j'y fus traité</Unicode></TextEquiv></TextLine><TextLine id="l16"><Coords points="1520,2755 1519,2755 1519,2712 1519,2711 1400,2711 1398,2713 1388,2713 1387,2713 1387,2712 1387,2711 1209,2711 1208,2712 1208,2713 1208,2713 1206,2713 1203,2716 1183,2716 1182,2715 1061,2715 1060,2716 1060,2733 1060,2733 1051,2733 1050,2733 1050,2717 1050,2716 984,2716 983,2717 983,2726 982,2727 974,2727 972,2726 972,2717 972,2716 949,2716 948,2716 948,2715 947,2714 947,2707 947,2706 946,2706 945,2706 945,2666 945,2665 941,2665 940,2665 940,2657 943,2654 943,2652 944,2651 945,2651 945,2651 945,2650 946,2649 948,2649 950,2647 953,2647 954,2646 956,2646 958,2644 960,2644 962,2642 965,2642 967,2640 983,2640 985,2642 1119,2642 1121,2640 1133,2640 1135,2642 1139,2642 1139,2643 1139,2644 1140,2644 1280,2644 1280,2644 1280,2604 1282,2602 1282,2600 1283,2599 1284,2599 1285,2598 1285,2596 1287,2594 1299,2594 1299,2595 1299,2639 1300,2639 1447,2639 1447,2639 1447,2638 1448,2637 1454,2637 1454,2637 1454,2636 1455,2635 1462,2635 1466,2639 1651,2639 1653,2637 1677,2637 1680,2640 1791,2640 1791,2640 1791,2638 1792,2637 1793,2637 1793,2637 1793,2636 1794,2635 1947,2635 1947,2635 1947,2598 1949,2596 1951,2596 1951,2596 1951,2595 1952,2594 1956,2594 1956,2595 1956,2596 1957,2596 1961,2596 1962,2597 1965,2597 1966,2599 1966,2601 1967,2601 1999,2601 2001,2603 2002,2603 2003,2604 2067,2604 2069,2606 2071,2606 2075,2611 2075,2635 2076,2635 2122,2635 2124,2637 2300,2637 2303,2634 2314,2634 2314,2634 2314,2599 2315,2598 2318,2598 2319,2597 2330,2597 2332,2599 2334,2599 2334,2600 2334,2624 2336,2626 2336,2635 2337,2635 2448,2635 2448,2635 2448,2628 2450,2626 2450,2624 2454,2620 2455,2620 2455,2620 2455,2619 2458,2616 2462,2616 2463,2615 2465,2615 2465,2615 2465,2614 2466,2613 2468,2613 2470,2611 2482,2611 2482,2612 2482,2613 2483,2613 2484,2613 2484,2614 2484,2615 2485,2615 2487,2615 2488,2616 2490,2616 2491,2618 2491,2620 2492,2620 2493,2620 2493,2621 2493,2622 2494,2623 2494,2625 2495,2625 2496,2625 2496,2626 2496,2628 2498,2630 2498,2635 2499,2635 2627,2635 2627,2635 2627,2600 2628,2599 2630,2599 2632,2597 2637,2597 2637,2597 2637,2594 2638,2593 2649,2593 2650,2594 2658,2594 2659,2595 2713,2595 2714,2596 2716,2596 2716,2597 2716,2630 2717,2630 2718,2630 2718,2631 2718,2637 2719,2637 2910,2637 2910,2637 2910,2601 2912,2599 2917,2599 2917,2600 2917,2635 2918,2635 2931,2635 2931,2636 2931,2637 2932,2637 3101,2637 3101,2637 3101,2604 3102,2603 3103,2603 3103,2603 3103,2601 3106,2598 3119,2598 3120,2600 3120,2602 3124,2606 3124,2610 3125,2610 3235,2610 3236,2609 3236,2607 3237,2606 3239,2606 3241,2604 3242,2604 3243,2603 3249,2603 3250,2604 3254,2604 3256,2606 3258,2606 3258,2607 3258,2608 3259,2608 3260,2608 3260,2609 3260,2687 3261,2687 3327,2687 3327,2688 3327,2689 3328,2689 3330,2689 3331,2690 3336,2690 3339,2694 3339,2696 3340,2697 3340,2702 3342,2704 3342,2714 3340,2716 3340,2721 3339,2722 3339,2724 3334,2729 3334,2731 3333,2732 3333,2732 3331,2732 3330,2733 3330,2737 3330,2737 3321,2737 3319,2739 3317,2739 3316,2740 3304,2740 3303,2739 3301,2739 3299,2738 3299,2736 3296,2733 3296,2716 3296,2715 3171,2715 3170,2716 3164,2716 3163,2716 3163,2715 3163,2714 3161,2714 3160,2713 3122,2713 3120,2711 3032,2711 3030,2709 2903,2709 2902,2710 2902,2711 2902,2711 2826,2711 2823,2714 2823,2716 2823,2716 2709,2716 2708,2717 2708,2722 2706,2724 2706,2725 2706,2725 2700,2725 2699,2725 2699,2724 2699,2723 2698,2723 2697,2723 2697,2712 2697,2711 2654,2711 2652,2713 2614,2713 2613,2713 2613,2712 2613,2711 2559,2711 2558,2712 2558,2754 2558,2754 2543,2754 2542,2754 2542,2712 2542,2711 2482,2711 2480,2713 2478,2713 2476,2715 2457,2715 2455,2713 2454,2713 2453,2713 2453,2712 2451,2709 2339,2709 2338,2710 2338,2711 2338,2711 2153,2711 2152,2712 2152,2728 2150,2730 2150,2733 2149,2734 2149,2735 2149,2735 2148,2735 2147,2736 2147,2737 2147,2737 2146,2737 2145,2738 2145,2739 2145,2739 2143,2739 2142,2740 2140,2740 2135,2745 2103,2745 2102,2744 2099,2744 2097,2742 2095,2742 2093,2740 2091,2740 2090,2739 2088,2739 2087,2739 2087,2736 2087,2735 2086,2735 2083,2733 2083,2729 2082,2728 2082,2712 2082,2711 1966,2711 1964,2713 1959,2713 1958,2713 1958,2712 1958,2711 1956,2711 1954,2709 1931,2709 1930,2708 1816,2708 1815,2709 1815,2745 1815,2745 1812,2745 1810,2747 1803,2747 1801,2749 1794,2749 1791,2747 1791,2712 1791,2711 1677,2711 1676,2712 1676,2724 1675,2725 1668,2725 1667,2725 1667,2719 1667,2718 1631,2718 1628,2716 1628,2714 1628,2713 1589,2713 1588,2714 1588,2739 1588,2739 1586,2739 1585,2740 1579,2740 1574,2736 1574,2712 1574,2711 1529,2711 1528,2712 1528,2755 1528,2755"/><TextEquiv index="0"><Unicode>avec beaucoup d'égards &amp; d'humanité,</Unicode></TextEquiv><TextEquiv index="1"><Unicode>avec beaucoup d'égards &amp; d'humanité,</Unicode></TextEquiv></TextLine><TextLine id="l17"><Coords points="2059,2911 2057,2909 2055,2909 2054,2909 2054,2906 2054,2905 2053,2905 2052,2905 2052,2867 2052,2866 1832,2866 1831,2867 1831,2901 1830,2902 1828,2902 1827,2902 1827,2869 1827,2868 1777,2868 1776,2869 1776,2886 1776,2886 1775,2886 1774,2885 1773,2885 1772,2885 1772,2867 1772,2866 1591,2866 1589,2868 1586,2868 1585,2869 1584,2869 1583,2870 1583,2888 1583,2888 1575,2888 1574,2888 1574,2869 1574,2868 1571,2868 1569,2866 1415,2866 1414,2867 1414,2910 1414,2910 1391,2910 1390,2910 1390,2867 1390,2866 1326,2866 1324,2868 1266,2868 1265,2869 1265,2881 1265,2881 1264,2881 1263,2882 1263,2893 1261,2895 1261,2898 1260,2899 1260,2901 1257,2904 1252,2904 1251,2905 1242,2905 1239,2903 1239,2884 1239,2883 1020,2883 1019,2884 1019,2905 1015,2909 977,2909 976,2909 976,2907 974,2905 974,2874 974,2873 969,2873 967,2871 960,2871 955,2866 953,2866 952,2866 952,2864 950,2861 946,2861 945,2861 945,2858 945,2857 944,2857 942,2855 941,2855 940,2855 940,2853 940,2852 939,2852 938,2852 938,2850 936,2848 936,2846 935,2845 935,2843 935,2842 934,2842 933,2842 933,2836 934,2835 934,2828 936,2826 936,2822 937,2821 938,2821 940,2819 941,2819 942,2818 943,2818 943,2818 943,2815 944,2814 945,2814 945,2814 945,2812 948,2809 952,2809 952,2809 952,2807 955,2804 958,2804 963,2799 996,2799 998,2797 1000,2797 1000,2797 1000,2796 1001,2795 1008,2795 1010,2797 1242,2797 1242,2797 1242,2766 1244,2764 1244,2762 1245,2761 1246,2761 1246,2761 1246,2760 1247,2759 1249,2759 1251,2757 1257,2757 1259,2759 1261,2759 1261,2760 1261,2766 1262,2766 1263,2766 1263,2767 1263,2795 1264,2795 1452,2795 1453,2794 1514,2794 1514,2794 1514,2760 1515,2759 1516,2759 1520,2755 1528,2755 1529,2756 1530,2756 1531,2758 1531,2759 1532,2759 1534,2759 1536,2762 1536,2764 1537,2764 1538,2764 1538,2765 1538,2769 1540,2771 1540,2795 1541,2795 1774,2795 1774,2795 1774,2789 1775,2788 1775,2783 1777,2781 1777,2771 1779,2769 1779,2767 1782,2764 1782,2762 1783,2761 1784,2761 1784,2761 1784,2760 1785,2759 1801,2759 1801,2759 1801,2755 1802,2754 1808,2754 1810,2752 1823,2752 1825,2755 1825,2790 1826,2790 1865,2790 1865,2791 1865,2792 1866,2792 1868,2792 1870,2794 1872,2794 1873,2795 2054,2795 2057,2792 2223,2792 2223,2793 2223,2794 2224,2794 2483,2794 2485,2792 2493,2792 2493,2793 2493,2794 2494,2794 2532,2794 2532,2794 2532,2762 2533,2761 2534,2761 2534,2761 2534,2759 2536,2757 2537,2757 2537,2757 2537,2755 2538,2754 2558,2754 2558,2755 2558,2775 2559,2775 2610,2775 2610,2776 2610,2778 2611,2778 2794,2778 2794,2778 2794,2777 2795,2776 2795,2774 2796,2773 2797,2773 2797,2773 2797,2771 2800,2768 2800,2764 2801,2763 2805,2763 2807,2761 2807,2759 2809,2757 2813,2757 2814,2756 2816,2756 2816,2756 2816,2753 2817,2752 2823,2752 2824,2751 2983,2751 2985,2754 2985,2761 2986,2761 3235,2761 3235,2761 3235,2756 3237,2754 3237,2752 3238,2751 3254,2751 3255,2752 3256,2752 3256,2753 3256,2755 3258,2756 3260,2756 3260,2757 3260,2795 3261,2795 3311,2795 3311,2796 3311,2797 3312,2797 3316,2797 3318,2799 3321,2799 3322,2800 3324,2800 3328,2804 3330,2804 3332,2807 3332,2809 3333,2809 3335,2809 3335,2810 3335,2814 3336,2814 3337,2814 3337,2815 3337,2842 3338,2842 3339,2842 3339,2843 3339,2852 3339,2852 3338,2852 3337,2853 3337,2855 3334,2858 3334,2860 3332,2862 3332,2864 3332,2864 3331,2864 3330,2865 3330,2866 3330,2866 3323,2866 3321,2868 3317,2868 3316,2869 3314,2869 3313,2870 3313,2871 3313,2871 3299,2871 3297,2870 3297,2869 3297,2868 3217,2868 3215,2866 3032,2866 3030,2868 2973,2868 2972,2869 2967,2869 2966,2868 2731,2868 2673,2868 2672,2869 2671,2869 2670,2868 2348,2868 2346,2866 2343,2866 2341,2864 2174,2864 2172,2866 2170,2866 2169,2867 2169,2868 2169,2868 2153,2868 2152,2869 2084,2869 2083,2870 2083,2909 2083,2909 2074,2909 2072,2911"/><TextEquiv index="0"><Unicode>que je n'en fus pas moins fâché de</Unicode></TextEquiv><TextEquiv index="1"><Unicode>que je n'en fus pas moins fâché de</Unicode></TextEquiv></TextLine><TextLine id="l18"><Coords points="1099,3065 1098,3064 1094,3064 1093,3064 1093,3063 1093,3062 1092,3062 1091,3062 1091,3027 1091,3026 969,3026 967,3024 941,3024 938,3021 936,3021 935,3021 935,3013 934,3012 934,2975 934,2974 912,2974 910,2973 910,2971 914,2967 914,2956 915,2955 938,2955 940,2953 954,2953 955,2952 958,2952 960,2950 1031,2950 1031,2950 1031,2918 1032,2917 1033,2917 1034,2916 1074,2916 1074,2917 1074,2919 1079,2924 1079,2929 1081,2931 1081,2952 1082,2952 1390,2952 1390,2952 1390,2911 1391,2910 1415,2910 1417,2912 1419,2912 1420,2914 1420,2917 1421,2918 1421,2948 1422,2948 1477,2948 1481,2952 1636,2952 1636,2952 1636,2915 1637,2914 1719,2914 1719,2914 1719,2913 1720,2912 1722,2912 1727,2907 1734,2907 1736,2905 1738,2905 1739,2904 1746,2904 1747,2905 1749,2905 1751,2907 1755,2907 1755,2908 1755,2910 1757,2912 1757,2950 1758,2950 1932,2950 1934,2948 2002,2948 2002,2948 2002,2935 2009,2928 2011,2928 2011,2928 2011,2926 2020,2917 2021,2917 2021,2917 2021,2916 2023,2914 2035,2914 2039,2919 2039,2970 2040,2970 2190,2970 2191,2969 2192,2969 2192,2969 2192,2967 2193,2966 2193,2964 2195,2962 2197,2962 2197,2962 2197,2961 2198,2960 2199,2960 2199,2960 2199,2958 2202,2955 2202,2953 2203,2952 2209,2952 2209,2952 2209,2951 2210,2950 2212,2950 2214,2948 2240,2948 2243,2945 2266,2945 2266,2945 2266,2939 2267,2938 2269,2938 2272,2935 2274,2935 2274,2935 2274,2934 2275,2933 2279,2933 2279,2934 2279,2948 2280,2948 2322,2948 2324,2950 2482,2950 2482,2950 2482,2917 2483,2916 2485,2916 2486,2915 2486,2913 2489,2910 2490,2910 2492,2912 2499,2912 2500,2914 2500,2916 2502,2917 2504,2917 2506,2920 2506,2948 2507,2948 2684,2948 2685,2947 2685,2946 2686,2945 2687,2945 2687,2945 2687,2943 2692,2938 2697,2938 2701,2943 2701,2947 2702,2947 2759,2947 2760,2948 2848,2948 2850,2950 3020,2950 3022,2948 3067,2948 3067,2948 3067,2919 3069,2917 3069,2915 3072,2912 3077,2912 3079,2910 3186,2910 3187,2909 3189,2909 3189,2909 3189,2907 3191,2905 3193,2905 3194,2904 3199,2904 3201,2902 3208,2902 3210,2904 3217,2904 3218,2905 3221,2905 3222,2907 3222,2910 3224,2912 3224,2950 3225,2950 3332,2950 3332,2951 3332,2952 3333,2952 3334,2952 3335,2953 3336,2953 3337,2955 3337,2958 3339,2960 3339,2962 3341,2964 3340,2965 3340,2972 3339,2973 3339,2975 3337,2977 3337,2979 3337,2979 3335,2979 3334,2980 3334,3025 3333,3026 3331,3026 3329,3028 3304,3028 3303,3029 3303,3030 3302,3031 3266,3031 3265,3032 3265,3044 3264,3045 3263,3045 3261,3043 3257,3043 3256,3043 3256,3027 3256,3026 3039,3026 3038,3026 3038,3025 3038,3024 3020,3024 3018,3022 2835,3022 2833,3024 2507,3024 2506,3025 2506,3048 2505,3049 2505,3051 2503,3053 2503,3055 2503,3055 2502,3055 2501,3056 2501,3057 2501,3057 2499,3057 2498,3058 2496,3058 2494,3060 2490,3060 2489,3060 2489,3059 2489,3058 2483,3058 2481,3057 2481,3023 2481,3022 2327,3022 2326,3023 2326,3063 2325,3064 2324,3064 2321,3062 2321,3058 2321,3057 2229,3057 2228,3057 2228,3056 2228,3055 2227,3055 2226,3055 2226,3054 2226,3053 2225,3053 2224,3053 2224,3047 2224,3046 2091,3046 2088,3044 2088,3023 2088,3022 1837,3022 1836,3023 1836,3063 1835,3064 1830,3064 1829,3064 1829,3023 1829,3022 1787,3022 1786,3023 1786,3024 1786,3024 1782,3024 1780,3026 1756,3026 1755,3027 1755,3031 1755,3031 1754,3031 1753,3032 1753,3033 1753,3033 1752,3033 1751,3034 1751,3036 1751,3036 1747,3036 1746,3036 1746,3035 1746,3034 1744,3034 1743,3034 1743,3032 1743,3031 1742,3031 1741,3031 1741,3029 1739,3026 1595,3026 1593,3024 1587,3024 1586,3024 1586,3023 1586,3022 1364,3022 1363,3023 1363,3024 1363,3024 1354,3024 1352,3026 1285,3026 1284,3027 1273,3027 1272,3028 1135,3028 1134,3029 1134,3034 1132,3036 1132,3043 1131,3044 1131,3046 1131,3046 1130,3046 1129,3047 1129,3048 1129,3048 1128,3048 1127,3049 1127,3050 1124,3053 1124,3055 1124,3055 1123,3055 1122,3056 1122,3060 1119,3063 1119,3065 1119,3065"/><TextEquiv index="0"><Unicode>m'y voir enfermé, que je tournai ſur</Unicode></TextEquiv><TextEquiv index="1"><Unicode>m'y voir enfermé, que je tournai ſur</Unicode></TextEquiv></TextLine><TextLine id="l19"><Coords points="2654,3220 2653,3220 2653,3219 2653,3218 1995,3218 1994,3217 1445,3217 1442,3215 1442,3192 1442,3191 1223,3191 1222,3191 1222,3187 1222,3186 1146,3186 1144,3184 1140,3184 1139,3184 1139,3183 1139,3182 967,3182 966,3181 945,3181 943,3180 943,3178 941,3175 939,3175 938,3175 938,3166 939,3165 941,3165 941,3165 941,3077 942,3076 943,3076 943,3076 943,3073 944,3072 959,3072 959,3072 959,3071 960,3070 962,3070 965,3067 1187,3067 1192,3062 2398,3062 2398,3062 2398,3061 2399,3060 2429,3060 2429,3061 2429,3062 2430,3062 2432,3062 2432,3063 2432,3064 2433,3064 2909,3064 2911,3067 2911,3100 2912,3101 2912,3107 2913,3107 3287,3107 3288,3108 3309,3108 3311,3110 3314,3110 3316,3112 3318,3112 3319,3113 3323,3113 3323,3114 3323,3115 3324,3115 3325,3115 3325,3116 3325,3118 3327,3120 3327,3125 3328,3126 3328,3128 3330,3130 3330,3166 3333,3168 3335,3168 3335,3169 3335,3170 3336,3170 3338,3170 3339,3172 3339,3173 3337,3175 3337,3179 3337,3179 3336,3179 3334,3181 3228,3181 3227,3182 3056,3182 3055,3183 3055,3186 3055,3186 2667,3186 2666,3187 2666,3220 2666,3220"/><TextEquiv index="0"><Unicode>le champ toutes les reſſources de mon</Unicode></TextEquiv><TextEquiv index="1"><Unicode>le champ toutes les reſſources de mon</Unicode></TextEquiv></TextLine><TextLine id="l20"><Coords points="3108,3377 3105,3375 3105,3338 3105,3337 2996,3337 2994,3335 2846,3335 2845,3334 2843,3334 2842,3334 2842,3333 2842,3332 2721,3332 2719,3334 2695,3334 2694,3335 2694,3364 2693,3365 2692,3365 2690,3364 2690,3333 2690,3332 2568,3332 2566,3334 2425,3334 2424,3335 2424,3337 2424,3337 2423,3337 2422,3337 2422,3335 2422,3334 2299,3334 2298,3335 2298,3371 2298,3371 2296,3371 2295,3370 2293,3370 2291,3369 2291,3335 2291,3334 2287,3334 2286,3335 2280,3335 2279,3335 2279,3329 2279,3328 2270,3328 2226,3328 2224,3330 2153,3330 2152,3331 2152,3333 2151,3334 2069,3334 2064,3339 2064,3342 2063,3343 2063,3347 2061,3349 2060,3349 2059,3350 2059,3352 2058,3353 2058,3355 2056,3357 2056,3359 2052,3363 2052,3366 2051,3367 2051,3369 2049,3371 2010,3371 2009,3372 1881,3372 1880,3373 1875,3373 1874,3374 1870,3374 1869,3374 1869,3331 1869,3330 1730,3330 1729,3331 1729,3332 1729,3332 1728,3332 1727,3333 1727,3335 1727,3335 1703,3335 1702,3334 1700,3334 1698,3332 1458,3332 1457,3332 1455,3334 1451,3334 1450,3335 1159,3335 1158,3336 1158,3366 1158,3366 1089,3366 1088,3367 1088,3374 1087,3375 1077,3375 1075,3377 1062,3377 1060,3375 1058,3375 1057,3375 1057,3340 1057,3339 970,3339 969,3339 969,3338 969,3337 967,3337 964,3335 964,3333 964,3332 963,3332 962,3332 962,3331 962,3330 958,3330 955,3327 953,3327 952,3327 952,3326 952,3325 949,3325 948,3325 948,3324 947,3323 947,3318 945,3316 945,3314 945,3313 944,3313 943,3313 943,3311 941,3309 941,3305 940,3304 940,3299 938,3297 938,3280 936,3278 936,3276 937,3275 948,3275 948,3275 948,3271 949,3270 952,3270 952,3270 952,3269 953,3268 955,3268 957,3266 960,3266 961,3265 962,3265 962,3265 962,3264 963,3263 1015,3263 1018,3260 1020,3260 1020,3260 1020,3256 1022,3254 1022,3251 1024,3249 1024,3240 1025,3239 1026,3239 1026,3239 1026,3235 1027,3234 1029,3234 1029,3234 1029,3232 1032,3229 1034,3229 1034,3229 1034,3225 1036,3223 1038,3223 1039,3222 1041,3222 1041,3222 1041,3221 1042,3220 1053,3220 1058,3225 1060,3225 1060,3226 1060,3228 1063,3230 1065,3230 1065,3231 1065,3261 1066,3261 1106,3261 1110,3265 1191,3265 1191,3265 1191,3228 1192,3227 1194,3227 1198,3223 1205,3223 1207,3225 1208,3225 1208,3226 1208,3227 1209,3227 1211,3227 1211,3228 1211,3231 1213,3233 1213,3254 1214,3254 1259,3254 1260,3256 1260,3265 1261,3265 1381,3265 1385,3261 1401,3261 1401,3261 1401,3249 1402,3248 1404,3248 1406,3251 1406,3263 1407,3263 1517,3263 1519,3261 1547,3261 1548,3260 1641,3260 1641,3260 1641,3235 1642,3234 1643,3234 1643,3234 1643,3232 1650,3225 1652,3225 1653,3224 1653,3223 1654,3222 1655,3222 1655,3222 1655,3221 1656,3220 1662,3220 1662,3221 1662,3225 1664,3227 1664,3229 1665,3230 1665,3258 1666,3258 1770,3258 1772,3260 1976,3260 1978,3258 1994,3258 1994,3258 1994,3219 1995,3218 2001,3218 2001,3219 2001,3258 2004,3260 2186,3260 2190,3256 2215,3256 2217,3258 2389,3258 2391,3256 2396,3256 2396,3256 2396,3220 2398,3218 2403,3218 2406,3215 2417,3215 2417,3216 2417,3218 2419,3220 2419,3222 2420,3223 2420,3250 2422,3252 2422,3261 2423,3261 2482,3261 2482,3262 2482,3263 2483,3263 2589,3263 2589,3263 2589,3255 2590,3254 2651,3254 2651,3254 2651,3225 2653,3223 2653,3221 2654,3220 2670,3220 2670,3221 2670,3222 2671,3223 2671,3224 2673,3226 2673,3227 2674,3227 2675,3227 2675,3228 2675,3230 2676,3230 2738,3230 2740,3233 2740,3263 2741,3263 2842,3263 2842,3263 2842,3262 2843,3261 2912,3261 2913,3260 2933,3260 2933,3260 2933,3219 2934,3218 2948,3218 2948,3219 2948,3220 2949,3220 2953,3220 2955,3223 2955,3263 2956,3263 3079,3263 3079,3264 3079,3265 3080,3265 3081,3265 3083,3268 3083,3270 3084,3271 3084,3311 3085,3311 3194,3311 3194,3311 3194,3261 3196,3259 3237,3259 3237,3259 3237,3252 3238,3251 3239,3251 3239,3251 3239,3249 3242,3246 3244,3246 3244,3246 3244,3245 3245,3244 3246,3244 3249,3241 3251,3241 3251,3241 3251,3240 3252,3239 3254,3239 3256,3237 3258,3237 3259,3236 3268,3236 3269,3237 3273,3237 3273,3238 3273,3240 3275,3241 3279,3241 3280,3243 3280,3244 3281,3244 3282,3244 3282,3245 3282,3246 3283,3246 3285,3246 3285,3247 3285,3250 3287,3252 3287,3254 3289,3256 3289,3263 3290,3263 3335,3263 3335,3264 3335,3318 3336,3318 3337,3318 3337,3319 3337,3330 3337,3330 3335,3330 3331,3334 3329,3334 3328,3335 3321,3335 3320,3336 3320,3337 3320,3337 3318,3337 3316,3339 3266,3339 3265,3340 3173,3340 3172,3341 3172,3368 3172,3368 3168,3368 3167,3368 3167,3366 3167,3365 3122,3365 3120,3363 3116,3363 3115,3363 3115,3338 3115,3337 3114,3337 3113,3338 3113,3377 3113,3377"/><TextEquiv index="0"><Unicode>eſprit vers les moyens de m'évader, &amp;</Unicode></TextEquiv><TextEquiv index="1"><Unicode>eſprit vers les moyens de m'évader, &amp;</Unicode></TextEquiv></TextLine><TextLine id="l21"><Coords points="2939,3531 2938,3530 2091,3530 2090,3530 2090,3529 2090,3528 1247,3528 1245,3526 984,3526 981,3524 981,3500 981,3499 835,3499 831,3496 831,3488 832,3487 833,3487 833,3487 833,3481 834,3480 949,3480 949,3480 941,3472 941,3465 940,3464 940,3461 938,3459 938,3457 936,3455 936,3441 936,3440 908,3440 907,3440 907,3436 908,3435 926,3435 926,3435 926,3434 927,3433 950,3433 950,3433 950,3431 953,3428 955,3428 958,3425 960,3425 960,3425 960,3424 961,3423 998,3423 1000,3421 1022,3421 1023,3420 1030,3420 1032,3418 1094,3418 1094,3418 1094,3390 1095,3389 1249,3389 1249,3389 1249,3385 1251,3383 1254,3383 1255,3382 1490,3382 1490,3382 1490,3381 1491,3380 1492,3380 1492,3380 1492,3379 1494,3377 1868,3377 1868,3377 1868,3375 1869,3374 1997,3374 1997,3374 1997,3373 1998,3372 2029,3372 2030,3371 2149,3371 2150,3370 2262,3370 2262,3370 2262,3369 2263,3368 2271,3368 2271,3369 2271,3370 2272,3370 2274,3370 2275,3371 2281,3371 2281,3372 2281,3375 2282,3375 2441,3375 2443,3377 3174,3377 3175,3378 3178,3378 3183,3383 3185,3383 3186,3385 3186,3394 3187,3395 3187,3398 3189,3399 3191,3399 3191,3400 3191,3411 3192,3411 3277,3411 3277,3412 3277,3413 3278,3413 3279,3413 3279,3414 3279,3416 3280,3416 3292,3416 3292,3417 3292,3419 3294,3420 3311,3420 3312,3421 3314,3421 3316,3423 3320,3423 3320,3424 3320,3425 3322,3426 3323,3426 3323,3427 3323,3428 3324,3428 3326,3428 3327,3430 3327,3437 3328,3438 3328,3474 3330,3476 3330,3481 3332,3483 3332,3488 3330,3490 3326,3490 3325,3491 3325,3492 3325,3492 3323,3492 3321,3494 3288,3494 3287,3495 3287,3523 3287,3523 3285,3523 3282,3526 3282,3529 3281,3530 2949,3530 2948,3531"/><TextEquiv index="0"><Unicode>que je vis avec déſeſpoir qu'il ne s'en</Unicode></TextEquiv><TextEquiv index="1"><Unicode>que je vis avec déſeſpoir qu'il ne s'en</Unicode></TextEquiv></TextLine><TextLine id="l22"><Coords points="2489,3700 2487,3699 2487,3696 2486,3695 2486,3691 2483,3687 1783,3687 1782,3687 1782,3686 1784,3684 2481,3684 2481,3684 2481,3683 2480,3683 2479,3683 2479,3681 2477,3679 2477,3660 2477,3659 1396,3659 1395,3660 1395,3683 1394,3684 1376,3684 1375,3683 1373,3683 1368,3679 1368,3653 1368,3652 984,3652 983,3652 983,3651 983,3650 982,3650 981,3650 981,3649 981,3648 977,3648 976,3647 967,3647 960,3640 955,3640 950,3635 948,3635 947,3635 947,3629 947,3628 946,3628 945,3628 945,3619 943,3617 943,3613 943,3612 942,3612 941,3612 941,3559 943,3557 1029,3557 1029,3557 1029,3555 1031,3553 1031,3550 1032,3549 1034,3549 1034,3549 1034,3546 1035,3545 1038,3545 1038,3545 1038,3544 1039,3543 1041,3543 1044,3540 1048,3540 1048,3540 1048,3539 1049,3538 1084,3538 1092,3530 1096,3530 1096,3530 1096,3529 1097,3528 1099,3528 1101,3526 1842,3526 1845,3523 1858,3523 1859,3524 1864,3524 1867,3528 1867,3530 1868,3530 2109,3530 2109,3531 2109,3533 2110,3533 2938,3533 2938,3533 2938,3532 2939,3531 3101,3531 3102,3530 3106,3530 3108,3528 3112,3528 3112,3529 3112,3530 3113,3530 3122,3530 3125,3533 3320,3533 3320,3534 3320,3535 3321,3535 3325,3535 3326,3536 3328,3536 3328,3537 3328,3629 3329,3629 3333,3629 3339,3636 3339,3646 3337,3648 3290,3648 3289,3649 3289,3681 3289,3681 2504,3681 2501,3684 2501,3686 2501,3686 2499,3686 2498,3687 2498,3688 2499,3688 3038,3688 3038,3689 3038,3689 2499,3689 2498,3690 2498,3700 2498,3700"/><TextEquiv index="0"><Unicode>offroit pas un ſeul à mes yeux. Je dirai</Unicode></TextEquiv><TextEquiv index="1"><Unicode>offroit pas un ſeul à mes yeux. Je dirai</Unicode></TextEquiv></TextLine><TextLine id="l23"><Coords points="3015,3846 3014,3845 1264,3845 1263,3845 1263,3818 1263,3817 920,3817 919,3817 919,3749 919,3748 915,3748 914,3748 914,3744 915,3743 934,3743 934,3743 934,3718 935,3717 935,3715 936,3714 1094,3714 1094,3714 1094,3712 1100,3706 1100,3704 1101,3703 1101,3701 1102,3700 1105,3700 1105,3700 1105,3699 1107,3697 1107,3696 1108,3695 1110,3695 1110,3695 1110,3694 1113,3691 1115,3691 1116,3690 1157,3690 1158,3689 1158,3687 1159,3686 1167,3686 1167,3686 1167,3685 1168,3684 2999,3684 3002,3688 3002,3689 3003,3689 3039,3689 3040,3690 3256,3690 3260,3695 3260,3696 3261,3697 3261,3731 3262,3731 3313,3731 3314,3732 3324,3732 3330,3738 3332,3738 3334,3741 3334,3743 3335,3743 3339,3743 3339,3744 3339,3748 3339,3748 3336,3748 3335,3749 3335,3789 3334,3790 3334,3792 3328,3798 3328,3800 3328,3800 3326,3800 3321,3805 3317,3805 3315,3807 3310,3807 3309,3808 3025,3808 3024,3809 3024,3846 3024,3846"/><TextEquiv index="0"><Unicode>auſſi que je crus reconnoître, dès le</Unicode></TextEquiv><TextEquiv index="1"><Unicode>auſſi que je crus reconnoître, dès le</Unicode></TextEquiv></TextLine><TextLine id="l24"><Coords points="2449,4004 2448,4004 2448,3957 2448,3956 2372,3956 2371,3957 2371,3960 2369,3962 2369,3968 2369,3968 2368,3968 2367,3969 2367,3971 2362,3976 2362,3977 2362,3977 2360,3977 2357,3980 2356,3980 2355,3981 2355,3982 2355,3982 2351,3982 2349,3984 2341,3984 2339,3982 2336,3982 2333,3980 2333,3962 2333,3961 2272,3961 2271,3962 2271,4002 2271,4002 2255,4002 2254,4002 2254,3959 2254,3958 2052,3958 2050,3960 1945,3960 1944,3961 1944,3975 1944,3975 1943,3975 1942,3976 1942,3978 1941,3979 1941,3983 1940,3984 1938,3984 1935,3987 1935,3989 1935,3989 1926,3989 1925,3990 1925,3994 1925,3994 1921,3994 1918,3997 1902,3997 1899,3994 1894,3994 1891,3991 1889,3991 1887,3989 1883,3989 1882,3989 1882,3988 1882,3987 1880,3987 1875,3983 1875,3959 1875,3958 1830,3958 1829,3958 1829,3957 1829,3956 1828,3956 1827,3957 1827,4000 1827,4000 1825,4000 1824,4000 1824,3957 1824,3956 1670,3956 1669,3957 1669,3958 1669,3958 1644,3958 1643,3958 1643,3957 1643,3956 1347,3956 1345,3958 1340,3958 1337,3961 1335,3961 1333,3963 1323,3963 1321,3961 1317,3961 1316,3960 1145,3960 1144,3961 1144,3973 1144,3973 1142,3973 1141,3973 1141,3961 1141,3960 1118,3960 1117,3961 979,3961 978,3962 978,4000 977,4001 972,4001 970,4003 959,4003 957,4001 944,4001 943,4001 943,4000 940,3997 940,3992 941,3991 942,3991 943,3990 943,3988 944,3987 946,3987 948,3985 948,3909 948,3908 944,3908 943,3908 943,3907 943,3906 941,3906 940,3906 940,3904 940,3903 938,3903 936,3902 936,3894 938,3892 938,3890 939,3889 940,3889 940,3889 940,3888 941,3887 943,3887 944,3886 951,3886 955,3882 957,3882 957,3883 957,3884 958,3884 995,3884 995,3885 995,3886 996,3886 998,3886 1000,3888 1104,3888 1105,3887 1187,3887 1187,3887 1187,3849 1188,3848 1263,3848 1263,3848 1263,3846 1264,3845 1275,3845 1276,3846 1277,3846 1277,3847 1277,3848 1278,3848 1280,3848 1282,3851 1282,3886 1283,3886 1395,3886 1397,3884 1397,3883 1398,3882 1462,3882 1462,3882 1462,3850 1464,3848 1464,3847 1465,3846 1468,3846 1468,3846 1468,3845 1469,3844 1483,3844 1483,3845 1483,3846 1484,3846 1485,3846 1485,3847 1485,3851 1487,3853 1487,3882 1488,3882 1588,3882 1591,3879 1591,3877 1593,3875 1603,3875 1604,3877 1604,3884 1605,3884 1690,3884 1690,3884 1690,3847 1691,3846 1693,3846 1693,3847 1693,3884 1694,3884 1724,3884 1724,3884 1724,3883 1725,3882 1732,3882 1734,3884 1903,3884 1903,3884 1903,3883 1904,3882 2030,3882 2030,3882 2030,3880 2033,3877 2035,3877 2038,3874 2047,3874 2047,3875 2047,3878 2050,3880 2076,3880 2076,3880 2076,3867 2080,3863 2149,3863 2149,3863 2149,3847 2152,3844 2156,3844 2157,3843 2168,3843 2169,3844 2171,3844 2171,3845 2171,3846 2172,3846 2221,3846 2221,3847 2221,3848 2222,3848 2223,3848 2223,3849 2223,3884 2224,3884 2228,3884 2228,3885 2228,3886 2229,3886 2276,3886 2277,3887 2282,3887 2287,3892 2289,3892 2290,3894 2291,3895 2291,3897 2295,3901 2295,3908 2297,3910 2297,3929 2298,3929 2438,3929 2438,3929 2438,3918 2439,3917 2439,3913 2441,3911 2441,3904 2442,3903 2450,3903 2450,3903 2450,3890 2454,3886 2459,3886 2461,3884 2518,3884 2520,3882 2570,3882 2570,3883 2570,3884 2571,3884 2577,3884 2579,3886 2721,3886 2721,3886 2721,3851 2726,3846 2759,3846 2761,3844 2766,3844 2766,3845 2766,3846 2767,3846 2771,3846 2778,3854 2778,3856 2780,3858 2780,3861 2782,3863 2782,3882 2783,3882 2824,3882 2826,3884 2921,3884 2921,3885 2921,3886 2922,3886 3008,3886 3008,3886 3008,3853 3012,3849 3012,3847 3013,3846 3031,3846 3031,3847 3031,3848 3032,3848 3033,3848 3033,3849 3033,3851 3036,3854 3036,3886 3037,3886 3073,3886 3075,3884 3077,3884 3079,3882 3170,3882 3170,3882 3170,3871 3171,3870 3172,3870 3174,3868 3177,3868 3177,3868 3177,3866 3178,3865 3179,3865 3179,3865 3179,3864 3180,3863 3182,3863 3182,3863 3182,3861 3183,3860 3184,3860 3184,3860 3184,3859 3185,3858 3186,3858 3186,3858 3186,3856 3189,3853 3192,3853 3193,3852 3193,3850 3195,3848 3198,3848 3199,3849 3207,3849 3208,3851 3208,3853 3209,3853 3210,3853 3210,3854 3210,3856 3211,3856 3316,3856 3316,3856 3316,3854 3317,3853 3318,3853 3318,3853 3318,3852 3319,3851 3333,3851 3335,3854 3335,3856 3337,3858 3337,3899 3339,3901 3339,3914 3337,3916 3337,3918 3335,3920 3335,3949 3334,3950 3334,3952 3332,3954 3330,3954 3324,3960 3319,3960 3318,3961 3316,3961 3314,3963 3312,3963 3311,3964 3311,3965 3311,3965 3295,3965 3294,3965 3294,3964 3294,3963 3198,3963 3187,3963 3185,3965 3178,3965 3177,3965 3177,3964 3177,3963 3168,3963 3166,3961 3108,3961 3107,3962 3107,4003 3107,4003 3100,4003 3099,4003 3099,3962 3099,3961 2977,3961 2976,3962 2976,3963 2976,3963 2888,3963 2886,3961 2884,3961 2883,3960 2748,3960 2747,3961 2747,3977 2747,3977 2746,3977 2745,3978 2745,3984 2744,3985 2744,3987 2744,3987 2743,3987 2742,3988 2742,3989 2742,3989 2741,3989 2740,3990 2740,3992 2738,3994 2735,3994 2733,3996 2725,3996 2723,3994 2721,3994 2720,3994 2720,3964 2720,3963 2623,3963 2621,3961 2511,3961 2510,3962 2510,3988 2506,3992 2506,3994 2506,3994 2501,3994 2499,3996 2487,3996 2486,3997 2486,4004 2486,4004"/><TextEquiv index="0"><Unicode>premier interrogatoire, que j'avois été</Unicode></TextEquiv><TextEquiv index="1"><Unicode>premier interrogatoire, que j'avois été</Unicode></TextEquiv></TextLine><TextLine id="l25"><Coords points="3255,4159 3254,4159 3254,4119 3254,4118 3075,4118 3073,4120 3060,4120 3056,4116 2834,4116 2833,4117 2833,4152 2833,4152 2831,4152 2829,4154 2827,4154 2826,4155 2826,4156 2826,4156 2817,4156 2816,4156 2816,4153 2816,4152 2815,4152 2812,4150 2812,4141 2811,4140 2811,4117 2811,4116 2762,4116 2760,4114 2513,4114 2512,4115 2512,4117 2509,4120 2498,4120 2496,4118 2494,4118 2492,4116 2329,4116 2327,4118 2325,4118 2323,4120 2312,4120 2308,4116 2255,4116 2253,4114 2218,4114 2217,4113 2026,4113 2025,4114 2019,4114 2018,4113 1857,4113 1856,4114 1673,4114 1672,4113 1655,4113 1653,4111 1393,4111 1391,4113 1276,4113 1273,4116 1268,4116 1266,4118 1144,4118 1142,4120 980,4120 979,4121 979,4125 979,4125 977,4125 976,4125 976,4117 976,4116 946,4116 944,4114 941,4114 938,4112 938,4110 938,4109 937,4109 936,4109 936,4105 935,4104 935,4102 933,4100 933,4064 933,4063 908,4063 907,4063 907,4055 908,4054 909,4054 909,4054 909,4053 910,4052 934,4052 934,4052 934,4051 938,4047 941,4047 942,4046 944,4046 946,4044 948,4044 950,4042 953,4042 955,4040 955,4041 955,4042 956,4042 981,4042 981,4043 981,4044 982,4044 1124,4044 1124,4044 1124,4035 1125,4034 1125,4032 1129,4028 1129,4026 1131,4024 1131,4022 1132,4021 1132,4018 1134,4016 1134,4012 1135,4011 1136,4011 1136,4011 1136,4010 1137,4009 1137,4008 1139,4006 1142,4006 1145,4003 1151,4003 1154,4006 1155,4006 1155,4007 1155,4008 1156,4008 1390,4008 1390,4008 1390,4006 1392,4004 1395,4004 1395,4004 1395,4002 1396,4001 1397,4001 1397,4001 1397,4000 1398,3999 1399,3999 1399,3999 1399,3998 1400,3997 1401,3997 1402,3996 1402,3995 1403,3994 1404,3994 1406,3996 1430,3996 1430,3997 1430,4001 1431,4001 1433,4001 1434,4002 1534,4002 1536,4004 1615,4004 1617,4007 1617,4009 1619,4011 1619,4014 1621,4016 1621,4037 1622,4037 1736,4037 1736,4038 1736,4039 1737,4039 1739,4039 1740,4040 1822,4040 1822,4040 1822,4002 1824,4000 1827,4000 1827,4001 1827,4002 1828,4002 1958,4002 1959,4003 1968,4003 1968,4004 1968,4006 1969,4006 1970,4006 1970,4007 1970,4039 1971,4039 2109,4039 2110,4040 2247,4040 2247,4040 2247,4009 2254,4002 2271,4002 2271,4003 2271,4006 2273,4008 2273,4042 2274,4042 2431,4042 2431,4042 2431,4041 2433,4039 2434,4039 2434,4039 2434,4033 2435,4032 2436,4032 2436,4032 2436,4024 2437,4023 2438,4023 2438,4023 2438,4021 2439,4020 2439,4016 2441,4014 2441,4011 2443,4009 2443,4007 2446,4004 2486,4004 2486,4005 2486,4040 2487,4040 2694,4040 2697,4037 2697,4000 2698,3999 2716,3999 2716,4000 2716,4011 2717,4011 2793,4011 2794,4013 2794,4042 2795,4042 2905,4042 2907,4040 2962,4040 2962,4040 2962,4038 2963,4037 2964,4037 2964,4037 2964,4029 2965,4028 2966,4028 2966,4028 2966,4026 2967,4025 2967,4021 2968,4020 2969,4020 2969,4020 2969,4016 2978,4007 2978,4005 2979,4004 2983,4004 2983,4004 2983,4002 2984,4001 2986,4001 2986,4001 2986,4000 2987,3999 2990,3999 2990,3999 2990,3998 2992,3996 2993,3996 2993,3996 2993,3995 2994,3994 3017,3994 3019,3996 3022,3996 3024,3999 3024,4001 3025,4001 3026,4001 3026,4002 3026,4003 3027,4003 3108,4003 3109,4004 3111,4004 3115,4008 3117,4008 3117,4009 3117,4013 3118,4013 3119,4013 3119,4014 3119,4039 3120,4039 3160,4039 3161,4040 3196,4040 3196,4041 3196,4042 3197,4042 3326,4042 3328,4045 3328,4047 3329,4047 3330,4047 3330,4048 3330,4049 3331,4049 3332,4049 3332,4050 3332,4051 3333,4051 3334,4051 3335,4053 3335,4085 3336,4085 3337,4085 3337,4086 3337,4104 3337,4104 3336,4104 3335,4105 3335,4106 3335,4106 3333,4106 3332,4107 3332,4109 3332,4109 3331,4109 3330,4110 3330,4111 3328,4113 3326,4113 3325,4114 3323,4114 3319,4118 3316,4118 3314,4120 3264,4120 3263,4121 3263,4159 3263,4159"/><TextEquiv index="0"><Unicode>arrêté ſur les calomnieuſes dépoſitions</Unicode></TextEquiv><TextEquiv index="1"><Unicode>arrêté ſur les calomnieuſes dépoſitions</Unicode></TextEquiv></TextLine><TextLine id="l26"><Coords points="1108,4318 1107,4318 1107,4275 1107,4274 1055,4274 1053,4276 1053,4278 1053,4278 934,4278 933,4279 933,4289 931,4291 931,4295 931,4295 925,4295 924,4295 924,4291 924,4290 920,4290 919,4290 919,4286 920,4285 924,4285 924,4285 924,4281 926,4279 931,4279 931,4279 931,4201 931,4200 929,4200 928,4199 917,4199 916,4199 916,4198 917,4197 928,4197 928,4197 928,4193 929,4192 929,4188 930,4187 983,4187 983,4187 983,4164 984,4163 984,4161 988,4157 991,4157 992,4156 1007,4156 1008,4157 1010,4157 1010,4158 1010,4192 1011,4192 1043,4192 1043,4193 1043,4202 1044,4202 1266,4202 1266,4202 1266,4200 1267,4199 1282,4199 1282,4199 1282,4176 1284,4174 1284,4169 1285,4168 1287,4168 1287,4168 1287,4164 1289,4162 1292,4162 1293,4161 1419,4161 1421,4159 1425,4159 1425,4159 1425,4158 1427,4156 1573,4156 1574,4157 1577,4157 1579,4160 1579,4162 1581,4164 1581,4197 1582,4197 1890,4197 1892,4195 1892,4193 1893,4192 1894,4192 1894,4192 1894,4191 1895,4190 1897,4190 1900,4187 1906,4187 1908,4190 1908,4195 1911,4197 2245,4197 2247,4199 2324,4199 2325,4200 2417,4200 2417,4200 2417,4188 2419,4186 2419,4184 2424,4179 2424,4177 2425,4176 2426,4176 2427,4175 2428,4175 2429,4174 2429,4172 2430,4171 2431,4171 2431,4171 2431,4170 2432,4169 2434,4169 2434,4169 2434,4165 2435,4164 2449,4164 2450,4166 2450,4168 2453,4171 2453,4187 2454,4187 2467,4187 2467,4187 2467,4160 2468,4159 2470,4159 2470,4160 2470,4187 2471,4187 2491,4187 2491,4188 2491,4190 2493,4192 2493,4197 2494,4197 2730,4197 2730,4197 2730,4196 2731,4195 2778,4195 2778,4195 2778,4172 2779,4171 2780,4171 2780,4171 2780,4167 2781,4166 2786,4166 2788,4164 2790,4164 2793,4161 2800,4161 2803,4164 2804,4164 2804,4165 2804,4173 2805,4173 2806,4173 2806,4174 2806,4199 2807,4199 2926,4199 2927,4200 3055,4200 3055,4200 3055,4188 3056,4187 3064,4187 3064,4188 3064,4200 3065,4200 3086,4200 3087,4199 3246,4199 3246,4199 3246,4165 3247,4164 3248,4164 3248,4164 3248,4163 3249,4162 3249,4160 3250,4159 3270,4159 3270,4160 3270,4161 3271,4161 3272,4161 3272,4162 3272,4164 3273,4165 3273,4195 3274,4195 3295,4195 3298,4199 3298,4245 3299,4245 3321,4245 3324,4248 3331,4248 3334,4252 3334,4254 3335,4255 3335,4258 3337,4260 3337,4272 3335,4274 3335,4279 3332,4282 3332,4283 3332,4283 3331,4283 3330,4284 3330,4285 3330,4285 3328,4285 3327,4286 3327,4288 3327,4288 3326,4288 3325,4289 3325,4290 3325,4290 3323,4290 3322,4291 3322,4292 3320,4294 3320,4295 3320,4295 3316,4295 3311,4300 3302,4300 3297,4296 3297,4274 3297,4273 3296,4274 3296,4310 3296,4310 3292,4310 3291,4310 3291,4274 3291,4273 3108,4273 3107,4274 3080,4274 3079,4273 2884,4273 2881,4276 2874,4276 2872,4274 2796,4274 2795,4273 2747,4273 2745,4271 2735,4271 2733,4269 2569,4269 2568,4270 2568,4271 2568,4271 2497,4271 2495,4273 2420,4273 2419,4273 2419,4272 2419,4271 2244,4271 2243,4272 2243,4274 2243,4274 2237,4274 2235,4273 2235,4272 2235,4271 2229,4271 2228,4271 2228,4270 2228,4269 2181,4269 2180,4270 2180,4312 2180,4312 2169,4312 2168,4312 2168,4270 2168,4269 2036,4269 2035,4270 2035,4271 2033,4273 2033,4278 2032,4279 2032,4281 2032,4281 2031,4281 2030,4282 2030,4286 2030,4286 2026,4286 2025,4287 2025,4288 2025,4288 2024,4288 2023,4289 2023,4290 2023,4290 2019,4290 2017,4292 2010,4292 2009,4293 2009,4312 2009,4312 2005,4312 2004,4312 2004,4270 2004,4269 1914,4269 1913,4270 1913,4305 1913,4305 1909,4305 1908,4305 1908,4270 1908,4269 1859,4269 1858,4270 1858,4271 1858,4271 1694,4271 1693,4272 1693,4274 1693,4274 1680,4274 1679,4273 1677,4273 1676,4273 1676,4272 1676,4271 1675,4271 1674,4271 1674,4270 1674,4269 1517,4269 1516,4270 1516,4271 1516,4271 1505,4271 1504,4272 1504,4301 1502,4303 1502,4305 1500,4307 1491,4307 1490,4307 1490,4306 1490,4305 1489,4305 1487,4304 1487,4302 1485,4300 1485,4296 1485,4295 1484,4295 1483,4295 1483,4274 1483,4273 1314,4273 1313,4274 1258,4274 1256,4276 1249,4276 1247,4278 1237,4278 1235,4276 1225,4276 1223,4274 1114,4274 1113,4275 1113,4318 1113,4318"/><TextEquiv index="0"><Unicode>du noir Spinacuta, mon éternel ennemi,</Unicode></TextEquiv><TextEquiv index="1"><Unicode>du noir Spinacuta, mon éternel ennemi,</Unicode></TextEquiv></TextLine><TextLine id="l27"><Coords points="2086,4498 2085,4498 2085,4497 2085,4496 2084,4496 2083,4496 2083,4494 2083,4493 2066,4493 2064,4492 2064,4464 2064,4463 2038,4463 2037,4463 2037,4446 2037,4445 1761,4445 1760,4446 1760,4453 1760,4453 1759,4453 1758,4452 1755,4452 1753,4451 1753,4425 1753,4424 1470,4424 1469,4425 1469,4439 1469,4439 1271,4439 1270,4440 1270,4448 1270,4448 1262,4448 1261,4449 1261,4451 1261,4451 1230,4451 1229,4452 1229,4453 1229,4453 1226,4453 1225,4454 1225,4455 1223,4457 1006,4457 1005,4458 1005,4462 1005,4462 1004,4462 1003,4463 1003,4465 1001,4467 999,4467 998,4468 998,4469 998,4469 973,4469 972,4470 972,4472 972,4472 967,4472 965,4471 965,4468 964,4467 964,4434 964,4433 813,4433 811,4432 811,4430 814,4427 914,4427 914,4427 914,4379 916,4377 926,4377 926,4377 926,4334 927,4333 1098,4333 1098,4333 1098,4325 1099,4324 1100,4324 1100,4324 1100,4322 1103,4319 1106,4319 1107,4318 1114,4318 1115,4319 1361,4319 1361,4319 1361,4318 1362,4317 1363,4317 1363,4317 1363,4315 1364,4314 1366,4314 1366,4314 1366,4313 1367,4312 1368,4312 1368,4312 1368,4310 1369,4309 1374,4309 1378,4305 1380,4305 1382,4303 1388,4303 1390,4306 1390,4307 1391,4307 1394,4307 1394,4308 1394,4309 1395,4310 1395,4314 1396,4314 1468,4314 1468,4315 1468,4316 1469,4316 1471,4316 1472,4317 1715,4317 1717,4315 1718,4316 1731,4316 1731,4317 1731,4321 1733,4323 1733,4348 1734,4348 2004,4348 2004,4348 2004,4313 2005,4312 2180,4312 2180,4313 2180,4350 2181,4350 2207,4350 2209,4352 2446,4352 2446,4352 2446,4322 2447,4321 2453,4321 2453,4322 2453,4341 2454,4341 2652,4341 2653,4343 2653,4355 2654,4355 2895,4355 2897,4353 2990,4353 2990,4353 2990,4320 2991,4319 2993,4319 2993,4319 2993,4317 2995,4315 3006,4315 3012,4322 3012,4324 3013,4324 3253,4324 3253,4324 3253,4322 3256,4319 3266,4319 3271,4324 3273,4324 3273,4325 3273,4350 3274,4350 3315,4350 3315,4351 3315,4352 3316,4353 3316,4358 3317,4358 3334,4358 3335,4360 3335,4362 3336,4362 3337,4362 3337,4363 3337,4414 3338,4414 3339,4414 3339,4415 3339,4423 3336,4426 3335,4426 3334,4427 3333,4427 3332,4428 3332,4429 3332,4429 3214,4429 3213,4430 3213,4431 3213,4431 3125,4431 3122,4434 3042,4434 3041,4435 3041,4462 3041,4462 3039,4462 3038,4463 3038,4465 3038,4465 3032,4465 3031,4465 3031,4428 3031,4427 2740,4427 2739,4428 2739,4432 2737,4434 2737,4437 2736,4438 2734,4438 2733,4439 2733,4441 2731,4443 2729,4443 2728,4444 2728,4446 2726,4448 2721,4448 2719,4450 2717,4450 2716,4451 2683,4451 2682,4452 2682,4467 2681,4468 2681,4471 2681,4471 2597,4471 2596,4471 2596,4461 2596,4460 2308,4460 2307,4461 2307,4469 2307,4469 2203,4469 2202,4470 2098,4470 2097,4471 2097,4496 2095,4498"/><TextEquiv index="0"><Unicode>qui, ſelon les apparences, m'avoit</Unicode></TextEquiv><TextEquiv index="1"><Unicode>qui, ſelon les apparences, m'avoit</Unicode></TextEquiv></TextLine><TextLine id="l28"><Coords points="1150,4629 1149,4629 1149,4592 1149,4591 1099,4591 1098,4591 1098,4590 1098,4589 1032,4589 1030,4587 1025,4587 1024,4586 952,4586 950,4584 943,4584 940,4582 940,4580 938,4577 937,4577 936,4577 936,4554 936,4553 864,4553 862,4552 862,4549 863,4548 912,4548 912,4548 912,4530 913,4529 914,4529 914,4529 914,4523 915,4522 922,4522 922,4522 922,4513 923,4512 925,4512 927,4510 940,4510 940,4510 940,4502 941,4501 943,4501 943,4501 943,4497 944,4496 1027,4496 1027,4496 1027,4484 1029,4482 1031,4482 1032,4481 1036,4481 1036,4482 1036,4496 1037,4496 1225,4496 1225,4496 1225,4494 1227,4492 1227,4490 1228,4489 1229,4489 1229,4489 1229,4487 1234,4482 1235,4482 1236,4481 1237,4481 1237,4481 1237,4478 1238,4477 1241,4477 1241,4477 1241,4475 1244,4472 1246,4472 1246,4472 1246,4471 1247,4470 1248,4470 1249,4469 1250,4469 1252,4467 1323,4467 1323,4467 1323,4463 1324,4462 1354,4462 1354,4462 1354,4461 1355,4460 1358,4460 1358,4461 1358,4462 1359,4462 1440,4462 1441,4463 1498,4463 1499,4465 1499,4467 1500,4467 1523,4467 1523,4468 1523,4469 1524,4470 1524,4471 1526,4473 1526,4480 1528,4482 1528,4484 1531,4487 1531,4491 1532,4491 1533,4491 1533,4492 1533,4496 1534,4496 1571,4496 1571,4497 1571,4498 1572,4498 1574,4498 1575,4499 1678,4499 1679,4501 1679,4506 1680,4506 1685,4506 1687,4508 1822,4508 1825,4505 1834,4505 1837,4508 2020,4508 2020,4508 2020,4480 2021,4479 2021,4477 2023,4475 2025,4475 2026,4474 2030,4474 2030,4474 2030,4473 2031,4472 2181,4472 2181,4472 2181,4470 2182,4469 2307,4469 2308,4470 2503,4470 2504,4469 2506,4469 2506,4469 2506,4468 2507,4467 2508,4467 2508,4467 2508,4466 2509,4465 2520,4465 2520,4466 2520,4467 2521,4467 2523,4467 2525,4469 2527,4469 2528,4470 2532,4470 2533,4471 2682,4471 2683,4473 2683,4485 2684,4486 2684,4494 2685,4494 2686,4494 2687,4496 2687,4505 2688,4505 2723,4505 2723,4506 2723,4508 2724,4508 2743,4508 2745,4510 2866,4510 2866,4510 2866,4509 2867,4508 2871,4508 2871,4508 2871,4492 2872,4491 2883,4491 2883,4491 2883,4470 2886,4467 2888,4467 2888,4467 2888,4466 2889,4465 2892,4465 2892,4465 2892,4464 2893,4463 2903,4463 2909,4470 2909,4474 2911,4475 2932,4475 2933,4477 2933,4510 2934,4510 3072,4510 3072,4510 3072,4494 3073,4493 3140,4493 3141,4492 3141,4489 3143,4487 3143,4483 3144,4482 3144,4475 3145,4474 3146,4474 3146,4474 3146,4473 3147,4472 3149,4472 3151,4470 3161,4470 3163,4472 3167,4472 3167,4473 3167,4474 3168,4475 3168,4476 3170,4477 3172,4477 3172,4478 3172,4487 3174,4488 3175,4488 3176,4489 3278,4489 3278,4490 3278,4517 3279,4518 3279,4520 3280,4521 3280,4536 3281,4536 3334,4536 3335,4537 3340,4537 3340,4538 3340,4566 3341,4566 3355,4566 3356,4568 3356,4568 3350,4568 3349,4569 3349,4610 3349,4610 3347,4610 3346,4610 3346,4583 3346,4582 3199,4582 3198,4583 3198,4626 3198,4626 3187,4626 3186,4626 3186,4588 3186,4587 3120,4587 3119,4586 2930,4586 2929,4587 2929,4624 2929,4624 2927,4624 2926,4624 2926,4618 2926,4617 2914,4617 2912,4616 2912,4587 2912,4586 2874,4586 2873,4586 2873,4585 2873,4584 2776,4584 2674,4584 2672,4586 2604,4586 2603,4587 2603,4594 2603,4594 2559,4594 2558,4595 2558,4596 2558,4596 2547,4596 2546,4597 2546,4623 2544,4625 2521,4625 2520,4625 2520,4624 2520,4623 2513,4623 2512,4623 2512,4616 2511,4615 2511,4597 2511,4596 2477,4596 2476,4596 2476,4588 2476,4587 2428,4587 2427,4586 2426,4586 2425,4585 2312,4585 2304,4585 2303,4586 2299,4586 2298,4587 2282,4587 2279,4584 2124,4584 2123,4585 2123,4594 2123,4594 2120,4594 2119,4594 2119,4583 2119,4582 2026,4582 2024,4580 1978,4580 1977,4581 1977,4584 1977,4584 1937,4584 1936,4584 1936,4581 1936,4580 1879,4580 1877,4582 1776,4582 1775,4583 1775,4622 1775,4622 1773,4622 1772,4622 1772,4585 1772,4584 1646,4584 1645,4585 1645,4608 1645,4608 1644,4608 1643,4609 1643,4615 1643,4615 1642,4615 1640,4617 1640,4618 1640,4618 1632,4618 1631,4618 1631,4614 1631,4613 1524,4613 1523,4613 1523,4583 1523,4582 1300,4582 1299,4583 1299,4585 1298,4586 1252,4586 1251,4587 1251,4589 1251,4589 1245,4589 1244,4590 1244,4591 1244,4591 1156,4591 1155,4592 1155,4629 1155,4629"/><TextEquiv index="0"><Unicode>accuſé d'être un lâche eſpion des An-</Unicode></TextEquiv><TextEquiv index="1"><Unicode>accuſé d'être un lâche eſpion des An-</Unicode></TextEquiv></TextLine><TextLine id="l29"><Coords points="979,4791 978,4791 978,4790 977,4789 977,4783 977,4782 971,4782 969,4780 934,4780 933,4780 933,4771 933,4770 924,4770 921,4768 921,4767 921,4766 917,4766 914,4764 914,4688 914,4687 912,4687 909,4685 909,4683 910,4682 914,4682 914,4682 914,4642 915,4641 919,4641 919,4641 919,4636 920,4635 923,4635 924,4634 1025,4634 1027,4632 1143,4632 1143,4632 1143,4631 1144,4630 1148,4630 1149,4629 1476,4629 1476,4629 1476,4626 1477,4625 1610,4625 1612,4623 1617,4623 1618,4622 1620,4622 1622,4620 1627,4620 1629,4618 2420,4618 2420,4619 2420,4621 2421,4622 2423,4623 2425,4623 2426,4624 2929,4624 2929,4625 2929,4626 2930,4626 3198,4626 3198,4627 3198,4665 3199,4665 3335,4665 3336,4666 3338,4666 3341,4670 3341,4723 3342,4724 3342,4733 3340,4735 3340,4739 3340,4739 3299,4739 3298,4740 3298,4743 3295,4746 3290,4746 3289,4747 3289,4774 3288,4775 3118,4775 3117,4776 2905,4776 2904,4777 2904,4781 2904,4781 2856,4781 2855,4782 2684,4782 2683,4783 2683,4785 2683,4785 1003,4785 1002,4786 1002,4790 1001,4791"/><TextEquiv index="0"><Unicode>glois, &amp; d'avoir été chargé par eux</Unicode></TextEquiv><TextEquiv index="1"><Unicode>glois, &amp; d'avoir été chargé par eux</Unicode></TextEquiv></TextLine><TextLine id="l30"><Coords points="1120,4952 1118,4951 1118,4918 1118,4917 980,4917 979,4917 979,4905 979,4904 957,4904 955,4902 951,4902 950,4902 950,4901 950,4900 948,4900 947,4899 945,4899 943,4898 943,4894 943,4893 941,4893 935,4888 935,4885 933,4883 933,4881 929,4877 929,4874 926,4871 926,4858 926,4857 925,4857 924,4857 924,4853 921,4850 921,4845 921,4844 917,4844 916,4844 916,4815 916,4814 915,4814 914,4814 914,4807 917,4804 919,4804 919,4804 919,4803 920,4802 977,4802 977,4802 977,4796 978,4795 978,4792 979,4791 1001,4791 1002,4790 1119,4790 1119,4790 1119,4789 1120,4788 1547,4788 1548,4787 1550,4787 1550,4787 1550,4786 1551,4785 1552,4785 1552,4785 1552,4783 1553,4782 1657,4782 1657,4782 1657,4779 1658,4778 2317,4778 2319,4776 2327,4776 2329,4779 2329,4781 2330,4781 2904,4781 2905,4782 3260,4782 3261,4783 3263,4783 3263,4784 3263,4787 3264,4787 3265,4787 3267,4790 3267,4806 3268,4807 3268,4825 3269,4825 3315,4825 3316,4826 3325,4826 3325,4827 3325,4828 3326,4828 3330,4828 3332,4830 3334,4830 3335,4831 3336,4831 3337,4833 3337,4838 3339,4840 3339,4843 3340,4844 3340,4845 3341,4845 3359,4845 3359,4846 3359,4847 3359,4847 3345,4847 3344,4848 3344,4885 3344,4885 3343,4885 3342,4886 3342,4888 3340,4890 3340,4892 3340,4892 3336,4892 3335,4893 3333,4893 3332,4894 3332,4898 3330,4900 3326,4900 3325,4901 3325,4907 3325,4907 3317,4907 3316,4908 3316,4909 3316,4909 2777,4909 2776,4910 2776,4942 2776,4942 2772,4942 2771,4943 1139,4943 1138,4944 1138,4946 1136,4948 1132,4948 1130,4950 1128,4950 1127,4951 1127,4952 1127,4952"/><TextEquiv index="0"><Unicode>de commiſſions perfides, capables de</Unicode></TextEquiv><TextEquiv index="1"><Unicode>de commiſſions perfides, capables de</Unicode></TextEquiv></TextLine><TextEquiv><Unicode/></TextEquiv></TextRegion></Page></PcGts>