4266 6032
934 269 3336 445 m'attirer en France le traitement le
938 453 2040 610 plus rigoureux.
897 597 3330 762 „Ah! ſcélérat, m'écriai - je, je te
941 747 3334 917 “punirai; mais à préſent le traître a
941 907 3330 1060 “le bonheur d'être en Italie. Il a re-
953 1062 3334 1223 “joint la belle Princeſſe Gémelli, mon
888 1218 3335 1373 “invariable amie; il a trouvé auprès
892 1373 3335 1521 “d'elle mon Adélaïde, ma tendre
867 1526 3337 1686 “amante. Il jouit de la vue de ces
965 1685 3331 1851 “deux perſonnes adorables, il me noir-
962 1837 3332 2006 “cit à leurs yeux: & qui ſait s'il n'aura
955 1990 3393 2159 “pas l'odieux talent d'épouſer la Prin-
948 2132 3394 2314 “ceſſe, & de ſéduire juſqu'à ma Maî-
947 2300 3334 2471 “treſſe? Cependant, je ſuis enfermé
943 2450 3361 2619 “loin de ces deux objets ſi chers:
947 2610 3331 2771 “l'infame vit dans la liberté, dans le
941 2769 3342 2935 “bonheur auprès de ce que j'aime;
943 2917 3344 3093 “il triomphe, & je frémis; il jouit de
867 3074 3339 3241 “l'aſpect du Ciel qu'il offenſe, & je
943 3234 3340 3392 “ronge mon frein dans les ténèbres“.
998 3369 3339 3547 Ne pouvant forcer ma priſon, je ſon-
947 3535 3340 3709 geai d'abord à l'égayer. Pour marcher
943 3697 3346 3861 ſur les traces de mon père qui culti-
936 3851 3396 4015 voit avec ſuccès tous les Arts, j'avois
936 4008 3340 4173 étudié, entre autres, celui de la Pein-
936 4162 3332 4332 ture. J'obtins une boîte de paſtel & des
941 4322 3351 4488 toiles; & je peignis d'abord le portrait
938 4474 3340 4643 de mon Adélaïde, dont les traits char-
881 4641 3396 4806 mans étoient gravés dans mon cœur,
934 4790 3358 4969 quoique je ne l'euſſe jamais bien vue,
2661 4947 2924 5106 A 3
