4266 6032
893 274 3347 443 comme je l'ai dit ſouvent, depuis mon
921 429 3346 607 enfance. J'y joignis celui de ma chère
902 584 3342 761 Princeſſe Gémelli, ma noble bienfai-
900 741 3346 911 trice. Bientôt toutes les femmes qui
885 898 3344 1056 m'avoient été chères s'offrirent à mon
892 1053 3411 1224 imagination, & reſpirèrent ſous mes
902 1213 3382 1384 crayons. A leur tête brilloit Scintilla,
917 1368 3340 1539 cette Amante née chez les Guèbres,
924 1526 3339 1682 que j'avois épouſée ſelon les rits de
852 1674 3340 1851 la Religion Polythéiſte. Elle balançoit
919 1827 3332 1997 preſque Adélaïde dans mon cœur, & fut
919 1990 3337 2162 placée vis-à-vis d'elle. Tendre compa-
876 2145 3339 2321 gne! combien n'avoit-elle pas de droits
934 2304 3342 2475 à mon amour! Peu à peu je vins à
931 2451 3346 2632 bout de peindre auſſi, de reſſouvenir,
929 2611 3340 2781 les portraits des autres beautés chéries,
919 2763 3341 2945 ſans être adorées, qui m'avoient rendu
922 2914 3347 3092 ſucceſſivement heureux par des jouiſ-
934 3070 3344 3244 ſances douces, quoique ſouvent cou-
931 3229 3340 3408 pables. Agnès Spalanzoni & ſa mère,
838 3383 3334 3565 l'altière Ducheſſe de Valamos & la douce
940 3538 3337 3714 Théréſine, la Prêtreſſe Aphrodiſe, qui
936 3698 3342 3872 m'avoit accordé dans les Cieux ſes fa-
919 3860 3346 4032 veurs inappréciables, & la Reine Zephy-
936 4011 3340 4178 rine, qui ne m'avoit honoré que d'un
943 4162 3354 4328 bienfaiſant accueil: toutes ces beautés
941 4321 3387 4499 dont j'ai entretenu précédemment mes
895 4479 3387 4657 Lecteurs, rangées autour de moi, or-
950 4641 3387 4814 nant de leurs attraits le mur funéraire
948 4795 3383 4973 qui m'enfermoit, égayoient mon ca-
