4266 6032
1074 241 3368 440 Je m'étois fait une occupation plus
931 406 3370 593 agréable encore que toutes celles dont
924 565 3365 752 je viens de parler. On ne reçoit le jour,
936 719 3380 911 dans ces malheureux cachots, que par
929 888 3356 1060 un trou pratiqué en biais dans l'épaiſ-
935 1020 3359 1219 ſeur du mur. Il y a un carreau de vitre
934 1187 3345 1373 à l'extrémité intérieure, un autre à l'ex-
945 1348 3354 1531 térieure, & la lumière vient par cet
936 1505 3353 1686 étroit & long ſoupirail, comme par une
941 1658 3345 1841 lunette d'approche. On me permit d'a-
940 1810 3404 2001 juſter des verres & un miroir dans ce
941 1977 3337 2159 canal introducteur d'un foible jour, &
947 2119 3385 2335 d'y compoſer une eſpèce d'optique,
940 2281 3343 2467 par des procédés dont on verra peut-
941 2439 3342 2619 être, par la ſuite, le détail dans mes
900 2599 3344 2779 œuvres philoſophiques. A l'aide de cette
929 2744 3344 2925 heureuſe invention, les objets extérieurs,
842 2909 3330 3093 avec leſquels, ſans cette reſſource,
929 3065 3325 3237 toute communication m'étoit interdite,
928 3223 3341 3401 venoient ſe peindre ſous mes yeux
931 3370 3330 3551 comme dans une chambre noire, &
921 3528 3327 3711 m'offroient des payſages animés & des
931 3677 3387 3863 ſcènes mobiles. Ainſi, je jouiſſois de
929 3843 3401 4028 l'aſpect de la campagne & de la ville,
836 4000 3322 4182 & des tableaux mouvans que traçoient
926 4149 3322 4336 à mes regards des hommes qui ne ſoup-
919 4335 3353 4484 çonnoient pas mon exiſtence. Oh! com-
933 4451 3353 4660 bien d'amoureux ébats qu'on croyoit
836 4616 3329 4801 ſecrets, & qui amuſoient à la Baſtille
929 4785 2331 4966 une témoin caché!
