4266 6032
944 210 3371 382 yeux & preſque dans mes bras. Ah ! le
923 365 3412 540 Paradis de Mahomet n'eſt rien auprès
881 542 2135 696 de pareilles délices.
1106 694 3342 861 Tandis que je m'enivrois dans la
948 857 3341 1022 contemplation d'un objet ſi cher, le
955 1015 3342 1180 Gouverneur vint me ſurprendre: il
950 1172 3337 1337 étoit déjà ſur mes épaules, ſans que je
947 1327 3334 1493 me fuſſe apperçu de ſon avrivée. " Com-
947 1478 3339 1631 " ment, dit-il, voilà la Femme de
948 1636 3335 1805 " chambre de mon épouſe" ! Je fus
948 1798 3337 1963 tiré de ma rêverie par ce propos, & je
943 1946 3339 2111 regardai le Gouverneur avec ſurpriſe
952 2114 2199 2262 & conſternation.
1105 2257 3337 2431 " Ne vous effrayez pas, me dit-il,
945 2413 3325 2583 " mon cher ami; vous devez bien ſen-
943 2575 3335 2742 " tir que vous n'avez pu compoſer cette
941 2735 3325 2900 " optique ſans mon conſentement, au
941 2888 3325 3055 " moins tacite. On ne vous fournit
943 3046 3325 3213 " rien qui ne paſſe par mes mains. Je
938 3206 3327 3363 " vous loue de votre manière agréa-
938 3354 3325 3525 " ble de vous occuper & de charmer
940 3521 3330 3682 " les ennuis de la captivité. Si tous vos
933 3671 3322 3834 " confrères les priſonniers en faiſoient
934 3828 3323 3995 " autant, la Baſtille deviendroit un
936 3985 3311 4149 " petit paradis. Je devrois peut - être
934 4147 3323 4308 " vous interdire cet amuſement; car
934 4302 3315 4465 " enfin, vous jouiſſez par-là de l'ex-
933 4460 3320 4615 " térieur du château; vous vous pro-
921 4611 3325 4775 " menez en quelque façon dans la
921 4764 3320 4966 " Ville & dans la campagne; qui ſait
