4266 6032
952 241 3323 407 d'obſtacles? ma priſon en étoit, pour
941 391 3313 564 mon malheur, un terrible, inſurmonta-
941 554 3315 711 ble. Je brûlois d'en ſortir. Je tournai
933 706 3313 879 tous les reſſorts de mon eſprit vers cet
934 876 2040 1037 objet unique.
928 1001 3311 1193 A peine étois-je levé chaque matin,
931 1175 3311 1348 que je m'enfermois dans ma chambre
938 1338 3310 1497 noire, je ne tardois pas y voir paroître
940 1492 3315 1658 mon Adélaîde. Un jour, ſollicité par un
938 1643 3310 1812 très-honnête appétit, j'attendois avec
952 1801 3308 1971 quelque impatience mon ordinaire. Je
924 1959 3308 2119 vois ouvrir ma porte; leuichetier entre;
936 2114 3306 2281 mais au lieu d'un gros garçon franc,
910 2269 3311 2435 épais, tel que celui qui me ſervoit or-
933 2422 3294 2592 dinairement, je vois un petit poliſſon
931 2579 3310 2746 leſte, ſémillant, qui enlève de deſſus
933 2732 3310 2901 ſa tête une fauſſe chevelure, s'eſſuie
910 2888 3322 3056 le viſage qu'il avoit enfumé je ne ſais
911 3043 3313 3208 comment, jette le groſſier habit qui le
888 3198 3318 3368 couvroit, &, débarraſſé de cette en-
905 3351 3313 3547 veloppe, m'offre, au lieu d'un ui-
905 3509 3325 3673 chetier, une jeune femme trèsjolie,
917 3662 3322 3833 qui me ſaute au cou. Je reſte ébahi,
916 3820 3313 3983 enchanté; je la dévore des yeux; je
924 3982 3316 4143 cherche dans ſes traits ceux de mon
929 4131 3318 4298 Adélaide. Ce n'étoit pas elle, c'eût été
933 4290 3322 4455 trop de bonheur; il y auroit eu de
917 4446 3324 4611 quoi en mourir: mais c'étoit du moins
907 4588 3320 4765 une perſonne raviſſante. Elle dut me
919 4756 3328 4954 paroître telle dans une priſon, après
