4266 6032
895 272 3294 436 la longue privation où j'étois de ce
903 427 3296 594 ſexe enchanteur. ors de la Baſtille,
900 585 3301 749 elle n'eût été ſans doute à mes yeux
917 742 3306 914 qu'une mortelle fort aimable; mais dans
917 900 3303 1063 mon cachot, elle me parut une divi-
921 1051 3310 1215 nité. Oui, me dit-elle en me ſerrant
926 1215 3322 1378 contre ſon cœur, voilà ce qu'on m'a
924 1373 3315 1531 ndit; on ne m'a pas trompée, on ne
924 1516 3318 1686 m'a pas flatté le portrait. C'eſt le plus
924 1676 3322 1848 charmant deshommes, c'eſt plus qu'on
928 1836 3325 2001 ne m'avoit promis, c'eſt plus que je
928 1999 2887 2156 nn'avois pu me figurern.
857 2147 3327 2309 Je fus enchanté de l'arrivée de cette
934 2300 3328 2467 belle dame & de ſon début avec moi.
931 2460 3328 2622 Je la ſerrai dans mes bras; & je lui
945 2615 3334 2778 rendis, avec tranſport, les amitiés dont
943 2769 3335 2930 elle vouloit bien m'honorer. e Mais enfin,
943 2924 3335 3092 Madame, lui dis -je, qui êtes-vous?
945 3082 3332 3249 à quel heureux motif dois - je vos
945 3237 3342 3399 bontés? ... -- Mon cher ami, ré-
948 3394 3346 3559 pondit-elle, je ſuis la Marquiſe de,
952 3549 3335 3714 amie, confidente, &, ſi voulez, pro-
955 3697 3361 3855 tectrice de votre Adélaîde. C'eſt la
957 3861 3342 4026 nPrinceſſe émelli qui me l'a adreſſée.
953 4018 3341 4183 nEpriſe comme elle eſt, elle n'a pu
953 4175 3339 4343 ns'empêcher de me parler de vous;
953 4329 3351 4502 & comme j'ai gagné bientôt ſa con-
957 4487 3356 4655 fiance, elle s'eſt étendue ſur vos
959 4642 3366 4813 nlouanges, avec une profuſion qui
957 4802 3373 4973 xannonçoit l'Amante la plus paſſionnée.
