4266 6032
952 221 3346 399 Je rabattois, dans mon imagination,
947 382 3349 555 nla moitié de la valeur qu'elle vous
945 536 3349 713 ndonnoit; mais il en reſtoit toujours
945 682 3347 869 aſſez pour m'inſpirer un violent déſir
941 851 3347 1021 de vous voir. Cela n'étoit pas facile;
945 1013 3349 1175 nmais je ſuis l'intime amie de votre
919 1162 3347 1318 ouverneur & de ſa femme. Je fais
941 1320 3349 1498 la pluie & le beau temps dans cette
940 1475 3347 1656 nmaiſon. C'eſt moi dernierement qui
940 1634 3344 1812 nai placé le gros Pâté votre Cuiche-
936 1782 3342 1968 tier. Or, pour vous voir, je me ſuis
934 1944 3351 2104 aviſée de tuer, de mon autorité
931 2099 3340 2281 nprivée, un de ſes parens; c'eſt à-
935 2252 3337 2426 dire, de le donner pour mort. J'ai
933 2419 3337 2593 prétendu que mon protégé avoit une
926 2565 3337 2737 nſucceſſion à recueillir, & qu'il fal-
934 2732 3339 2895 loit lui accorder un congé, pour
934 2874 3335 3053 nqu'il allât dans ſon pays faire raffle
933 3038 3335 3218 ndu montant de cet héritage. On m'a
929 3192 3322 3376 dit: -- Mais qui remplira ſa place?
932 3352 3327 3523 -- Oht j'ai ce qu'il vous faut, ai-je
933 3505 3335 3688 nrépondu; un petit jeune homme,
933 3659 3335 3844 nſon proche parent, dont je réponds
929 3817 3339 3992 ncomme de lui-même, viendra de-
931 3987 3334 4137 nmain s'offrir à vous avec une lettre
934 4142 3339 4310 nde ma part. Acceptez - le les yeux
938 4286 3334 4464 nfermés; mais ſur - tout qu'il faſſe
935 4446 3332 4622 l'office de ſon parent, je l'exige ab-
928 4610 3332 4776 ſolument --. On a bien voulu ac-
926 4756 3337 4963 cepter ma propoſition. Je me ſuis
