4266 6032
922 379 3354 555 plaiſir qui ne fût puni par de cruels
921 548 1658 704 remords.
1066 666 3341 862 Je goûtois, auprès de ma jolie Cui-
916 850 3344 1022 chetière, toutes les délices terreſtres &
916 1007 3342 1186 phyſiques. On ſent bien qu'elle m'ap-
931 1165 3342 1351 portoit tout ce qu'il y avoit de plus
925 1321 3344 1491 exquis en vins, liqueurs, friandiſes de
917 1487 3346 1652 toute eſpèce; agrémens qui étoient ce-
919 1638 3342 1968 es caralen, et venſun lie nie pruſit
928 1951 3346 2132 guoit, avec une franchiſe naive & pi-
940 2107 3193 2288 quante, ſelon l'expreſſion d'Eorace:
1947 2417 2983 2567 Oſeula qua Venus
941 2576 2978 2730 Quint parte ſui nectaris imbuit:
1877 2732 3086 2852 Des baiſers ineffables
1062 2890 3235 3044 Que Venus humectoit du tiers de ſon nectat.
1098 3174 3354 3344 Mais ſi j'étois un homme fortuné dans
948 3332 3356 3504 les bras de la Marquiſe, je devenois
952 3487 3351 3693 un Dieu dans la contemplation d'Adé-
941 3657 3353 3815 laide. Je me voyois aimé purement
945 3808 3359 3967 comme un être céleſte. J'aimois avec
945 3960 3359 4133 la même pureté une beauté raviſſante,
948 4121 3356 4297 que mon art amenoit ſous mes yeux,
945 4278 3359 4450 comme par un prodige. C'étoit le pur
947 4436 3366 4614 commerce des ames. Pour un priſon-
952 4594 3366 4758 nier, mes chers frères, étoit-je ſi mal-
952 4763 1527 4912 heureux?
1005 4892 3368 5116 Ma Ceolière quelquefois rioit comme
