4266 6032
952 291 3358 457 & la Marquiſe faiſoit des efforts très-
941 453 3346 614 ſincères pour me tirer d'eſclavage: mais
936 608 3401 924 iceuout ſui que mus dur ons fue ſe
857 926 3353 1086 couverts, & je craignois que mon ſort
914 1082 3115 1246 n'empirât par cette découverte.
929 1240 3330 1403 Ma crainte n'étoit que trop fondée.
912 1387 3399 1557 Au bout de peu de jours de jouiſſance,
934 1552 3414 1708 nous étions plongés tous deux, un
933 1701 3328 1858 matin, dans un égarement inconceva-
929 1858 3358 2025 ble; le Oouverneur entre, preſque ſans
940 2018 3327 2185 que nous nous en appercevions. Il voit
934 2171 3389 2338 une femme entre mes bras. Il s'écrie:
933 2322 3328 2494 Ah? bon Dieul eſt-elle tombée du
936 2482 3320 2651 Ciel? Il reconnoît la Marquiſe.
929 2635 3325 2801 Comment, Madame, lui dit - il en
912 2787 3334 2961 fureur, eſt-ce-là donc agir en amie?
931 2948 3349 3112 Ne voyez-vous pas le danger où vous
859 3098 3371 3269 me jetez, ſi cette ſottiſe tranſpire?
938 3263 3320 3426 -- Et vous n'avez qu'à n'en point
936 3414 3320 3583 parler, répondit-elle. -- Ahl le ſcé-
936 3571 3392 3736 lérat de petit Ouichetier, reprit-il;
904 3726 3320 3895 c'eſt lui qui va en porter la folle
934 3884 3318 4047 nenchère. Je vais le punir, je vais le
917 4039 3322 4197 faire pourrir dans un cachot. A ces
873 4197 3335 4368 mots, la Marquiſe ſaute ſur ſes habits
873 4350 3334 4524 de Ouichetier, s'en couvre rapide
938 4503 3416 4706 ment, & dit avec dignité; tPunis moi,
926 4658 2142 4829 ſi tu l'oſes.
948 4802 3375 5024 e ſouverneur parut déconcerté,
