4266 6032
1096 303 3344 481 Il étoit indiſpenſable que je ſortiſe
921 474 3361 637 de ce ſéjour qui me devenoit inſuppor-
947 633 3342 792 table. Adélaîde étoit peut être retour-
945 785 3340 950 née en Italie. Il falloit courir après elle,
938 940 3346 1106 & me juſtifier à ſes yeux, ou bien
929 1096 3342 1262 j'allois mourir de douleur, d'impa-
931 1256 3371 1415 tience, & d'ennui. Je me ſentois déjà
938 1409 3351 1574 légèrement malade: cette circonſtance
941 1564 3353 1728 me donna l'idée de feindre que je l'étois
945 1726 3347 1888 gravement. Je me mis au lit. J'y ru-
941 1879 3347 2044 minai le projet de m'évader; enfin, je
943 2035 3351 2216 crus avoir trouvé un expédient pour en
933 2193 2030 2314 venir à bout.
1086 2343 3346 2509 Je m'étois remis à peindre depuis une
945 2506 3353 2656 quinzaine. M. le Couverneur avoit per-
950 2644 3351 2818 mis que Madame la Marquiſe de-
945 2812 3354 2978 me procurât un mannequin pour draper
940 2973 3349 3127 mes figures. Ce mannequin étoit entré
950 3119 3346 3288 dans la Baſtille, avoit été viſité ſcru-
947 3279 3354 3446 puleuſement & monté chez moi. Je
955 3437 3356 3604 m'en ſervois pour habiller des portraits.
950 3588 3351 3754 Ce fut ſur ce meuble ſingulier que je
950 3750 3354 3915 fondai l'eſpérance de ma ſortie. Je dis
940 3904 3358 4072 que je voulois le renvoyer à la Mar-
950 4061 3354 4227 quiſe, qui, en effet, l'avoit fait rede-
948 4219 3365 4378 mander. Pâté daigna m'aſſurer qu'il alloit
950 4383 3354 4540 en parler au Couverneur, & me quitta
948 4527 3378 4698 pour cet objet. Notez que j'étois alors
922 4665 3354 4851 dans mon lit, que le mannequin habillé
962 4845 3404 5043 étoit négligemment étendu ſur le plan-
