4266 6032
902 264 3444 454 dedans, à ce qu'on dit, une carcaſſe
904 446 3437 611 de fer; il y a des rotules pour faire
921 606 3368 766 jouer tous les membres. -- Et com-
900 757 3318 923 ment ſe porte Monſieur, reprit le
926 916 3342 1082 fat en hauſſant la voix & regardant
892 1074 3323 1237 à peine du côté de mon lit, où il
917 1230 3327 1396 me croyoit giſſant? ... Ohl ohl Mon-
917 1385 3337 1557 ſieur ne daigne pas répondrel cela
916 1542 3330 1708 eſt cruel.... -- Laiſſez-le, dit Pâté,
907 1695 3340 1862 c'eſt une homme ſingulier; il faut qu'il
943 1855 3339 2021 ſoit bien gai pour répondre. Mon-
934 2002 3337 2176 ſieur le fat ſortit en hauſſant les épau-
931 2164 3335 2332 les. Le Cuichetier me chargea ſur les
940 2326 3342 2482 ſiennes. En effet, dit-il en gromme-
934 2481 3341 2644 lant, il eſt plus lourd à porter que
943 2634 3342 2801 cent coups de nerf de bœuf. Il
929 2787 3342 2958 ſortit, en fermant bien ma porte, de
945 2950 3351 3269 mne d'ileunit oens uns mnntn
943 3261 3359 3428 du Oouverneur, & me jeta durement
948 3414 3349 3580 ſur le plancher, en diſant: uIl faudra
953 3566 3354 3736 nporter cela chez Madame la Marquiſe
962 3733 3344 3898 de , qu'on n'y manque pasn.
938 3887 3358 4057 Briſé par ma chute, j'aurois volon-
962 4045 3399 4209 tiers caſſé le muſeau à ce brutal; mais
931 4200 3366 4368 je diſois: Me voilà déjà hors du ca-
969 4357 3194 4523 nchot. Et je prenois patience.
974 4513 3365 4677 Les domeſtiques trouvèrent ma figure
965 4668 3377 4837 de mannequin fort plaiſante. Ils s'amu-
981 4825 3377 4976 ſérent à me mettre ſucceſſivement dans
