4266 6032
910 229 3296 404 différentes attitudes, auxquelles il fal-
902 398 3298 559 loit me prêter. Bientôt ils ſe jetèrent
912 556 3294 714 réciproquement à la tête ma triſte
914 709 3294 871 perlonne. A chaque élan qu'on me
921 866 3301 1026 donnoit, j'avois le malheur de tomber
914 1019 3299 1182 rudement ſur le pavé. J'étois meurtri,
928 1175 3303 1338 martyriſé, & je devois être immobile,
924 1308 3301 1493 impaſſible, tandis que je ſouffrois comme
931 1488 3308 1651 un damné. Ce paſſe-temps amuſoit fort
929 1646 3311 1798 mes bourreaux, qui rioient avec de
933 1800 3313 1963 bruyans éclats. Seul, je ne prenois point
934 1958 3315 2114 part à la joie, quoique j'en euſſe une
936 2111 3315 2275 ſicruelle à la fête. Les femmes vouloient
941 2266 3387 2429 m'ajuſter; elles m'enfonçoient des épin-
945 2420 3315 2573 gles dans la chair. J'avois la force de ne
950 2577 3323 2737 pas remuer, de ne pas crier: mais quelle
953 2728 3320 2892 devoit être la fin de ce jeu ſingulier?
874 2881 3332 3048 Il étoit immanquable qu'en me remuant
948 3038 3325 3206 de toutes les façons, on devoit décou-
900 3196 3346 3370 vrir bientôt que j'étois un homme Il
950 3340 3346 3542 ſuffiſoit qu'on levât mon maſque, qu'il
950 3508 3347 3684 tombât, qu'on m'atrachât un gant. Après
962 3659 3344 3850 avoir ſouffert avec une patience ſtoîque,
957 3819 3342 3989 j'allois être découvert, & ſoudain ren-
960 3965 3347 4149 fermé dans mon cachot & veillé de
960 4133 3349 4304 plus près. Ohl Meſſieurs, s'écria un
923 4279 3356 4455 nbenêt de valet, il me vient une idée
852 4431 3363 4646 impayable. Pour faire péor à Made-
953 4597 3359 4765 moiſelte Adélaide, il'faut mettre le
959 4735 3366 4921 fautôme dans ſon lit. O'uſt lte
2628 4920 2880 5081 5
