4266 6032
933 297 3339 470 Elle pria ſon Dieu bien chaudement,
931 463 3340 630 lui demanda pardon de ſon amour trom-
938 618 3342 793 pé, de ſes eſpérances chimériques, le
938 778 3349 942 ſuppliant de pardonner auſſi à ſon in-
938 933 3341 1103 fidèle, & de le rendre heureux & plus
940 1091 2845 1254 ſage. Sa compagne la quitta.
1091 1249 3349 1415 Je voyois mon Adélaide abîmée dans
947 1399 3346 1570 ſes larmes, & gémiſſant ſur moi. Je ne
953 1560 3349 1726 pus m'empêcher de chercher à me juſ-
955 1715 3351 1882 tifier à ſes yeux. J'oſai prononcer, d'une
957 1875 3341 2039 voix timide: Ma chère Adélaidel
952 2028 3363 2200 A ce mot, elle pouſſe un cri. Soudain
964 2192 3356 2353 toute la valetaille aux aguets, qui at-
942 2340 3358 2506 tendoit re cri, s'imagina qu'elle avoit
919 2501 3356 2670 eu peur du fantôme. On fond à grands
948 2654 3359 2792 éclats dans ſa chambre. Ahl elle a eu
964 2811 3360 2978 peur, diſent ces poliſſons. Il faut en-
953 2971 3356 3129 core faire peur à d'autres; allons le
945 3125 3356 3288 porter dans le lit de la dévote.
952 3273 3361 3456 Adélaide reſtoit immobile & ſtupé-
943 3426 1534 3588 faite.
983 3593 3349 3758 J'avois bien beſoin de la nouvelle
948 3739 3358 3906 idée qui venoit à ces valetsJe me
952 3904 3359 4071 trouvois dans le lit de ma chère Adé-
929 4058 3358 4230 laide. Qui ſait ſi elle n'y ſeroit pas entrée
936 4215 3365 4373 après avoir ſoufflé ſa lumière? J'allois
948 4373 3365 4551 du moins avoir avec elle une explica-
950 4527 3365 4707 tion, me juſtifier à ſes yeux, la ſerrer
945 4675 3358 4864 dant mos bras, & paſſer avec elle non
934 4833 3360 5026 dans ſon lit, car elle ne m'y auroit pas
2606 4999 2884 5129 B
