4266 6032
881 290 3310 485 preſſion qu'ils devoient faire ſur un
922 450 3315 644 homme de mon âge, qui n'étoit pas
916 621 1954 768 un mannequin.
910 763 3313 952 Enfin la ſainte perſonne va pour ſe
921 928 3315 1107 mettre au lit; elle apperçoit le fantôme,
928 1080 3313 1260 & paroît d'abord frappée; mais heu-
926 1234 3315 1418 reuſement elle en avoit entendu par-
926 1387 3344 1568 ler; ce qui modéra ſa ſurpriſe & ſa
926 1544 3308 1725 crainte. Elle ſe remit bientôt, & dit:
910 1696 3310 1880 Bonl c'eſt le fantôme. Mais, en vé-
921 1856 3385 2036 rité, cela reſſemble bien à un hom-
909 2014 3314 2185 nme.... Ohl cela eſt particulier....
916 2166 3316 2347 Si j'oſois voir, ſous ſes habits, com-
921 2327 3316 2488 nment il eſt fait ... Ces fantômes
914 2470 3349 2639 ont ils un ſexe? ...n. Je demande
904 2625 3328 2964 at eauiet uout pareéne oeoue ue it
922 2929 3316 3111 ſant ces mots, elle rioit comme une
926 3088 3323 3273 folle, & commençoit l'impertinente
886 3239 3325 3434 viſite. Qu'on refléchiſſe cependant, pour
921 3399 3322 3582 ſon excuſe, qu'elle croyoit n'avoir
905 3555 3316 3742 affaire qu'à un mannequin. Elle étoit
916 3710 3322 3898 déjà déshabillée, & dans le coſtume
929 3868 3315 4045 d'une femme qui va entrer dans ſon
928 4028 3321 4211 lit; elle avoit des charmes, & ſa re-
929 4183 3320 4347 cherche audacieuſe alloit me mettre
905 4338 3318 4521 dans le cas de me trahir. Pour la faire
867 4486 3317 4707 ceſſer, je lui appliquai un ſoufflet de
917 4656 3328 4836 poidé. A ce coup imprévu elle pouſſe
904 4815 3332 5016 un cri, & tout le monde fond encore
