4266 6032
912 334 3308 524 dans ſa chambre, avec de grands éclats
902 497 3390 677 de rire. Elle fut déconcertée; mais elle
914 651 3306 831 ne ſe vanta ni de la viſite qu'elle
907 809 3315 1010 vouloit faire, ni du ſoufflet quelle avoit
910 1031 1205 1152 reçu.
1062 1100 3351 1300 Tout les mauvais plaiſans la quittè-
916 1278 3311 1439 rent bientôt, à la réſerve d'un petit
921 1435 3318 1614 Abbé, Précepteur de l'enfant du Oou-
919 1588 3320 1770 verneur. Je fus immobile témoin de
922 1748 3356 1922 ce qui ſe paſſa. Lecteurs, ne me le
924 1892 3322 2076 demandez pas, & plaignez ma poſi-
924 2054 3323 2231 tion. Enfin l'Abbé, prêt à ſortir: A
898 2212 3323 2391 propos, dit-il, il faut vous débar-
912 2367 3332 2526 raſſer de ce vilain fantôme. La dé-
926 2526 3332 2697 vote n'étoit pas trop de cet avis;
924 2677 3327 2853 mais un gros valet, qui attendoit le
924 2835 3328 3014 Précepteur à la porte, m'enleva ſans
931 2988 3334 3163 façon, & me jeta bruſquement dans
933 3148 3337 3323 une eſpèce d'allée juſqu'au lendemain.
928 3304 3340 3476 Il fallut paſſer une nuit froide dans ce
935 3467 3337 3631 triſte état. Je voulois remuer pour me
933 3614 3339 3785 mettre à mon aiſe; mais un gros chien
876 3773 3330 3945 de baſſe-cour, qui étoit auprès de moi,
940 3932 3365 4100 me mit la patte ſur le corps, grinça
931 4090 3351 4260 des dents, reniffla, & parut prêt à aboyer
911 4243 3406 4403 & à me dévorer. A chaque ombre de
936 4401 3347 4571 mouvement que je voulois faire, même
938 4554 3383 4728 cérémonie de ſa pant. Ilfallut reſter i-
945 4709 3368 4890 mobile ſous la patte du dogue, & pallet,
942 4876 3320 5050 ſans ſouffler, la nuit la plus cruelle.
