4266 6032
890 295 3413 491 Enfin, quand le jour fut venu, un
871 486 3256 655 porte-faix vint me prendre, m'enfonça
876 639 3261 803 dans un ſac qu'il noua ſur ma tête, me
885 797 3328 960 chargea ſur ſes épaules, & m'emporta.
890 952 3272 1114 Le cœur me battoit. Je n'étois pas ſûr
897 1106 3267 1270 encore d'avoir paſſé la porte de la Baſ-
893 1263 3273 1428 tille. Je n'y voyois pas dans ce ſac, &
892 1413 3282 1585 je craignois de me trahir, ſi je vou-
900 1573 3273 1738 lois donner ſigne de vie avant d'être
907 1729 3296 1890 dehors du malheureux château. Bien-
909 1884 3292 2051 tôt je reconnus, au bruit des carroſſes
910 2040 3296 2202 que j'entendis rouler, que j'étois ſorti
922 2195 3310 2359 du donjon: je méditois ſur les moyens
921 2353 3322 2512 de m'élancer & de planter là mon mal-
914 2511 1939 2669 heureux porteur.
1067 2656 3325 2824 Tout à coup j'entends crier: uArrête,
929 2818 3323 2979 c'eſt un priſonnier que tu emportes.
935 2967 3332 3132 Il n'y avoit plus à délibérer. Soudain
940 3120 3341 3442 ie poele ai ſh renvete depeuut ou
948 3433 3342 3596 le monde reſte ſtupéfait. J'étois dans
953 3590 3347 3755 la rue Saint-Antoine; un homme veut
955 3743 3353 3912 me ſaiſir; je le jetre à dix pas de moi,
964 3901 3354 4070 du plus terrible coup de poing qu'il
964 4058 3359 4224 eût reçu de ſa vie. J'enfile, avec la
965 4217 3356 4381 rapidité d'un éclair, une allée que je
967 4372 3365 4538 connois, & qui aboutit dans une autre
972 4520 3373 4692 rue. J'y jette bas mes habits de fan-
984 4677 3373 4849 tôme & mon maſque, & je ſuis déjà
967 4832 3382 4995 bien loin dans l'autre rue, habillé comme
