<?xml version="1.0" encoding="UTF-8" standalone="no"?><PcGts xmlns="http://schema.primaresearch.org/PAGE/gts/pagecontent/2017-07-15" xmlns:xsi="http://www.w3.org/2001/XMLSchema-instance" xsi:schemaLocation="http://schema.primaresearch.org/PAGE/gts/pagecontent/2017-07-15 http://schema.primaresearch.org/PAGE/gts/pagecontent/2017-07-15/pagecontent.xsd"><Metadata><Creator/><Created>2020-10-13T11:07:27</Created><LastChange>1970-01-01T00:00:00</LastChange><Comments/></Metadata><Page imageFilename="0044.png" imageHeight="6032" imageWidth="4266"><TextRegion id="r1" orientation="0.125" type="paragraph"><Coords points="1,1 4264,1 4264,6030 1,6030"/><TextLine id="l1"><Coords points="2931,505 2931,505 2931,499 2930,498 2672,499 2672,499 2672,502 2671,503 2653,503 2653,502 2652,493 2652,493 2512,493 2511,494 2507,494 2505,497 2505,503 2504,503 2501,503 2501,503 2501,497 2500,496 2479,496 2477,494 2472,494 2471,493 2467,493 2466,493 2466,492 2466,491 2452,491 2451,491 2451,490 2451,489 2449,489 2448,489 2448,488 2448,487 2279,488 2278,488 2278,493 2278,494 2276,494 2276,494 2276,497 2275,498 2274,498 2274,497 2274,496 2272,494 2271,470 2271,470 2112,470 2111,471 2111,475 2111,475 2052,475 2051,476 2052,505 2051,505 2047,505 2047,505 2047,495 2046,494 1987,494 1986,494 1986,475 1986,474 1817,475 1816,475 1817,500 1816,501 1812,501 1812,500 1811,469 1811,469 1807,469 1805,467 1792,467 1791,466 1791,465 1791,465 1784,465 1782,463 1590,463 1586,467 1578,467 1577,468 1578,505 1577,505 1574,505 1574,505 1573,464 1573,463 1370,464 1369,465 1362,465 1361,465 1361,479 1359,482 1355,482 1354,481 1354,467 1354,467 1182,467 1179,470 1157,470 1156,471 1156,486 1156,486 1135,486 1134,487 1134,491 1134,491 1110,491 1109,492 1110,506 1109,506 1100,506 1100,506 1100,504 1099,503 1079,503 1079,503 1079,502 1078,501 1077,501 1077,501 1077,499 1076,498 1071,498 1070,497 1069,495 1068,494 1068,493 1068,492 943,493 941,491 941,465 941,465 939,465 937,463 936,463 935,462 934,462 933,461 933,460 933,460 932,460 931,459 931,458 931,458 930,458 929,457 929,455 924,450 924,448 922,446 922,444 922,444 910,444 909,443 909,441 912,439 916,439 916,438 916,427 919,424 919,421 924,416 924,410 925,410 926,410 926,409 926,408 927,408 929,408 931,405 931,403 932,403 933,403 933,402 933,401 934,401 938,401 940,398 940,396 941,396 957,396 959,394 962,394 963,393 964,393 964,392 964,358 965,358 966,358 967,356 967,355 968,355 983,355 983,355 983,357 987,360 988,360 988,361 988,364 989,364 1060,364 1062,367 1062,369 1064,371 1064,389 1065,389 1094,389 1096,391 1290,391 1290,390 1290,387 1292,385 1292,381 1293,381 1294,381 1294,380 1294,377 1295,377 1296,377 1296,376 1296,370 1297,369 1297,366 1299,364 1299,362 1300,362 1301,362 1301,361 1301,360 1303,358 1303,355 1306,353 1308,353 1311,349 1311,348 1312,348 1318,348 1323,343 1339,343 1339,343 1339,344 1343,348 1344,348 1344,348 1344,352 1346,354 1346,359 1347,360 1347,392 1348,393 1363,393 1364,394 1374,394 1375,395 1516,394 1516,394 1516,390 1517,389 1712,389 1712,388 1712,386 1713,386 1777,386 1777,385 1777,383 1779,382 1787,382 1789,384 1789,386 1791,388 1796,388 1797,389 1947,388 1947,388 1947,332 1948,331 1951,331 1951,332 1951,377 1952,377 2135,377 2135,376 2135,374 2137,372 2137,370 2138,369 2138,368 2142,365 2143,365 2144,364 2145,364 2145,363 2145,362 2146,362 2147,362 2147,361 2147,360 2148,360 2149,360 2149,359 2149,357 2154,353 2243,353 2243,352 2243,348 2244,348 2245,348 2245,347 2245,345 2248,343 2253,343 2257,339 2269,339 2274,334 2275,334 2276,335 2276,337 2277,338 2278,338 2278,338 2278,364 2279,365 2279,380 2280,381 2295,381 2296,382 2344,382 2347,385 2491,384 2491,385 2491,386 2492,386 2520,386 2522,388 2579,388 2580,390 2580,391 2581,391 2584,391 2584,392 2584,393 2585,393 2587,393 2587,394 2587,396 2590,398 2592,398 2592,398 2592,402 2593,403 2594,403 2594,403 2594,416 2595,417 2596,417 2596,417 2596,418 2597,419 2737,419 2737,418 2737,414 2740,412 2742,412 2742,411 2742,400 2743,400 2745,400 2745,399 2745,381 2746,381 2747,381 2747,380 2747,371 2749,370 2752,370 2753,369 2754,369 2754,368 2754,367 2755,367 2757,367 2759,365 2763,365 2764,363 2764,362 2765,362 2768,362 2768,361 2768,360 2769,360 2773,360 2775,358 2795,358 2795,357 2795,354 2797,353 2802,353 2802,353 2802,354 2803,355 2804,355 2804,355 2804,374 2805,375 2964,374 2964,374 2964,368 2965,367 3065,367 3065,366 3065,347 3067,346 3068,346 3069,347 3069,378 3070,379 3127,379 3127,379 3127,381 3132,386 3273,386 3273,385 3273,349 3274,349 3277,348 3277,348 3277,347 3278,346 3280,346 3281,345 3299,345 3299,345 3299,341 3301,339 3310,339 3311,341 3311,453 3312,453 3313,453 3313,454 3313,463 3313,463 3311,463 3310,464 3310,466 3309,467 3295,467 3294,468 3294,479 3294,479 3267,480 3266,480 3266,488 3266,489 3264,489 3263,488 3263,487 3263,487 3016,487 3015,488 3015,489 3014,490 3015,494 3014,494 3012,494 3012,495 3012,498 3011,498 2940,498 2940,499 2940,503 2939,503 2938,503 2938,504 2938,505 2937,505"/><TextEquiv><Unicode/></TextEquiv><TextEquiv index="1"><Unicode>dépenſe avant cet échange, &amp; quand</Unicode></TextEquiv></TextLine><TextLine id="l2"><Coords points="3266,663 3266,662 3266,658 3265,658 2386,659 2386,659 2386,658 2385,657 1946,658 1946,658 1946,655 1945,654 990,656 990,656 990,624 989,623 984,623 983,623 916,623 916,622 916,610 917,609 918,609 919,608 919,558 919,558 920,558 921,557 921,556 922,555 922,516 924,514 924,512 926,510 930,510 931,509 931,508 931,508 1099,507 1100,506 1295,506 1296,505 1303,505 1304,504 1304,503 1304,503 2273,501 2274,500 2274,498 2274,498 2337,498 2338,499 2473,498 2474,499 2849,498 2850,499 2854,499 2857,502 2857,503 2857,503 2858,503 2859,504 2859,505 2859,505 3147,505 3148,506 3150,506 3151,506 3151,507 3151,508 3155,508 3158,510 3158,512 3158,513 3159,513 3160,513 3160,517 3165,523 3167,523 3168,523 3168,547 3168,548 3274,548 3275,549 3284,548 3285,549 3287,549 3289,551 3293,551 3294,552 3294,553 3294,553 3295,553 3296,554 3296,565 3298,567 3298,603 3298,603 3300,603 3301,604 3301,609 3303,611 3303,616 3300,618 3291,618 3291,619 3291,661 3290,661 3272,662 3271,663"/><TextEquiv><Unicode/></TextEquiv><TextEquiv index="1"><Unicode>il fut fait, on nous laiſſa ſortir ſans s'en</Unicode></TextEquiv></TextLine><TextLine id="l3"><Coords points="2363,845 2362,845 2362,841 2362,840 2361,840 2360,840 2360,821 2360,820 993,823 991,821 989,821 986,819 986,782 986,781 930,782 928,780 927,780 926,779 926,778 926,778 925,778 924,777 924,776 923,775 923,774 919,770 919,758 921,756 921,716 922,715 922,712 923,711 925,711 926,710 926,709 926,709 930,709 933,706 1015,705 1016,704 1105,704 1106,704 1106,701 1107,699 1112,699 1114,697 1541,696 1542,696 1542,671 1542,670 1544,670 1545,670 1545,667 1545,666 1546,666 1547,665 1984,664 1985,663 1987,663 1990,661 1990,659 1990,658 1992,658 1994,656 1996,656 1998,654 2311,654 2312,654 2312,655 2312,656 2320,656 2321,656 2321,657 2321,658 2325,658 2326,658 2326,659 2326,660 2402,659 2403,660 2990,659 2991,660 2991,661 2991,661 2992,661 2993,662 2993,663 2993,663 3271,663 3272,663 3272,676 3272,677 3274,677 3275,677 3275,678 3275,678 3277,678 3279,680 3283,680 3284,681 3284,682 3285,683 3285,685 3285,685 3288,685 3289,686 3289,716 3291,718 3293,718 3296,721 3298,721 3299,722 3299,747 3300,747 3314,747 3315,749 3315,750 3313,752 3311,752 3310,753 3310,762 3308,764 3308,767 3304,771 3304,773 3304,773 3300,773 3299,774 3299,775 3299,775 3297,775 3296,776 3292,776 3290,778 3262,779 3261,779 3261,781 3261,782 3047,782 3046,783 2767,784 2766,784 2766,844 2766,845"/><TextEquiv><Unicode/></TextEquiv><TextEquiv index="1"><Unicode>appercevoir, &amp; ſans faire attention à</Unicode></TextEquiv></TextLine><TextLine id="l4"><Coords points="1512,960 1512,960 1511,940 1511,939 838,941 837,941 837,943 836,945 827,945 826,944 826,940 824,938 824,935 825,935 940,935 940,934 940,933 940,933 932,933 931,932 931,871 932,871 934,871 939,866 944,866 946,864 1129,863 1130,862 1208,862 1208,863 1208,891 1209,891 1514,890 1514,891 1515,955 1515,955 1518,955 1519,956 1519,957 1518,957 1517,957 1515,959 1514,959 1513,960"/><TextEquiv><Unicode/></TextEquiv><TextEquiv index="1"><Unicode>nous.</Unicode></TextEquiv></TextLine><TextLine id="l5"><Coords points="1256,1170 1256,1169 1256,1167 1253,1165 1251,1165 1251,1164 1251,1163 1250,1163 1249,1163 1246,1159 1246,1158 1245,1158 1244,1158 1241,1155 1239,1155 1239,1154 1239,1151 1238,1151 1237,1151 1235,1149 1234,1149 1234,1148 1234,1145 1232,1143 1232,1100 1231,1100 1174,1100 1172,1098 1170,1098 1170,1098 1170,1097 1169,1096 1086,1096 1086,1096 1086,1094 1083,1091 1079,1091 1077,1089 1077,1087 1076,1086 1074,1086 1074,1086 1074,1071 1074,1070 1075,1070 1076,1069 1078,1069 1079,1069 1079,1068 1079,1067 1083,1067 1084,1067 1084,987 1084,986 1085,986 1088,983 1095,983 1096,983 1096,982 1096,981 1511,980 1512,980 1512,961 1512,960 1513,960 1514,959 1515,959 1517,957 1845,957 1846,956 1846,954 1847,953 1851,953 1853,955 2586,953 2587,954 2587,966 2587,966 2831,965 2832,965 2831,943 2833,941 2834,941 2835,943 2836,965 2836,965 3246,965 3249,967 3249,969 3251,971 3251,1010 3251,1011 3294,1010 3296,1012 3300,1012 3301,1013 3301,1015 3301,1015 3303,1015 3304,1016 3304,1017 3304,1017 3305,1017 3306,1018 3306,1019 3306,1019 3307,1019 3311,1023 3311,1029 3311,1029 3312,1029 3313,1030 3313,1062 3313,1062 3314,1062 3315,1063 3315,1072 3314,1072 3311,1072 3311,1073 3311,1075 3308,1078 3308,1079 3307,1079 3306,1079 3306,1080 3306,1082 3303,1084 3299,1084 3299,1085 3299,1086 3298,1086 3292,1086 3292,1087 3292,1088 3291,1088 3172,1089 3172,1089 3172,1090 3171,1091 3095,1091 3095,1091 3095,1096 3093,1098 2720,1099 2720,1099 2720,1117 2718,1119 2214,1120 2214,1120 2214,1126 2211,1129 1849,1130 1849,1130 1849,1131 1848,1132 1282,1133 1281,1134 1277,1134 1275,1136 1266,1136 1266,1136 1266,1169 1265,1170"/><TextEquiv><Unicode/></TextEquiv><TextEquiv index="1"><Unicode>Je pourſuivis ma route en tournant le</Unicode></TextEquiv></TextLine><TextLine id="l6"><Coords points="1750,1291 1746,1287 1746,1285 1745,1284 1744,1284 1743,1283 1743,1250 1743,1250 1109,1251 1108,1250 965,1251 963,1249 961,1249 960,1248 852,1248 850,1246 851,1246 952,1246 952,1245 952,1244 952,1244 949,1244 948,1243 948,1242 948,1242 946,1242 945,1241 945,1237 945,1237 942,1237 941,1236 941,1234 936,1229 936,1227 933,1224 933,1206 934,1205 934,1197 936,1195 936,1193 938,1191 938,1188 941,1186 943,1186 943,1185 943,1182 943,1182 944,1182 946,1180 950,1176 950,1175 950,1175 970,1175 971,1174 971,1134 974,1131 976,1131 978,1129 984,1128 985,1129 994,1129 995,1130 995,1131 996,1132 996,1133 997,1134 999,1134 1000,1135 1000,1136 1000,1136 1001,1136 1002,1137 1816,1136 1817,1135 1817,1134 1817,1134 1821,1134 1822,1133 1822,1132 1822,1132 2231,1131 2233,1129 2642,1128 2643,1127 2670,1127 2672,1125 2676,1125 2679,1122 2689,1122 2691,1124 2705,1124 2706,1125 3051,1124 3052,1125 3053,1125 3055,1127 3140,1127 3141,1127 3141,1129 3143,1131 3143,1136 3144,1137 3144,1139 3146,1141 3146,1147 3146,1148 3147,1148 3148,1148 3148,1152 3150,1154 3150,1159 3150,1160 3186,1160 3187,1160 3187,1162 3187,1163 3188,1163 3189,1163 3189,1168 3189,1169 3292,1168 3294,1170 3305,1170 3306,1171 3306,1172 3306,1172 3308,1172 3315,1179 3315,1180 3316,1181 3316,1183 3320,1187 3320,1189 3322,1191 3322,1215 3323,1215 3325,1215 3325,1216 3325,1218 3325,1218 3321,1218 3320,1219 3320,1230 3318,1232 3318,1237 3316,1239 3316,1241 3315,1242 3313,1242 3311,1244 3307,1244 3306,1245 3306,1246 3306,1246 3304,1246 3302,1248 2836,1249 2835,1250 2835,1259 2833,1261 2833,1266 2830,1269 2830,1271 2829,1272 2826,1272 2825,1273 2825,1274 2822,1277 2813,1278 2811,1280 2034,1281 2033,1282 2033,1290 2033,1290"/><TextEquiv><Unicode/></TextEquiv><TextEquiv index="1"><Unicode>dos à la Capitale, bien affligé d'être</Unicode></TextEquiv></TextLine><TextLine id="l7"><Coords points="3083,1444 3082,1443 2911,1443 2911,1443 2911,1441 2910,1440 1903,1442 1902,1441 1902,1440 1901,1440 1700,1440 1700,1439 1700,1414 1699,1414 1480,1414 1480,1414 1479,1411 1479,1410 1079,1411 1078,1411 1078,1409 1078,1408 999,1408 998,1407 971,1408 969,1406 969,1404 969,1404 968,1404 967,1403 967,1402 967,1402 961,1402 959,1400 959,1399 959,1399 958,1399 957,1398 957,1397 957,1397 955,1397 954,1396 953,1395 953,1394 952,1393 952,1391 950,1389 950,1387 948,1385 948,1378 947,1377 947,1356 948,1355 948,1353 952,1349 952,1346 953,1346 958,1346 964,1340 969,1340 970,1339 972,1339 974,1337 976,1337 976,1336 976,1335 977,1335 1037,1334 1038,1333 1043,1333 1044,1332 1184,1332 1184,1332 1184,1331 1185,1330 1186,1330 1186,1330 1186,1328 1187,1327 1187,1326 1188,1325 1189,1325 1189,1325 1189,1324 1190,1323 1337,1323 1337,1322 1337,1298 1342,1293 1342,1292 1343,1292 1657,1291 1657,1291 1657,1290 1660,1287 1677,1287 1678,1288 1678,1290 1679,1291 2724,1289 2726,1287 2728,1287 2730,1285 3132,1284 3132,1283 3132,1282 3133,1282 3139,1282 3141,1280 3151,1280 3153,1282 3156,1282 3158,1284 3160,1284 3160,1284 3160,1286 3162,1288 3162,1323 3163,1324 3309,1323 3311,1325 3316,1325 3316,1326 3316,1330 3317,1330 3320,1330 3320,1331 3320,1332 3323,1334 3325,1334 3327,1337 3327,1358 3328,1358 3330,1358 3330,1359 3330,1363 3330,1363 3329,1363 3328,1364 3328,1382 3327,1383 3327,1386 3325,1388 3325,1390 3320,1395 3316,1395 3315,1396 3315,1397 3315,1397 3288,1397 3287,1398 3287,1401 3287,1401 3270,1402 3269,1402 3270,1439 3269,1440 3088,1440 3084,1444"/><TextEquiv><Unicode/></TextEquiv><TextEquiv index="1"><Unicode>contraint de quitter cette Ville ſans</Unicode></TextEquiv></TextLine><TextLine id="l8"><Coords points="1572,1604 1571,1603 1403,1604 1402,1602 1402,1601 1401,1601 967,1602 967,1601 967,1543 966,1542 966,1541 964,1539 964,1537 960,1533 960,1530 959,1529 959,1525 957,1523 957,1521 956,1521 926,1521 926,1520 926,1518 924,1516 924,1497 924,1497 930,1497 931,1496 931,1495 931,1495 933,1495 936,1492 936,1490 936,1490 942,1490 944,1488 1003,1487 1005,1485 1007,1485 1010,1483 1010,1481 1010,1480 1099,1480 1100,1480 1100,1457 1101,1456 1101,1454 1102,1452 1104,1452 1106,1450 1649,1449 1650,1449 1650,1448 1650,1447 1669,1447 1671,1449 1671,1454 1671,1454 1690,1454 1691,1454 1691,1456 1692,1458 2395,1456 2396,1456 2396,1454 2397,1452 2447,1452 2448,1452 2448,1450 2453,1444 2513,1444 2514,1443 2567,1443 2568,1442 2569,1442 2570,1442 2570,1441 2570,1440 2571,1440 2572,1440 2572,1439 2572,1438 2576,1438 2577,1437 2858,1436 2859,1435 2861,1435 2863,1437 2885,1437 2888,1440 2890,1440 2892,1442 2910,1442 2911,1443 3011,1443 3012,1444 3012,1482 3012,1482 3304,1481 3308,1485 3312,1485 3315,1488 3315,1490 3315,1490 3319,1490 3320,1491 3320,1492 3323,1495 3327,1495 3328,1496 3328,1526 3328,1526 3332,1526 3334,1528 3334,1536 3333,1536 3331,1536 3328,1540 3328,1542 3326,1543 3325,1543 3325,1544 3325,1547 3324,1547 3323,1547 3320,1551 3320,1552 3319,1552 3316,1552 3316,1553 3316,1554 3315,1554 3313,1554 3312,1555 3310,1555 3308,1557 3179,1558 3179,1558 3179,1587 3178,1588 3177,1588 3177,1588 3177,1589 3176,1590 3175,1590 3173,1592 3148,1592 3148,1592 3148,1599 3147,1600 3136,1600 3136,1599 3136,1574 3135,1574 3017,1574 3015,1572 3015,1561 3014,1560 1912,1562 1910,1564 1724,1565 1724,1565 1724,1599 1723,1600 1592,1600 1590,1602 1585,1602 1583,1604"/><TextEquiv><Unicode/></TextEquiv><TextEquiv index="1"><Unicode>voir mon père &amp; mon Adélaide, que</Unicode></TextEquiv></TextLine><TextLine id="l9"><Coords points="1929,1760 1928,1760 1928,1754 1928,1753 1020,1755 1019,1755 1019,1754 1019,1753 1015,1753 1014,1752 946,1753 941,1748 941,1746 940,1745 940,1738 941,1738 943,1738 943,1737 943,1649 945,1647 945,1609 947,1607 949,1607 950,1606 950,1605 950,1605 952,1605 954,1603 966,1603 967,1602 1360,1601 1361,1600 1367,1600 1368,1600 1368,1601 1368,1602 2726,1599 2727,1598 2729,1598 2734,1593 2754,1593 2756,1594 2756,1600 2756,1601 3148,1600 3150,1602 3252,1602 3254,1603 3254,1633 3255,1634 3255,1635 3255,1636 3265,1636 3267,1637 3267,1638 3267,1639 3298,1638 3301,1640 3308,1640 3311,1643 3326,1643 3328,1645 3330,1645 3330,1646 3330,1652 3330,1652 3329,1652 3328,1653 3328,1707 3328,1707 3326,1707 3321,1712 3266,1713 3265,1713 3265,1752 3265,1753 2934,1753 2933,1754 2933,1755 2933,1755 2932,1755 2931,1756 2931,1758 2931,1758"/><TextEquiv><Unicode/></TextEquiv><TextEquiv index="1"><Unicode>j'y laiſſois malgré moi. Je chargeai la</Unicode></TextEquiv></TextLine><TextLine id="l10"><Coords points="2084,1915 2082,1913 2082,1912 2081,1911 950,1914 950,1913 949,1868 949,1868 948,1868 947,1867 946,1867 945,1866 945,1856 946,1856 947,1856 947,1855 947,1805 948,1805 951,1805 953,1803 957,1803 957,1802 957,1774 958,1774 962,1774 962,1773 962,1769 963,1769 965,1769 967,1766 967,1764 969,1763 976,1763 978,1760 978,1758 979,1758 1343,1757 1345,1755 1695,1754 1696,1753 2424,1751 2425,1750 2427,1750 2427,1750 2427,1749 2428,1748 2434,1748 2436,1750 2438,1750 2439,1751 2878,1750 2879,1751 2882,1751 2884,1753 3268,1753 3268,1753 3268,1754 3269,1755 3272,1755 3272,1755 3272,1756 3273,1757 3273,1789 3274,1790 3342,1789 3342,1790 3342,1793 3342,1793 3336,1793 3335,1794 3335,1812 3334,1813 3334,1814 3329,1819 3328,1819 3327,1820 3327,1863 3326,1864 3326,1866 3325,1867 3263,1868 3263,1868 3263,1908 3262,1909 2747,1910 2747,1910 2747,1911 2746,1912 2108,1913 2106,1915"/><TextEquiv><Unicode/></TextEquiv><TextEquiv index="1"><Unicode>fille, dont j'avois pris l'habit, d'avertir</Unicode></TextEquiv></TextLine><TextLine id="l11"><Coords points="2983,2065 2982,2064 2909,2064 2775,2065 2774,2066 2763,2066 2763,2065 2763,2058 2762,2058 2727,2058 2726,2056 2726,2039 2725,2039 2508,2039 2508,2040 2508,2057 2506,2058 2505,2058 2504,2059 2496,2059 2496,2060 2496,2061 2495,2061 2486,2061 2484,2059 2481,2059 2480,2058 2478,2058 2477,2057 2477,2028 2476,2027 2231,2028 2231,2028 2231,2058 2230,2059 2214,2059 2214,2059 2214,2065 2213,2066 2204,2066 2204,2065 2204,2064 2203,2064 2131,2064 2130,2063 2125,2063 2125,2063 2125,2029 2124,2028 1935,2028 1934,2027 1927,2027 1926,2026 1683,2027 1682,2028 1542,2028 1538,2032 1533,2032 1533,2032 1533,2031 1532,2030 1523,2030 1522,2029 1346,2030 1344,2028 1069,2028 1069,2029 1069,2030 1068,2030 1045,2030 1043,2028 987,2028 986,2027 981,2028 980,2027 978,2027 976,2024 976,2022 974,2020 974,2018 971,2015 971,2012 969,2011 967,2011 967,2010 967,2006 965,2004 965,1997 962,1994 962,1991 960,1990 959,1990 958,1989 957,1989 957,1988 957,1985 956,1985 953,1985 952,1983 952,1981 950,1979 950,1977 948,1975 948,1973 947,1973 945,1973 944,1972 942,1972 940,1970 938,1970 938,1969 938,1954 938,1954 949,1954 950,1953 950,1914 950,1914 1147,1913 1148,1913 1148,1912 1148,1911 1149,1911 1150,1910 1155,1910 1156,1911 1160,1911 1162,1913 1162,1915 1165,1918 1222,1918 1224,1920 1305,1920 1306,1920 1306,1921 1306,1922 1308,1922 1309,1923 1315,1923 1316,1923 1316,1927 1318,1929 1318,1953 1318,1954 1356,1954 1357,1955 1652,1954 1653,1953 1655,1953 1657,1952 1657,1949 1660,1946 1660,1945 1660,1944 1669,1944 1672,1947 1801,1947 1803,1949 1804,1949 1805,1949 1805,1952 1805,1953 1831,1953 1832,1954 2128,1953 2130,1951 2132,1951 2134,1949 2208,1949 2209,1948 2209,1917 2215,1911 2219,1911 2223,1914 2223,1915 2223,1916 2350,1916 2352,1917 2352,1919 2352,1920 2354,1920 2355,1921 2588,1920 2589,1920 2589,1918 2590,1916 2593,1916 2594,1915 2594,1912 2594,1912 2746,1912 2747,1913 2773,1913 2775,1914 2775,1920 2775,1921 3066,1920 3067,1919 3067,1911 3067,1911 3106,1911 3107,1910 3107,1908 3107,1908 3119,1908 3120,1909 3263,1909 3264,1910 3267,1910 3270,1912 3270,1914 3270,1915 3271,1915 3272,1915 3272,1939 3272,1940 3315,1939 3316,1940 3316,1943 3317,1944 3332,1944 3334,1946 3334,2000 3332,2002 3332,2007 3322,2016 3320,2016 3320,2017 3320,2019 3318,2020 3316,2020 3315,2021 3308,2021 3308,2022 3308,2042 3307,2042 3304,2042 3304,2042 3304,2023 3303,2022 3066,2023 3064,2025 2992,2025 2992,2026 2992,2065 2991,2065"/><TextEquiv><Unicode/></TextEquiv><TextEquiv index="1"><Unicode>verbalement mon père que je prenois</Unicode></TextEquiv></TextLine><TextLine id="l12"><Coords points="2908,2252 2907,2252 2907,2223 2907,2222 2120,2224 2119,2224 2119,2210 2119,2209 1952,2209 1951,2209 1951,2208 1951,2207 1949,2207 1947,2206 1947,2199 1947,2198 1396,2200 1395,2199 1395,2195 1394,2194 1394,2189 1393,2188 1391,2188 1390,2187 1187,2187 1186,2187 1186,2186 1186,2185 1122,2185 1120,2183 998,2183 996,2181 994,2181 993,2180 948,2181 947,2180 946,2180 945,2179 945,2176 945,2176 944,2176 943,2175 943,2083 942,2083 941,2083 941,2082 941,2075 941,2075 942,2075 943,2074 943,2073 943,2073 945,2073 947,2071 947,2070 947,2070 950,2070 952,2068 1638,2066 1639,2067 2213,2066 2214,2067 2992,2065 2993,2066 2993,2068 2993,2068 2994,2068 2998,2072 2998,2085 2998,2085 3265,2085 3266,2085 3266,2102 3267,2103 3290,2102 3292,2104 3315,2104 3315,2105 3315,2106 3317,2107 3319,2107 3321,2109 3328,2109 3330,2111 3332,2111 3335,2115 3335,2169 3333,2171 3331,2171 3330,2172 3330,2174 3328,2176 3325,2176 3320,2181 3316,2181 3315,2182 3315,2183 3315,2183 3314,2183 3313,2184 3313,2185 3313,2185 3137,2186 3136,2186 3136,2223 3136,2224 3132,2224 3131,2224 3131,2235 3131,2236 3130,2236 3129,2236 3129,2250 3129,2251 2913,2251 2912,2252"/><TextEquiv><Unicode/></TextEquiv><TextEquiv index="1"><Unicode>la route d'Italie, &amp; je la quittai avec</Unicode></TextEquiv></TextLine><TextLine id="l13"><Coords points="1554,2381 1554,2381 1554,2366 1553,2365 876,2367 876,2366 876,2364 876,2364 1553,2362 1554,2362 1553,2361 1107,2362 1107,2362 1107,2340 1106,2339 976,2340 976,2339 976,2338 975,2338 973,2338 971,2336 967,2336 967,2335 967,2333 961,2328 961,2313 960,2312 960,2283 958,2281 956,2281 955,2280 955,2279 955,2279 953,2279 952,2278 952,2275 950,2273 950,2268 955,2264 1040,2263 1040,2263 1040,2258 1041,2257 1217,2257 1217,2256 1217,2236 1219,2235 1238,2235 1240,2233 1244,2233 1244,2232 1244,2230 1247,2228 1249,2228 1249,2227 1249,2225 1252,2223 1257,2223 1259,2221 2033,2219 2035,2217 2038,2217 2040,2219 2042,2219 2042,2220 2042,2221 2043,2221 2319,2221 2319,2221 2319,2223 2320,2224 2570,2223 2570,2224 2570,2226 2571,2226 2802,2226 2802,2226 2802,2250 2803,2251 2874,2250 2876,2253 2876,2254 2876,2254 2874,2254 2873,2255 2873,2263 2872,2264 2833,2264 2832,2265 2833,2338 2832,2338 2831,2338 2831,2339 2831,2358 2829,2359 2407,2360 2407,2361 2407,2374 2406,2374 2393,2374 2392,2375 2311,2376 2310,2377 1561,2378 1561,2379 1561,2381 1560,2381"/><TextEquiv><Unicode/></TextEquiv><TextEquiv index="1"><Unicode>une ſorte d'attendriſſement.</Unicode></TextEquiv></TextLine><TextLine id="l14"><Coords points="1590,2538 1590,2538 1590,2535 1589,2534 1525,2534 1520,2529 1136,2530 1135,2529 1124,2529 1124,2529 1124,2528 1123,2527 1120,2527 1120,2527 1120,2526 1119,2525 1117,2525 1115,2523 1115,2521 1114,2520 1112,2520 1108,2516 1108,2514 1106,2512 1104,2512 1102,2510 1100,2510 1100,2510 1100,2508 1096,2504 1096,2502 1094,2500 1094,2497 1093,2496 1093,2492 1092,2491 1091,2491 1091,2491 1091,2490 1090,2489 1088,2489 1085,2486 1083,2486 1081,2484 1079,2484 1079,2484 1079,2482 1078,2481 1076,2479 1074,2479 1074,2479 1074,2478 1073,2477 1072,2477 1069,2474 1069,2470 1068,2469 1066,2469 1065,2468 1065,2464 1063,2462 1062,2462 1062,2462 1062,2460 1058,2456 1058,2449 1057,2448 1057,2440 1056,2439 1014,2439 1014,2439 1014,2437 1016,2434 1057,2434 1058,2434 1058,2425 1058,2424 1059,2424 1060,2424 1060,2418 1060,2417 1061,2417 1062,2417 1062,2413 1063,2412 1063,2410 1067,2406 1067,2404 1067,2403 1068,2403 1069,2403 1069,2402 1069,2401 1071,2401 1076,2396 1078,2396 1083,2391 1087,2391 1088,2391 1088,2390 1089,2388 1090,2388 1091,2388 1091,2387 1091,2386 1097,2386 1098,2386 1098,2385 1098,2384 1104,2384 1105,2383 1430,2383 1432,2381 1435,2381 1437,2379 1441,2379 1442,2378 1442,2377 1442,2377 2261,2375 2262,2374 2795,2373 2797,2371 2799,2371 2801,2369 2875,2368 2876,2367 2877,2367 2878,2367 2878,2366 2878,2365 2913,2365 2914,2365 2913,2364 876,2369 876,2368 876,2367 876,2367 2913,2362 2914,2362 2914,2343 2914,2342 2947,2342 2948,2343 3209,2343 3210,2343 3210,2368 3210,2369 3238,2369 3243,2374 3245,2374 3246,2374 3246,2380 3246,2381 3247,2381 3248,2381 3248,2383 3249,2384 3249,2390 3249,2391 3250,2391 3251,2391 3251,2409 3251,2410 3274,2410 3277,2412 3277,2413 3277,2414 3313,2413 3316,2416 3316,2418 3317,2419 3324,2419 3325,2420 3334,2420 3335,2421 3335,2436 3334,2437 3334,2471 3332,2473 3332,2477 3331,2477 3330,2477 3330,2478 3330,2481 3329,2481 3327,2481 3327,2482 3327,2484 3326,2484 3325,2484 3325,2485 3325,2486 3324,2486 3318,2486 3317,2487 3315,2487 3315,2488 3315,2489 3314,2489 3313,2489 3313,2490 3313,2491 3312,2491 3299,2491 3299,2492 3299,2493 3298,2493 3213,2494 3213,2494 3213,2523 3212,2524 3151,2524 3151,2524 3151,2530 3150,2531 3076,2531 3075,2532 1936,2534 1934,2536 1929,2536 1928,2537"/><TextEquiv><Unicode/></TextEquiv><TextEquiv index="1"><Unicode>Quand je fus près d'arriver à ſa poſte</Unicode></TextEquiv></TextLine><TextLine id="l15"><Coords points="3269,2689 3268,2688 3130,2688 3129,2687 2889,2687 2888,2686 2755,2687 2754,2686 2754,2685 2754,2685 2370,2685 2369,2686 2369,2689 2369,2689 2325,2690 2324,2689 1978,2689 1752,2690 1751,2691 1743,2691 1742,2690 1742,2684 1742,2684 1588,2684 1586,2683 1586,2671 1586,2670 1464,2670 1462,2668 1460,2668 1459,2668 1459,2665 1459,2664 1087,2665 1086,2665 1086,2652 1086,2651 1006,2651 1005,2650 960,2651 958,2649 946,2649 943,2646 943,2580 943,2580 941,2580 938,2577 936,2577 934,2575 935,2574 935,2573 937,2572 946,2572 948,2570 950,2570 950,2569 950,2568 951,2568 953,2568 953,2567 953,2564 957,2560 957,2551 957,2551 958,2551 959,2550 959,2548 960,2547 960,2543 964,2539 964,2536 966,2534 969,2534 971,2532 975,2532 978,2529 997,2528 998,2527 1004,2527 1005,2528 1005,2529 1005,2529 1006,2529 1008,2531 1008,2537 1008,2537 1076,2537 1077,2538 1077,2539 1077,2539 1085,2539 1086,2540 1086,2541 1086,2541 1088,2541 1089,2542 1089,2549 1089,2549 1236,2549 1237,2550 1582,2549 1585,2547 1585,2545 1588,2542 1588,2540 1588,2539 1589,2539 1590,2538 1832,2538 1833,2537 2066,2536 2067,2535 2146,2535 2147,2534 2147,2532 2147,2532 2223,2532 2224,2533 2663,2532 2664,2531 2796,2531 2797,2530 2797,2521 2797,2521 2837,2520 2838,2521 2838,2531 2838,2531 3150,2531 3151,2531 3151,2540 3151,2541 3253,2541 3254,2541 3254,2542 3255,2544 3258,2544 3260,2545 3260,2558 3261,2559 3311,2558 3313,2560 3316,2560 3317,2561 3318,2561 3318,2562 3318,2568 3319,2568 3335,2568 3335,2569 3335,2570 3336,2570 3339,2570 3339,2571 3339,2687 3339,2687 3324,2687 3323,2688"/><TextEquiv><Unicode/></TextEquiv><TextEquiv index="1"><Unicode>ſuivante, je vis paſſer en voiture un</Unicode></TextEquiv></TextLine><TextLine id="l16"><Coords points="2113,2848 2113,2848 2113,2790 2112,2789 2063,2789 2063,2790 2063,2791 2061,2793 2061,2797 2060,2797 2058,2797 2056,2800 2056,2802 2055,2802 2051,2802 2049,2804 2047,2804 2047,2805 2047,2806 2046,2806 2035,2806 2034,2807 1978,2807 1977,2806 1977,2805 1976,2804 1946,2804 1941,2799 1842,2800 1840,2802 1839,2802 1839,2802 1839,2805 1838,2806 1836,2806 1835,2807 1799,2807 1799,2807 1799,2822 1798,2823 1795,2823 1795,2822 1795,2807 1794,2807 1607,2807 1606,2806 1549,2806 1547,2804 1545,2804 1545,2804 1545,2803 1544,2802 1535,2802 1533,2800 1530,2800 1529,2799 1527,2799 1525,2797 1521,2797 1521,2797 1521,2796 1520,2795 1518,2795 1515,2792 1511,2792 1509,2790 1509,2788 1508,2787 1506,2787 1504,2786 1504,2781 1504,2780 1503,2780 1502,2780 1502,2776 1500,2774 1500,2771 1499,2770 1499,2761 1497,2759 1497,2757 1497,2756 1427,2757 1426,2757 1427,2848 1426,2849 1412,2849 1412,2848 1411,2757 1411,2757 1389,2757 1388,2757 1389,2802 1387,2804 1385,2804 1385,2804 1385,2805 1384,2806 1366,2806 1365,2807 1331,2807 1329,2809 1327,2809 1325,2811 1248,2811 1248,2811 1248,2818 1247,2819 1243,2819 1242,2820 1242,2822 1241,2823 1239,2823 1239,2822 1239,2807 1238,2807 1199,2807 1198,2806 1198,2805 1197,2804 1029,2804 1029,2805 1029,2824 1027,2825 1025,2825 1024,2824 1024,2807 1023,2806 989,2806 988,2805 988,2804 987,2803 983,2804 979,2800 977,2800 976,2798 976,2797 975,2797 974,2797 974,2796 974,2795 973,2795 967,2795 965,2792 965,2790 964,2790 962,2790 962,2789 961,2787 960,2786 960,2785 960,2785 958,2785 955,2782 950,2782 948,2780 948,2776 947,2775 947,2774 945,2772 945,2770 940,2765 940,2761 940,2761 939,2761 938,2760 938,2759 938,2759 936,2759 933,2756 933,2754 933,2754 932,2754 931,2753 931,2746 933,2745 941,2745 941,2744 941,2741 943,2739 943,2735 944,2735 945,2735 945,2734 945,2730 947,2728 947,2726 949,2725 950,2725 950,2724 950,2720 952,2718 952,2708 953,2708 960,2708 960,2707 960,2703 962,2702 966,2702 967,2700 967,2698 969,2697 974,2697 977,2694 979,2694 979,2693 979,2692 980,2692 984,2692 986,2689 988,2689 989,2690 991,2690 991,2691 991,2692 992,2692 1129,2692 1129,2692 1129,2691 1130,2690 1132,2690 1135,2687 1136,2687 1136,2687 1136,2686 1137,2685 1153,2685 1153,2686 1153,2687 1154,2687 1155,2687 1155,2688 1155,2689 1156,2689 1158,2689 1159,2690 1161,2690 1163,2692 1268,2692 1268,2692 1268,2694 1272,2698 1272,2731 1273,2732 1364,2732 1365,2733 1365,2734 1366,2735 1388,2735 1390,2737 1392,2737 1392,2737 1392,2739 1395,2742 1395,2744 1396,2745 1497,2744 1497,2744 1497,2736 1498,2735 1499,2735 1499,2735 1499,2727 1500,2726 1500,2719 1501,2718 1502,2718 1502,2718 1502,2716 1504,2714 1506,2714 1507,2713 1507,2711 1509,2709 1511,2709 1511,2709 1511,2707 1514,2704 1514,2700 1515,2699 1519,2699 1521,2697 1523,2697 1526,2694 1528,2694 1528,2694 1528,2693 1529,2692 1533,2692 1535,2690 1538,2690 1541,2687 1572,2687 1573,2689 1573,2690 1574,2690 1581,2690 1581,2691 1581,2692 1582,2692 1584,2692 1587,2695 1736,2695 1739,2692 1741,2692 1742,2691 1752,2691 1753,2692 1796,2692 1796,2692 1796,2712 1797,2713 1827,2713 1827,2713 1827,2732 1828,2733 1837,2733 1839,2735 1839,2742 1840,2743 1939,2742 1939,2742 1939,2740 1942,2737 1945,2737 1949,2733 1951,2733 1952,2732 1958,2732 1958,2732 1958,2700 1959,2699 1966,2699 1966,2699 1966,2692 1968,2690 1970,2690 1971,2689 2087,2689 2087,2690 2087,2694 2088,2694 2207,2694 2207,2693 2207,2687 2208,2687 2214,2687 2214,2686 2214,2684 2216,2683 2217,2683 2219,2685 2219,2686 2220,2687 2224,2687 2224,2687 2224,2691 2225,2692 2324,2692 2324,2691 2324,2690 2325,2690 2372,2689 2373,2690 2408,2690 2408,2691 2408,2721 2409,2721 2456,2721 2458,2724 2458,2732 2459,2732 2629,2732 2629,2731 2629,2709 2630,2709 2632,2709 2632,2708 2632,2683 2633,2683 2775,2683 2775,2682 2775,2678 2776,2678 2778,2678 2779,2677 2797,2677 2797,2677 2797,2686 2798,2687 2802,2687 2803,2688 2900,2687 2902,2689 2904,2689 2905,2690 2907,2690 2907,2691 2907,2692 2908,2692 2909,2692 2909,2693 2909,2697 2912,2699 2924,2699 2926,2701 2928,2701 2928,2702 2928,2720 2929,2720 3017,2720 3017,2720 3017,2692 3019,2690 3020,2690 3021,2692 3021,2702 3022,2702 3129,2702 3129,2701 3129,2688 3130,2688 3141,2688 3141,2688 3141,2694 3143,2696 3143,2707 3144,2708 3144,2725 3145,2726 3263,2726 3263,2725 3263,2692 3264,2692 3267,2692 3267,2691 3267,2689 3268,2689 3323,2688 3324,2687 3339,2687 3339,2688 3339,2718 3340,2718 3342,2718 3342,2719 3342,2780 3345,2783 3346,2793 3344,2795 3344,2800 3343,2800 3313,2800 3313,2801 3313,2835 3312,2835 3219,2836 3218,2837 3215,2837 3214,2838 3208,2838 3208,2838 3208,2839 3205,2842 3203,2842 3202,2843 3115,2843 3115,2843 3115,2844 3114,2845 3093,2845 3093,2844 3093,2799 3092,2799 3067,2799 3067,2799 3067,2804 3064,2807 3061,2807 3057,2811 3053,2811 3053,2811 3053,2815 3052,2816 3050,2816 3050,2816 3050,2823 3047,2826 3033,2826 3033,2827 3033,2828 3032,2828 3029,2828 3029,2828 3029,2827 3028,2826 2924,2826 2924,2827 2924,2841 2923,2841 2918,2841 2918,2841 2918,2827 2917,2826 2916,2826 2916,2826 2916,2805 2915,2804 2849,2804 2847,2802 2822,2802 2821,2801 2819,2802 2819,2801 2819,2800 2818,2800 2698,2800 2696,2802 2687,2802 2686,2801 2681,2801 2680,2800 2646,2800 2645,2799 2641,2799 2639,2797 2637,2797 2637,2796 2637,2795 2636,2795 2635,2795 2635,2794 2634,2776 2634,2776 2508,2776 2507,2777 2508,2806 2507,2806 2503,2806 2503,2807 2503,2809 2502,2809 2500,2809 2498,2807 2496,2807 2495,2806 2454,2806 2453,2805 2331,2806 2331,2806 2331,2839 2330,2840 2328,2840 2328,2840 2328,2843 2327,2844 2326,2844 2326,2843 2326,2842 2325,2842 2323,2842 2322,2840 2322,2807 2321,2807 2223,2807 2221,2809 2211,2809 2211,2809 2211,2844 2210,2845 2208,2845 2206,2847 2120,2847 2119,2848"/><TextEquiv><Unicode/></TextEquiv><TextEquiv index="1"><Unicode>Officier Croix de Saint - Louis, qui</Unicode></TextEquiv></TextLine><TextLine id="l17"><Coords points="2182,3007 2180,3005 2178,3005 2175,3002 2173,3002 2173,3001 2173,2981 2172,2981 2169,2981 2169,2980 2169,2976 2168,2976 1274,2978 1270,2974 995,2974 993,2972 993,2960 992,2959 950,2960 945,2954 945,2947 948,2944 948,2897 948,2897 949,2897 950,2896 950,2895 950,2895 954,2895 955,2894 955,2892 957,2890 957,2888 957,2888 1054,2887 1055,2887 1055,2857 1057,2855 1057,2851 1057,2850 1059,2850 1062,2847 1666,2846 1667,2845 2353,2844 2354,2843 2426,2842 2427,2842 2427,2841 2427,2840 2431,2840 2432,2840 2432,2838 2432,2837 2799,2837 2800,2838 3039,2837 3040,2838 3040,2845 3040,2845 3117,2845 3119,2846 3119,2863 3119,2864 3240,2864 3241,2864 3241,2868 3241,2869 3251,2869 3253,2871 3262,2871 3263,2871 3263,2877 3263,2878 3276,2878 3277,2878 3277,2898 3277,2899 3316,2898 3318,2900 3320,2900 3324,2904 3327,2904 3328,2905 3329,2905 3330,2906 3330,2909 3330,2909 3333,2909 3334,2910 3334,2912 3337,2915 3337,2924 3336,2924 3334,2924 3332,2926 3330,2926 3330,2927 3330,2928 3329,2928 3328,2928 3327,2929 3282,2929 3282,2930 3282,2933 3282,2933 3381,2933 3382,2934 3382,2938 3381,2938 3282,2938 3282,2939 3282,2981 3281,2981 3246,2982 3246,2982 3246,2985 3245,2986 3237,2986 3237,2986 3237,2987 3236,2988 3117,2988 3117,2988 3117,2997 3116,2998 2763,2999 2762,3000 2524,3000 2523,3001 2274,3002 2273,3003 2228,3003 2228,3003 2228,3006 2227,3007"/><TextEquiv><Unicode/></TextEquiv><TextEquiv index="1"><Unicode>m'examina beaucoup. Il s'arrêta bien-</Unicode></TextEquiv></TextLine><TextLine id="l18"><Coords points="2523,3161 2522,3161 2522,3160 2522,3159 1913,3160 1911,3158 1625,3159 1624,3158 1527,3158 1526,3158 1526,3150 1526,3149 1063,3150 1062,3150 1062,3149 1062,3148 1056,3148 1055,3148 1055,3118 1055,3117 990,3117 989,3116 979,3117 977,3115 970,3115 969,3114 969,3110 969,3110 967,3110 965,3108 965,3103 964,3102 964,3098 964,3098 963,3098 962,3097 962,3089 962,3089 956,3089 955,3088 955,3024 955,3024 944,3024 943,3023 943,3021 938,3016 938,3010 938,3010 1033,3009 1034,3009 1034,3008 1034,3007 1035,3007 1036,3007 1036,3005 1038,3002 1219,3002 1220,3001 1220,3000 1220,3000 2361,2997 2363,2995 3145,2994 3146,2993 3147,2993 3148,2992 3148,2991 3148,2991 3149,2991 3150,2990 3161,2990 3162,2990 3162,2992 3165,2995 3165,2997 3167,2999 3167,3018 3168,3019 3227,3019 3227,3019 3227,3035 3228,3036 3253,3036 3253,3036 3253,3038 3254,3039 3261,3039 3262,3040 3291,3039 3292,3041 3292,3058 3293,3058 3338,3058 3340,3061 3340,3063 3342,3065 3342,3068 3344,3070 3344,3081 3345,3081 3397,3081 3397,3082 3397,3089 3397,3089 3345,3089 3344,3090 3344,3113 3343,3114 3326,3114 3325,3115 3264,3116 3263,3117 3249,3117 3248,3117 3248,3152 3248,3153 3149,3153 3148,3154 2650,3155 2649,3155 2649,3156 2649,3157 2635,3157 2634,3158 2526,3158 2525,3159 2525,3161 2525,3161"/><TextEquiv><Unicode/></TextEquiv><TextEquiv index="1"><Unicode>tôt à la poſte pour changer de che-</Unicode></TextEquiv></TextLine><TextLine id="l19"><Coords points="2164,3315 2163,3314 1712,3315 1712,3314 1712,3311 1711,3311 1583,3311 1581,3309 1581,3307 1579,3305 1579,3291 1578,3290 1288,3291 1284,3286 1284,3276 1283,3276 837,3277 837,3276 836,3210 836,3210 829,3210 828,3209 828,3206 829,3206 957,3206 957,3205 957,3200 960,3197 960,3195 962,3194 1409,3193 1409,3192 1409,3174 1410,3174 1412,3174 1413,3172 1413,3168 1415,3167 1586,3166 1586,3166 1586,3165 1588,3163 1590,3163 1591,3162 1605,3162 1605,3162 1605,3161 1606,3160 1624,3160 1625,3159 2149,3158 2149,3157 2149,3156 2150,3156 2154,3156 2155,3155 2157,3155 2157,3154 2157,3153 2158,3153 2167,3153 2169,3155 3248,3153 3248,3153 3248,3157 3249,3158 3249,3164 3250,3165 3278,3165 3278,3165 3278,3192 3279,3192 3324,3192 3325,3194 3325,3206 3326,3206 3342,3206 3342,3207 3342,3208 3343,3208 3345,3208 3347,3211 3348,3287 3348,3287 3408,3287 3409,3288 3409,3292 3408,3292 3241,3293 3241,3293 3241,3308 3240,3309 3216,3309 3215,3310 2931,3310 2930,3311 2453,3312 2452,3313 2374,3313 2373,3314"/><TextEquiv><Unicode/></TextEquiv><TextEquiv index="1"><Unicode>vaux, &amp; je ne tardai pas à l'y rejoin-</Unicode></TextEquiv></TextLine><TextLine id="l20"><Coords points="1762,3471 1761,3470 1760,3470 1760,3469 1760,3466 1759,3466 902,3468 902,3467 902,3371 901,3371 800,3371 800,3370 800,3360 801,3359 968,3359 969,3358 976,3358 982,3352 990,3351 991,3351 991,3316 993,3314 993,3312 993,3311 3085,3307 3086,3306 3086,3304 3086,3304 3162,3304 3163,3304 3163,3308 3163,3309 3240,3309 3241,3310 3287,3309 3289,3311 3291,3311 3293,3313 3296,3313 3297,3314 3297,3316 3297,3316 3298,3316 3299,3317 3299,3318 3299,3318 3300,3318 3301,3319 3301,3368 3301,3368 3320,3368 3322,3370 3322,3371 3322,3371 3327,3371 3329,3373 3331,3373 3332,3374 3332,3390 3332,3390 3339,3390 3344,3395 3344,3399 3344,3399 3345,3399 3346,3400 3346,3404 3348,3406 3350,3406 3351,3407 3349,3408 3347,3408 3346,3410 3346,3414 3344,3416 3344,3419 3340,3423 3340,3425 3339,3425 3313,3425 3313,3426 3313,3466 3312,3466 2036,3469 2035,3470"/><TextEquiv><Unicode/></TextEquiv><TextEquiv index="1"><Unicode>dre. Il s'avança au devant de moi.</Unicode></TextEquiv></TextLine><TextLine id="l21"><Coords points="2331,3629 2330,3628 2330,3607 2330,3607 2095,3607 2094,3608 2094,3627 2094,3627 2024,3627 2023,3627 2023,3611 2023,3610 1960,3610 1959,3609 1957,3609 1956,3609 1956,3608 1956,3607 1955,3607 1954,3607 1954,3586 1954,3585 1747,3586 1746,3586 1746,3587 1746,3588 1730,3588 1729,3588 1729,3608 1729,3609 1725,3609 1724,3608 1724,3593 1724,3593 1721,3593 1720,3592 1720,3586 1720,3586 1518,3586 1517,3587 1517,3625 1517,3625 1486,3625 1485,3625 1485,3586 1485,3585 1390,3586 1389,3585 1335,3585 1333,3583 1118,3583 1117,3584 1117,3590 1117,3590 1115,3590 1113,3589 1113,3584 1110,3580 1105,3580 1103,3578 1101,3578 1098,3576 1098,3573 1098,3572 965,3573 964,3572 964,3571 964,3571 963,3571 962,3570 962,3566 959,3563 959,3561 959,3561 957,3561 956,3560 955,3559 955,3557 953,3555 951,3555 950,3554 950,3547 948,3545 948,3535 949,3535 950,3535 950,3534 950,3532 953,3530 955,3530 955,3529 955,3526 956,3526 957,3526 959,3524 960,3524 961,3523 962,3523 962,3522 962,3521 963,3521 964,3521 964,3520 964,3519 965,3518 965,3517 971,3512 972,3512 973,3511 974,3511 974,3510 974,3509 975,3509 1105,3508 1105,3508 1105,3474 1109,3469 1192,3469 1193,3468 1329,3468 1330,3467 1330,3466 1330,3466 1350,3466 1351,3466 1351,3494 1352,3495 1598,3494 1598,3494 1598,3478 1600,3476 1628,3476 1628,3476 1628,3472 1628,3471 1664,3471 1666,3469 1692,3469 1693,3468 1695,3468 1697,3466 1714,3466 1716,3468 1718,3468 1719,3469 1841,3469 1843,3470 1843,3472 1843,3473 1886,3473 1887,3473 1887,3475 1888,3476 2090,3475 2090,3475 2090,3469 2090,3468 2096,3468 2097,3468 2097,3467 2097,3466 2098,3466 2099,3466 2099,3465 2099,3464 2156,3464 2157,3463 2157,3461 2157,3461 2167,3461 2168,3462 2355,3462 2357,3463 2357,3465 2360,3469 2640,3468 2641,3467 2641,3465 2641,3465 2645,3465 2646,3466 2721,3466 2722,3467 2851,3466 2852,3467 2852,3468 2852,3468 3217,3468 3218,3467 3312,3466 3313,3467 3313,3481 3314,3481 3319,3481 3320,3483 3320,3490 3321,3491 3321,3496 3323,3498 3323,3502 3324,3502 3326,3502 3327,3504 3327,3506 3329,3507 3350,3507 3351,3509 3351,3518 3352,3518 3361,3518 3361,3519 3361,3521 3361,3521 3360,3521 3359,3522 3359,3526 3359,3526 3350,3526 3349,3527 3349,3585 3349,3585 3347,3585 3346,3586 3336,3586 3335,3587 3335,3595 3335,3595 3331,3595 3330,3596 3330,3614 3328,3616 3326,3616 3325,3617 3223,3618 3222,3618 3222,3619 3222,3620 3221,3620 3220,3619 3164,3619 3163,3618 2949,3618 2948,3619 2744,3620 2743,3620 2743,3622 2743,3623 2666,3623 2665,3623 2665,3624 2665,3625 2662,3625 2661,3626 2604,3626 2603,3626 2603,3627 2603,3628"/><TextEquiv><Unicode/></TextEquiv><TextEquiv index="1"><Unicode>Mademoiſelle, dit-il, je vous vois</Unicode></TextEquiv></TextLine><TextLine id="l22"><Coords points="3199,3782 3198,3781 3153,3781 3153,3780 3153,3779 3152,3779 2668,3780 2668,3780 2668,3781 2667,3782 2334,3783 2333,3784 2271,3784 2271,3783 2271,3782 2270,3782 1953,3782 1952,3781 1583,3782 1583,3782 1583,3745 1582,3744 1329,3745 1327,3743 1325,3743 1325,3742 1325,3741 1324,3741 1201,3741 1201,3741 1201,3740 1200,3739 1113,3739 1112,3738 1109,3738 1109,3738 1108,3737 1108,3735 1105,3732 1105,3731 1104,3730 961,3731 957,3727 955,3727 954,3726 952,3726 952,3725 952,3710 953,3709 952,3684 953,3684 955,3684 955,3683 955,3681 956,3681 957,3681 957,3680 957,3679 958,3679 960,3679 962,3677 1104,3676 1105,3675 1105,3636 1107,3634 1109,3636 1435,3636 1435,3635 1435,3631 1436,3631 1438,3631 1440,3629 1483,3628 1483,3628 1483,3627 1484,3626 1485,3626 1486,3625 1826,3625 1827,3624 1832,3624 1834,3622 1838,3622 1840,3624 1844,3624 1846,3626 1851,3626 1851,3626 1851,3627 1852,3628 2257,3627 2260,3624 2278,3624 2278,3623 2278,3622 2279,3622 2281,3622 2281,3621 2281,3619 2282,3619 2284,3619 2285,3620 2285,3622 2287,3624 2330,3624 2330,3624 2330,3625 2331,3626 2723,3625 2724,3624 2725,3624 2726,3623 2825,3622 2825,3622 2825,3620 2826,3619 2948,3619 2949,3618 3057,3618 3057,3617 3057,3610 3058,3610 3094,3610 3095,3611 3095,3613 3096,3614 3134,3614 3136,3616 3136,3618 3137,3619 3170,3619 3171,3620 3222,3620 3222,3620 3222,3640 3223,3641 3251,3641 3251,3641 3251,3647 3253,3649 3253,3659 3254,3660 3351,3659 3354,3663 3354,3672 3354,3672 3349,3672 3348,3673 3349,3705 3347,3707 3347,3719 3346,3720 3346,3722 3345,3722 3344,3722 3344,3723 3344,3724 3343,3724 3342,3724 3342,3725 3342,3726 3341,3727 3341,3730 3339,3732 3339,3739 3338,3739 3331,3739 3330,3741 3330,3746 3328,3748 3328,3755 3325,3757 3323,3757 3318,3762 3316,3762 3316,3763 3316,3764 3315,3764 3313,3764 3313,3765 3313,3767 3312,3767 3208,3768 3208,3768 3208,3780 3207,3781 3206,3781 3205,3782"/><TextEquiv><Unicode/></TextEquiv><TextEquiv index="1"><Unicode>avec ſurpriſe marcher à pied. Vous</Unicode></TextEquiv></TextLine><TextLine id="l23"><Coords points="2537,3948 2536,3948 2536,3942 2536,3941 2515,3941 2508,3935 2508,3934 2508,3933 1964,3934 1963,3935 1963,3939 1963,3939 1902,3940 1901,3940 1901,3941 1901,3942 1847,3942 1846,3941 1627,3941 1626,3941 1626,3939 1626,3938 1336,3939 1335,3938 1335,3937 1334,3936 1330,3936 1328,3934 1328,3932 1327,3931 1327,3899 1326,3899 1215,3899 1212,3896 1206,3896 1206,3896 1206,3895 1205,3894 1203,3894 1202,3893 1123,3893 1119,3889 1119,3880 1118,3879 962,3880 960,3877 960,3850 959,3849 959,3845 957,3844 955,3844 953,3841 953,3833 954,3832 961,3832 962,3831 980,3831 981,3830 981,3798 981,3798 983,3798 984,3798 984,3801 984,3802 1582,3800 1583,3800 1583,3783 1583,3782 1698,3782 1699,3781 1788,3781 1789,3782 2215,3781 2216,3781 2216,3783 2216,3784 2333,3784 2334,3784 2334,3789 2334,3790 2909,3788 2911,3786 2961,3786 2962,3786 2962,3780 2962,3779 2966,3779 2967,3780 2967,3781 2967,3781 3162,3781 3163,3782 3205,3782 3206,3782 3206,3784 3206,3785 3329,3784 3330,3785 3330,3800 3330,3800 3334,3800 3335,3801 3335,3806 3337,3808 3337,3819 3337,3819 3352,3819 3353,3820 3355,3820 3356,3821 3356,3822 3356,3822 3357,3822 3358,3823 3358,3832 3357,3832 3356,3832 3356,3833 3356,3837 3354,3839 3354,3841 3352,3843 3352,3844 3351,3844 3350,3844 3348,3846 3342,3846 3342,3847 3342,3894 3341,3894 3337,3894 3337,3895 3337,3896 3336,3896 3323,3896 3323,3897 3323,3898 3322,3899 3322,3899 3366,3899 3370,3903 3370,3904 3368,3905 3227,3906 3227,3906 3227,3912 3223,3916 3223,3917 3222,3918 3222,3919 3221,3920 3220,3920 3220,3920 3220,3921 3219,3922 3218,3922 3217,3923 3217,3924 3216,3925 3215,3925 3215,3925 3215,3926 3214,3927 3213,3927 3213,3927 3213,3928 3212,3929 3205,3929 3204,3930 3203,3930 3203,3930 3203,3931 3203,3932 3197,3932 3196,3932 3196,3933 3196,3934 3159,3934 3158,3934 3158,3937 3158,3938 3139,3938 3138,3937 2542,3938 2541,3939 2541,3945 2538,3948"/><TextEquiv><Unicode/></TextEquiv><TextEquiv index="1"><Unicode>nne paroiſſez pas faite pour voyager</Unicode></TextEquiv></TextLine><TextLine id="l24"><Coords points="2312,4099 2310,4097 2009,4097 2008,4096 1947,4096 1946,4096 1946,4095 1946,4094 1613,4095 1612,4096 1609,4096 1608,4095 1390,4096 1389,4095 1389,4056 1389,4056 1378,4056 1376,4054 1214,4054 1212,4052 1140,4052 1139,4051 1135,4051 1134,4051 1134,4050 1133,4048 970,4049 969,4048 969,4047 969,4047 968,4047 964,4043 964,4010 962,4008 962,4001 966,3997 966,3996 967,3995 967,3994 968,3994 972,3994 974,3992 998,3991 998,3991 998,3980 1001,3977 1144,3977 1146,3975 1148,3975 1148,3975 1148,3947 1149,3946 1153,3946 1153,3946 1153,3940 1154,3939 1156,3939 1158,3937 1160,3937 1163,3934 1168,3934 1168,3934 1168,3932 1169,3930 1172,3930 1174,3932 1176,3932 1177,3933 1177,3934 1178,3934 1179,3934 1179,3935 1179,3942 1180,3943 1180,3944 1181,3944 1249,3944 1249,3944 1249,3945 1250,3946 1626,3945 1626,3945 1626,3942 1627,3941 1767,3941 1768,3942 2164,3941 2164,3940 2164,3934 2165,3934 2324,3934 2324,3933 2324,3931 2326,3929 2330,3929 2331,3930 2387,3929 2388,3930 2388,3937 2389,3937 2425,3937 2426,3938 2658,3938 2658,3938 2658,3943 2659,3944 2950,3943 2950,3943 2950,3936 2951,3935 2954,3935 2955,3936 3031,3936 3032,3937 3105,3937 3106,3938 3158,3938 3159,3939 3206,3939 3206,3939 3206,3945 3207,3946 3211,3946 3211,3946 3211,3967 3212,3968 3246,3968 3246,3968 3246,3973 3247,3974 3337,3973 3337,3974 3337,3975 3338,3975 3339,3975 3339,3976 3339,3977 3340,3977 3342,3977 3342,3978 3342,3982 3343,3982 3345,3982 3347,3985 3347,4037 3344,4040 3344,4044 3344,4044 3342,4044 3339,4047 3339,4049 3339,4049 3338,4049 3337,4050 3337,4083 3335,4085 3335,4087 3335,4087 3292,4087 3291,4088 3290,4088 3289,4089 3289,4092 3289,4092 3039,4093 3038,4093 3038,4092 3038,4091 2588,4092 2587,4093 2582,4093 2581,4094 2358,4095 2357,4095 2357,4097 2357,4098 2315,4098 2314,4099"/><TextEquiv><Unicode/></TextEquiv><TextEquiv index="1"><Unicode>de cette manière. D'ailleurs vous êtes</Unicode></TextEquiv></TextLine><TextLine id="l25"><Coords points="2645,4254 2645,4253 2645,4252 2644,4252 2551,4252 2550,4251 2496,4251 2496,4251 2496,4248 2495,4247 2421,4247 2420,4246 2179,4247 2179,4247 2179,4250 2178,4251 2131,4251 2130,4252 1989,4252 1987,4254 1855,4255 1855,4254 1855,4228 1854,4228 1679,4228 1679,4227 1679,4226 1676,4224 1674,4224 1674,4224 1674,4215 1673,4214 1581,4214 1581,4214 1581,4213 1580,4212 1304,4213 1304,4213 1304,4241 1302,4243 1301,4243 1301,4243 1301,4244 1300,4245 1294,4245 1294,4245 1294,4246 1293,4247 1258,4247 1258,4247 1258,4252 1257,4253 1253,4253 1253,4252 1253,4233 1252,4233 1163,4233 1162,4232 981,4233 981,4232 981,4204 980,4204 968,4204 965,4200 964,4160 965,4159 965,4158 967,4156 967,4149 968,4149 996,4148 996,4148 996,4138 997,4137 1122,4137 1122,4137 1122,4100 1123,4099 1127,4099 1127,4099 1127,4098 1128,4097 1134,4097 1134,4098 1134,4099 1135,4099 1143,4099 1143,4100 1143,4104 1144,4105 1144,4133 1145,4133 1387,4133 1387,4132 1387,4099 1389,4097 1389,4096 1390,4096 1409,4096 1410,4097 1612,4096 1612,4097 1612,4102 1613,4102 1669,4102 1669,4102 1669,4096 1670,4095 1670,4096 1670,4102 1671,4102 1832,4102 1832,4101 1832,4097 1833,4097 1953,4096 1954,4097 2011,4097 2011,4098 2011,4102 2012,4102 2013,4102 2013,4103 2013,4104 2014,4104 2057,4104 2058,4106 2058,4109 2059,4110 2059,4111 2060,4111 2326,4111 2326,4110 2326,4108 2327,4107 2327,4103 2332,4099 2344,4099 2345,4098 2357,4098 2357,4098 2357,4109 2358,4110 2580,4109 2580,4109 2580,4095 2582,4093 2601,4093 2601,4092 2601,4083 2602,4083 2606,4083 2606,4083 2606,4087 2607,4088 2613,4088 2614,4089 2616,4089 2616,4089 2616,4091 2617,4092 2869,4091 2870,4092 2871,4092 2872,4093 3289,4092 3289,4093 3289,4123 3290,4123 3330,4123 3330,4124 3330,4131 3331,4131 3355,4131 3356,4133 3356,4140 3356,4140 3355,4140 3354,4141 3354,4142 3354,4142 3352,4142 3351,4143 3351,4152 3351,4152 3350,4152 3349,4153 3349,4154 3348,4155 3348,4157 3344,4161 3339,4161 3339,4162 3339,4205 3336,4207 3330,4207 3330,4208 3330,4209 3329,4209 3327,4209 3325,4211 3146,4212 3146,4212 3146,4240 3143,4243 3141,4243 3141,4243 3141,4244 3140,4245 3100,4245 3098,4242 3098,4214 3097,4214 2878,4214 2878,4215 2878,4240 2877,4240 2824,4240 2824,4241 2824,4246 2823,4246 2806,4247 2803,4250 2801,4250 2797,4254"/><TextEquiv><Unicode/></TextEquiv><TextEquiv index="1"><Unicode>inquiète, &amp; je crois m'appercevoir</Unicode></TextEquiv></TextLine><TextLine id="l26"><Coords points="1991,4410 1990,4409 1878,4410 1877,4409 1753,4409 1752,4408 1752,4399 1752,4399 1151,4400 1149,4398 1145,4398 1144,4398 1144,4365 1143,4364 1133,4364 1131,4362 1124,4362 1124,4362 1124,4360 1121,4357 1119,4357 1117,4355 1117,4353 1116,4352 1114,4352 1113,4351 1113,4350 1112,4349 969,4350 969,4349 969,4348 968,4348 966,4348 963,4345 962,4345 962,4344 962,4336 962,4336 966,4336 967,4335 967,4306 970,4303 978,4303 979,4302 994,4301 996,4300 996,4298 996,4297 1132,4297 1134,4295 1222,4295 1224,4293 1250,4293 1251,4292 1251,4261 1253,4259 1253,4253 1253,4253 1785,4252 1786,4251 1786,4250 1786,4250 1790,4250 1792,4248 1795,4248 1796,4247 1809,4247 1810,4247 1810,4249 1810,4250 1814,4250 1815,4251 2230,4250 2231,4250 2231,4251 2231,4252 2497,4251 2498,4252 2564,4252 2565,4253 2565,4254 2565,4254 2794,4254 2795,4254 2795,4267 2795,4268 2918,4267 2919,4268 2919,4269 2919,4269 2920,4269 2921,4270 2921,4279 2921,4279 3262,4279 3263,4279 3263,4287 3263,4288 3279,4288 3280,4288 3338,4288 3339,4289 3339,4290 3340,4291 3342,4291 3346,4295 3346,4297 3347,4298 3347,4300 3347,4300 3348,4300 3349,4301 3349,4333 3349,4333 3350,4333 3351,4334 3351,4346 3349,4348 3349,4353 3348,4353 3346,4353 3344,4356 3344,4358 3342,4359 3340,4359 3340,4360 3340,4362 3339,4362 3337,4362 3337,4363 3337,4364 3336,4364 3332,4364 3332,4365 3332,4367 3331,4367 3320,4367 3320,4368 3320,4369 3319,4369 3318,4369 3318,4370 3318,4381 3317,4381 3316,4381 3316,4382 3316,4384 3315,4384 3311,4384 3311,4385 3311,4406 3311,4406 2172,4409 2171,4410"/><TextEquiv><Unicode/></TextEquiv><TextEquiv index="1"><Unicode>nque vous fuyez Paris. Je ne vous</Unicode></TextEquiv></TextLine><TextLine id="l27"><Coords points="2162,4566 2161,4565 2041,4565 2040,4564 1673,4565 1672,4565 1672,4564 1672,4563 1429,4564 1428,4563 1428,4549 1428,4549 1386,4549 1385,4548 1385,4532 1385,4532 1245,4532 1244,4531 1244,4525 1244,4525 1230,4525 1229,4524 1228,4524 1227,4523 1227,4522 1227,4522 1142,4522 1141,4522 1141,4521 1141,4520 1140,4520 1139,4520 1139,4518 1135,4513 1133,4513 1129,4510 1129,4505 1129,4504 974,4505 971,4502 971,4471 969,4469 965,4469 964,4468 964,4424 967,4422 1163,4421 1163,4421 1163,4410 1166,4407 1173,4407 1177,4403 1184,4403 1184,4404 1184,4405 1186,4407 1186,4408 1187,4408 1424,4408 1425,4409 1574,4408 1575,4409 1757,4409 1757,4409 1757,4410 1758,4411 2171,4410 2171,4410 2171,4419 2175,4423 2175,4429 2176,4430 2451,4429 2456,4424 2462,4424 2462,4424 2462,4408 2463,4407 2628,4407 2632,4403 2650,4403 2653,4406 2857,4405 2857,4406 2857,4414 2858,4414 3132,4414 3132,4413 3132,4405 3133,4405 3136,4405 3137,4406 3305,4405 3306,4406 3311,4406 3311,4407 3311,4448 3312,4448 3347,4448 3347,4449 3347,4451 3349,4453 3349,4456 3353,4460 3353,4471 3351,4473 3351,4511 3345,4517 3343,4517 3341,4519 3336,4519 3335,4520 3333,4520 3332,4521 3332,4561 3331,4562 2924,4563 2923,4562 2492,4563 2491,4563 2491,4561 2489,4558 2468,4558 2467,4558 2467,4556 2467,4555 2177,4556 2176,4556 2176,4560 2175,4562 2174,4562 2173,4563 2172,4563 2171,4563 2171,4564 2171,4565 2170,4565 2169,4566"/><TextEquiv><Unicode/></TextEquiv><TextEquiv index="1"><Unicode>demande point votre ſecret: mais</Unicode></TextEquiv></TextLine><TextLine id="l28"><Coords points="2417,4723 2416,4722 2119,4723 2119,4723 2119,4722 2118,4721 2042,4721 2041,4720 2039,4720 2038,4719 1956,4719 1955,4718 1492,4719 1492,4719 1492,4716 1491,4715 1211,4716 1211,4716 1211,4686 1210,4685 1196,4685 1196,4685 1196,4678 1195,4677 1140,4677 1138,4675 1134,4675 1134,4675 1134,4674 1133,4673 1132,4673 1131,4672 1130,4672 1129,4671 1129,4670 1128,4669 974,4670 974,4669 974,4668 973,4668 972,4668 972,4667 972,4665 971,4664 971,4630 970,4630 838,4630 838,4629 837,4599 837,4599 827,4599 824,4596 824,4594 823,4593 823,4589 824,4589 1325,4588 1325,4587 1325,4570 1326,4570 1376,4570 1376,4569 1376,4566 1378,4565 1395,4565 1397,4563 2419,4560 2419,4560 2419,4557 2420,4556 2422,4556 2422,4557 2422,4560 2423,4560 2795,4560 2795,4560 2795,4562 2796,4563 3007,4562 3008,4563 3181,4563 3181,4563 3181,4565 3182,4566 3339,4565 3339,4566 3339,4570 3340,4571 3340,4578 3342,4579 3346,4579 3346,4580 3346,4606 3347,4606 3363,4606 3363,4607 3364,4661 3364,4661 3396,4661 3397,4662 3397,4689 3397,4689 3425,4689 3427,4691 3425,4692 3411,4692 3411,4693 3411,4694 3410,4694 3344,4694 3344,4695 3344,4711 3343,4711 3342,4711 3342,4712 3342,4714 3340,4716 3340,4721 3339,4721"/><TextEquiv><Unicode/></TextEquiv><TextEquiv index="1"><Unicode>naurois-je le bonheur de pouvoir vous</Unicode></TextEquiv></TextLine><TextLine id="l29"><Coords points="2381,5040 2379,5038 2377,5038 2376,5038 2376,5002 2376,5001 2334,5002 2333,5001 2333,5000 2333,5000 2246,5000 2245,4999 2245,4998 2245,4998 1962,4998 1961,4997 1937,4997 1936,4996 1729,4997 1728,4996 1383,4997 1382,4996 1382,4995 1382,4995 1232,4995 1227,4990 1161,4990 1160,4990 1160,4989 1160,4988 1154,4988 1153,4988 1153,4987 1153,4986 1149,4986 1148,4985 1146,4985 1144,4984 1144,4982 1144,4981 1142,4981 1141,4981 1141,4977 1141,4976 1140,4976 1139,4976 1139,4975 1137,4973 1137,4972 1137,4971 998,4971 996,4969 994,4969 993,4968 991,4968 990,4968 990,4943 990,4942 987,4943 986,4942 986,4940 984,4938 984,4818 983,4818 981,4818 981,4817 981,4816 980,4816 979,4816 979,4815 979,4814 976,4811 976,4775 978,4773 980,4773 981,4772 981,4771 981,4771 983,4771 984,4770 986,4770 988,4767 1126,4767 1127,4767 1127,4755 1127,4754 1131,4754 1134,4752 1134,4750 1134,4749 1135,4749 1136,4749 1136,4745 1137,4744 1137,4737 1139,4735 1139,4733 1141,4731 1141,4729 1141,4728 1142,4728 1143,4728 1143,4724 1146,4720 1150,4720 1151,4720 1151,4719 1151,4718 1157,4718 1158,4719 1754,4718 1755,4718 1755,4719 1755,4720 1968,4719 1969,4720 2827,4718 2828,4719 2828,4720 2828,4720 3169,4720 3170,4721 3264,4721 3265,4722 3299,4721 3300,4722 3300,4739 3301,4740 3301,4754 3301,4754 3410,4754 3411,4755 3411,4763 3411,4763 3412,4763 3413,4764 3413,4862 3414,4862 3453,4862 3454,4864 3454,4866 3454,4866 3421,4866 3420,4867 3420,4937 3419,4938 3409,4938 3408,4939 3408,4991 3408,4991 3407,4991 3406,4992 3367,4992 3366,4993 3366,5003 3366,5003 3362,5003 3361,5004 3361,5027 3360,5028 2949,5029 2948,5030 2948,5033 2948,5033 2946,5033 2945,5034 2409,5035 2406,5038 2404,5038 2402,5040"/><TextEquiv><Unicode/></TextEquiv><TextEquiv index="1"><Unicode>ue ons anit unttſe 'hpius</Unicode></TextEquiv></TextLine><TextEquiv><Unicode/></TextEquiv></TextRegion></Page></PcGts>