4266 6032
879 296 3299 469 moi? ... -- Je l'accepte de grand
925 456 3301 619 cœur, Monſieur, lui répondis-je avec
929 615 3303 788 la plus tendre reconnoiſſance, ſi vous
928 768 3291 936 ſuivez la route d'Italie. -- Bon Dieul
927 929 3306 1098 Mademoiſelle, eſt-ce que vous allez
929 1072 3304 1256 ſi loin que cela? ... -- Monſieur,
933 1232 3308 1413 répliquai-je, du moins j'en prends
934 1388 3311 1561 la route; ſi vous la ſuivez auſſi,
933 1560 3315 1724 nvoyez juſqu'où vous pouvez me con-
873 1707 3316 1881 duire. -- élasl répondit - il, très-
873 1863 3316 2034 peu loin, pour mon malheur. Je ne
933 2015 3318 2190 puis paſſer Fontainebleau; mais j'y
933 2166 3332 2346 vais faire mes adieux à une Dame
929 2319 3323 2500 qui part juſtement pour l'Italie, &
933 2482 3373 2654 je crois entrevoir des moyens de vous
899 2640 3325 2807 faire partir avec elle. Voulez - vous
936 2780 3380 2963 en courir les riſques, & vous fier à
943 2947 3325 3117 un vieux Militaire? -- Très-volon-
904 3101 3325 3268 tiers, Monſieur, lui répondis-je; je
928 3264 3332 3421 connois l'honneur qui anime les gens
945 3412 3328 3583 de votre état, ſur - tout quand ils
950 3569 3380 3740 ſont parvenus à l'âge mûr. Je me
873 3720 3335 3901 nremets en vos mains les yeux fer-
950 3880 3328 4052 smés. -- Vous prenez le bon parti,
949 4040 3328 4208 Mademoiſelle, répliqua - t - il, je ne
873 4193 3330 4367 ntromptrai pas votre confiance. A
955 4350 3330 4508 ces mots, nous montâmes tous deux en
878 4513 3357 4679 voiture, & nous brûlâmes le pavé.
966 4660 3330 4835 Dans le chemin, mon conducteur,
947 4820 3332 5015 malgré les engagemens qu'avoit pris
