<?xml version="1.0" encoding="UTF-8" standalone="no"?><PcGts xmlns="http://schema.primaresearch.org/PAGE/gts/pagecontent/2017-07-15" xmlns:xsi="http://www.w3.org/2001/XMLSchema-instance" xsi:schemaLocation="http://schema.primaresearch.org/PAGE/gts/pagecontent/2017-07-15 http://schema.primaresearch.org/PAGE/gts/pagecontent/2017-07-15/pagecontent.xsd"><Metadata><Creator/><Created>2020-10-13T11:07:40</Created><LastChange>1970-01-01T00:00:00</LastChange><Comments/></Metadata><Page imageFilename="0046.png" imageHeight="6032" imageWidth="4266"><TextRegion id="r1" orientation="-0.125" type="paragraph"><Coords points="1,1 4264,1 4264,6030 1,6030"/><TextLine id="l1"><Coords points="3210,448 3209,447 2651,446 2650,445 2416,445 2415,444 2407,444 2406,443 2378,443 2375,440 1968,439 1968,438 1968,423 1967,423 1653,422 1653,421 1653,404 1652,404 1113,403 1113,402 1113,401 1112,401 942,400 941,399 941,397 940,396 936,396 935,395 935,393 933,391 933,382 935,380 935,378 936,377 936,375 936,374 937,374 938,374 938,334 938,333 943,333 945,331 947,331 949,329 954,329 956,327 1099,328 1100,327 1102,327 1103,326 1277,326 1279,324 1293,324 1294,324 1294,323 1294,322 1446,322 1447,322 1447,309 1448,308 1460,308 1461,307 1461,291 1462,290 1462,289 1467,284 1556,284 1557,283 1563,283 1564,282 1564,281 1564,281 2450,283 2452,281 2462,281 2465,284 2467,284 2468,285 3134,286 3136,288 3140,288 3141,289 3141,290 3141,290 3143,290 3144,291 3265,291 3267,293 3267,295 3267,295 3338,296 3340,297 3340,301 3338,303 3270,302 3270,303 3270,333 3270,333 3308,334 3310,336 3312,336 3313,336 3313,337 3313,338 3315,338 3316,338 3316,340 3316,341 3317,341 3318,341 3318,342 3318,343 3320,343 3322,344 3322,396 3320,398 3320,400 3318,402 3318,404 3317,405 3313,405 3308,410 3294,410 3294,410 3294,411 3293,412 3215,411 3215,412 3215,448 3214,448"/><TextEquiv><Unicode/></TextEquiv><TextEquiv index="1"><Unicode>avec moi ſon honneur, ſe mit en frais</Unicode></TextEquiv></TextLine><TextLine id="l2"><Coords points="3120,603 3118,601 3116,601 3115,601 3115,600 3115,599 3113,599 3112,599 3112,566 3112,565 3008,565 3007,564 2463,563 2462,563 2462,565 2461,567 2375,567 2374,567 2374,571 2374,572 2370,572 2369,572 2369,600 2369,601 2355,600 2354,600 2354,599 2354,598 1873,597 1872,597 1872,559 1872,558 1725,558 1724,557 982,555 981,556 970,556 969,557 969,592 969,592 965,592 964,593 964,594 964,594 955,594 953,596 941,596 936,592 936,500 935,499 935,494 934,493 935,487 934,486 935,484 937,484 938,484 938,483 938,482 1034,483 1035,482 1197,482 1199,480 1310,480 1311,479 1575,480 1578,477 1578,441 1578,441 1582,441 1583,440 1583,438 1585,436 1913,437 1918,441 1918,443 1918,444 2421,445 2422,446 2953,447 2954,446 2963,446 2964,446 2964,447 2964,448 3214,448 3215,449 3215,453 3215,453 3255,453 3258,456 3258,458 3260,460 3260,462 3261,463 3261,490 3261,490 3307,491 3308,491 3308,492 3308,493 3312,493 3315,496 3315,498 3316,499 3317,499 3318,500 3318,502 3319,503 3320,503 3320,503 3320,508 3318,510 3318,550 3316,552 3316,555 3315,556 3315,558 3314,560 3310,560 3308,561 3308,562 3308,563 3295,563 3294,563 3294,564 3294,565 3152,564 3151,565 3151,568 3151,568 3144,568 3143,569 3143,599 3143,599 3139,599 3137,601 3132,601 3130,603"/><TextEquiv><Unicode/></TextEquiv><TextEquiv index="1"><Unicode>pour me dire des galanteries. Je pris</Unicode></TextEquiv></TextLine><TextLine id="l3"><Coords points="3375,761 3374,760 2811,758 2810,757 2173,756 2173,756 2173,755 2172,754 2171,754 2171,754 2171,753 2170,752 2169,752 2168,751 2167,751 2166,750 2166,716 2166,715 1130,713 1129,712 963,711 962,711 962,710 962,709 951,709 950,708 943,708 941,706 936,706 934,705 935,704 935,696 937,694 938,694 938,694 938,611 940,609 957,609 962,604 1168,605 1168,604 1168,600 1170,598 1170,596 1173,594 1180,594 1182,592 1364,592 1365,591 1512,592 1513,591 1523,591 1524,592 2436,594 2436,594 2436,595 2437,596 2443,596 2443,596 2443,598 2446,601 2446,602 2447,603 2944,604 2945,605 3345,606 3346,607 3346,758 3346,759 3382,759 3383,759 3383,760 3382,761"/><TextEquiv><Unicode/></TextEquiv><TextEquiv index="1"><Unicode>la choſe ſur le ton plaiſant. Je le pet-</Unicode></TextEquiv></TextLine><TextLine id="l4"><Coords points="1083,913 1082,912 1082,911 1081,910 1081,909 1080,908 1080,907 1079,906 1079,905 1078,904 1078,903 1077,902 1077,901 1076,900 1076,899 1075,898 1075,897 1074,896 1074,895 1073,894 1073,893 1072,892 1072,891 1071,890 1071,889 1070,888 1070,887 1069,886 1069,885 1068,884 1068,883 1067,882 1067,881 1066,880 1066,879 1065,878 1065,877 1064,876 1064,875 1063,874 1063,873 1062,872 1062,871 1061,870 1061,869 1060,868 1060,867 1059,867 935,866 935,866 935,864 933,862 933,856 933,851 933,850 934,850 935,850 935,801 936,799 938,799 940,797 944,797 945,797 945,784 945,783 946,783 947,783 947,769 947,768 949,768 950,768 950,767 950,766 951,766 952,766 952,764 953,763 953,761 956,757 959,757 960,757 960,755 960,754 961,754 962,754 962,753 962,752 964,752 967,749 968,749 969,749 969,748 969,747 973,747 975,745 980,745 981,744 986,744 987,743 1104,744 1108,748 2011,750 2016,755 2717,756 2718,757 2720,757 2721,758 2815,758 2816,759 2816,770 2816,770 3112,771 3113,772 3113,774 3113,774 3132,774 3134,776 3134,783 3134,783 3253,783 3255,785 3255,791 3255,791 3296,792 3299,795 3320,795 3321,795 3321,851 3321,852 3369,852 3370,852 3370,916 3370,917 3379,917 3380,917 3380,918 3379,919 1263,914 1263,915"/><TextEquiv><Unicode/></TextEquiv><TextEquiv index="1"><Unicode>ſiflai, &amp; il parut déconcerté. Le voyant</Unicode></TextEquiv></TextLine><TextLine id="l5"><Coords points="1761,1070 1760,1069 1729,1069 1727,1067 1005,1066 1004,1065 1004,1044 1004,1044 982,1043 981,1043 981,1023 981,1022 936,1022 935,1021 933,1021 931,1020 931,1010 933,1008 933,956 936,953 1002,954 1004,952 1012,952 1014,950 1057,950 1058,949 1058,937 1060,935 1060,931 1060,931 1061,931 1062,930 1062,926 1063,925 1063,922 1065,920 1065,918 1067,916 1069,916 1070,915 1072,913 1072,911 1073,910 1081,910 1082,909 1086,909 1088,907 1100,907 1102,909 1107,909 1108,909 1108,911 1108,912 1109,912 1110,912 1110,913 1110,914 1111,914 1112,914 1112,915 1112,916 2200,918 2201,917 2203,917 2204,916 2369,917 2371,919 3181,920 3182,919 3183,919 3184,919 3184,918 3184,917 3188,917 3193,912 3214,912 3215,913 3215,914 3216,915 3218,917 3219,917 3220,918 3220,953 3220,953 3244,953 3247,956 3248,956 3248,957 3248,959 3249,959 3251,959 3251,960 3251,962 3252,962 3253,962 3253,963 3253,964 3255,966 3255,978 3256,978 3307,979 3309,981 3311,981 3313,983 3316,983 3316,983 3316,985 3317,986 3318,986 3318,986 3318,987 3319,988 3320,988 3320,988 3320,997 3320,998 3319,998 3318,998 3318,1002 3318,1003 3279,1002 3278,1003 3266,1003 3265,1004 3265,1025 3264,1026 3262,1026 3260,1028 3260,1030 3259,1031 3254,1031 3253,1032 3081,1032 3080,1033 3068,1033 3067,1034 2867,1034 2866,1034 2866,1040 2866,1041 1780,1038 1779,1039 1779,1069 1779,1069 1765,1069 1764,1070"/><TextEquiv><Unicode/></TextEquiv><TextEquiv index="1"><Unicode>reſter muet, pour relever la converſa-</Unicode></TextEquiv></TextLine><TextLine id="l6"><Coords points="1143,1225 1143,1224 1143,1204 1142,1204 945,1203 945,1203 945,1202 944,1201 942,1201 941,1200 941,1130 940,1129 940,1127 936,1123 936,1113 937,1112 939,1112 941,1110 943,1110 943,1110 943,1109 944,1108 948,1108 948,1108 948,1105 950,1103 950,1101 953,1098 995,1099 995,1098 995,1070 997,1069 998,1069 998,1068 998,1067 999,1067 1003,1067 1004,1066 1015,1066 1015,1066 1015,1067 1016,1068 1875,1069 1875,1069 1875,1068 1876,1067 1877,1067 1877,1067 1877,1066 1878,1065 1886,1065 1888,1063 2637,1065 2637,1066 2637,1067 2638,1067 2642,1067 2644,1070 2644,1071 2645,1071 3156,1072 3158,1074 3199,1074 3200,1075 3337,1076 3339,1078 3339,1093 3340,1094 3390,1094 3390,1094 3390,1104 3390,1105 3343,1105 3342,1105 3342,1210 3340,1212 3338,1212 3337,1210 3337,1192 3336,1192 2142,1189 2142,1190 2142,1192 2140,1193 2089,1193 2089,1193 2089,1199 2087,1201 2087,1207 2086,1208 2085,1208 2085,1208 2085,1209 2084,1210 2083,1210 2082,1211 2081,1211 2079,1213 2078,1213 2078,1213 2078,1214 2077,1215 2075,1215 2073,1217 2068,1217 2065,1220 2063,1220 2061,1222 1767,1221 1767,1222 1767,1225 1766,1225 1160,1224 1159,1225"/><TextEquiv><Unicode/></TextEquiv><TextEquiv index="1"><Unicode>tion, je parlai de guerre &amp; de nouvelles</Unicode></TextEquiv></TextLine><TextLine id="l7"><Coords points="1551,1377 1550,1375 1550,1371 1549,1371 1143,1370 1143,1369 1143,1368 1142,1368 1138,1368 1136,1365 1136,1347 1135,1347 940,1346 940,1346 940,1342 938,1340 938,1319 937,1318 936,1318 936,1318 936,1314 934,1312 934,1300 933,1299 933,1292 936,1289 936,1285 936,1284 938,1284 940,1283 940,1280 941,1279 941,1278 941,1277 942,1277 943,1277 943,1275 945,1273 945,1271 947,1268 952,1268 954,1266 959,1266 960,1265 968,1265 969,1265 969,1264 969,1263 973,1263 974,1263 974,1225 976,1222 985,1222 986,1221 2197,1224 2198,1223 2575,1224 2576,1223 3086,1224 3087,1223 3101,1223 3103,1225 3160,1225 3162,1227 3164,1227 3166,1229 3169,1229 3170,1230 3234,1230 3236,1232 3240,1232 3241,1233 3241,1237 3242,1238 3242,1271 3242,1271 3302,1272 3304,1273 3304,1274 3304,1275 3307,1275 3308,1275 3308,1276 3309,1277 3309,1278 3311,1280 3311,1284 3313,1286 3313,1291 3315,1293 3315,1317 3316,1318 3316,1327 3315,1328 3315,1332 3311,1336 3311,1338 3310,1339 3306,1339 3301,1344 3298,1344 3296,1346 3034,1345 3034,1345 3034,1362 3034,1363 3342,1364 3344,1365 3344,1368 3341,1371 3034,1370 3034,1370 3034,1379 3033,1380"/><TextEquiv><Unicode/></TextEquiv><TextEquiv index="1"><Unicode>du jour, quoiqu'au ſortir de la Baſtille</Unicode></TextEquiv></TextLine><TextLine id="l8"><Coords points="1486,1538 1485,1537 1485,1490 1485,1490 1484,1490 1483,1490 1483,1491 1483,1492 1442,1491 1441,1492 1371,1492 1370,1493 1193,1493 1192,1492 1144,1492 1142,1490 1139,1490 1137,1488 1020,1488 1019,1488 1019,1489 1019,1490 1017,1490 1014,1493 1012,1493 1010,1495 1008,1495 1007,1495 1007,1496 1007,1497 965,1496 964,1497 964,1509 964,1509 963,1509 962,1510 962,1511 962,1511 960,1511 959,1512 959,1514 959,1514 958,1514 957,1515 957,1516 957,1516 956,1516 954,1518 954,1522 952,1524 952,1526 952,1526 950,1526 948,1528 946,1528 943,1531 930,1531 928,1530 928,1528 926,1526 926,1517 927,1516 933,1516 933,1516 934,1387 938,1382 954,1382 959,1387 959,1392 960,1393 959,1422 960,1422 1103,1423 1103,1422 1103,1421 1104,1421 1105,1421 1107,1419 1132,1419 1133,1418 1298,1418 1298,1418 1299,1405 1299,1404 1300,1404 1301,1404 1301,1393 1303,1391 1303,1388 1310,1380 1312,1380 1313,1380 1313,1379 1313,1378 1315,1378 1317,1376 1327,1376 1328,1375 1338,1375 1339,1376 1339,1377 1339,1377 1341,1377 1342,1378 1344,1378 1346,1380 1348,1380 1349,1381 1349,1383 1349,1383 1443,1383 1444,1382 1448,1383 1449,1382 1451,1382 1452,1381 1452,1380 1452,1380 1475,1380 1477,1378 1480,1378 1483,1375 1496,1375 1497,1376 1507,1376 1509,1377 1509,1379 1509,1380 1510,1380 1511,1380 1511,1384 1512,1385 1511,1422 1512,1423 1607,1423 1607,1422 1607,1421 1608,1421 1610,1421 1612,1419 1616,1419 1618,1421 1861,1421 1863,1419 1906,1420 1906,1419 1906,1415 1908,1414 1911,1414 1913,1416 1913,1420 1914,1421 1921,1421 1923,1423 1965,1423 1966,1424 2058,1424 2059,1423 2121,1423 2121,1422 2121,1421 2122,1421 2133,1421 2133,1421 2133,1422 2134,1423 2150,1423 2152,1425 2317,1425 2317,1425 2317,1424 2318,1423 2396,1424 2397,1423 2446,1423 2446,1422 2446,1421 2447,1421 2450,1421 2451,1420 2451,1419 2451,1417 2453,1416 2455,1416 2455,1415 2455,1412 2457,1411 2466,1411 2466,1411 2466,1412 2468,1414 2470,1414 2470,1414 2470,1425 2471,1426 2483,1426 2484,1427 2484,1443 2485,1444 2601,1444 2601,1444 2601,1441 2602,1440 2604,1440 2606,1438 2606,1436 2607,1435 2609,1435 2611,1433 2611,1431 2612,1430 2614,1430 2615,1429 2615,1427 2617,1425 2618,1425 2618,1425 2618,1424 2619,1423 2621,1423 2625,1419 2629,1419 2631,1421 2713,1421 2713,1421 2714,1383 2714,1382 2715,1382 2716,1382 2716,1381 2716,1380 2818,1380 2819,1379 2822,1380 2823,1379 2823,1378 2823,1378 2825,1378 2828,1375 2834,1375 2837,1377 2837,1384 2837,1385 2946,1385 2947,1384 2947,1383 2948,1382 2954,1382 2955,1381 2955,1380 2955,1380 2968,1380 2972,1383 2972,1384 2972,1385 3031,1385 3032,1385 3032,1406 3032,1407 3041,1407 3043,1408 3042,1422 3043,1423 3240,1423 3240,1423 3241,1393 3242,1392 3242,1390 3244,1387 3248,1387 3250,1385 3255,1385 3256,1386 3256,1387 3256,1387 3262,1387 3263,1388 3263,1390 3267,1394 3266,1429 3268,1431 3268,1446 3269,1446 3318,1447 3322,1451 3322,1453 3323,1454 3323,1465 3321,1468 3319,1468 3318,1468 3318,1470 3318,1471 3309,1471 3307,1473 3286,1473 3285,1473 3285,1477 3285,1478 3278,1477 3277,1478 3277,1495 3277,1495 3276,1495 3275,1496 3275,1498 3273,1500 3252,1500 3251,1499 3191,1499 3189,1497 3034,1497 3032,1499 3025,1499 3022,1502 3021,1501 3021,1500 3021,1500 2958,1500 2957,1499 2934,1499 2933,1498 2933,1497 2933,1497 2850,1497 2847,1494 2742,1493 2741,1494 2729,1494 2728,1495 2712,1495 2709,1493 2709,1486 2709,1485 2526,1485 2525,1485 2525,1486 2524,1487 2524,1490 2521,1494 2518,1494 2517,1495 2516,1495 2515,1495 2515,1496 2515,1497 2325,1496 2324,1497 2258,1497 2257,1498 2257,1504 2257,1504 2255,1504 2254,1505 2206,1505 2205,1506 2205,1512 2205,1512 2201,1512 2200,1512 2200,1510 2200,1509 2196,1509 2195,1509 2195,1500 2195,1499 2192,1499 2190,1497 2057,1497 2056,1496 2056,1495 2056,1495 1862,1494 1861,1495 1739,1495 1738,1496 1738,1510 1737,1511 1732,1511 1731,1511 1731,1510 1731,1509 1730,1509 1729,1509 1729,1498 1729,1497 1720,1497 1719,1496 1714,1496 1713,1497 1713,1537 1713,1537 1707,1537 1706,1537 1706,1497 1706,1496 1632,1496 1631,1496 1631,1530 1629,1533 1618,1533 1617,1532 1617,1531 1616,1530 1616,1525 1614,1523 1614,1521 1614,1521 1613,1521 1612,1520 1612,1519 1612,1519 1611,1519 1609,1517 1609,1515 1607,1513 1607,1490 1607,1490 1503,1490 1502,1490 1502,1537 1502,1538"/><TextEquiv><Unicode/></TextEquiv><TextEquiv index="1"><Unicode>je ne fuſſe pas au courant. Mademoi-</Unicode></TextEquiv></TextLine><TextLine id="l9"><Coords points="1009,1691 1008,1689 1008,1686 1007,1685 1007,1651 1006,1651 933,1650 933,1650 933,1648 931,1646 931,1644 930,1643 928,1643 928,1643 928,1635 930,1633 931,1633 931,1633 931,1594 932,1593 933,1593 935,1591 935,1589 938,1586 938,1584 939,1583 1079,1584 1079,1583 1079,1576 1080,1576 1081,1576 1081,1575 1081,1573 1082,1572 1082,1570 1084,1568 1084,1561 1086,1559 1086,1555 1087,1555 1088,1555 1088,1554 1088,1552 1091,1549 1091,1545 1092,1545 1093,1545 1093,1544 1093,1543 1094,1542 1094,1541 1096,1540 1098,1540 1098,1539 1098,1538 1099,1538 1100,1538 1100,1537 1100,1535 1101,1535 1104,1535 1109,1530 1123,1530 1125,1528 2347,1530 2348,1529 2348,1527 2349,1526 2351,1526 2353,1529 2353,1530 2354,1530 2384,1531 2384,1531 2384,1532 2385,1533 2388,1533 2388,1533 2388,1534 2389,1535 2498,1535 2499,1536 2501,1536 2501,1536 2501,1537 2502,1538 2503,1538 2503,1538 2503,1539 2504,1540 2506,1540 2506,1540 2506,1542 2507,1543 2508,1543 2509,1544 3032,1545 3033,1546 3033,1547 3034,1548 3034,1577 3035,1578 3082,1578 3083,1579 3192,1579 3194,1581 3261,1581 3263,1584 3263,1588 3264,1588 3265,1588 3265,1589 3265,1601 3266,1601 3316,1602 3321,1607 3323,1607 3323,1607 3323,1664 3323,1665 3339,1665 3340,1665 3340,1666 3341,1667 3339,1669 3323,1669 3323,1669 3323,1680 3323,1681 3334,1681 3335,1681 3335,1682 3334,1683 3007,1682 3007,1682 3007,1693 3006,1694 1246,1690 1245,1691"/><TextEquiv><Unicode/></TextEquiv><TextEquiv index="1"><Unicode>ſelle, s'écria mon Officier tout émer-</Unicode></TextEquiv></TextLine><TextLine id="l10"><Coords points="1808,1849 1807,1848 1803,1848 1803,1848 1803,1847 1802,1846 1798,1846 1796,1844 1796,1807 1795,1806 1659,1806 1658,1805 1566,1805 1526,1805 1525,1806 1452,1806 1452,1806 1452,1814 1451,1815 1451,1818 1447,1822 1447,1824 1444,1827 1444,1829 1443,1830 1443,1831 1441,1832 1435,1832 1435,1833 1435,1834 1434,1834 1425,1834 1423,1832 1423,1809 1422,1808 1366,1808 1363,1805 1361,1805 1361,1805 1361,1804 1360,1803 1200,1803 1198,1805 1193,1805 1192,1806 1184,1806 1183,1805 1116,1805 1112,1801 1110,1801 1108,1798 1108,1794 1107,1794 1106,1794 1106,1793 1106,1791 1105,1790 1105,1789 1104,1789 981,1788 980,1789 931,1789 931,1789 931,1787 929,1785 929,1770 929,1769 930,1769 931,1769 931,1744 931,1743 932,1743 933,1743 933,1740 933,1739 934,1739 935,1738 1009,1739 1010,1738 1010,1691 1010,1691 1016,1691 1017,1690 1018,1690 1019,1690 1019,1738 1019,1739 1078,1739 1079,1738 1079,1733 1081,1731 1124,1731 1126,1729 1228,1729 1229,1729 1229,1697 1230,1696 1230,1693 1231,1691 1246,1691 1248,1693 1286,1693 1288,1695 1327,1695 1328,1696 1396,1696 1397,1697 1397,1698 1397,1698 1401,1698 1404,1701 1404,1734 1404,1734 1493,1735 1494,1734 1527,1734 1529,1732 1582,1732 1583,1731 1676,1731 1678,1729 1695,1729 1696,1730 1696,1732 1696,1732 1888,1732 1889,1731 1901,1731 1902,1730 1986,1731 1987,1730 1987,1703 1987,1703 1988,1703 1989,1702 1990,1702 1992,1700 1993,1700 1994,1699 1994,1698 1994,1698 1996,1698 1998,1696 2011,1696 2015,1699 2015,1702 2016,1703 2016,1712 2018,1714 2018,1730 2018,1731 2106,1731 2107,1732 2234,1732 2235,1731 2237,1731 2238,1732 2372,1733 2373,1732 2522,1732 2524,1734 2669,1734 2671,1732 2825,1733 2826,1732 2826,1697 2828,1695 2828,1693 2828,1693 2834,1693 2835,1692 2835,1691 2835,1691 2836,1691 2837,1690 2837,1689 2837,1689 2839,1689 2840,1688 2846,1688 2848,1690 2849,1690 2850,1690 2850,1691 2852,1693 2852,1695 2854,1697 2854,1713 2854,1714 2855,1714 2856,1714 2856,1733 2856,1734 3002,1734 3003,1733 3003,1694 3003,1694 3006,1694 3007,1694 3007,1733 3007,1734 3013,1734 3015,1732 3026,1732 3028,1734 3141,1734 3143,1736 3186,1736 3187,1736 3187,1730 3187,1729 3286,1730 3287,1729 3287,1700 3287,1700 3288,1700 3289,1699 3289,1698 3292,1695 3305,1695 3306,1696 3337,1696 3339,1697 3339,1698 3337,1700 3314,1700 3314,1700 3314,1787 3316,1789 3316,1800 3311,1805 3311,1807 3310,1808 3306,1812 3304,1812 3303,1813 3296,1813 3295,1812 3293,1812 3292,1811 3151,1810 3151,1810 3151,1809 3150,1808 3141,1808 3139,1806 2956,1806 2954,1808 2950,1808 2950,1808 2950,1809 2949,1810 2880,1810 2879,1809 2600,1808 2598,1810 2594,1810 2594,1811 2594,1812 2593,1812 2586,1812 2584,1810 2581,1810 2579,1808 2577,1808 2575,1806 2486,1806 2486,1806 2486,1822 2484,1824 2479,1824 2479,1823 2479,1806 2478,1806 2426,1806 2424,1808 2379,1808 2379,1808 2379,1849 2378,1850 2373,1850 2372,1848 2372,1808 2371,1808 2293,1807 2292,1808 2271,1808 2271,1809 2271,1822 2270,1822 2255,1822 2255,1822 2255,1809 2254,1808 2226,1808 2226,1809 2226,1810 2225,1810 2221,1810 2219,1812 2213,1812 2211,1810 2207,1810 2207,1810 2207,1809 2206,1808 2049,1808 2047,1806 1919,1806 1917,1808 1829,1807 1829,1808 1829,1846 1828,1846 1827,1846 1827,1847 1827,1848 1826,1848 1822,1848 1821,1849"/><TextEquiv><Unicode/></TextEquiv><TextEquiv index="1"><Unicode>veillé, vous parlez comme unhommel</Unicode></TextEquiv></TextLine><TextLine id="l11"><Coords points="2537,2007 2536,2006 2536,1961 2536,1961 2422,1961 2420,1963 2418,1963 2416,1965 2413,1965 2412,1966 2402,1966 2401,1965 2393,1965 2392,1964 2222,1963 2221,1963 2221,1962 2221,1961 2061,1961 2059,1962 2059,1964 2059,1965 2050,1965 2049,1964 1895,1963 1894,1963 1894,1962 1894,1961 1682,1961 1681,1962 1681,1963 1681,1963 1675,1963 1674,1963 1674,1964 1674,1965 1550,1965 1546,1961 1343,1960 1342,1961 1113,1961 1112,1960 1112,1958 1112,1958 1110,1958 1108,1956 1108,1951 1106,1949 1106,1947 1106,1947 936,1946 933,1944 933,1935 934,1934 934,1912 935,1911 935,1899 936,1898 939,1898 941,1896 1079,1897 1079,1896 1079,1887 1080,1887 1081,1887 1082,1886 1083,1886 1085,1884 1270,1884 1270,1884 1270,1883 1271,1882 1273,1884 1344,1884 1346,1886 1356,1886 1358,1888 1571,1889 1571,1888 1571,1887 1572,1887 1607,1887 1608,1886 1618,1886 1620,1884 1626,1884 1626,1883 1626,1875 1627,1875 1781,1875 1781,1875 1782,1858 1783,1856 1785,1856 1788,1853 1805,1853 1807,1855 1809,1855 1810,1856 1812,1856 1813,1857 1812,1870 1813,1871 1813,1886 1814,1886 1984,1887 1984,1886 1985,1858 1985,1858 1986,1858 1989,1855 1989,1853 1991,1851 1995,1851 1996,1850 1996,1849 1996,1849 1998,1849 1999,1848 2007,1848 2009,1849 2009,1850 2009,1851 2010,1851 2011,1851 2011,1852 2011,1853 2012,1853 2013,1853 2013,1854 2013,1855 2014,1855 2015,1855 2014,1886 2015,1887 2222,1887 2222,1887 2223,1857 2224,1856 2224,1853 2227,1849 2273,1849 2274,1848 2287,1848 2288,1849 2378,1850 2379,1850 2378,1888 2379,1889 2617,1889 2617,1889 2618,1849 2618,1848 2624,1848 2625,1848 2625,1845 2625,1844 2636,1844 2637,1845 2637,1846 2637,1846 2669,1846 2670,1847 2670,1848 2673,1851 2677,1851 2680,1854 2680,1856 2682,1858 2681,1872 2682,1873 2682,1888 2683,1888 2914,1889 2914,1888 2914,1887 2915,1887 2916,1887 2916,1886 2916,1882 2917,1881 2917,1874 2918,1873 2919,1869 2921,1867 2921,1865 2923,1863 2923,1861 2924,1860 2924,1858 2924,1858 2925,1858 2926,1857 2926,1856 2926,1856 2928,1856 2929,1855 2929,1852 2930,1851 2934,1851 2935,1850 2935,1849 2935,1849 2937,1849 2940,1846 2944,1846 2945,1845 2945,1844 2945,1844 2952,1844 2954,1846 2968,1846 2969,1846 2969,1847 2969,1848 2970,1848 2971,1848 2970,1888 2971,1889 3229,1889 3229,1889 3229,1878 3230,1877 3230,1875 3231,1874 3231,1873 3232,1872 3234,1872 3238,1868 3240,1868 3241,1867 3248,1867 3249,1867 3249,1866 3249,1865 3259,1865 3260,1866 3260,1867 3260,1867 3264,1867 3265,1868 3265,1870 3267,1872 3269,1872 3270,1874 3270,1875 3273,1878 3273,1883 3276,1885 3318,1886 3320,1888 3320,1890 3321,1891 3322,1891 3322,1891 3322,1965 3323,1966 3338,1966 3342,1970 3342,2000 3343,2001 3344,2001 3344,2001 3344,2003 3344,2004 3342,2004 3340,2006 3338,2006 3337,2005 3337,2004 3337,2004 3336,2004 3335,2003 3335,1971 3335,1971 3240,1970 3239,1970 3239,1969 3239,1968 3238,1968 3237,1968 3237,1967 3237,1966 3120,1966 3119,1967 3119,1974 3118,1975 2987,1975 2986,1975 2986,1979 2986,1980 2977,1980 2976,1979 2976,1966 2976,1966 2975,1966 2974,1965 2933,1965 2932,1964 2851,1964 2850,1964 2850,1988 2850,1989 2848,1989 2847,1988 2847,1964 2847,1964 2722,1963 2721,1964 2721,1965 2721,1965 2709,1965 2707,1963 2602,1963 2601,1963 2601,1962 2601,1961 2555,1961 2554,1961 2554,2006 2554,2007"/><TextEquiv><Unicode/></TextEquiv><TextEquiv index="1"><Unicode>vous avez les lumières d'un ſexe &amp;</Unicode></TextEquiv></TextLine><TextLine id="l12"><Coords points="3144,2162 3143,2161 2235,2159 2235,2159 2235,2145 2234,2144 1361,2142 1359,2144 1358,2144 1357,2145 1355,2145 1351,2149 1344,2149 1341,2152 1334,2152 1332,2154 1320,2154 1320,2154 1320,2153 1319,2152 1316,2152 1316,2152 1316,2151 1314,2149 1308,2149 1308,2149 1308,2148 1307,2147 1304,2147 1304,2147 1304,2146 1303,2145 1299,2145 1299,2145 1299,2143 1298,2142 997,2142 997,2141 997,2134 996,2134 979,2133 979,2133 979,2107 978,2106 935,2106 933,2104 931,2104 931,2104 931,2103 930,2102 929,2102 929,2102 929,2090 931,2088 931,2057 932,2056 933,2056 933,2056 933,2053 934,2052 936,2052 939,2049 1086,2050 1086,2049 1086,2011 1092,2006 1093,2006 1093,2005 1093,2004 1094,2004 1098,2004 1100,2002 1446,2003 1447,2001 1447,1999 1448,1999 1449,1999 1449,1998 1449,1997 1450,1997 2871,2000 2872,1999 2885,1999 2885,1999 2885,2000 2886,2001 2890,2001 2891,2002 2894,2002 2900,2008 2902,2008 2902,2008 2902,2012 2903,2013 2904,2013 2904,2013 2904,2017 2905,2018 2905,2034 2906,2035 3019,2035 3019,2035 3019,2036 3021,2038 3147,2038 3148,2040 3148,2042 3149,2042 3225,2042 3227,2044 3229,2044 3230,2046 3230,2047 3231,2047 3232,2047 3232,2048 3232,2049 3233,2049 3234,2049 3234,2050 3234,2052 3237,2055 3237,2057 3239,2059 3239,2063 3240,2063 3241,2063 3241,2064 3241,2086 3242,2086 3311,2087 3314,2090 3316,2090 3318,2092 3318,2104 3320,2106 3320,2125 3320,2126 3349,2126 3351,2127 3350,2128 3349,2128 3349,2128 3349,2130 3347,2132 3346,2132 3346,2132 3346,2139 3345,2140 3310,2140 3306,2144 3205,2143 3205,2144 3205,2153 3201,2156 3198,2156 3197,2157 3162,2157 3162,2158 3162,2162 3161,2162"/><TextEquiv><Unicode/></TextEquiv><TextEquiv index="1"><Unicode>nles grâces de l'autre. C'en eſt trop,</Unicode></TextEquiv></TextLine><TextLine id="l13"><Coords points="3244,2317 3244,2317 3244,2306 3243,2305 2825,2305 2824,2304 2208,2302 2035,2302 2035,2302 2035,2309 2034,2310 2032,2310 2032,2310 2032,2311 2031,2312 2023,2312 2023,2312 2023,2314 2022,2315 1700,2314 1700,2314 1700,2289 1699,2288 1526,2288 1526,2287 1526,2285 1525,2285 1515,2285 1514,2283 1514,2282 1513,2282 1156,2281 1156,2280 1156,2271 1155,2271 1102,2271 1100,2269 1091,2269 1091,2268 1091,2267 1090,2267 1089,2267 1089,2266 1089,2256 1088,2256 1062,2256 1062,2256 1062,2290 1061,2291 1058,2291 1058,2290 1058,2256 1057,2256 1027,2256 1027,2256 1027,2302 1026,2303 1026,2304 1025,2305 1021,2305 1020,2303 1020,2256 1019,2256 936,2255 935,2254 935,2250 933,2248 933,2239 934,2238 934,2209 940,2202 1092,2203 1093,2202 1093,2162 1093,2162 1094,2162 1096,2160 1096,2159 1096,2159 1098,2159 1100,2157 1234,2157 1235,2156 1242,2156 1244,2154 1246,2154 1248,2152 1260,2152 1262,2154 1264,2154 1265,2155 1265,2156 1266,2157 1267,2157 1268,2158 1268,2162 1268,2162 1971,2164 1972,2163 1972,2162 1972,2162 1976,2162 1979,2159 1981,2159 1982,2158 1982,2157 1982,2157 2010,2157 2011,2157 2011,2158 2011,2159 2208,2159 2209,2160 2209,2161 2209,2161 2211,2161 2214,2164 2220,2164 2221,2165 2221,2166 2221,2166 2222,2166 2223,2167 2223,2168 2223,2168 2224,2169 2225,2169 2226,2170 2226,2171 2226,2171 2228,2171 2230,2173 2230,2175 2231,2176 2231,2189 2231,2189 2851,2191 2852,2190 2852,2160 2852,2160 2855,2160 2856,2161 3240,2161 3242,2163 3242,2165 3244,2167 3244,2171 3244,2171 3245,2171 3246,2172 3246,2201 3246,2201 3296,2202 3298,2204 3300,2204 3301,2205 3303,2205 3304,2205 3304,2206 3304,2207 3305,2207 3306,2207 3306,2208 3306,2209 3307,2209 3308,2209 3308,2210 3308,2211 3310,2211 3316,2216 3316,2250 3318,2252 3318,2302 3318,2303 3330,2303 3332,2304 3331,2305 3260,2304 3260,2305 3260,2317 3259,2317"/><TextEquiv><Unicode/></TextEquiv><TextEquiv index="1"><Unicode>il faut vous reſpecter, toute aimable</Unicode></TextEquiv></TextLine><TextLine id="l14"><Coords points="3116,2471 3115,2471 3115,2456 3115,2455 3048,2455 3046,2453 3046,2441 3046,2441 2982,2441 2980,2439 2977,2439 2976,2438 2976,2432 2976,2432 2748,2431 2747,2432 2747,2463 2747,2463 2741,2463 2740,2462 2590,2462 2589,2461 2589,2447 2589,2447 1955,2446 1954,2446 1954,2447 1954,2448 1949,2448 1947,2449 1947,2450 1947,2451 1946,2451 1944,2453 1940,2453 1939,2453 1939,2454 1939,2455 1928,2455 1927,2454 1927,2453 1927,2453 1924,2453 1923,2452 1923,2432 1923,2432 1384,2430 1383,2431 1383,2462 1383,2462 1115,2462 1112,2459 1112,2451 1112,2451 987,2451 986,2450 986,2423 986,2422 941,2422 940,2422 940,2420 940,2419 939,2419 938,2419 938,2415 936,2413 936,2379 938,2377 938,2370 940,2368 940,2363 946,2357 1098,2358 1098,2357 1098,2355 1099,2355 1120,2355 1122,2353 1254,2353 1255,2352 1684,2353 1684,2353 1684,2350 1686,2348 1686,2344 1687,2343 1688,2343 1688,2343 1688,2339 1689,2338 1689,2336 1693,2332 1693,2330 1694,2329 1695,2327 1696,2326 1696,2322 1696,2321 1697,2321 1698,2321 1698,2318 1698,2317 1699,2317 1700,2317 1700,2315 1700,2314 1714,2314 1715,2315 1715,2317 1715,2317 1786,2317 1788,2319 1787,2328 1788,2328 2218,2329 2218,2329 2219,2324 2221,2322 2221,2320 2221,2319 2223,2319 2225,2317 2227,2317 2229,2315 2377,2316 2378,2315 2380,2315 2385,2310 2400,2310 2404,2314 2406,2314 2407,2315 2410,2315 2414,2319 2794,2319 2795,2319 2795,2317 2797,2314 2801,2314 2802,2314 2802,2313 2802,2312 2803,2312 2804,2312 2804,2311 2804,2310 2834,2311 2835,2310 2835,2307 2835,2307 2851,2307 2852,2306 2852,2292 2853,2291 2862,2291 2864,2292 2864,2294 2864,2295 2889,2295 2891,2297 2896,2297 2897,2297 2897,2311 2902,2317 2904,2317 2905,2317 2905,2321 2905,2322 2906,2322 2907,2322 2907,2326 2909,2328 2908,2330 2909,2331 2909,2332 2910,2333 2911,2333 2911,2333 2911,2335 2912,2336 3240,2336 3240,2336 3241,2322 3242,2321 3242,2319 3243,2317 3260,2317 3261,2318 3261,2320 3261,2320 3262,2321 3264,2321 3265,2322 3265,2326 3267,2328 3266,2332 3267,2333 3267,2364 3268,2365 3268,2375 3269,2375 3320,2376 3322,2378 3322,2393 3320,2395 3320,2398 3317,2402 3309,2402 3308,2403 3293,2403 3292,2403 3292,2412 3291,2414 3281,2414 3279,2415 3279,2420 3277,2422 3277,2424 3275,2426 3275,2427 3275,2427 3273,2427 3271,2429 3158,2429 3156,2431 3152,2431 3151,2432 3151,2436 3151,2436 3131,2436 3130,2437 3130,2471 3130,2471"/><TextEquiv><Unicode/></TextEquiv><TextEquiv index="1"><Unicode>que vous êtes, &amp; s'efforcer d'être rai-</Unicode></TextEquiv></TextLine><TextLine id="l15"><Coords points="2306,2627 2304,2625 2302,2625 2302,2625 2302,2623 2300,2621 2300,2600 2299,2599 2276,2599 2274,2597 2274,2590 2273,2589 1880,2588 1879,2589 1745,2589 1743,2591 1738,2591 1738,2591 1738,2590 1737,2589 1359,2588 1358,2589 1182,2589 1182,2589 1182,2602 1181,2603 1176,2603 1174,2600 1174,2584 1173,2584 1112,2584 1110,2582 1102,2582 1100,2580 1098,2580 1097,2579 1095,2579 1093,2576 1093,2568 1092,2568 942,2567 940,2565 930,2565 929,2564 929,2533 928,2532 928,2530 928,2529 927,2529 926,2529 926,2520 929,2517 929,2515 931,2513 935,2513 935,2513 935,2512 937,2510 1093,2511 1098,2505 1098,2503 1100,2501 1100,2498 1101,2497 1101,2495 1103,2493 1103,2484 1104,2484 1105,2484 1105,2483 1105,2479 1106,2479 1108,2479 1109,2478 1110,2476 1110,2474 1111,2474 1113,2474 1118,2469 1123,2469 1125,2467 1137,2467 1139,2465 1144,2465 1145,2466 1445,2466 1449,2471 1449,2473 1450,2474 1524,2474 1525,2475 1529,2475 1530,2476 1530,2478 1531,2479 1531,2510 1532,2511 1942,2512 1942,2511 1942,2510 1943,2510 2110,2510 2112,2508 2369,2509 2369,2508 2369,2481 2371,2480 2599,2480 2599,2480 2599,2470 2602,2467 2623,2467 2623,2468 2623,2470 2624,2470 2625,2470 2625,2471 2625,2476 2626,2476 3017,2477 3017,2476 3017,2474 3018,2474 3020,2474 3021,2472 3021,2470 3023,2469 3032,2469 3034,2467 3039,2467 3041,2465 3046,2465 3048,2467 3051,2467 3053,2469 3055,2469 3057,2471 3131,2471 3132,2472 3134,2472 3134,2473 3134,2477 3135,2477 3137,2477 3138,2479 3138,2494 3139,2494 3160,2494 3160,2495 3160,2503 3161,2503 3179,2503 3179,2504 3179,2508 3180,2508 3235,2508 3236,2509 3306,2510 3306,2510 3306,2512 3310,2516 3310,2538 3311,2539 3313,2539 3313,2539 3313,2541 3315,2543 3315,2555 3315,2556 3314,2556 3313,2556 3313,2564 3312,2565 3311,2565 3311,2565 3311,2567 3310,2568 3310,2573 3303,2580 3301,2580 3301,2580 3301,2581 3300,2582 3299,2582 3299,2582 3299,2583 3298,2584 3294,2584 3291,2587 3237,2586 3236,2587 3183,2587 3181,2589 3151,2589 3151,2590 3151,2604 3150,2604 3137,2604 3135,2606 3069,2606 3069,2607 3069,2621 3067,2622 2802,2621 2801,2622 2800,2622 2799,2623 2778,2623 2778,2623 2778,2621 2776,2619 2776,2599 2775,2598 2343,2597 2343,2598 2343,2621 2340,2623 2338,2623 2338,2624 2338,2625 2337,2625 2328,2625 2326,2627"/><TextEquiv><Unicode/></TextEquiv><TextEquiv index="1"><Unicode>nſonnable avec vous quand vous faites</Unicode></TextEquiv></TextLine><TextLine id="l16"><Coords points="1641,2783 1640,2782 1630,2782 1630,2781 1630,2777 1629,2777 1100,2776 1099,2775 1098,2775 1098,2774 1098,2755 1097,2755 945,2754 945,2754 945,2752 943,2750 943,2722 942,2721 940,2721 939,2720 937,2720 936,2719 936,2680 938,2678 938,2673 939,2671 944,2671 945,2670 982,2670 983,2669 1095,2670 1096,2669 1096,2668 1096,2668 1098,2668 1101,2665 1126,2665 1127,2664 1127,2663 1127,2663 1324,2663 1325,2663 1325,2662 1325,2661 1327,2661 1328,2661 1328,2627 1331,2623 1336,2623 1337,2622 1888,2623 1889,2622 1899,2622 1900,2621 1902,2621 1903,2623 1906,2623 1910,2626 1910,2627 1911,2628 1911,2646 1911,2647 2152,2647 2154,2649 2154,2656 2154,2656 2156,2656 2157,2657 2157,2666 2157,2666 2159,2666 2161,2668 2161,2680 2161,2680 2182,2680 2183,2681 2183,2706 2183,2706 2199,2706 2202,2709 2202,2711 2202,2711 2203,2711 2204,2712 2204,2714 2205,2715 2205,2727 2204,2728 2204,2730 2203,2730 2202,2730 2200,2733 2200,2737 2199,2737 2195,2737 2193,2739 2088,2739 2088,2739 2088,2780 2087,2781 1643,2780 1643,2780 1643,2782 1642,2783"/><TextEquiv><Unicode/></TextEquiv><TextEquiv index="1"><Unicode>perdre la raiſon.</Unicode></TextEquiv></TextLine><TextLine id="l17"><Coords points="2628,2937 2627,2937 2627,2900 2627,2899 2550,2899 2549,2899 2549,2901 2549,2902 2539,2902 2537,2900 2451,2900 2449,2902 2439,2902 2437,2900 2292,2899 2290,2897 2286,2897 2284,2895 2183,2895 2181,2897 2131,2897 2129,2899 2012,2899 2011,2900 1956,2900 1954,2902 1937,2902 1933,2898 1758,2897 1756,2899 1704,2899 1703,2900 1692,2900 1691,2900 1691,2898 1689,2895 1464,2895 1462,2893 1384,2892 1383,2893 1383,2911 1383,2911 1378,2911 1377,2912 1377,2917 1377,2917 1376,2917 1375,2918 1375,2919 1375,2919 1374,2919 1373,2920 1373,2922 1372,2923 1366,2923 1364,2922 1364,2896 1364,2895 1292,2895 1290,2893 1218,2893 1217,2892 1137,2892 1126,2892 1125,2893 1114,2893 1113,2893 1113,2933 1113,2934 1101,2934 1100,2933 1100,2893 1100,2893 1095,2893 1094,2892 1091,2892 1088,2889 1088,2887 1086,2885 1086,2844 1086,2844 1081,2844 1079,2842 1079,2840 1080,2840 1084,2840 1084,2839 1084,2789 1086,2788 1088,2788 1090,2785 1091,2783 1091,2783 1150,2783 1152,2781 1187,2781 1191,2785 1191,2786 1193,2788 1193,2818 1194,2819 1232,2819 1232,2820 1232,2821 1233,2821 1239,2821 1239,2822 1239,2823 1240,2823 1383,2823 1384,2824 1463,2825 1465,2823 1622,2823 1622,2822 1622,2789 1623,2788 1624,2783 1624,2783 1628,2783 1629,2782 1640,2782 1641,2783 1645,2783 1647,2784 1646,2785 1648,2787 1648,2822 1649,2823 1738,2823 1738,2823 1738,2808 1739,2807 1739,2805 1740,2804 1741,2804 1741,2804 1741,2803 1742,2802 1743,2802 1743,2802 1743,2800 1746,2797 1746,2793 1747,2792 1748,2792 1748,2792 1748,2790 1751,2787 1751,2786 1753,2785 1753,2783 1757,2778 1761,2778 1762,2778 1762,2777 1762,2776 1767,2776 1770,2779 1770,2781 1772,2783 1772,2785 1772,2785 1773,2785 1774,2787 1774,2792 1776,2794 1776,2797 1777,2798 1777,2802 1778,2802 1779,2802 1779,2803 1779,2807 1782,2810 1782,2814 1783,2814 1784,2814 1784,2815 1784,2816 1785,2816 1855,2816 1855,2817 1855,2824 1856,2824 1952,2825 1953,2824 2003,2824 2004,2823 2069,2823 2069,2822 2070,2782 2070,2782 2073,2782 2074,2781 2087,2781 2090,2783 2090,2784 2090,2785 2168,2785 2169,2785 2169,2783 2170,2781 2234,2781 2235,2780 2246,2780 2247,2781 2247,2782 2247,2782 2249,2782 2250,2783 2254,2783 2255,2784 2254,2787 2255,2788 2255,2821 2256,2821 2333,2821 2333,2821 2333,2798 2339,2792 2341,2792 2343,2790 2346,2790 2346,2791 2346,2818 2347,2818 2388,2819 2388,2818 2389,2780 2389,2780 2397,2780 2398,2780 2397,2818 2398,2819 2426,2819 2426,2818 2426,2816 2427,2815 2427,2813 2429,2812 2431,2812 2432,2811 2439,2811 2441,2813 2441,2815 2442,2816 2443,2816 2443,2816 2443,2818 2444,2819 2524,2819 2524,2818 2525,2784 2527,2782 2536,2782 2537,2781 2537,2780 2537,2780 2552,2780 2554,2782 2555,2782 2556,2783 2557,2783 2558,2783 2557,2787 2558,2788 2558,2822 2559,2823 2666,2823 2668,2821 2708,2821 2708,2821 2708,2788 2709,2787 2710,2787 2710,2787 2711,2786 2711,2785 2712,2785 2713,2785 2713,2783 2715,2780 2718,2780 2720,2778 2722,2778 2724,2776 2730,2776 2734,2780 2737,2780 2739,2782 2739,2783 2739,2783 2815,2783 2816,2782 2818,2782 2819,2783 2819,2785 2822,2789 2823,2789 2823,2789 2823,2803 2824,2804 2862,2804 2862,2804 2862,2820 2863,2821 3022,2821 3022,2821 3022,2823 3023,2824 3025,2824 3026,2825 3026,2829 3027,2830 3027,2846 3028,2847 3115,2847 3115,2847 3115,2797 3117,2795 3119,2795 3120,2794 3123,2794 3124,2793 3124,2791 3125,2790 3125,2789 3126,2788 3130,2788 3131,2787 3133,2787 3134,2787 3134,2783 3135,2781 3174,2781 3175,2781 3175,2780 3178,2776 3180,2776 3182,2775 3182,2774 3182,2773 3195,2773 3198,2776 3200,2776 3201,2777 3201,2778 3201,2778 3202,2778 3203,2779 3203,2781 3205,2783 3205,2787 3205,2788 3205,2789 3207,2790 3208,2790 3208,2791 3208,2819 3209,2819 3245,2819 3247,2821 3253,2821 3253,2822 3253,2824 3256,2827 3256,2828 3257,2828 3258,2828 3258,2829 3258,2831 3261,2834 3261,2842 3262,2842 3312,2843 3314,2845 3316,2845 3316,2845 3316,2847 3318,2849 3318,2865 3318,2866 3317,2866 3316,2866 3316,2868 3314,2871 3281,2871 3280,2871 3280,2872 3280,2873 3275,2872 3274,2873 3273,2873 3272,2874 3272,2893 3272,2893 3268,2893 3266,2895 3264,2895 3263,2896 3263,2897 3263,2897 3237,2897 3235,2899 3229,2899 3227,2897 3223,2897 3222,2897 3222,2896 3222,2895 3221,2895 3220,2895 3220,2894 3220,2893 3218,2893 3215,2890 3139,2890 3134,2895 3132,2895 3130,2897 3128,2897 3126,2899 2994,2899 2993,2900 2871,2900 2869,2902 2846,2902 2845,2902 2845,2904 2845,2905 2841,2905 2840,2904 2840,2900 2840,2900 2686,2899 2685,2900 2645,2900 2644,2901 2644,2902 2644,2902 2643,2902 2642,2903 2642,2904 2642,2904 2640,2904 2639,2904 2639,2900 2639,2899 2634,2899 2633,2900 2633,2937 2633,2937"/><TextEquiv><Unicode/></TextEquiv><TextEquiv index="1"><Unicode>Nous arrivâmes à Fontainebleau. J'a-</Unicode></TextEquiv></TextLine><TextLine id="l18"><Coords points="2237,3097 2236,3096 1634,3095 1634,3094 1634,3068 1633,3068 995,3067 995,3066 995,3047 994,3047 971,3046 968,3043 967,3043 967,3043 967,3041 966,3040 927,3040 926,3039 926,3037 926,3036 937,3036 938,3036 938,2979 939,2978 941,2978 943,2976 943,2975 944,2974 998,2975 999,2974 1096,2974 1096,2973 1096,2938 1097,2938 1098,2938 1098,2937 1098,2935 1100,2934 1215,2934 1218,2931 2761,2934 2762,2933 2783,2933 2784,2934 2936,2935 2937,2936 2941,2936 2943,2938 2945,2938 2945,2938 2945,2939 2946,2940 2947,2940 2947,2940 2947,2942 2948,2943 2948,2975 2949,2976 3017,2976 3017,2976 3017,2977 3018,2978 3203,2978 3204,2979 3266,2979 3268,2981 3272,2981 3272,2982 3272,2984 3274,2985 3277,2985 3277,2986 3277,2987 3279,2989 3279,2990 3280,2991 3282,2991 3282,2991 3282,2995 3284,2997 3284,3014 3285,3015 3319,3015 3322,3018 3322,3025 3323,3026 3323,3040 3322,3041 3322,3045 3321,3046 3319,3046 3318,3047 3318,3050 3316,3052 3313,3052 3307,3058 3263,3057 3262,3058 3062,3058 3062,3059 3062,3079 3061,3079 2578,3078 2578,3078 2578,3085 2578,3086 3343,3088 3344,3088 3344,3090 3343,3091 2578,3089 2578,3089 2578,3094 2577,3095 2250,3094 2250,3095 2250,3097 2249,3097"/><TextEquiv><Unicode/></TextEquiv><TextEquiv index="1"><Unicode>vois bien fait d'endoſſer l'habit de femme.</Unicode></TextEquiv></TextLine><TextLine id="l19"><Coords points="1465,3251 1464,3250 1465,3220 1464,3220 981,3218 981,3218 981,3200 980,3199 938,3199 938,3199 938,3194 936,3192 936,3187 938,3184 945,3184 948,3182 948,3179 952,3174 954,3174 955,3174 955,3173 955,3172 956,3172 957,3172 957,3163 959,3161 959,3157 960,3156 960,3154 960,3153 961,3153 962,3153 962,3151 964,3149 964,3145 965,3144 965,3143 967,3141 967,3139 969,3137 969,3125 971,3123 971,3121 972,3120 972,3118 972,3117 973,3117 974,3117 974,3115 976,3113 976,3108 977,3107 977,3102 979,3100 979,3099 979,3098 981,3098 983,3097 983,3096 983,3095 1630,3097 1631,3096 1632,3096 1633,3095 2564,3097 2565,3096 2567,3096 2568,3095 2578,3095 2579,3096 2581,3096 2582,3096 2582,3098 2582,3099 3030,3100 3031,3100 3031,3102 3033,3104 3033,3130 3033,3131 3231,3131 3232,3132 3236,3132 3237,3133 3298,3134 3299,3134 3299,3135 3299,3136 3307,3136 3310,3139 3313,3139 3322,3147 3322,3152 3323,3153 3323,3186 3322,3187 3322,3191 3320,3193 3320,3195 3319,3196 3318,3196 3318,3196 3318,3197 3317,3198 3316,3198 3316,3198 3316,3200 3315,3201 3315,3203 3311,3207 3311,3209 3310,3210 3306,3210 3304,3212 3301,3212 3300,3213 3125,3212 3125,3213 3125,3241 3125,3241 3346,3242 3347,3242 3347,3243 3346,3244 3345,3244 3345,3244 3344,3247 3344,3248 3022,3247 3021,3247 3021,3248 3021,3249 3011,3249 3010,3248 1481,3245 1480,3245 1480,3250 1480,3251"/><TextEquiv><Unicode/></TextEquiv><TextEquiv index="1"><Unicode>A notre arrivée, je vis arrêter un jeune</Unicode></TextEquiv></TextLine><TextLine id="l20"><Coords points="2612,3408 2611,3407 2507,3407 2506,3406 2506,3379 2506,3379 1990,3378 1989,3378 1989,3379 1989,3380 1899,3379 1898,3380 1898,3404 1898,3404 1890,3404 1889,3405 1889,3406 1889,3406 1878,3406 1877,3406 1877,3405 1877,3404 1869,3404 1868,3404 1868,3403 1868,3402 1866,3402 1865,3402 1865,3400 1865,3399 1864,3399 1863,3399 1863,3397 1863,3396 1600,3396 1599,3395 1593,3395 1592,3394 1581,3394 1580,3393 1579,3393 1578,3392 1578,3378 1578,3378 1392,3377 1390,3376 1390,3374 1390,3373 1267,3373 1266,3372 953,3371 952,3371 952,3369 952,3368 951,3368 950,3368 950,3359 950,3358 946,3358 945,3358 945,3357 945,3356 941,3356 938,3354 938,3247 939,3246 941,3246 943,3244 945,3244 945,3244 945,3243 946,3242 947,3242 948,3241 949,3241 950,3241 950,3240 950,3239 966,3239 967,3240 966,3243 968,3244 969,3244 969,3245 969,3283 970,3283 1462,3285 1462,3284 1462,3252 1464,3251 1481,3251 1482,3252 2204,3253 2204,3253 2204,3250 2206,3248 2649,3249 2650,3248 2666,3248 2667,3249 2669,3249 2674,3254 2676,3254 2677,3256 2677,3259 2678,3259 3227,3260 3227,3260 3227,3252 3230,3249 3232,3249 3233,3248 3234,3248 3236,3246 3243,3246 3244,3247 3346,3248 3347,3249 3347,3255 3345,3258 3323,3258 3322,3258 3322,3352 3320,3354 3320,3355 3320,3356 3318,3356 3315,3358 3315,3360 3315,3361 3314,3361 3313,3361 3313,3362 3313,3363 3307,3363 3305,3365 3295,3365 3294,3366 3221,3365 3220,3366 3176,3366 3175,3367 3175,3373 3175,3373 3161,3373 3160,3374 3160,3383 3159,3384 3156,3384 3155,3385 3154,3385 3153,3386 3153,3388 3152,3389 3052,3389 3051,3390 3051,3407 3051,3407 2714,3406 2713,3407 2713,3408 2713,3408"/><TextEquiv><Unicode/></TextEquiv><TextEquiv index="1"><Unicode>homme à peu près de ma figure &amp; de</Unicode></TextEquiv></TextLine><TextLine id="l21"><Coords points="2059,3563 2058,3562 2056,3562 2055,3561 2053,3561 2051,3559 1397,3557 1397,3557 1397,3527 1396,3526 956,3525 954,3523 952,3523 952,3523 952,3515 951,3514 947,3514 945,3512 938,3512 938,3512 938,3510 937,3509 936,3509 936,3509 936,3500 938,3498 938,3496 938,3495 940,3495 941,3495 941,3449 943,3447 945,3447 945,3447 945,3446 946,3445 948,3445 949,3444 951,3444 952,3443 952,3441 953,3440 971,3440 971,3440 971,3439 972,3438 972,3437 974,3435 1196,3436 1199,3433 1294,3433 1294,3433 1294,3407 1295,3406 1299,3406 1299,3406 1299,3405 1300,3404 1585,3405 1585,3404 1585,3404 1579,3404 1576,3401 1576,3394 1578,3393 1580,3393 1581,3394 1592,3394 1593,3395 1599,3395 1600,3396 1600,3400 1601,3401 2972,3404 2975,3407 3052,3407 3052,3408 3052,3416 3053,3416 3192,3416 3192,3417 3192,3444 3193,3444 3304,3445 3304,3445 3304,3446 3305,3447 3308,3447 3308,3447 3308,3448 3310,3450 3312,3450 3316,3454 3318,3454 3320,3456 3320,3460 3322,3462 3322,3491 3323,3492 3323,3503 3320,3506 3320,3509 3316,3513 3316,3517 3315,3518 3313,3518 3310,3521 3303,3521 3301,3523 3182,3522 3182,3523 3182,3554 3180,3555 3063,3555 3063,3556 3063,3563 3062,3563 2080,3561 2078,3563"/><TextEquiv><Unicode/></TextEquiv><TextEquiv index="1"><Unicode>ma taille. Nous apprîmes bientôt que</Unicode></TextEquiv></TextLine><TextLine id="l22"><Coords points="2924,3719 2922,3717 2920,3717 2919,3716 2919,3715 2919,3715 2917,3715 2916,3714 2916,3706 2915,3705 2916,3699 2915,3699 2809,3698 2809,3698 2809,3685 2808,3684 2716,3684 2716,3684 2716,3681 2715,3680 2310,3679 2310,3680 2310,3684 2308,3685 1961,3685 1961,3685 1961,3690 1960,3691 1960,3695 1959,3696 1958,3696 1958,3696 1958,3699 1957,3700 1956,3700 1952,3703 1952,3704 1951,3705 1951,3706 1951,3707 1949,3707 1948,3707 1948,3710 1948,3711 1947,3712 1945,3712 1943,3714 1927,3714 1925,3712 1918,3712 1916,3710 1765,3709 1763,3708 1764,3677 1763,3676 1346,3675 1346,3676 1346,3689 1344,3690 1316,3690 1316,3691 1315,3708 1314,3709 1039,3709 1038,3709 1038,3712 1038,3713 1029,3713 1028,3712 1029,3670 1028,3670 962,3669 962,3669 962,3668 961,3667 957,3667 956,3666 953,3666 951,3664 950,3664 950,3664 950,3661 949,3660 948,3660 945,3657 945,3655 941,3651 941,3649 940,3648 940,3646 939,3645 938,3645 938,3645 938,3644 937,3643 936,3643 936,3643 936,3638 938,3636 938,3629 940,3627 940,3624 941,3623 941,3617 941,3616 942,3616 943,3616 943,3615 943,3614 944,3614 945,3614 945,3613 945,3612 946,3612 947,3612 947,3610 948,3609 948,3608 948,3607 949,3607 950,3607 950,3605 952,3602 954,3602 955,3602 955,3601 955,3600 961,3600 963,3598 968,3598 971,3595 992,3596 993,3595 993,3557 993,3557 1434,3557 1436,3555 1438,3555 1439,3554 1443,3554 1444,3554 1874,3554 1877,3557 1879,3557 1882,3560 1882,3562 1882,3562 2077,3563 2078,3564 2135,3564 2137,3566 2137,3567 2138,3568 2617,3569 2618,3569 2618,3562 2620,3560 2620,3556 2620,3555 2622,3555 2623,3556 2623,3557 2623,3557 2641,3557 2643,3559 2669,3559 2670,3560 2670,3561 2670,3561 2672,3561 2673,3562 3103,3563 3104,3562 3106,3562 3108,3561 3108,3560 3108,3559 3109,3559 3110,3559 3110,3558 3110,3557 3135,3557 3136,3558 3136,3559 3138,3561 3351,3562 3352,3562 3352,3563 3351,3564 3349,3564 3349,3564 3349,3566 3347,3568 3141,3567 3141,3568 3141,3600 3141,3600 3251,3600 3256,3605 3258,3605 3260,3607 3260,3610 3261,3611 3261,3615 3263,3617 3263,3625 3263,3625 3320,3626 3327,3632 3327,3638 3323,3642 3323,3644 3322,3645 3320,3645 3318,3647 3290,3647 3290,3647 3289,3714 3289,3715 3268,3714 3267,3715 3267,3716 3266,3717 3166,3717 3165,3718 2944,3718 2943,3719"/><TextEquiv><Unicode/></TextEquiv><TextEquiv index="1"><Unicode>c'étoit ſur le ſignalement d'un priſon-</Unicode></TextEquiv></TextLine><TextLine id="l23"><Coords points="1512,3875 1511,3874 1466,3874 1464,3872 1464,3833 1464,3833 1319,3832 1318,3831 1131,3831 1129,3829 1128,3829 1127,3828 1127,3826 1127,3826 944,3825 943,3824 939,3824 938,3824 938,3820 936,3818 936,3813 938,3811 938,3809 939,3808 940,3808 940,3808 940,3758 941,3757 944,3757 946,3755 948,3755 950,3753 952,3753 952,3753 952,3752 953,3751 957,3751 958,3750 1020,3751 1020,3750 1020,3727 1021,3726 1021,3720 1022,3719 1022,3716 1025,3714 1027,3714 1028,3713 1363,3713 1364,3712 1369,3712 1371,3710 1373,3710 1375,3708 1379,3708 1380,3709 2173,3711 2173,3711 2173,3708 2174,3707 2176,3707 2176,3708 2176,3712 2177,3712 2298,3712 2300,3714 2302,3714 2303,3715 3266,3717 3266,3718 3266,3719 3267,3719 3327,3720 3328,3721 3328,3773 3327,3774 3327,3824 3325,3826 3325,3828 3325,3829 3324,3829 3323,3829 3323,3830 3323,3831 3319,3831 3318,3832 3259,3831 3258,3832 3204,3832 3203,3833 3203,3834 3203,3834 3145,3834 3144,3835 3144,3843 3144,3843 3123,3843 3122,3844 3122,3856 3122,3856 2848,3856 2847,3856 2847,3859 2848,3860 3346,3861 3347,3862 3347,3867 3347,3868 2848,3867 2847,3867 2847,3869 2847,3870 2843,3870 2842,3870 2842,3874 2842,3875 2827,3875 2826,3874 2826,3869 2826,3869 2674,3868 2671,3866 2671,3861 2671,3860 2561,3860 2560,3859 2560,3857 2559,3856 1668,3854 1667,3855 1610,3855 1609,3855 1609,3870 1608,3872 1531,3872 1529,3874 1527,3874 1526,3875"/><TextEquiv><Unicode/></TextEquiv><TextEquiv index="1"><Unicode>nier échappé de la Baſtille, qu'on avoit</Unicode></TextEquiv></TextLine><TextLine id="l24"><Coords points="1662,4029 1661,4028 1559,4028 1558,4027 1547,4027 1547,4026 1547,4025 1546,4025 1545,4025 1545,4024 1545,4023 1544,4023 1540,4023 1540,4022 1540,4002 1539,4002 1040,4001 1038,3998 1038,3983 1037,3983 954,3982 952,3980 948,3980 948,3980 948,3979 947,3978 947,3925 945,3923 945,3918 947,3916 947,3914 950,3911 952,3911 953,3910 955,3910 955,3910 955,3909 956,3908 958,3908 960,3906 1041,3907 1041,3906 1041,3905 1043,3904 1062,3904 1062,3903 1062,3872 1063,3872 1065,3872 1067,3870 1210,3870 1210,3869 1210,3867 1213,3865 1223,3865 1223,3866 1223,3868 1224,3868 1225,3868 1225,3869 1225,3870 1226,3870 1227,3870 1227,3871 1227,3875 1229,3877 1229,3880 1230,3881 1230,3885 1232,3887 1232,3889 1233,3889 1235,3889 1237,3891 1239,3891 1239,3892 1239,3896 1240,3896 1242,3896 1242,3897 1242,3907 1243,3907 2491,3910 2491,3909 2491,3884 2496,3879 2496,3877 2497,3877 2504,3877 2506,3875 2826,3876 2827,3875 3017,3875 3018,3874 3020,3874 3024,3870 3029,3870 3031,3868 3040,3868 3041,3867 3048,3867 3055,3874 3254,3874 3254,3875 3254,3906 3255,3906 3256,3906 3256,3907 3256,3909 3257,3909 3301,3910 3302,3911 3305,3911 3307,3913 3309,3913 3311,3915 3313,3915 3315,3917 3316,3917 3316,3917 3316,3918 3318,3920 3320,3920 3320,3920 3320,3922 3322,3924 3322,3928 3323,3929 3323,3955 3323,3956 3324,3956 3325,3956 3325,3964 3324,3965 3323,3965 3323,3965 3323,3967 3322,3968 3322,3970 3320,3972 3320,3975 3318,3977 3318,3981 3317,3982 3315,3982 3315,3982 3315,3984 3312,3987 3306,3987 3306,3987 3306,3988 3305,3989 3137,3988 3134,3991 3036,3991 3036,3991 3036,4002 3035,4003 2778,4002 2778,4003 2778,4028 2777,4028 2247,4027 2244,4030"/><TextEquiv><Unicode/></TextEquiv><TextEquiv index="1"><Unicode>mis à ce pauvre garçon la main ſur le</Unicode></TextEquiv></TextLine><TextLine id="l25"><Coords points="1622,4187 1621,4186 1391,4185 1390,4185 1390,4177 1390,4176 1384,4176 1383,4175 1229,4175 1227,4174 1227,4161 1227,4160 966,4159 965,4158 965,4136 964,4135 962,4135 962,4135 962,4134 961,4133 959,4133 958,4132 954,4132 953,4131 953,4129 952,4128 952,4123 950,4121 950,4114 948,4112 948,4110 947,4109 947,4103 948,4102 948,4095 948,4094 949,4094 950,4094 950,4093 950,4092 951,4092 952,4092 952,4088 952,4087 954,4087 955,4087 955,4086 955,4085 956,4085 957,4085 957,4083 959,4081 959,4077 959,4076 963,4076 964,4076 964,4074 967,4070 969,4070 971,4068 979,4068 980,4067 1035,4068 1036,4067 1036,4066 1036,4066 1038,4066 1040,4064 1090,4064 1091,4063 1091,4034 1093,4032 1098,4032 1100,4030 1104,4030 1105,4029 1105,4028 1105,4028 1419,4028 1420,4027 1437,4027 1438,4027 1438,4026 1439,4024 2694,4027 2695,4028 2778,4028 2780,4030 2780,4032 2783,4035 2783,4046 2783,4046 3057,4047 3058,4048 3058,4065 3058,4065 3301,4066 3303,4068 3305,4068 3307,4070 3310,4070 3315,4075 3317,4075 3320,4077 3320,4079 3323,4082 3323,4085 3325,4087 3324,4172 3325,4173 3332,4173 3332,4173 3332,4178 3330,4180 3330,4182 3330,4183 3035,4182 3034,4182 3034,4184 3034,4185 2313,4183 2312,4184 2312,4185 2312,4185 1644,4184 1643,4185 1637,4185 1636,4185 1636,4186 1636,4187"/><TextEquiv><Unicode/></TextEquiv><TextEquiv index="1"><Unicode>collet. Il prouva qu'il n'étoit pas ce</Unicode></TextEquiv></TextLine><TextLine id="l26"><Coords points="1418,4495 1417,4494 1180,4494 1180,4493 1180,4475 1179,4475 962,4474 962,4474 962,4452 961,4451 957,4451 956,4450 952,4450 952,4450 952,4449 951,4448 949,4448 947,4446 947,4439 948,4438 948,4224 951,4221 960,4221 962,4219 965,4219 967,4217 992,4218 993,4217 1081,4217 1081,4216 1081,4187 1082,4186 1082,4184 1086,4181 1148,4181 1149,4180 1151,4180 1151,4179 1151,4178 1152,4178 1154,4178 1156,4176 1168,4176 1170,4178 1172,4178 1173,4179 2454,4182 2455,4181 2468,4181 2471,4184 3124,4185 3124,4186 3124,4187 3125,4187 3129,4187 3131,4190 3131,4192 3132,4192 3134,4192 3134,4193 3134,4197 3135,4197 3136,4197 3136,4198 3136,4203 3137,4203 3371,4204 3371,4204 3371,4210 3371,4211 3137,4210 3136,4211 3136,4218 3137,4218 3316,4219 3321,4224 3323,4224 3323,4224 3323,4228 3325,4230 3325,4254 3327,4256 3327,4263 3327,4264 3326,4264 3325,4264 3325,4282 3325,4283 3324,4283 3323,4283 3323,4290 3320,4293 3320,4295 3314,4302 3188,4301 3187,4302 3187,4304 3187,4304 3101,4304 3100,4305 3100,4320 3096,4324 3096,4331 3091,4336 3089,4336 3087,4338 3085,4338 3084,4339 3084,4340 3084,4340 3082,4340 3081,4341 3070,4341 3067,4339 3067,4336 3065,4334 3065,4324 3065,4323 2062,4321 2061,4321 2061,4443 2059,4445 2059,4449 2057,4451 2056,4451 2056,4451 2056,4452 2055,4453 2054,4453 2054,4453 2054,4455 2051,4458 1948,4458 1946,4460 1786,4459 1786,4460 1786,4489 1785,4489 1784,4489 1784,4490 1784,4491 1783,4491 1776,4491 1774,4493 1767,4493 1766,4494 1424,4493 1424,4494 1424,4495 1423,4495"/><TextEquiv><Unicode/></TextEquiv><TextEquiv index="1"><Unicode>auſ are i ſit nelehe; mait j'eus</Unicode></TextEquiv></TextLine><TextLine id="l27"><Coords points="2279,4656 2278,4655 1935,4655 1934,4654 1934,4653 1934,4653 1491,4652 1490,4651 1489,4651 1488,4650 1488,4647 1488,4647 1383,4646 1382,4646 1382,4628 1382,4627 1190,4627 1189,4626 1190,4610 1189,4610 1110,4610 1110,4609 1110,4606 1109,4606 1108,4606 1108,4605 1108,4604 1107,4604 1103,4604 1103,4603 1103,4599 1102,4599 1101,4599 1101,4598 1101,4584 1101,4584 1102,4584 1103,4583 1103,4582 1103,4582 1104,4582 1105,4581 1105,4580 1105,4580 1106,4580 1107,4579 1114,4579 1115,4578 1115,4502 1117,4500 1117,4498 1117,4498 1121,4498 1122,4497 1122,4496 1122,4496 1159,4496 1160,4495 1160,4494 1160,4494 1162,4494 1163,4493 1163,4490 1164,4489 2565,4492 2566,4491 2566,4475 2568,4473 2568,4472 2568,4472 2574,4472 2575,4472 2575,4482 2575,4483 3076,4484 3077,4485 3077,4486 3077,4486 3356,4487 3358,4488 3357,4636 3358,4637 3361,4637 3361,4637 3361,4638 3362,4639 3368,4639 3368,4639 3368,4640 3368,4641 3354,4641 3353,4642 2996,4641 2995,4641 2995,4643 2995,4644 2993,4644 2992,4644 2992,4651 2992,4652 2725,4651 2724,4652 2724,4654 2724,4654 2291,4653 2290,4654 2290,4656 2290,4656"/><TextEquiv><Unicode/></TextEquiv><TextEquiv index="1"><Unicode>J'étois heureux de me trouver avec</Unicode></TextEquiv></TextLine><TextLine id="l28"><Coords points="1966,4813 1965,4812 1957,4812 1956,4811 1956,4771 1956,4771 1899,4770 1898,4769 1857,4769 1856,4768 1548,4768 1546,4770 1544,4770 1543,4771 1536,4771 1535,4770 1528,4770 1527,4769 1247,4768 1246,4769 1246,4776 1246,4776 1243,4776 1242,4776 1242,4762 1242,4761 984,4760 983,4759 972,4759 971,4758 967,4758 965,4757 965,4753 964,4752 964,4749 962,4747 962,4709 960,4706 958,4706 957,4706 957,4705 957,4704 956,4704 952,4701 952,4691 953,4690 955,4690 956,4689 978,4689 979,4688 1042,4689 1044,4687 1046,4687 1046,4686 1046,4684 1047,4684 1050,4684 1051,4683 1163,4683 1163,4682 1163,4681 1167,4677 1167,4675 1168,4674 1168,4672 1170,4670 1170,4668 1171,4668 1172,4668 1172,4667 1172,4666 1173,4666 1174,4666 1175,4664 1175,4663 1176,4663 1180,4663 1184,4659 1186,4659 1191,4654 1196,4654 1197,4653 1199,4653 1199,4652 1199,4651 1200,4651 1203,4651 1203,4650 1203,4649 1204,4649 1347,4649 1349,4647 1351,4647 1352,4646 1370,4646 1371,4647 1378,4647 1378,4648 1378,4649 1379,4649 1380,4649 1380,4650 1380,4651 1381,4651 1495,4652 1495,4652 1495,4657 1496,4658 1803,4658 1803,4658 1803,4655 1804,4654 1937,4655 1937,4655 1937,4684 1938,4685 2002,4685 2003,4686 2003,4688 2004,4689 2004,4691 2005,4692 2007,4692 2009,4694 2278,4694 2278,4694 2278,4657 2279,4656 2537,4657 2538,4656 2541,4656 2541,4655 2541,4653 2544,4651 2546,4651 2546,4650 2546,4649 2547,4649 2548,4649 2548,4648 2548,4646 2549,4646 2582,4646 2583,4647 2585,4647 2587,4649 2589,4649 2589,4650 2589,4653 2590,4653 2725,4653 2725,4654 2725,4656 2726,4656 2981,4657 2981,4656 2981,4653 2982,4653 2984,4653 2985,4652 2992,4652 2993,4651 2996,4651 2998,4653 3000,4653 3001,4654 3308,4655 3310,4653 3314,4653 3318,4649 3349,4649 3349,4648 3349,4642 3350,4642 3353,4642 3354,4641 3368,4641 3368,4641 3365,4644 3365,4654 3364,4656 3338,4656 3337,4656 3337,4737 3335,4739 3335,4755 3335,4756 3324,4756 3322,4758 3321,4758 3320,4759 3255,4758 3254,4759 3249,4759 3247,4761 3194,4761 3192,4763 3187,4763 3186,4764 3186,4766 3186,4766 3145,4766 3144,4767 3144,4771 3144,4771 3104,4771 3103,4772 3103,4776 3103,4776 3102,4776 3101,4777 3101,4804 3101,4804 2992,4804 2991,4805 2984,4805 2983,4804 2983,4797 2983,4797 2714,4796 2713,4797 2711,4797 2704,4804 2704,4806 2704,4806 2703,4806 2702,4807 2574,4807 2573,4807 2573,4811 2573,4812 2559,4812 2558,4811 2558,4807 2558,4807 2408,4807 2407,4806 2407,4796 2407,4796 2329,4795 2327,4794 2327,4788 2327,4787 1976,4787 1975,4787 1975,4812 1975,4813"/><TextEquiv><Unicode/></TextEquiv><TextEquiv index="1"><Unicode>un Officier connu; car ſi j'avois été</Unicode></TextEquiv></TextLine><TextLine id="l29"><Coords points="2028,5001 2028,5000 2028,4931 2027,4931 1232,4929 1232,4930 1232,4931 1229,4934 1229,4938 1228,4938 1220,4938 1220,4939 1220,4940 1219,4940 1218,4940 1218,4941 1218,4943 1217,4943 1214,4943 1210,4947 1202,4947 1200,4945 1196,4945 1196,4944 1196,4943 1195,4943 1193,4943 1192,4941 1192,4921 1191,4921 1036,4921 1036,4920 1036,4919 1035,4919 1021,4919 1020,4918 962,4917 962,4917 962,4915 961,4914 957,4914 957,4914 957,4846 958,4845 959,4845 959,4845 959,4844 961,4842 962,4842 962,4842 962,4841 963,4840 964,4840 964,4840 964,4834 965,4833 965,4832 967,4830 967,4824 968,4823 969,4823 969,4823 969,4821 971,4819 971,4815 972,4814 972,4812 973,4811 974,4811 974,4811 974,4810 975,4809 976,4809 976,4809 976,4807 977,4806 978,4806 979,4805 979,4804 980,4803 981,4803 981,4803 981,4802 982,4801 986,4802 989,4799 991,4799 993,4797 998,4797 1000,4795 1014,4795 1014,4794 1014,4792 1015,4792 1019,4792 1019,4792 1019,4805 1020,4806 1163,4806 1163,4806 1163,4809 1164,4810 2559,4813 2560,4812 2983,4813 2983,4812 2983,4805 2984,4805 3093,4805 3094,4804 3101,4804 3102,4805 3335,4806 3336,4807 3340,4807 3340,4807 3340,4809 3342,4811 3383,4811 3383,4811 3383,4812 3383,4813 3367,4813 3366,4813 3366,4837 3366,4838 3347,4838 3346,4838 3346,4897 3344,4899 3342,4899 3342,4899 3342,4901 3338,4905 3336,4905 3335,4906 3335,4910 3334,4911 3332,4911 3331,4912 3329,4912 3328,4913 3328,4915 3327,4916 3320,4916 3319,4917 3237,4916 3237,4917 3237,4928 3233,4931 3232,4931 3232,4932 3232,4933 3231,4933 3225,4933 3225,4934 3225,4936 3224,4937 3224,4942 3222,4943 3220,4943 3220,4944 3220,4945 3219,4945 3218,4945 3218,4946 3218,4948 3217,4949 3217,4950 3216,4950 3215,4950 3215,4951 3215,4952 3214,4952 3213,4952 3210,4955 3208,4955 3208,4956 3208,4957 3207,4957 3200,4957 3198,4959 3138,4959 3138,4960 3138,4979 3135,4981 2443,4980 2442,4981 2429,4981 2429,4980 2429,4978 2427,4976 2427,4969 2426,4969 2403,4969 2403,4968 2403,4934 2402,4934 2154,4933 2154,4933 2154,4932 2153,4931 2039,4931 2039,4931 2039,4997 2038,4998 2037,4998 2037,4998 2037,5000 2036,5001"/><TextEquiv><Unicode/></TextEquiv><TextEquiv index="1"><Unicode>ſeul, on m'auroit examiné; &amp; malgré</Unicode></TextEquiv></TextLine><TextEquiv><Unicode/></TextEquiv></TextRegion></Page></PcGts>