4266 6032
952 238 3339 410 Partons, dit-elle, ſuivons cette in-
953 403 3339 576 trépide amazone. La femme de
952 561 3339 720 chambre fut du même avis. On fit
952 714 3335 912 venir des chevaux, & nous voilà ſur la
948 886 2020 1048 grande route.
1105 1010 3353 1193 J'amuſai mes deux compagnes autant
957 1180 3342 1361 qu'il me fut poſſible, quoique j'euſſe
957 1346 3339 1517 l'eſprit aſſez inquiet, & que la nuit, d'ac-
955 1499 3342 1671 cord avec mes rêveries amoureuſes, me
957 1654 3341 1832 préſentât ſans ceſſe mon Adélaîde, ma
959 1810 3341 1975 chère Adélaide irritée contre moi, aban-
959 1965 3330 2141 donnée par moi dans une priſon; Adé-
955 2123 3334 2290 laîde que je fuyois malgré moi, quand
953 2276 3328 2469 j'aurois voulu la rejoindre & me juſtifier
953 2452 1815 2610 à ſes yeux.
1103 2577 3339 2765 L'intérêt que j'avois inſpiré â la Dame
926 2743 3334 2912 croiſſoit à chaque inſtant. Mademoiſelle
957 2900 3340 3071 Adélaide, ſa Femme de chambre, ſe dé-
957 3058 3335 3230 ridoit peu à peu auprès de moi; car
944 3213 3335 3383 d'abord elle âvoit paru concevoir de
934 3365 3337 3544 l'ombrage, & craindre que je ne la ſup-
929 3523 3339 3849 temons ueais poui mneia tietene
957 3839 3332 4002 der d'un œil plus favorable qu'elle ne
957 3992 3339 4186 méritoit peut-être, & l'embellit à mes
955 4208 1464 4338 yeux.
952 4291 3337 4480 A la première couchée je me trouvai
955 4455 3380 4628 dans l'embarras. Mademoiſelle Adélaide
969 4615 3344 4794 mit au lit d'abord ſa maîtreſſe, & me fit
947 4773 3346 4987 l'honneur enſuite de me rendre le même
2661 4926 3340 5076 ſervice.
