<?xml version="1.0" encoding="UTF-8" standalone="no"?><PcGts xmlns="http://schema.primaresearch.org/PAGE/gts/pagecontent/2017-07-15" xmlns:xsi="http://www.w3.org/2001/XMLSchema-instance" xsi:schemaLocation="http://schema.primaresearch.org/PAGE/gts/pagecontent/2017-07-15 http://schema.primaresearch.org/PAGE/gts/pagecontent/2017-07-15/pagecontent.xsd"><Metadata><Creator/><Created>2020-10-14T09:51:30</Created><LastChange>1970-01-01T00:00:00</LastChange><Comments/></Metadata><Page imageFilename="0051.png" imageHeight="6032" imageWidth="4266"><TextRegion id="r1" orientation="-0.75" type="paragraph"><Coords points="1,1 4264,1 4264,6030 1,6030"/><TextLine id="l1"><Coords points="948,398 947,398 948,368 947,367 921,367 919,365 917,365 915,363 871,362 871,362 871,361 870,360 869,360 869,360 869,356 869,355 913,356 914,355 914,353 914,353 915,353 916,352 916,340 917,339 917,295 919,294 919,293 919,293 920,293 921,292 921,291 922,290 922,289 924,287 924,281 924,281 925,281 926,280 926,266 928,265 928,261 929,260 929,258 929,257 930,257 931,257 931,253 937,247 939,247 943,243 948,243 950,241 1137,244 1137,243 1137,242 1139,241 1141,241 1146,236 1149,236 1150,235 1296,237 1296,236 1296,226 1297,225 1297,223 1298,223 2269,236 2269,236 2269,238 2270,239 2923,247 2924,249 2924,253 2925,253 3241,257 3241,258 3241,304 3241,304 3282,305 3286,309 3294,309 3295,309 3294,311 3295,312 3297,312 3301,317 3301,357 3301,357 3308,357 3309,358 3309,359 3311,361 3311,369 3310,370 3310,375 3308,376 3306,376 3305,377 3303,377 3301,379 3299,379 3299,380 3299,381 3298,381 3291,381 3290,382 3075,379 3075,380 3074,389 3073,390 3040,390 3039,390 3039,394 3039,395 3023,394 3022,395 3022,408 3022,408 2882,407 2881,407 2881,409 2881,410 1398,390 1395,393 951,387 950,388 950,398 950,398"/><TextEquiv><Unicode/></TextEquiv><TextEquiv index="1"><Unicode>ſervice. Il y avoit deux lits dans la</Unicode></TextEquiv></TextLine><TextLine id="l2"><Coords points="3071,573 3070,573 3070,556 3070,555 3069,555 3067,554 3067,543 3067,542 3034,542 3033,541 3032,541 3031,540 3032,535 3031,535 2995,534 2994,533 2807,531 2805,529 2600,526 2600,526 2599,540 2599,541 2597,541 2596,541 2596,543 2596,544 2595,544 2594,544 2594,547 2594,548 2591,548 2589,546 2585,546 2584,545 2585,522 2584,522 2373,519 2373,519 2372,535 2372,536 2369,536 2367,534 2368,518 2367,518 2300,517 2300,516 2300,515 2299,515 2278,515 2275,512 2272,512 2270,510 2268,510 2264,506 2133,504 2132,505 2131,505 2130,506 2129,506 2125,510 2119,510 2119,510 2119,511 2117,513 2110,513 2109,513 2107,513 2106,512 2103,512 2102,511 1899,509 1899,509 1899,516 1898,517 1893,517 1893,517 1893,529 1891,531 1890,529 1890,513 1889,513 1715,510 1715,511 1715,512 1714,512 1712,512 1712,512 1712,507 1711,506 1526,504 1525,505 1524,505 1524,505 1524,509 1521,512 1521,514 1520,515 1518,515 1518,515 1518,517 1517,518 1516,518 1516,518 1516,519 1515,520 1513,520 1509,524 1507,524 1506,525 1501,525 1501,525 1500,529 1499,531 1498,530 1497,530 1498,526 1497,525 1493,525 1493,525 1493,517 1492,516 1401,515 1398,512 1139,509 1138,510 1117,510 1116,510 1070,510 1069,511 1068,511 1066,513 1039,512 1038,513 1035,513 1033,515 997,515 994,518 964,517 963,518 959,518 957,520 947,520 945,518 943,518 942,517 940,517 940,517 940,516 939,515 935,515 933,513 933,511 929,507 929,506 928,505 928,501 926,498 926,493 924,491 925,415 924,415 919,415 917,413 871,412 871,412 871,408 872,407 916,408 917,407 979,408 979,407 979,402 981,401 983,401 984,400 1002,400 1003,401 1004,401 1005,403 1005,405 1006,405 1007,405 1007,406 1007,435 1007,435 1219,438 1220,437 1220,400 1222,398 1222,396 1225,393 1225,391 1226,391 1232,391 1234,389 1238,389 1240,391 1242,391 1244,394 1244,406 1245,406 1259,406 1260,408 1260,411 1261,411 1301,412 1301,412 1301,421 1301,422 1307,422 1308,422 1308,430 1308,431 1525,434 1526,433 1526,426 1527,425 1621,426 1622,426 1622,389 1623,388 1639,388 1640,387 1648,387 1648,388 1648,392 1649,392 1733,394 1734,395 1865,396 1870,391 1872,391 1872,391 1872,390 1873,389 1874,389 1875,388 1881,388 1882,388 1884,388 1887,391 1889,391 1889,391 1889,430 1889,431 2116,434 2118,436 2122,436 2123,437 2128,437 2132,441 2266,443 2269,440 2269,439 2269,439 2270,439 2272,437 2284,437 2285,436 2288,436 2290,434 2292,434 2293,433 2293,396 2294,396 2300,396 2301,395 2303,395 2305,393 2310,393 2310,394 2310,395 2311,395 2415,396 2416,397 2419,398 2419,398 2419,399 2421,401 2423,401 2424,402 2424,405 2426,407 2426,412 2427,413 2427,416 2428,417 2429,417 2429,417 2429,419 2431,421 2431,424 2432,425 2432,429 2436,433 2436,438 2438,441 2662,444 2663,443 2663,414 2666,411 2666,409 2669,407 2673,407 2674,406 2682,406 2683,407 2687,407 2689,410 2689,413 2690,414 2690,447 2690,447 2860,449 2861,449 2861,413 2862,412 2864,412 2864,412 2864,411 2865,410 2866,410 2867,409 2881,410 2883,412 2955,413 2955,413 2955,414 2956,415 2957,415 2957,415 2957,416 2958,417 2960,417 2960,417 2960,420 2962,422 2962,451 2962,452 3133,454 3134,453 3134,446 3134,446 3135,446 3136,445 3136,439 3139,436 3139,433 3141,431 3141,427 3141,427 3142,427 3144,426 3144,424 3146,422 3148,422 3148,422 3148,421 3149,420 3151,420 3154,417 3158,417 3158,417 3158,416 3159,415 3162,415 3162,415 3162,414 3163,413 3169,413 3170,412 3180,412 3182,415 3182,416 3183,417 3187,417 3191,421 3191,441 3191,442 3319,443 3320,444 3320,446 3319,446 3318,446 3318,447 3318,453 3316,455 3316,456 3315,457 3315,458 3314,458 3311,458 3311,459 3310,478 3308,480 3308,532 3307,532 3306,532 3306,533 3306,534 3305,534 3304,534 3304,535 3304,536 3303,536 3296,536 3295,537 3290,537 3290,537 3290,538 3289,539 3219,538 3219,539 3218,546 3218,546 3171,545 3170,546 3170,553 3169,554 3169,559 3168,560 3094,559 3093,560 3093,573 3093,573"/><TextEquiv><Unicode/></TextEquiv><TextEquiv index="1"><Unicode>chambre; Madame d'Amainville fut</Unicode></TextEquiv></TextLine><TextLine id="l3"><Coords points="1900,709 1899,708 1899,693 1899,693 1340,685 1339,685 1339,683 1339,682 948,677 947,676 946,676 945,675 942,675 937,670 930,670 929,669 886,668 886,668 887,667 887,666 887,666 923,666 924,665 924,634 926,633 926,630 928,628 928,623 929,622 929,618 931,616 931,614 932,613 933,613 933,613 933,612 937,608 939,608 943,604 947,604 948,603 951,603 953,601 963,601 964,601 1008,601 1009,601 1009,600 1009,599 1013,599 1014,599 1014,598 1014,597 1065,598 1066,597 1142,598 1143,597 1149,597 1150,596 1190,596 1191,596 1191,554 1193,552 1193,551 1194,551 1196,551 1196,550 1196,549 1197,549 1198,549 1199,548 1504,552 1504,551 1504,548 1507,546 1509,546 1509,545 1509,544 1510,544 1512,544 1514,542 1519,542 1519,542 1519,543 1520,544 1522,544 1523,545 1828,549 1830,551 1860,551 1860,552 1860,553 1861,553 1863,553 1867,558 1867,560 1869,561 2594,571 2595,570 2596,570 2596,569 2596,567 2599,564 2599,563 2600,563 2601,563 2601,562 2601,561 2602,561 2750,563 2752,561 2756,561 2757,560 2764,560 2765,561 2769,561 2771,564 2771,568 2772,568 3060,572 3061,573 3094,573 3095,575 3095,580 3096,581 3096,607 3096,607 3133,608 3134,608 3134,610 3136,613 3141,613 3142,614 3227,615 3232,621 3232,638 3233,638 3311,639 3311,640 3311,644 3312,644 3313,644 3313,645 3313,652 3311,654 3311,658 3309,659 3307,659 3301,665 3241,664 3241,665 3241,685 3240,685 3239,685 3239,686 3239,687 3238,687 3237,687 3237,688 3237,689 3236,689 3234,689 3233,690 3142,689 3141,690 3107,690 3107,689 3107,688 3106,688 2126,675 2126,675 2126,676 2125,677 2125,678 2123,680 2122,680 2122,680 2122,684 2121,685 2119,685 2114,690 2109,689 2108,690 2105,690 2104,691 2104,692 2104,692 2102,692 2100,694 1938,692 1937,693 1937,709 1937,709"/><TextEquiv><Unicode/></TextEquiv><TextEquiv index="1"><Unicode>couchée dans l'un, &amp; moi dans l'au-</Unicode></TextEquiv></TextLine><TextLine id="l4"><Coords points="1505,863 1504,862 1504,861 1504,861 1500,861 1499,860 1499,844 1499,844 1312,841 1311,842 1285,842 1284,842 1284,851 1284,852 1193,851 1192,851 1192,853 1191,854 1145,854 1143,856 1141,854 1141,850 1142,850 1178,850 1178,850 1178,832 1178,831 995,829 994,830 962,829 961,830 948,830 947,829 946,829 941,824 941,820 940,819 940,784 940,783 930,783 929,783 929,774 927,771 924,771 923,770 923,764 923,764 913,764 912,763 914,762 931,762 932,761 933,761 933,761 933,760 934,759 936,759 938,757 945,757 945,757 946,753 946,752 947,752 948,752 948,748 948,747 951,747 952,747 952,746 952,745 1064,747 1065,746 1065,744 1065,744 1186,745 1187,745 1187,712 1188,711 1191,711 1191,711 1191,709 1192,708 1192,707 1193,707 1376,709 1379,706 1380,706 1380,705 1380,704 1381,704 1382,704 1382,703 1382,702 1384,701 1390,701 1390,701 1390,700 1391,699 1407,699 1409,701 1413,701 1414,703 1414,705 1416,706 1482,707 1483,708 1494,708 1495,710 1495,711 1496,711 1497,711 1497,712 1497,713 1499,715 1499,736 1499,737 1695,739 1696,739 1696,723 1698,721 1698,714 1701,711 1705,711 1705,711 1705,710 1706,709 1707,709 1709,707 1713,707 1715,710 1715,711 1716,711 1719,711 1719,712 1719,716 1721,718 1721,741 1721,741 1884,744 1885,743 1885,740 1886,739 1886,738 1887,737 1887,734 1891,730 1891,720 1892,719 1892,717 1894,715 1894,713 1899,709 2080,711 2080,711 2080,709 2083,706 2094,706 2094,707 2094,708 2095,709 2096,709 2097,709 2097,710 2097,711 2098,711 2099,711 2099,712 2099,733 2099,733 2223,735 2224,736 2301,737 2302,738 2302,740 2303,741 2513,744 2517,740 2517,737 2520,734 2520,732 2524,728 2524,726 2526,725 2527,725 2527,724 2527,721 2528,721 2530,721 2533,718 2534,718 2534,718 2534,717 2535,716 2537,716 2540,713 2542,713 2544,711 2566,711 2567,710 2572,711 2572,711 2572,715 2573,716 2573,756 2573,757 2739,759 2741,757 2746,757 2747,756 2749,756 2751,754 2751,721 2754,718 2754,716 2755,716 2769,716 2771,718 2929,720 2930,721 2931,721 2931,722 2931,723 2932,723 3067,725 3067,726 3067,728 3069,730 3236,732 3237,733 3236,772 3237,772 3287,773 3292,778 3296,778 3296,779 3296,783 3299,786 3299,802 3300,802 3301,802 3301,803 3301,804 3302,804 3303,804 3303,805 3303,821 3303,821 3305,821 3306,822 3306,823 3306,823 3307,823 3310,826 3310,837 3308,839 3308,844 3304,847 3304,849 3304,849 3290,849 3289,850 3221,849 3220,850 3219,850 3218,851 3218,856 3218,856 3109,855 3108,855 3108,868 3108,869 2984,867 2983,867 2983,868 2983,869 2982,869 2981,869 2981,870 2981,871 2839,869 2838,870 2838,871 2838,871 2836,871 2835,871 2835,868 2835,867 2764,866 2763,866 2763,864 2762,862 2659,861 2658,860 2658,854 2658,854 2657,854 2656,853 2656,850 2657,850 2747,851 2747,850 2748,838 2747,838 2725,838 2724,837 2512,834 2512,834 2512,835 2511,836 2510,840 2509,842 2394,840 2393,841 2393,850 2393,850 2391,850 2387,854 2382,854 2381,854 2381,853 2381,852 2353,852 2351,850 2351,839 2351,839 2182,836 2182,837 2181,854 2181,854 2170,854 2169,855 2025,853 2024,854 2024,866 2024,866 2017,866 2016,866 2016,855 2016,854 1973,854 1972,853 1973,827 1972,827 1803,825 1803,825 1802,836 1803,837 1803,839 1801,841 1801,845 1801,845 1758,845 1757,845 1757,859 1756,861 1755,861 1753,859 1753,851 1753,851 1513,848 1512,848 1512,853 1512,854 1510,854 1509,854 1509,859 1506,863"/><TextEquiv><Unicode/></TextEquiv><TextEquiv index="1"><Unicode>tre. Enſuite la ſoubrette ſe déshabilla</Unicode></TextEquiv></TextLine><TextLine id="l5"><Coords points="1069,1022 1069,1021 1067,1021 1065,1019 1065,995 1065,995 924,993 922,991 924,877 923,876 919,876 917,873 917,871 917,871 1190,874 1191,874 1191,868 1194,865 1194,864 1195,864 1378,866 1378,865 1378,864 1379,864 1380,864 1380,863 1380,861 1385,857 1388,857 1390,855 1930,862 1931,861 2893,874 2893,874 2893,875 2894,876 2902,876 2902,876 2902,877 2903,878 2905,878 2905,878 2905,880 2906,881 2908,881 2911,885 2911,886 2911,886 2925,886 2926,887 2926,899 2926,899 3303,904 3304,905 3304,919 3305,920 3304,931 3305,931 3306,931 3306,932 3306,933 3307,933 3308,933 3308,934 3308,988 3310,990 3310,996 3311,997 3308,999 3308,1000 3308,1000 3305,1000 3304,1001 3304,1002 3303,1003 3302,1003 3301,1004 3301,1005 3301,1005 3294,1005 3292,1007 3175,1005 3173,1007 3107,1007 3106,1007 3106,1025 3106,1026 3104,1026 3103,1027 2937,1024 2936,1025 2936,1036 2935,1036 2933,1036 2932,1035 1090,1011 1089,1012 1089,1019 1089,1019 1087,1021 1080,1021 1078,1022"/><TextEquiv><Unicode/></TextEquiv><TextEquiv index="1"><Unicode>auprès de notre feu, &amp; vint leſtement</Unicode></TextEquiv></TextLine><TextLine id="l6"><Coords points="1100,1177 1088,1177 1086,1175 1084,1175 1084,1175 1084,1146 1084,1145 931,1143 927,1139 886,1139 885,1138 886,1134 886,1134 925,1134 926,1134 926,1133 926,1132 927,1132 928,1132 928,1130 931,1127 931,1073 932,1072 933,1072 933,1072 933,1070 936,1067 938,1067 938,1067 938,1066 939,1065 940,1065 940,1065 941,1057 943,1055 943,1042 943,1041 944,1041 945,1041 945,1037 947,1035 947,1034 948,1033 948,1032 948,1031 949,1031 950,1031 950,1029 952,1026 955,1026 957,1024 959,1024 961,1023 961,1022 964,1020 1177,1022 1177,1023 1177,1024 1177,1024 1178,1024 1179,1025 1179,1026 1180,1027 1180,1028 1182,1030 1182,1053 1182,1053 1649,1060 1650,1059 1650,1058 1650,1058 1677,1058 1678,1057 1678,1022 1679,1022 1772,1023 1773,1022 1774,1022 1776,1020 1999,1023 1999,1023 1999,1022 2000,1021 2002,1021 2004,1019 2007,1019 2009,1017 2011,1017 2013,1015 2017,1015 2021,1020 2021,1022 2022,1022 2877,1034 2881,1031 2895,1031 2895,1031 2895,1033 2897,1035 2897,1037 2899,1039 2898,1074 2899,1075 2948,1076 2949,1077 2955,1077 2955,1077 2955,1078 2956,1079 3214,1082 3216,1084 3247,1084 3248,1085 3253,1086 3253,1086 3253,1087 3254,1088 3260,1088 3260,1088 3260,1107 3261,1108 3304,1108 3304,1109 3304,1111 3306,1113 3306,1127 3301,1131 3299,1131 3298,1132 3266,1132 3266,1132 3265,1153 3263,1155 3263,1157 3261,1160 3252,1159 3251,1160 3228,1160 3225,1163 3223,1163 3222,1164 3222,1165 3222,1165 3140,1164 3139,1165 3064,1164 3063,1165 2954,1164 2953,1164 2953,1194 2952,1195 2946,1195 2946,1194 2946,1190 2945,1189 2670,1186 2670,1185 2670,1150 2670,1150 2640,1149 2639,1149 2639,1147 2639,1146 2073,1139 2073,1140 2073,1141 2072,1141 1990,1140 1989,1141 1954,1141 1954,1141 1953,1152 1954,1153 2161,1155 2161,1156 2161,1158 2161,1158 1954,1156 1953,1156 1953,1170 1953,1170 1799,1168 1798,1169 1798,1170 1798,1170 1796,1170 1794,1172 1787,1172 1786,1173 1786,1178 1786,1178 1658,1177 1657,1178 1279,1173 1278,1173 1278,1177 1277,1178 1103,1175 1103,1176 1103,1179 1102,1179"/><TextEquiv><Unicode/></TextEquiv><TextEquiv index="1"><Unicode>ſe placer auprès de moi. Pardonnez-</Unicode></TextEquiv></TextLine><TextLine id="l7"><Coords points="1778,1328 1777,1328 1777,1305 1775,1303 1775,1301 1775,1300 1347,1295 1346,1295 1346,1297 1344,1299 1344,1301 1341,1304 1340,1304 1335,1309 1333,1309 1332,1310 1332,1311 1332,1311 1331,1311 1330,1312 1330,1315 1330,1315 1314,1315 1313,1315 1313,1295 1313,1294 1076,1291 1074,1289 1072,1289 1071,1288 1070,1288 1070,1287 1070,1286 1069,1286 932,1284 929,1281 929,1279 928,1278 928,1271 929,1270 929,1239 931,1237 931,1235 934,1232 964,1233 965,1232 969,1232 969,1231 969,1230 970,1230 1072,1231 1072,1230 1072,1227 1073,1227 1074,1227 1074,1227 1074,1226 1076,1224 1076,1223 1077,1222 1099,1222 1101,1220 1103,1220 1105,1218 1106,1218 1107,1217 1112,1217 1113,1217 1198,1218 1199,1217 1255,1217 1255,1217 1256,1183 1256,1182 1257,1182 1260,1180 1260,1178 1260,1177 1491,1180 1492,1179 1493,1179 1494,1178 1732,1182 1733,1181 1733,1180 1732,1180 1655,1179 1655,1178 1656,1178 1733,1179 1734,1178 2402,1186 2403,1186 2403,1184 2407,1180 2411,1180 2412,1180 2488,1180 2489,1180 2659,1182 2662,1186 3028,1191 3033,1196 3035,1196 3037,1198 3146,1199 3148,1201 3150,1201 3151,1202 3150,1240 3151,1240 3199,1241 3200,1242 3214,1242 3218,1247 3218,1252 3222,1256 3222,1261 3224,1263 3224,1283 3224,1283 3283,1284 3287,1287 3287,1288 3287,1289 3293,1289 3296,1292 3296,1294 3296,1294 3298,1294 3299,1295 3299,1297 3301,1299 3301,1301 3301,1301 3303,1301 3304,1302 3304,1304 3304,1305 3304,1316 3303,1317 3303,1321 3301,1323 3301,1326 3299,1328 3299,1330 3297,1332 3297,1334 3296,1335 3292,1335 3287,1340 3284,1340 3281,1342 3274,1342 3272,1344 3270,1344 3268,1346 3264,1346 3261,1342 3261,1340 3261,1340 3259,1340 3258,1339 3258,1337 3258,1337 2881,1332 2880,1332 2880,1337 2879,1339 2878,1339 2876,1337 2876,1311 2876,1311 2420,1305 2419,1305 2419,1318 2418,1320 2291,1318 2289,1320 2282,1320 2280,1322 2273,1322 2271,1320 2267,1320 2266,1319 2266,1300 2266,1300 2186,1299 2185,1298 2185,1297 2185,1297 1783,1291 1783,1292 1782,1328 1782,1328"/><TextEquiv><Unicode/></TextEquiv><TextEquiv index="1"><Unicode>moi, me dit - elle, Mademoiſelle,</Unicode></TextEquiv></TextLine><TextLine id="l8"><Coords points="2460,1499 2460,1499 2460,1498 2459,1497 2457,1497 2455,1495 1858,1487 1858,1487 1858,1458 1858,1457 1096,1447 1094,1445 1090,1445 1089,1444 1046,1444 1045,1443 1046,1441 1045,1441 1044,1441 1043,1440 933,1438 931,1436 931,1410 931,1409 933,1409 936,1407 936,1393 937,1392 938,1392 938,1392 938,1391 939,1390 940,1390 943,1387 958,1387 959,1387 1074,1388 1074,1388 1074,1383 1075,1382 1079,1382 1079,1382 1079,1381 1080,1380 1081,1380 1081,1380 1081,1378 1083,1376 1089,1376 1089,1376 1089,1373 1093,1369 1093,1367 1094,1366 1374,1370 1374,1369 1375,1340 1376,1339 1376,1338 1379,1335 1384,1335 1386,1333 1639,1336 1640,1335 1645,1335 1646,1335 1865,1337 1868,1335 1868,1325 1870,1323 1870,1321 1871,1320 1875,1320 1875,1321 1875,1325 1877,1327 1892,1327 1893,1328 1895,1328 1897,1330 1899,1330 1899,1330 1899,1334 1899,1335 1900,1335 1901,1335 1901,1337 1901,1338 2746,1349 2749,1346 2751,1346 2752,1345 2752,1344 2752,1344 2753,1344 2754,1343 2754,1342 2754,1342 2755,1342 2756,1342 2756,1341 2756,1340 2764,1340 2770,1346 2770,1349 2771,1350 2771,1352 2771,1352 3098,1357 3105,1363 3105,1365 3108,1368 3107,1395 3108,1396 3239,1397 3239,1398 3239,1399 3240,1399 3241,1399 3241,1400 3241,1402 3242,1403 3242,1417 3244,1419 3244,1420 3244,1420 3293,1421 3294,1422 3294,1423 3294,1423 3301,1423 3304,1426 3304,1435 3303,1436 3303,1438 3301,1440 3301,1442 3300,1442 3299,1442 3299,1443 3299,1444 3298,1444 3289,1444 3288,1445 3250,1445 3250,1445 3249,1464 3245,1468 3243,1468 3242,1469 3234,1469 3232,1471 3221,1471 3220,1472 3220,1497 3219,1497 3089,1495 3089,1496 3089,1499 3087,1500 2745,1496 2745,1496 2745,1502 2744,1503"/><TextEquiv><Unicode/></TextEquiv><TextEquiv index="1"><Unicode>tous les lits ſont occupés dans l'au-</Unicode></TextEquiv></TextLine><TextLine id="l9"><Coords points="2598,1655 2597,1653 2597,1627 2597,1627 2520,1626 2518,1624 2518,1613 2518,1613 2464,1612 2463,1612 2463,1611 2463,1610 2380,1609 2318,1608 2317,1609 2317,1641 2314,1643 2312,1643 2312,1643 2312,1642 2311,1641 2180,1640 2178,1640 2176,1640 2175,1641 2168,1641 2166,1643 2147,1643 2145,1641 2144,1641 2143,1640 2137,1640 2137,1639 2137,1638 2137,1638 2134,1638 2133,1637 2133,1636 2131,1634 2129,1634 2126,1631 2126,1629 2123,1626 2123,1610 2123,1610 2042,1609 2040,1607 1921,1605 1920,1606 1920,1607 1920,1607 1854,1606 1853,1607 1783,1606 1782,1607 1782,1617 1782,1617 1756,1617 1755,1617 1755,1638 1753,1640 1751,1640 1750,1641 1750,1642 1749,1643 1745,1643 1744,1641 1744,1605 1744,1605 1630,1603 1629,1604 1569,1604 1568,1604 1555,1604 1554,1605 1554,1607 1554,1607 1553,1607 1552,1607 1552,1605 1552,1604 1547,1604 1545,1603 1545,1601 1545,1600 1381,1598 1380,1599 1380,1600 1380,1600 1379,1600 1378,1601 1378,1602 1376,1604 1338,1603 1337,1604 1337,1624 1337,1624 1323,1624 1322,1625 1322,1627 1316,1633 1314,1633 1311,1635 1306,1635 1305,1636 1303,1636 1301,1638 1282,1638 1282,1637 1282,1636 1281,1636 1280,1636 1279,1635 1273,1635 1272,1633 1271,1633 1270,1632 1270,1631 1270,1631 1269,1631 1268,1630 1268,1629 1268,1629 1242,1628 1241,1628 1241,1606 1241,1605 1107,1603 1106,1604 1101,1604 1100,1604 1100,1603 1100,1602 1089,1602 1087,1600 1085,1600 1084,1600 1084,1599 1084,1598 1078,1598 1074,1594 946,1592 945,1593 939,1593 938,1592 937,1592 936,1591 935,1591 935,1591 935,1590 933,1588 931,1588 931,1588 931,1581 935,1577 935,1543 936,1542 936,1541 937,1540 938,1540 938,1540 938,1538 940,1536 948,1536 948,1537 948,1538 949,1538 950,1538 950,1539 950,1540 951,1540 952,1540 953,1541 1073,1543 1073,1543 1074,1496 1077,1493 1077,1491 1077,1490 1080,1490 1081,1490 1081,1489 1082,1488 1082,1487 1083,1485 1090,1485 1093,1488 1093,1517 1094,1518 1093,1529 1094,1529 1274,1532 1275,1531 1282,1531 1283,1530 1359,1531 1360,1530 1370,1530 1371,1531 1381,1531 1383,1533 1385,1533 1387,1535 1433,1536 1433,1536 1433,1537 1434,1538 1436,1538 1438,1540 1546,1541 1546,1541 1547,1491 1547,1490 1568,1490 1569,1490 1573,1490 1576,1487 1584,1487 1585,1488 1587,1488 1588,1488 1588,1489 1588,1490 1621,1490 1623,1492 1627,1492 1629,1494 1629,1495 1629,1495 1630,1495 1631,1496 1631,1498 1633,1500 1633,1502 1635,1504 1635,1512 1636,1513 1636,1520 1636,1520 1674,1521 1675,1522 1804,1524 1805,1523 1805,1500 1806,1499 1806,1496 1807,1495 1809,1495 1811,1493 1812,1493 1813,1492 1815,1492 1817,1490 1864,1490 1865,1491 1865,1492 1865,1492 1866,1492 1868,1494 1868,1495 1868,1495 1869,1495 1870,1496 1870,1513 1870,1513 1988,1515 1989,1514 1989,1511 1990,1511 1990,1507 1992,1504 1993,1504 1994,1504 1994,1501 1994,1500 1995,1500 1997,1499 1997,1497 1998,1495 2000,1495 2001,1495 2001,1493 2003,1490 2005,1490 2006,1490 2006,1489 2006,1488 2007,1488 2008,1487 2009,1487 2012,1485 2025,1485 2025,1486 2031,1487 2032,1488 2034,1488 2035,1488 2035,1489 2035,1490 2036,1490 2037,1490 2036,1531 2037,1532 2185,1534 2186,1533 2204,1533 2204,1532 2205,1504 2205,1504 2206,1504 2207,1503 2207,1501 2208,1500 2210,1500 2211,1499 2212,1499 2214,1497 2218,1497 2219,1497 2219,1496 2219,1495 2255,1495 2256,1494 2346,1496 2347,1495 2352,1495 2354,1493 2356,1493 2357,1492 2362,1492 2364,1490 2380,1490 2381,1491 2381,1493 2384,1496 2383,1538 2384,1538 2487,1540 2488,1541 2638,1542 2639,1542 2734,1543 2734,1542 2735,1506 2737,1504 2737,1503 2737,1503 2745,1503 2747,1505 2749,1505 2752,1507 2752,1509 2756,1514 2756,1516 2756,1516 2758,1516 2759,1517 2759,1521 2759,1521 2760,1521 2761,1522 2761,1524 2765,1528 2765,1529 2768,1533 2768,1535 2770,1537 2770,1546 2771,1546 2907,1548 2908,1547 2919,1547 2919,1547 2919,1546 2920,1545 2923,1545 2923,1545 2924,1507 2925,1505 2940,1505 2943,1508 2943,1510 2943,1510 2944,1511 2945,1511 2944,1549 2945,1550 3210,1553 3211,1552 3265,1553 3265,1552 3266,1512 3267,1511 3278,1511 3280,1512 3280,1513 3280,1514 3286,1514 3287,1514 3287,1515 3287,1516 3293,1516 3296,1519 3296,1521 3299,1524 3299,1530 3300,1531 3299,1578 3299,1578 3305,1578 3306,1579 3306,1588 3305,1589 3304,1624 3304,1624 3302,1624 3301,1625 3301,1627 3299,1629 3091,1626 3090,1625 2977,1624 2975,1622 2914,1621 2913,1620 2800,1619 2798,1617 2630,1614 2629,1615 2629,1652 2627,1654 2627,1655 2626,1655"/><TextEquiv><Unicode/></TextEquiv><TextEquiv index="1"><Unicode>nberge. Et elle ſe gliſſa auprès de moi</Unicode></TextEquiv></TextLine><TextLine id="l10"><Coords points="2938,1820 2937,1819 2935,1819 2935,1819 2935,1818 2934,1817 2933,1817 2933,1817 2933,1816 2932,1815 2930,1815 2929,1814 2929,1780 2929,1779 2884,1779 2883,1778 2883,1777 2883,1777 2882,1777 2881,1776 2623,1772 2622,1771 2468,1769 2467,1769 2467,1768 2467,1767 2289,1765 2288,1765 2288,1766 2288,1767 2272,1767 2271,1766 2166,1764 2164,1762 1782,1757 1781,1758 1780,1758 1779,1759 1779,1765 1779,1765 1778,1765 1777,1766 1777,1769 1776,1770 1776,1773 1775,1774 1773,1774 1772,1775 1772,1777 1765,1784 1749,1784 1748,1783 1748,1763 1748,1763 1717,1762 1714,1759 1491,1757 1490,1757 1417,1757 1416,1758 1415,1758 1414,1758 1334,1757 1333,1758 1333,1769 1333,1769 1331,1769 1330,1769 1330,1759 1330,1758 1259,1757 1258,1758 1111,1757 1109,1758 1013,1757 1012,1758 1001,1758 1000,1759 1000,1760 1000,1760 957,1760 956,1760 886,1760 885,1759 885,1757 886,1757 940,1757 940,1757 941,1706 941,1705 937,1705 936,1705 936,1704 936,1703 934,1703 931,1701 931,1694 932,1693 933,1693 933,1693 933,1692 936,1689 938,1689 941,1686 946,1686 947,1685 947,1684 948,1683 948,1682 949,1681 950,1681 950,1681 950,1680 951,1679 952,1679 955,1676 956,1676 957,1676 1033,1676 1033,1676 1034,1650 1034,1650 1035,1650 1036,1649 1036,1647 1038,1645 1045,1645 1046,1646 1210,1648 1211,1647 1211,1645 1211,1645 1253,1645 1257,1641 1261,1641 1262,1642 1264,1643 1265,1643 1265,1647 1266,1648 1266,1670 1267,1671 1266,1683 1267,1684 1491,1686 1492,1686 1569,1687 1570,1686 1644,1686 1645,1686 1705,1686 1705,1686 1705,1682 1706,1681 1708,1681 1710,1679 1822,1681 1822,1680 1822,1679 1823,1678 1824,1671 1825,1670 1825,1668 1827,1666 1827,1664 1829,1662 1829,1660 1830,1659 1830,1656 1831,1655 1833,1655 1834,1654 1834,1652 1839,1648 1839,1646 1839,1645 1846,1645 1848,1643 1850,1643 1852,1641 1854,1641 1855,1640 1871,1640 1873,1642 1874,1643 1877,1645 1877,1647 1879,1649 1879,1654 1879,1655 1891,1655 1892,1655 1892,1668 1892,1669 1895,1669 1896,1669 1895,1685 1896,1686 2102,1688 2103,1688 2157,1688 2157,1688 2157,1687 2158,1686 2211,1687 2212,1686 2216,1686 2216,1685 2216,1684 2217,1684 2222,1684 2223,1686 2223,1691 2224,1691 2414,1694 2417,1691 2431,1691 2431,1690 2432,1656 2438,1650 2447,1650 2448,1651 2448,1652 2448,1652 2449,1652 2451,1654 2451,1655 2451,1655 2454,1655 2455,1656 2454,1695 2455,1695 2749,1699 2750,1698 2888,1700 2888,1699 2888,1690 2890,1688 2890,1686 2892,1684 2893,1681 2893,1681 2896,1681 2897,1680 2897,1679 2899,1677 2901,1677 2902,1676 2904,1676 2906,1674 2908,1674 2909,1674 2909,1673 2909,1672 2910,1672 2911,1671 2920,1671 2923,1674 2923,1681 2924,1682 2923,1704 2924,1704 2943,1704 2945,1703 2950,1703 2950,1703 2950,1705 2951,1706 3167,1708 3168,1707 3168,1700 3170,1698 3170,1694 3172,1692 3172,1690 3174,1688 3175,1681 3175,1681 3176,1681 3177,1680 3177,1678 3179,1676 3181,1676 3182,1675 3182,1674 3182,1674 3183,1674 3184,1673 3184,1672 3184,1672 3185,1672 3186,1671 3193,1671 3194,1670 3194,1669 3194,1669 3198,1669 3199,1668 3199,1666 3200,1665 3215,1665 3222,1672 3222,1683 3223,1684 3222,1710 3223,1710 3240,1710 3241,1711 3251,1712 3256,1717 3258,1717 3258,1717 3258,1719 3261,1722 3263,1722 3263,1722 3263,1726 3265,1728 3265,1756 3265,1757 3295,1757 3296,1758 3298,1758 3299,1759 3299,1760 3299,1760 3301,1760 3302,1761 3302,1762 3302,1762 3303,1762 3304,1764 3304,1779 3303,1780 3303,1782 3303,1782 3302,1782 3301,1783 3301,1784 3301,1784 3297,1784 3293,1788 3239,1787 3238,1788 3235,1788 3234,1789 3228,1789 3227,1788 3224,1788 3222,1786 3220,1786 3218,1784 3054,1782 3053,1782 3053,1811 3052,1812 2964,1811 2964,1811 2964,1814 2963,1815 2962,1815 2962,1815 2962,1816 2961,1817 2960,1817 2959,1818 2958,1818 2956,1820 2942,1820 2941,1820"/><TextEquiv><Unicode/></TextEquiv><TextEquiv index="1"><Unicode>très-librement, ſans attendre ma réponſe.</Unicode></TextEquiv></TextLine><TextLine id="l11"><Coords points="3219,1984 3219,1984 3219,1952 3219,1951 3149,1950 3148,1951 3148,1970 3147,1970 3144,1970 3144,1971 3144,1972 3143,1972 3139,1972 3138,1973 3133,1973 3131,1975 3117,1975 3117,1974 3117,1973 3116,1973 3113,1973 3113,1972 3113,1961 3112,1961 2960,1959 2959,1960 2948,1960 2946,1958 2945,1958 2945,1957 2945,1949 2945,1949 2934,1948 2933,1947 2930,1947 2929,1947 2929,1936 2929,1935 2828,1934 2825,1931 2537,1927 2535,1925 2521,1925 2520,1924 2520,1923 2520,1923 2507,1923 2506,1922 2506,1920 2506,1920 2337,1918 2336,1918 2336,1919 2336,1920 2331,1920 2330,1920 2241,1919 2240,1920 2007,1917 2006,1918 1993,1918 1992,1917 1991,1917 1990,1916 1659,1912 1658,1913 1637,1912 1636,1913 1577,1913 1576,1913 1576,1914 1576,1915 1575,1915 1574,1916 1573,1916 1573,1917 1573,1918 1567,1918 1566,1918 1563,1918 1560,1915 1558,1915 1557,1914 1419,1913 1418,1913 1418,1917 1418,1918 1414,1918 1413,1918 1412,1918 1411,1917 1389,1917 1387,1915 1194,1913 1193,1913 1193,1955 1192,1956 1181,1955 1181,1955 1181,1913 1181,1912 1065,1911 1064,1910 1063,1910 1062,1909 1062,1908 1062,1908 1061,1908 1060,1907 1060,1905 1060,1905 950,1903 948,1902 948,1900 947,1898 946,1898 944,1896 943,1896 943,1896 943,1894 941,1892 940,1892 940,1892 940,1890 939,1889 938,1889 938,1889 938,1888 937,1887 936,1887 936,1887 936,1883 934,1881 934,1874 938,1870 938,1864 938,1863 939,1863 941,1862 941,1858 943,1856 943,1851 946,1848 948,1848 948,1848 948,1847 949,1846 950,1846 950,1846 950,1845 951,1844 952,1844 952,1844 952,1842 953,1841 955,1841 956,1841 1066,1842 1066,1841 1067,1803 1067,1803 1068,1803 1069,1802 1069,1800 1069,1800 1108,1800 1109,1800 1126,1800 1127,1801 1129,1801 1133,1805 1136,1805 1139,1808 1140,1808 1141,1808 1141,1810 1143,1812 1143,1814 1144,1815 1144,1822 1145,1823 1144,1838 1145,1839 1377,1842 1377,1842 1378,1803 1380,1800 1413,1800 1414,1800 1503,1801 1504,1800 1517,1800 1519,1801 1519,1802 1519,1803 1520,1803 1521,1803 1521,1804 1521,1805 1522,1805 1523,1805 1522,1839 1523,1840 1576,1841 1577,1842 1761,1844 1761,1844 1762,1816 1763,1815 1763,1806 1763,1805 1764,1805 1765,1805 1765,1803 1766,1801 1768,1801 1769,1800 1775,1800 1776,1801 1779,1801 1781,1803 1781,1805 1782,1806 1782,1809 1784,1811 1784,1817 1784,1817 1785,1817 1786,1818 1785,1841 1786,1841 1931,1843 1931,1843 1932,1811 1934,1809 1934,1807 1935,1805 1948,1805 1949,1805 1950,1805 1953,1807 1953,1809 1953,1810 2153,1812 2154,1812 2154,1811 2154,1810 2156,1810 2160,1806 2171,1806 2175,1810 2177,1810 2178,1811 2178,1813 2178,1814 2318,1815 2319,1815 2319,1814 2319,1813 2321,1813 2324,1810 2330,1810 2331,1810 2337,1810 2338,1810 2338,1811 2338,1812 2339,1812 2340,1812 2340,1819 2341,1820 2340,1845 2341,1846 2480,1847 2480,1847 2481,1826 2481,1825 2483,1825 2484,1825 2502,1825 2503,1824 2503,1815 2503,1815 2504,1815 2505,1814 2505,1812 2505,1812 2510,1812 2512,1810 2561,1811 2562,1810 2567,1810 2569,1812 2571,1812 2572,1813 2577,1813 2579,1815 2584,1815 2587,1818 2591,1818 2592,1818 2592,1819 2592,1820 2596,1820 2600,1824 2602,1824 2603,1825 2605,1825 2606,1826 2606,1829 2606,1829 2607,1829 2611,1833 2610,1836 2613,1839 2613,1841 2614,1841 2615,1841 2615,1842 2615,1843 2616,1844 2616,1845 2618,1847 2618,1849 2620,1851 2620,1854 2621,1854 2766,1856 2767,1857 2848,1858 2850,1860 2852,1860 2853,1861 2855,1861 2857,1864 2857,1865 2858,1865 2859,1865 2861,1868 2861,1870 2862,1871 2862,1875 2862,1875 2863,1875 2864,1876 2864,1878 2864,1878 2865,1879 2866,1879 2866,1896 2866,1897 3076,1899 3077,1899 3077,1896 3079,1894 3079,1888 3079,1887 3080,1887 3082,1886 3082,1884 3084,1882 3084,1880 3086,1877 3090,1877 3091,1877 3091,1875 3095,1872 3098,1872 3098,1871 3098,1870 3099,1870 3101,1870 3103,1868 3107,1868 3108,1867 3134,1867 3134,1867 3134,1864 3135,1863 3137,1863 3140,1866 3273,1868 3275,1870 3282,1870 3282,1870 3282,1871 3283,1872 3287,1872 3290,1875 3292,1875 3292,1876 3292,1877 3292,1877 3295,1877 3296,1878 3296,1879 3297,1880 3298,1880 3299,1881 3299,1882 3299,1882 3300,1882 3301,1883 3301,1887 3303,1889 3303,1908 3306,1911 3306,1912 3307,1913 3306,1916 3304,1918 3304,1923 3303,1924 3303,1926 3295,1934 3292,1934 3289,1937 3288,1937 3287,1938 3287,1939 3287,1939 3285,1939 3283,1941 3281,1941 3280,1942 3275,1942 3273,1944 3231,1943 3230,1944 3230,1983 3229,1983 3227,1983 3226,1984"/><TextEquiv><Unicode/></TextEquiv><TextEquiv index="1"><Unicode>Bon Dieul s'écria la Dame, que</Unicode></TextEquiv></TextLine><TextLine id="l12"><Coords points="2871,2131 2871,2130 2871,2121 2870,2121 2814,2120 2813,2119 2812,2119 2812,2118 2812,2116 2811,2116 2807,2116 2806,2115 2721,2114 2720,2113 2587,2111 2587,2110 2587,2088 2587,2088 2516,2087 2514,2089 2347,2087 2346,2087 2346,2106 2344,2108 2300,2107 2300,2108 2300,2111 2299,2111 2295,2111 2295,2111 2295,2079 2295,2078 2053,2075 2052,2075 2052,2082 2052,2083 2045,2083 2044,2083 2044,2087 2043,2089 1918,2087 1917,2088 1917,2107 1916,2107 1915,2107 1914,2108 1837,2107 1837,2108 1837,2109 1836,2109 1831,2109 1829,2106 1829,2096 1827,2094 1827,2089 1825,2087 1825,2083 1824,2082 1824,2070 1824,2070 1642,2068 1641,2068 1620,2068 1618,2070 1617,2070 1616,2071 1563,2070 1562,2071 1481,2070 1480,2071 1426,2071 1425,2071 1425,2104 1423,2106 1422,2106 1421,2104 1421,2071 1421,2071 1298,2069 1297,2070 1248,2069 1247,2070 1206,2070 1205,2070 1205,2087 1204,2089 1199,2089 1198,2088 1198,2073 1198,2073 1078,2071 1077,2071 1077,2070 1077,2069 970,2068 969,2067 969,2066 969,2066 968,2066 967,2065 967,2063 965,2061 965,2059 965,2059 940,2058 938,2056 932,2056 931,2056 932,2051 933,2050 933,2043 934,2042 934,2013 936,2011 936,2009 939,2006 955,2007 956,2006 1069,2007 1070,2006 1070,2004 1074,2000 1074,1997 1076,1995 1076,1986 1077,1985 1077,1978 1079,1977 1079,1974 1079,1973 1080,1973 1081,1973 1081,1969 1082,1968 1082,1966 1082,1965 1083,1965 1084,1965 1084,1963 1087,1959 1088,1959 1089,1958 1091,1958 1095,1954 1102,1954 1103,1953 1107,1953 1108,1953 1108,1951 1108,1951 1114,1951 1117,1954 1119,1954 1120,1955 1193,1956 1196,1958 1196,1960 1198,1962 1197,1981 1198,1982 1284,1983 1285,1984 1292,1984 1293,1985 1294,1985 1294,1985 1294,1992 1295,1993 1429,1995 1430,1996 1689,1999 1691,1997 1770,1998 1770,1998 1770,1982 1772,1980 1773,1980 1774,1980 1774,1979 1774,1978 1775,1978 1776,1977 1812,1978 1813,1977 1813,1955 1815,1953 1819,1953 1820,1952 1820,1951 1820,1951 1831,1951 1836,1956 1836,1980 1837,1981 1885,1982 1886,1983 1886,1984 1887,1985 1887,1987 1888,1988 2134,1991 2134,1990 2135,1980 2135,1980 2136,1980 2137,1979 2137,1977 2139,1975 2151,1975 2153,1977 2155,1977 2156,1978 2334,1981 2336,1979 2336,1977 2338,1975 2338,1973 2338,1973 2339,1973 2340,1972 2340,1970 2340,1970 2342,1970 2343,1969 2343,1968 2343,1968 2344,1968 2345,1967 2345,1966 2346,1965 2348,1965 2354,1959 2361,1959 2362,1958 2371,1958 2372,1959 2377,1959 2386,1968 2386,1975 2386,1975 2387,1975 2388,1976 2388,1977 2389,1978 2389,1983 2390,1984 2389,2005 2391,2006 2679,2010 2679,2010 2680,1971 2680,1970 2705,1970 2707,1972 2911,1975 2914,1972 2916,1972 2917,1972 2917,1971 2917,1970 2934,1970 2935,1971 2935,1986 2935,1986 2969,1987 2970,1987 2969,2017 2970,2018 2989,2018 2990,2019 3170,2021 3171,2021 3210,2021 3210,2021 3210,1993 3211,1992 3212,1988 3214,1985 3216,1985 3217,1984 3226,1984 3227,1983 3230,1983 3235,1988 3236,1988 3237,1989 3237,1990 3237,1991 3237,2044 3237,2044 3297,2045 3299,2047 3303,2047 3306,2050 3306,2052 3308,2054 3308,2062 3305,2065 3305,2066 3302,2068 3295,2068 3293,2070 3247,2070 3246,2070 3246,2091 3244,2093 3244,2094 3244,2094 3243,2094 3241,2096 3241,2109 3240,2109 3234,2109 3234,2109 3234,2106 3234,2105 3144,2104 3143,2104 3143,2095 3143,2094 2960,2092 2959,2092 2959,2118 2958,2119 2881,2118 2881,2118 2881,2130 2880,2131"/><TextEquiv><Unicode/></TextEquiv><TextEquiv index="1"><Unicode>faites vous donc? eſt-ce Mademoi-</Unicode></TextEquiv></TextLine><TextLine id="l13"><Coords points="1344,2266 1344,2265 1344,2258 1343,2258 880,2252 879,2251 876,2250 876,2250 876,2246 878,2244 878,2243 880,2242 1343,2248 1344,2247 1344,2227 1344,2227 1074,2223 1070,2220 1070,2215 1070,2214 944,2212 941,2210 941,2208 940,2207 941,2204 940,2203 940,2174 939,2173 938,2173 938,2173 938,2167 944,2161 954,2162 955,2161 1070,2162 1070,2162 1070,2154 1074,2150 1076,2150 1076,2150 1076,2148 1077,2147 1077,2141 1078,2140 1079,2140 1079,2140 1079,2138 1081,2136 1082,2126 1084,2123 1085,2123 1086,2123 1086,2121 1089,2118 1089,2116 1090,2114 1092,2114 1093,2114 1093,2112 1095,2109 1100,2109 1101,2109 1101,2107 1101,2106 1103,2106 1105,2104 1106,2104 1107,2104 1725,2112 1726,2111 1728,2111 1729,2110 1729,2109 1729,2109 2061,2113 2063,2111 2074,2111 2075,2112 2563,2119 2565,2120 2565,2124 2565,2125 2566,2125 2567,2125 2567,2126 2567,2127 3222,2135 3224,2137 3224,2141 3225,2142 3224,2171 3225,2171 3232,2171 3232,2172 3232,2179 3233,2179 3267,2180 3268,2181 3287,2181 3287,2182 3287,2183 3287,2183 3288,2183 3289,2184 3289,2185 3289,2185 3290,2185 3291,2186 3296,2186 3297,2187 3297,2189 3301,2193 3301,2202 3303,2204 3303,2215 3302,2216 3301,2238 3301,2238 3299,2238 3296,2241 3296,2251 3293,2254 3290,2254 3289,2255 3282,2255 3280,2257 3106,2255 3105,2255 3105,2275 3104,2276 3102,2276 3100,2278 3000,2276 3000,2277 3000,2278 2999,2278 2811,2276 2809,2278 2806,2278 2805,2279 2496,2275 2496,2275 2496,2278 2495,2279 1493,2266 1493,2266 1493,2267 1492,2268"/><TextEquiv><Unicode/></TextEquiv><TextEquiv index="1"><Unicode>ſelle qu'il faut charger des génes de</Unicode></TextEquiv></TextLine><TextLine id="l14"><Coords points="2655,2438 2655,2437 2655,2408 2654,2408 2637,2408 2637,2407 2637,2395 2637,2395 2544,2393 2542,2391 2535,2391 2534,2390 2447,2389 2446,2390 2446,2427 2445,2427 2443,2427 2443,2427 2443,2390 2443,2389 2320,2387 2319,2388 2287,2388 2286,2388 2286,2399 2285,2400 2285,2401 2284,2403 2282,2403 2281,2402 2281,2385 2281,2385 2099,2383 2098,2383 1994,2382 1993,2383 1830,2381 1828,2383 1779,2382 1778,2383 1711,2382 1710,2383 1710,2401 1708,2402 1538,2400 1533,2406 1533,2408 1532,2408 1521,2408 1521,2407 1521,2383 1521,2383 1254,2379 1252,2381 1182,2381 1181,2381 1175,2381 1173,2379 1171,2379 1170,2379 1170,2378 1170,2377 1080,2376 1079,2376 1079,2375 1076,2372 1076,2368 1076,2367 942,2365 940,2364 941,2357 940,2356 940,2334 939,2333 938,2333 938,2333 938,2318 939,2317 940,2317 942,2315 953,2316 954,2315 1077,2316 1077,2316 1077,2315 1078,2314 1079,2314 1079,2314 1079,2313 1080,2312 1081,2312 1081,2312 1081,2311 1082,2310 1084,2310 1089,2305 1235,2307 1237,2305 1237,2303 1240,2300 1242,2300 1246,2296 1247,2297 1248,2297 1249,2299 1249,2308 1250,2308 1431,2311 1431,2310 1431,2306 1433,2304 1433,2290 1436,2288 1437,2288 1437,2287 1438,2280 1439,2279 1441,2279 1442,2278 1442,2276 1449,2269 1451,2269 1453,2267 1492,2268 1493,2268 1493,2269 1495,2271 1494,2299 1495,2300 1533,2300 1533,2301 1533,2303 1534,2303 1713,2305 1715,2303 1716,2303 1717,2303 1749,2303 1749,2302 1750,2274 1750,2274 1752,2274 1753,2273 1753,2271 1755,2269 1771,2269 1772,2270 1772,2271 1772,2271 1773,2271 1777,2275 1777,2285 1778,2286 1777,2308 1778,2308 1971,2311 1971,2310 1971,2289 1972,2288 1973,2285 1974,2284 1977,2284 1978,2283 2067,2284 2068,2284 2068,2275 2071,2271 2073,2271 2075,2269 2086,2269 2087,2270 2105,2271 2106,2272 2142,2272 2144,2274 2149,2274 2150,2275 2150,2279 2150,2279 2151,2279 2152,2280 2152,2281 2152,2281 2153,2281 2154,2282 2154,2287 2155,2288 2154,2311 2155,2311 2209,2312 2210,2313 2381,2315 2381,2315 2381,2306 2383,2304 2383,2301 2386,2298 2386,2296 2387,2295 2389,2295 2391,2293 2392,2291 2393,2290 2393,2289 2397,2284 2401,2284 2402,2283 2404,2283 2405,2283 2480,2283 2481,2283 2481,2281 2483,2279 2498,2279 2501,2281 2501,2283 2503,2285 2503,2287 2503,2288 2714,2291 2715,2291 2714,2320 2715,2321 2745,2321 2745,2321 2745,2322 2747,2324 3076,2328 3076,2328 3076,2322 3077,2321 3077,2317 3081,2313 3081,2311 3083,2309 3084,2309 3084,2309 3084,2305 3086,2303 3086,2301 3091,2296 3092,2295 3093,2294 3093,2293 3095,2291 3105,2291 3107,2292 3107,2293 3110,2297 3110,2307 3113,2310 3113,2312 3117,2316 3117,2320 3118,2321 3155,2321 3155,2322 3155,2324 3156,2325 3156,2332 3157,2332 3276,2334 3277,2336 3286,2336 3287,2337 3287,2338 3287,2338 3289,2338 3291,2340 3293,2340 3296,2343 3296,2360 3298,2362 3301,2362 3304,2365 3304,2372 3303,2372 3299,2372 3299,2373 3298,2397 3292,2403 3288,2403 3287,2404 3287,2405 3285,2407 3281,2407 3280,2408 3235,2407 3234,2408 3233,2408 3232,2409 3232,2422 3231,2422 3138,2421 3138,2422 3138,2428 3136,2429 3131,2429 3131,2429 3131,2417 3130,2416 2883,2413 2883,2413 2883,2430 2882,2431 2840,2430 2840,2431 2840,2432 2839,2432 2669,2430 2669,2430 2669,2437 2668,2438"/><TextEquiv><Unicode/></TextEquiv><TextEquiv index="1"><Unicode>notre ſituation? En vérité, vous êtes</Unicode></TextEquiv></TextLine><TextLine id="l15"><Coords points="3209,2607 3208,2607 3209,2590 3208,2589 2949,2586 2948,2584 2948,2580 2947,2580 2715,2577 2711,2572 2711,2570 2710,2570 1273,2551 1272,2551 1272,2577 1271,2578 1256,2577 1256,2577 1256,2568 1255,2567 1222,2567 1222,2567 1222,2537 1222,2536 1097,2534 1096,2534 1096,2533 1096,2532 1087,2532 1086,2532 1086,2530 1084,2528 1084,2524 1084,2523 979,2522 978,2521 944,2520 941,2518 942,2510 941,2509 941,2472 943,2470 945,2470 946,2469 948,2469 948,2469 948,2468 949,2467 952,2468 953,2467 1082,2468 1082,2468 1082,2437 1080,2434 1079,2434 1079,2434 1079,2425 1081,2423 1081,2421 1082,2419 1088,2419 1089,2419 1089,2418 1089,2417 1434,2422 1437,2419 1451,2419 1452,2420 1451,2457 1452,2457 2649,2473 2649,2472 2650,2445 2651,2444 2651,2439 2651,2439 2653,2439 2654,2438 2897,2441 2899,2443 2938,2444 2939,2445 2940,2445 2941,2446 2943,2446 2944,2446 2943,2483 2944,2484 3003,2484 3004,2485 3281,2489 3282,2490 3282,2491 3282,2491 3286,2491 3291,2496 3295,2496 3296,2497 3295,2533 3296,2534 3296,2547 3294,2549 3294,2553 3294,2553 3293,2553 3292,2554 3292,2555 3291,2556 3291,2556 3290,2556 3289,2557 3289,2558 3289,2558 3288,2558 3287,2559 3287,2561 3285,2563 3227,2562 3226,2563 3225,2607 3225,2607"/><TextEquiv><Unicode/></TextEquiv><TextEquiv index="1"><Unicode>bien libre; venez avec moi, s'il vous</Unicode></TextEquiv></TextLine><TextLine id="l16"><Coords points="1086,2732 1086,2732 1086,2731 1085,2730 1081,2730 1081,2730 1081,2682 1081,2681 987,2680 986,2679 986,2678 986,2678 948,2677 947,2677 947,2675 943,2671 943,2667 943,2666 942,2666 941,2666 942,2663 938,2659 938,2652 938,2651 940,2651 941,2651 941,2628 941,2627 942,2627 943,2627 943,2626 943,2625 944,2625 945,2625 945,2623 946,2622 951,2623 952,2622 1079,2623 1082,2620 1086,2620 1086,2620 1086,2619 1087,2618 1089,2618 1092,2615 1150,2616 1150,2616 1151,2585 1151,2584 1152,2584 1153,2584 1153,2581 1153,2580 1157,2580 1158,2579 1253,2580 1254,2579 1255,2579 1256,2579 1256,2578 1256,2577 1704,2583 1705,2582 1706,2582 1707,2582 1707,2580 1707,2579 1714,2579 1715,2579 1724,2579 1726,2577 1728,2577 1729,2576 1729,2575 1729,2575 2263,2582 2264,2581 2264,2580 2264,2580 2276,2580 2279,2583 2743,2589 2744,2589 2744,2590 2744,2591 2746,2591 2747,2592 2747,2594 2747,2594 3123,2599 3125,2601 3127,2601 3130,2604 3132,2604 3132,2605 3132,2606 3133,2606 3226,2607 3229,2611 3229,2613 3230,2614 3230,2669 3230,2669 3284,2670 3285,2671 3299,2671 3303,2675 3303,2676 3304,2677 3303,2681 3301,2683 3301,2685 3299,2687 3293,2687 3292,2688 3292,2689 3292,2689 3285,2689 3284,2690 3235,2689 3234,2690 3234,2714 3232,2716 3232,2718 3231,2718 3208,2718 3208,2719 3208,2742 3207,2742 3048,2740 3048,2740 3048,2746 3047,2747 2488,2740 2488,2740 2488,2742 2486,2744 1937,2736 1936,2737 1110,2727 1109,2728 1103,2728 1103,2728 1103,2730 1102,2730 1100,2730 1098,2732"/><TextEquiv><Unicode/></TextEquiv><TextEquiv index="1"><Unicode>plaît. -- Ohl Madame, dit la ſui-</Unicode></TextEquiv></TextLine><TextLine id="l17"><Coords points="2477,2905 2476,2904 2477,2901 2476,2900 2005,2894 2005,2894 2005,2859 2005,2858 1463,2851 1461,2853 1461,2857 1461,2857 1459,2857 1457,2859 1457,2862 1456,2862 1453,2862 1450,2866 1450,2868 1449,2868 1445,2868 1444,2869 1437,2869 1436,2868 1434,2868 1433,2866 1433,2853 1433,2853 1348,2852 1347,2851 1298,2850 1297,2849 1102,2846 1101,2846 1101,2844 1100,2842 1099,2842 1098,2842 1098,2841 1098,2840 1097,2840 1096,2840 1096,2833 1096,2832 975,2831 974,2830 951,2830 950,2829 950,2828 950,2828 949,2827 948,2826 946,2826 945,2826 946,2815 945,2814 945,2786 945,2785 947,2785 948,2785 948,2783 950,2781 950,2780 950,2780 1075,2781 1076,2781 1076,2776 1077,2775 1079,2775 1079,2775 1079,2774 1080,2773 1120,2774 1121,2773 1123,2773 1125,2771 1290,2773 1291,2771 1291,2771 889,2766 888,2765 888,2763 886,2761 886,2756 887,2756 888,2756 888,2755 888,2754 889,2754 895,2754 895,2754 895,2755 896,2756 1306,2761 1306,2762 1306,2764 1308,2766 1308,2768 1309,2768 1921,2776 1921,2776 1922,2743 1923,2742 1923,2740 1923,2739 1925,2739 1927,2737 2007,2738 2008,2737 2025,2738 2026,2739 2027,2739 2028,2739 2028,2741 2028,2742 2029,2742 2030,2742 2030,2743 2030,2744 2495,2750 2496,2751 2496,2752 2497,2753 2817,2757 2818,2758 2818,2785 2819,2786 3158,2790 3159,2791 3211,2792 3213,2795 3213,2803 3213,2803 3279,2804 3281,2806 3284,2806 3285,2807 3286,2807 3287,2808 3287,2809 3287,2809 3288,2809 3289,2810 3289,2811 3289,2811 3291,2811 3292,2812 3292,2816 3292,2816 3298,2816 3299,2817 3299,2819 3301,2821 3301,2829 3302,2830 3301,2852 3303,2854 3303,2864 3303,2864 3302,2864 3301,2865 3301,2867 3300,2868 3298,2868 3297,2869 3297,2871 3294,2873 3292,2873 3289,2877 3289,2878 3288,2878 3282,2878 3280,2880 3279,2880 3279,2881 3279,2882 3277,2883 3108,2881 3108,2881 3108,2896 3107,2897 3003,2895 3003,2896 3003,2897 3002,2897 3000,2897 2998,2899 2997,2899 2997,2900 2997,2901 2995,2902 2987,2902 2987,2903 2987,2904 2986,2904 2769,2901 2769,2902 2768,2908 2768,2908"/><TextEquiv><Unicode/></TextEquiv><TextEquiv index="1"><Unicode>vante, me voilà arrangée pour cette</Unicode></TextEquiv></TextLine><TextLine id="l18"><Coords points="2933,3069 2932,3068 2853,3067 2852,3067 2853,3023 2852,3022 2739,3021 2738,3022 2736,3022 2734,3024 2732,3024 2730,3026 2723,3026 2723,3025 2723,3024 2722,3024 2720,3024 2719,3023 2694,3022 2693,3021 2651,3021 2651,3020 2651,3019 2650,3019 2511,3017 2509,3015 2385,3013 2384,3014 2261,3013 2260,3014 2258,3014 2257,3015 2248,3015 2247,3015 2244,3015 2241,3012 2119,3011 2118,3012 2114,3012 2112,3014 2099,3014 2097,3012 1976,3010 1975,3010 1975,3025 1974,3026 1973,3026 1973,3026 1973,3049 1972,3050 1968,3050 1968,3049 1968,3009 1968,3009 1826,3007 1825,3007 1825,3008 1825,3009 1819,3009 1818,3010 1780,3009 1779,3010 1777,3010 1775,3012 1744,3012 1743,3012 1743,3021 1742,3022 1738,3022 1738,3021 1738,3018 1736,3016 1736,3011 1736,3011 1654,3010 1653,3010 1652,3050 1652,3051 1646,3051 1645,3050 1646,3049 1645,3048 1645,3010 1645,3010 1634,3009 1633,3009 1633,3008 1633,3007 1491,3006 1490,3007 1484,3007 1483,3007 1389,3006 1387,3008 1387,3012 1386,3012 1385,3012 1385,3013 1385,3017 1384,3017 1382,3017 1377,3022 1374,3022 1369,3027 1363,3027 1362,3028 1359,3024 1359,3022 1358,3021 1358,3014 1357,3014 1243,3012 1242,3011 1242,3008 1241,3007 1241,3005 1240,3003 1102,3002 1101,3002 1093,3002 1091,3000 1089,3000 1086,2997 1084,2997 1082,2996 1082,2993 1082,2992 985,2991 983,2989 983,2987 981,2985 952,2985 951,2984 948,2983 946,2981 944,2981 943,2981 943,2970 945,2969 945,2936 945,2935 947,2935 948,2935 948,2934 949,2933 950,2933 953,2931 958,2931 961,2935 965,2935 966,2936 1085,2937 1086,2937 1086,2936 1089,2933 1089,2931 1091,2929 1093,2929 1096,2926 1101,2926 1102,2928 1229,2929 1229,2929 1229,2896 1232,2893 1233,2893 1234,2892 1236,2892 1237,2892 1237,2891 1237,2890 1245,2890 1246,2891 1246,2892 1246,2892 1247,2892 1248,2893 1251,2893 1252,2894 1251,2897 1252,2897 1253,2897 1253,2898 1253,2920 1254,2920 1294,2921 1296,2924 1296,2934 1296,2934 1467,2936 1468,2936 1468,2898 1469,2897 1470,2894 1470,2893 1472,2893 1473,2892 1475,2892 1476,2892 1476,2891 1476,2890 1483,2890 1484,2890 1496,2890 1497,2890 1497,2891 1497,2892 1696,2894 1697,2893 1699,2893 1702,2890 1705,2890 1707,2888 1713,2889 1714,2888 1717,2888 1722,2892 1722,2894 1722,2895 1723,2895 1725,2896 1724,2933 1725,2934 1941,2936 1943,2935 1997,2935 1997,2935 1997,2900 1999,2898 2000,2898 2001,2898 2001,2896 2001,2895 2003,2895 2004,2894 2058,2895 2060,2893 2062,2893 2065,2890 2067,2890 2068,2890 2068,2889 2068,2888 2070,2888 2072,2886 2080,2886 2082,2888 2087,2888 2090,2891 2090,2896 2090,2896 2200,2898 2201,2899 2202,2899 2203,2899 2202,2902 2204,2904 2204,2938 2205,2939 2399,2941 2400,2941 2444,2941 2445,2942 2471,2942 2472,2942 2472,2907 2475,2904 2492,2905 2493,2906 2493,2908 2494,2909 2494,2942 2494,2943 2643,2945 2644,2944 2644,2935 2646,2933 2646,2929 2647,2928 2647,2925 2649,2923 2649,2921 2650,2921 2651,2921 2651,2920 2651,2919 2653,2917 2653,2914 2654,2914 2656,2914 2656,2913 2656,2911 2658,2910 2659,2909 2663,2909 2663,2908 2663,2907 2664,2907 2768,2908 2769,2909 2773,2909 2773,2910 2773,2914 2774,2914 2775,2914 2775,2915 2775,2939 2776,2939 2819,2940 2819,2940 2819,2945 2819,2946 2879,2947 2881,2949 3004,2950 3005,2950 3005,2926 3011,2920 3011,2919 3012,2919 3031,2919 3031,2919 3031,2928 3033,2930 3033,2954 3033,2955 3074,2955 3077,2958 3195,2960 3196,2959 3209,2959 3210,2960 3220,2960 3224,2964 3224,2965 3224,2965 3298,2966 3301,2969 3301,2971 3301,2971 3302,2971 3303,2972 3303,2980 3302,2981 3301,3027 3294,3033 3291,3033 3290,3034 3289,3034 3289,3035 3289,3036 3288,3036 3277,3036 3276,3035 3124,3033 3124,3032 3124,3031 3123,3031 3122,3031 3121,3030 2971,3028 2970,3029 2968,3029 2966,3031 2961,3031 2961,3031 2960,3068 2960,3069 2935,3069 2934,3070"/><TextEquiv><Unicode/></TextEquiv><TextEquiv index="1"><Unicode>nuit; Mademoiſelle m'a fait place:</Unicode></TextEquiv></TextLine><TextLine id="l19"><Coords points="3048,3229 3046,3227 3044,3227 3043,3226 3043,3225 3043,3225 3041,3225 3040,3224 3038,3224 3036,3222 3037,3199 3036,3199 2981,3198 2981,3198 2981,3186 2980,3185 2907,3184 2907,3184 2907,3183 2906,3182 2789,3181 2787,3179 2785,3179 2784,3178 2567,3175 2566,3174 2564,3174 2563,3173 2377,3170 2377,3171 2377,3175 2376,3176 2376,3177 2375,3177 2374,3177 2374,3178 2374,3182 2372,3184 2372,3186 2370,3187 2368,3187 2367,3189 2365,3191 2365,3193 2364,3193 2362,3193 2357,3198 2342,3198 2340,3195 2340,3169 2340,3169 2166,3166 2165,3167 2094,3167 2093,3167 2018,3167 2016,3168 1933,3166 1931,3167 1925,3167 1923,3169 1919,3169 1918,3168 1838,3167 1836,3165 1836,3163 1834,3161 1834,3154 1834,3153 1833,3153 1832,3153 1832,3152 1831,3151 1831,3150 1831,3149 1675,3147 1674,3148 1674,3155 1674,3155 1673,3155 1669,3158 1669,3159 1669,3160 1668,3160 1667,3160 1667,3161 1667,3162 1660,3162 1659,3163 1655,3163 1652,3165 1593,3164 1592,3164 1591,3205 1591,3206 1578,3206 1577,3207 1576,3207 1575,3206 1576,3168 1575,3168 1506,3167 1504,3165 1500,3165 1499,3164 1404,3162 1403,3161 1292,3160 1291,3159 1095,3156 1094,3155 1087,3155 1086,3155 1086,3154 1086,3153 1085,3153 1084,3153 1084,3152 1084,3151 1083,3151 1082,3151 1082,3146 1082,3145 951,3144 949,3142 946,3141 945,3141 945,3132 943,3130 944,3107 943,3106 943,3104 941,3102 941,3096 943,3094 943,3091 945,3089 945,3087 949,3084 950,3084 952,3082 954,3082 955,3080 955,3079 956,3079 981,3079 982,3080 1139,3082 1139,3082 1139,3055 1141,3053 1141,3049 1145,3045 1267,3047 1268,3046 1268,3043 1268,3043 1270,3043 1272,3041 1274,3041 1276,3039 1279,3039 1280,3038 1295,3038 1296,3039 1302,3039 1304,3041 1306,3041 1308,3043 1310,3043 1314,3047 1314,3048 1315,3050 1315,3087 1315,3087 1437,3089 1438,3088 1510,3089 1511,3088 1644,3090 1645,3089 1645,3051 1646,3051 1652,3051 1652,3051 1652,3052 1653,3053 1653,3055 1657,3059 1657,3062 1659,3064 1659,3090 1659,3091 1815,3093 1817,3091 1868,3092 1869,3091 1877,3091 1878,3092 2081,3094 2082,3094 2082,3085 2083,3084 2092,3084 2093,3085 2095,3086 2095,3086 2095,3092 2095,3093 2234,3094 2235,3093 2252,3094 2255,3096 2255,3098 2257,3100 2256,3132 2257,3133 2257,3136 2259,3138 2259,3144 2260,3145 2471,3147 2471,3147 2472,3115 2473,3113 2486,3114 2487,3113 2487,3087 2489,3085 2489,3069 2490,3069 2492,3069 2494,3067 2496,3067 2499,3064 2515,3064 2515,3065 2515,3067 2516,3067 2517,3067 2517,3068 2517,3099 2517,3099 2562,3100 2563,3101 2713,3103 2714,3104 2848,3105 2849,3105 2849,3070 2850,3069 2852,3069 2852,3069 2852,3068 2853,3067 2873,3068 2874,3069 2876,3069 2876,3069 2876,3097 2876,3098 2916,3098 2919,3101 2919,3108 2919,3108 3059,3110 3060,3111 3188,3113 3189,3112 3189,3110 3189,3110 3195,3110 3196,3110 3196,3114 3196,3115 3214,3115 3215,3116 3215,3117 3215,3117 3217,3117 3220,3120 3224,3120 3225,3121 3225,3122 3225,3122 3226,3122 3227,3123 3227,3124 3227,3124 3228,3124 3229,3125 3230,3125 3234,3129 3234,3131 3234,3131 3235,3131 3237,3133 3237,3134 3238,3135 3296,3136 3297,3138 3297,3140 3299,3142 3299,3156 3299,3156 3297,3156 3296,3157 3296,3158 3296,3158 3295,3158 3294,3159 3294,3161 3293,3162 3280,3162 3279,3163 3277,3163 3273,3167 3238,3166 3237,3167 3237,3168 3236,3169 3236,3171 3234,3173 3234,3175 3229,3180 3229,3182 3228,3182 3226,3182 3225,3184 3224,3185 3224,3187 3223,3187 3219,3187 3215,3191 3073,3189 3073,3190 3072,3227 3072,3227 3070,3227 3068,3229"/><TextEquiv><Unicode/></TextEquiv><TextEquiv index="1"><Unicode>nainſi nous verrons, la nuit pro-</Unicode></TextEquiv></TextLine><TextLine id="l20"><Coords points="1575,3361 1574,3360 1574,3357 1574,3357 1256,3353 1255,3352 1254,3352 1253,3350 1253,3332 1252,3332 1120,3330 1120,3329 1120,3322 1119,3322 869,3318 869,3318 870,3317 870,3316 870,3316 919,3316 920,3316 921,3199 922,3198 1144,3201 1144,3201 1145,3199 1145,3198 1152,3198 1153,3198 1153,3197 1153,3196 1711,3204 1712,3203 1727,3203 1729,3205 1808,3206 1808,3206 1808,3207 1809,3208 2754,3220 2754,3221 2754,3223 2756,3225 2756,3260 2756,3260 2794,3261 2795,3261 2795,3262 2795,3263 2849,3263 2850,3264 2880,3265 2885,3270 3071,3272 3072,3273 3071,3316 3072,3316 3075,3316 3076,3318 3076,3364 3076,3364 3077,3364 3078,3365 3077,3366 3077,3366 2887,3364 2886,3364 2886,3365 2885,3366 2885,3367 2885,3368 2683,3365 2682,3366 2682,3371 2680,3373 2673,3373 2671,3375"/><TextEquiv><Unicode/></TextEquiv><TextEquiv index="1"><Unicode>nchaine, à ſuivre un autre plann.</Unicode></TextEquiv></TextLine><TextLine id="l21"><Coords points="3255,3544 3254,3543 3254,3529 3254,3529 2967,3525 2966,3525 2966,3526 2965,3528 2910,3527 2909,3528 2909,3534 2907,3536 2896,3536 2895,3536 2895,3531 2895,3530 2740,3528 2739,3527 2739,3521 2739,3521 2705,3521 2704,3520 2705,3494 2704,3494 2362,3489 2362,3490 2362,3502 2361,3502 2303,3501 2303,3502 2302,3517 2301,3518 2289,3518 2286,3521 2286,3523 2286,3523 2284,3523 2283,3524 2283,3525 2283,3525 2031,3522 2030,3523 2012,3522 2011,3521 1744,3518 1743,3517 1744,3504 1743,3504 1740,3504 1739,3503 1470,3499 1469,3498 1469,3480 1468,3479 1349,3478 1348,3477 1200,3475 1199,3473 1199,3467 1199,3467 1161,3466 1159,3464 1088,3463 1086,3461 1075,3461 1074,3461 1074,3457 1074,3456 870,3454 869,3453 869,3452 870,3452 1074,3454 1074,3454 1074,3450 1074,3449 1060,3449 1058,3447 1058,3446 1060,3445 1078,3445 1078,3445 1079,3372 1080,3371 1081,3371 1081,3371 1081,3359 1082,3358 1084,3358 1084,3358 1084,3355 1085,3354 1089,3354 1091,3352 1099,3353 1100,3352 1316,3354 1316,3355 1316,3357 1318,3358 1603,3362 1605,3360 1605,3359 1606,3358 1648,3359 1649,3358 1665,3358 1665,3358 1665,3359 1668,3362 2024,3367 2026,3365 2231,3367 2232,3368 2235,3368 2236,3369 2536,3373 2536,3373 2536,3372 2537,3371 2547,3371 2548,3372 2551,3373 2551,3373 2551,3374 2552,3375 2553,3375 2557,3379 2829,3382 2833,3378 2835,3378 2836,3377 2839,3377 2841,3375 3085,3379 3086,3378 3091,3378 3091,3378 3091,3379 3092,3380 3094,3380 3099,3385 3120,3385 3122,3387 3125,3387 3127,3389 3129,3389 3129,3390 3129,3392 3131,3394 3131,3397 3132,3398 3132,3418 3132,3418 3259,3420 3260,3420 3260,3422 3262,3425 3265,3425 3266,3426 3272,3426 3273,3426 3273,3427 3273,3428 3281,3428 3282,3429 3282,3430 3282,3430 3283,3430 3284,3431 3283,3452 3284,3452 3311,3452 3311,3453 3311,3455 3313,3457 3313,3458 3315,3460 3315,3471 3313,3473 3313,3478 3313,3478 3312,3478 3311,3479 3311,3480 3309,3481 3282,3481 3282,3482 3282,3497 3281,3497 3277,3497 3275,3499 3275,3501 3274,3502 3269,3502 3269,3502 3268,3543 3268,3544"/><TextEquiv><Unicode/></TextEquiv><TextEquiv index="1"><Unicode>Madame d'Amainville m'accabla d'ex-</Unicode></TextEquiv></TextLine><TextLine id="l22"><Coords points="1458,3672 1457,3672 1457,3663 1457,3662 1326,3661 1325,3660 1326,3654 1325,3653 868,3648 867,3646 867,3645 868,3646 869,3645 1325,3650 1326,3650 1325,3649 1116,3647 1115,3645 1115,3623 1114,3623 964,3621 964,3620 964,3618 962,3616 950,3616 948,3614 948,3610 947,3609 947,3604 946,3603 944,3602 943,3602 944,3579 943,3578 943,3577 943,3576 944,3576 945,3576 945,3572 946,3571 946,3570 947,3569 947,3564 948,3563 948,3559 948,3559 949,3559 950,3558 950,3557 950,3557 951,3557 952,3556 952,3550 953,3549 957,3549 959,3547 964,3547 966,3545 970,3545 971,3544 971,3543 971,3543 1073,3544 1074,3543 1075,3543 1076,3543 1076,3539 1077,3538 1077,3533 1079,3531 1079,3524 1081,3522 1081,3520 1082,3519 1082,3518 1084,3516 1084,3515 1085,3514 1086,3514 1088,3512 1088,3508 1089,3507 1091,3507 1092,3506 1094,3506 1096,3504 1097,3504 1098,3504 1098,3503 1099,3502 1107,3502 1108,3502 1108,3503 1110,3506 1119,3506 1120,3507 1473,3511 1474,3512 1476,3512 1477,3513 2976,3533 2976,3534 2976,3538 2979,3540 3268,3544 3268,3544 3268,3547 3269,3548 3300,3548 3306,3554 3308,3554 3310,3557 3309,3603 3310,3604 3310,3611 3308,3613 3308,3643 3307,3643 3306,3643 3306,3644 3306,3652 3305,3652 3304,3652 3303,3654 3303,3655 3302,3655 3298,3655 3296,3657 3287,3657 3284,3660 3282,3660 3282,3661 3282,3662 3281,3662 3225,3661 3225,3662 3224,3685 3223,3686 3090,3685 3089,3685 3089,3687 3089,3688 3084,3688 3083,3689 2937,3687 2936,3687 2936,3690 2936,3691 1503,3672 1502,3673"/><TextEquiv><Unicode/></TextEquiv><TextEquiv index="1"><Unicode>cuſes &amp; de remerciemens pour la bonté</Unicode></TextEquiv></TextLine><TextLine id="l23"><Coords points="2370,3842 2369,3842 2369,3838 2369,3837 2274,3836 2273,3835 1696,3827 1695,3827 1695,3826 1695,3825 1199,3819 1198,3818 1198,3817 1198,3817 1195,3817 1194,3816 1194,3811 1194,3811 981,3808 980,3807 975,3807 974,3806 974,3805 974,3800 973,3800 961,3800 960,3798 960,3791 959,3791 952,3791 952,3790 952,3769 952,3769 950,3769 948,3767 948,3757 947,3756 947,3750 947,3750 946,3750 945,3749 945,3747 945,3747 944,3747 943,3746 943,3744 941,3742 942,3679 942,3678 936,3678 935,3678 935,3677 936,3676 1201,3680 1201,3679 1201,3678 1203,3676 1203,3672 1204,3672 1237,3672 1237,3672 1237,3671 896,3667 895,3666 897,3665 1688,3675 1691,3672 1708,3673 1709,3672 1889,3674 1891,3672 2111,3675 2114,3672 2128,3672 2129,3671 2329,3674 2329,3673 2329,3671 2330,3671 2406,3672 2407,3673 2407,3681 2408,3682 3259,3693 3260,3694 3260,3695 3261,3696 3262,3696 3264,3698 3266,3698 3267,3699 3267,3701 3268,3702 3268,3704 3269,3705 3270,3705 3270,3705 3270,3740 3270,3741 3282,3741 3284,3743 3286,3743 3288,3745 3292,3745 3293,3746 3294,3746 3295,3747 3294,3750 3295,3750 3297,3750 3297,3751 3297,3754 3299,3756 3299,3793 3299,3793 3303,3793 3308,3798 3308,3804 3306,3806 3306,3812 3305,3812 3303,3812 3302,3813 3300,3813 3298,3815 3229,3814 3228,3815 3207,3815 3207,3816 3206,3839 3206,3839 3092,3838 3091,3838 3091,3840 3091,3841 3090,3841 3089,3841 3089,3842 3089,3843 3084,3843 3083,3843 3083,3844 3082,3845 3082,3846 3080,3848 2667,3843 2666,3844 2380,3840 2379,3841 2379,3842 2379,3842"/><TextEquiv><Unicode/></TextEquiv><TextEquiv index="1"><Unicode>que j'avois de ſouffrir dans mon lit ſa</Unicode></TextEquiv></TextLine><TextLine id="l24"><Coords points="2829,4008 2828,4008 2828,4005 2828,4004 2779,4004 2776,4001 2776,3996 2776,3996 2686,3994 2685,3993 2445,3990 2444,3991 2440,3991 2439,3992 2439,3999 2439,3999 2423,3999 2422,3998 2422,3993 2422,3993 2109,3989 2108,3988 2108,3987 2108,3987 2093,3987 2092,3986 1897,3983 1896,3983 1896,3988 1896,3989 1849,3988 1848,3989 1848,3990 1848,3990 1832,3990 1831,3990 1831,3988 1831,3987 1653,3985 1652,3984 1652,3978 1652,3978 1557,3977 1555,3975 1556,3957 1555,3957 1547,3956 1547,3956 1547,3953 1546,3952 1349,3950 1349,3950 1348,3983 1348,3984 1331,3984 1330,3983 1330,3967 1330,3967 1298,3966 1296,3965 1297,3963 1296,3962 1296,3941 1295,3940 1229,3939 1229,3939 1229,3938 1228,3937 1163,3936 1162,3935 1047,3934 1045,3932 1043,3932 1041,3930 1039,3930 1038,3928 1038,3927 1037,3927 1036,3927 1035,3926 945,3925 944,3923 943,3923 941,3920 939,3920 938,3920 939,3828 939,3827 937,3827 936,3827 936,3818 937,3817 938,3817 938,3817 938,3813 939,3812 943,3813 943,3812 943,3810 944,3810 965,3810 967,3812 974,3812 975,3813 977,3813 979,3815 1017,3815 1017,3816 1017,3817 1018,3817 1021,3818 1021,3818 1021,3823 1022,3824 1022,3857 1022,3858 1061,3858 1062,3859 1126,3860 1127,3861 1154,3861 1155,3862 1227,3863 1229,3865 1424,3868 1425,3867 1431,3867 1432,3866 1432,3827 1433,3827 1435,3827 1437,3825 1440,3825 1441,3824 1452,3824 1457,3829 1641,3832 1642,3831 1644,3831 1648,3827 1698,3827 1698,3828 1698,3864 1698,3864 1893,3867 1894,3866 1894,3822 1895,3822 1897,3822 1898,3821 1898,3818 1899,3817 1954,3818 1954,3818 1954,3846 1955,3847 2032,3848 2032,3848 2032,3860 2035,3863 2035,3864 2035,3865 2037,3865 2039,3866 2039,3878 2039,3879 2258,3882 2259,3881 2259,3880 2260,3879 2284,3879 2285,3879 2285,3854 2286,3853 2365,3854 2365,3854 2365,3848 2367,3846 2367,3844 2369,3842 2379,3842 2380,3841 2381,3841 2381,3842 2381,3843 2382,3843 2386,3843 2386,3844 2386,3847 2387,3847 2646,3851 2646,3850 2646,3848 2651,3844 2668,3844 2668,3845 2668,3846 2669,3846 2670,3846 2670,3847 2670,3876 2670,3876 2710,3877 2711,3877 2711,3878 2711,3879 2713,3879 2715,3880 2715,3882 2715,3883 2794,3884 2797,3887 2823,3887 2824,3888 3073,3891 3074,3891 3074,3890 3076,3888 3076,3887 3077,3886 3077,3885 3077,3884 3081,3884 3082,3884 3207,3885 3208,3885 3208,3875 3208,3874 3212,3874 3215,3877 3215,3878 3215,3878 3383,3880 3385,3882 3385,3889 3384,3889 3377,3889 3377,3890 3377,3894 3376,3894 3311,3894 3311,3894 3310,3966 3309,3966 3308,3966 3308,3967 3308,3968 3307,3968 3306,3968 3306,3969 3306,3971 3304,3972 3299,3972 3298,3973 3296,3973 3296,3974 3296,3975 3295,3975 3293,3975 3293,3976 3293,3977 3292,3977 3195,3976 3195,3976 3194,3996 3194,3997 3132,3996 3131,3997 3131,3999 3131,3999 3129,3999 3127,4001 3125,3999 2836,3995 2835,3996 2835,4006 2835,4006 2834,4006 2833,4007 2833,4008 2833,4008"/><TextEquiv><Unicode/></TextEquiv><TextEquiv index="1"><Unicode>Femme de chambre, qui étoit pourtant</Unicode></TextEquiv></TextLine><TextLine id="l25"><Coords points="2763,4163 2762,4163 2762,4160 2762,4159 1678,4145 1677,4145 1677,4143 1677,4142 1675,4142 1674,4142 1674,4141 1674,4140 1648,4140 1647,4139 1625,4138 1622,4135 1175,4130 1174,4129 1174,4127 1172,4125 1173,4091 1172,4091 1063,4089 1061,4087 1057,4087 1056,4086 998,4085 998,4085 998,4084 997,4083 940,4082 940,4082 940,4081 939,4080 938,4080 938,4080 938,4050 938,4049 913,4049 912,4049 912,4043 912,4042 910,4042 909,4042 907,4040 908,4038 908,4037 935,4037 936,4037 936,4019 936,4018 937,4018 938,4018 938,4014 943,4009 944,4009 945,4008 945,3997 946,3997 947,3997 947,3996 947,3992 948,3991 948,3982 949,3982 950,3982 950,3981 950,3977 951,3977 953,3977 955,3974 955,3972 962,3966 964,3966 965,3965 986,3965 987,3966 991,3966 991,3967 991,3971 993,3972 995,3972 995,3973 995,3977 997,3978 2033,3992 2035,3994 2439,3999 2440,4000 2607,4002 2608,4003 2816,4006 2816,4007 2816,4008 2817,4008 2833,4008 2833,4009 2833,4043 2833,4043 3293,4049 3294,4050 3294,4051 3295,4052 3294,4068 3295,4068 3296,4068 3296,4069 3296,4071 3297,4072 3297,4091 3298,4092 3298,4114 3298,4114 3299,4114 3301,4116 3303,4116 3304,4117 3304,4127 3305,4128 3302,4130 3299,4130 3297,4132 3234,4132 3233,4133 3068,4130 3067,4131 3067,4154 3067,4154 2996,4153 2995,4154 2995,4155 2993,4157 2891,4156 2890,4157 2881,4157 2879,4159 2767,4157 2766,4158 2766,4163 2766,4163"/><TextEquiv><Unicode/></TextEquiv><TextEquiv index="1"><Unicode>fort jolie, quoiqu'elle eût la figure un</Unicode></TextEquiv></TextLine><TextLine id="l26"><Coords points="3254,4332 3254,4331 3254,4290 3254,4290 3233,4290 3232,4291 3147,4289 3146,4290 3146,4322 3144,4324 3144,4326 3141,4328 3116,4328 3113,4324 3113,4317 3113,4317 3101,4317 3100,4316 3100,4313 3100,4313 3066,4312 3065,4312 3065,4285 3065,4284 3036,4284 3035,4285 3022,4285 3020,4283 3018,4283 3017,4282 2968,4281 2967,4282 2967,4309 2967,4309 2962,4309 2959,4306 2959,4281 2959,4281 2944,4281 2943,4280 2913,4279 2912,4278 2800,4277 2800,4277 2799,4283 2798,4285 2760,4284 2759,4285 2759,4305 2757,4307 2691,4306 2690,4307 2683,4307 2680,4310 2680,4312 2680,4312 2662,4312 2661,4312 2661,4283 2661,4282 2582,4281 2580,4283 2579,4282 2579,4281 2579,4281 2549,4281 2548,4280 2549,4277 2548,4277 2544,4277 2543,4275 2542,4275 2541,4274 2532,4274 2532,4274 2532,4272 2529,4269 2523,4269 2523,4270 2522,4300 2522,4300 2518,4300 2517,4300 2518,4270 2517,4269 2446,4268 2446,4269 2446,4271 2445,4271 2438,4271 2436,4273 2355,4272 2355,4273 2355,4274 2354,4274 2351,4274 2351,4274 2351,4275 2350,4276 2342,4276 2340,4274 2336,4274 2333,4271 2331,4271 2331,4270 2331,4269 2330,4269 2329,4269 2329,4268 2329,4267 2328,4267 2327,4266 2326,4266 2326,4265 2326,4261 2325,4261 2265,4260 2265,4260 2264,4299 2264,4300 2262,4300 2261,4299 2262,4260 2261,4260 2242,4260 2242,4260 2242,4262 2240,4264 2240,4265 2238,4266 2190,4266 2189,4267 2187,4267 2185,4269 2175,4269 2173,4267 2087,4266 2086,4267 2058,4266 2058,4267 2058,4269 2057,4269 2046,4269 2044,4271 2035,4271 2035,4270 2035,4269 2034,4269 2030,4269 2028,4267 2027,4267 2026,4266 2024,4266 2023,4265 1918,4263 1915,4266 1844,4265 1843,4266 1826,4266 1824,4264 1820,4264 1820,4264 1820,4263 1819,4262 1747,4261 1746,4260 1662,4259 1660,4261 1622,4260 1621,4261 1615,4261 1614,4262 1598,4262 1597,4261 1592,4261 1590,4259 1590,4258 1589,4257 1588,4257 1588,4256 1588,4255 1587,4255 1585,4255 1585,4254 1585,4252 1584,4252 1583,4252 1582,4251 1497,4250 1497,4250 1497,4251 1496,4252 1495,4252 1495,4252 1495,4253 1494,4254 1493,4254 1492,4255 1489,4255 1488,4256 1488,4258 1485,4261 1476,4261 1475,4262 1470,4261 1465,4256 1327,4255 1324,4252 1241,4250 1241,4251 1241,4253 1239,4254 1229,4254 1227,4252 1227,4251 1226,4250 1210,4250 1209,4249 1207,4249 1206,4247 1206,4246 1205,4246 1094,4245 1093,4246 972,4244 972,4244 971,4275 971,4276 960,4276 957,4278 957,4280 957,4281 955,4281 953,4283 951,4283 949,4285 942,4285 941,4286 938,4285 937,4284 882,4284 881,4283 881,4281 882,4281 940,4282 940,4281 941,4258 942,4257 943,4257 944,4256 945,4182 942,4180 941,4180 940,4178 940,4169 940,4168 941,4169 943,4167 943,4166 943,4166 949,4166 950,4165 950,4164 950,4164 958,4164 959,4163 959,4162 959,4162 964,4162 966,4164 985,4164 986,4165 986,4166 986,4166 987,4166 988,4167 1045,4168 1048,4171 1050,4171 1051,4172 1123,4173 1125,4174 1125,4175 1125,4176 1209,4177 1211,4176 1211,4173 1213,4171 1213,4164 1215,4162 1215,4158 1215,4157 1216,4157 1217,4157 1217,4153 1220,4150 1220,4148 1221,4147 1222,4147 1222,4147 1222,4146 1223,4145 1223,4144 1225,4142 1227,4142 1227,4142 1227,4141 1231,4137 1237,4137 1237,4137 1237,4136 1238,4135 1240,4135 1242,4133 1247,4134 1247,4133 1247,4132 1248,4132 1249,4132 1250,4131 1257,4131 1259,4133 1261,4133 1266,4138 1268,4138 1268,4138 1268,4139 1269,4140 1271,4140 1273,4142 1275,4142 1277,4144 1277,4146 1279,4148 1279,4151 1280,4152 1282,4152 1282,4152 1282,4154 1285,4158 1285,4160 1289,4164 1289,4166 1292,4169 1292,4181 1292,4181 1369,4182 1370,4182 1370,4143 1371,4142 1373,4142 1373,4142 1373,4141 1374,4140 1375,4140 1375,4140 1375,4139 1376,4138 1380,4138 1381,4137 1395,4137 1396,4138 1397,4138 1397,4139 1397,4181 1397,4181 1487,4183 1492,4188 1494,4188 1495,4188 1495,4189 1495,4190 1496,4190 1497,4190 1497,4192 1497,4193 1500,4193 1501,4193 1500,4195 1504,4199 1504,4201 1506,4203 1585,4204 1585,4203 1586,4175 1588,4173 1588,4171 1588,4171 1589,4171 1590,4171 1590,4169 1591,4168 1591,4164 1592,4162 1596,4162 1602,4157 1619,4157 1619,4158 1619,4159 1622,4162 1627,4162 1632,4168 1633,4168 1635,4169 1635,4172 1636,4173 1636,4177 1636,4178 1637,4178 1638,4178 1638,4182 1638,4183 1680,4183 1681,4184 1681,4187 1681,4187 1781,4189 1782,4188 1783,4188 1784,4187 1960,4189 1961,4188 1961,4177 1963,4175 1963,4171 1963,4171 1964,4171 1965,4170 1965,4168 1966,4167 1966,4165 1970,4161 1970,4157 1971,4157 1972,4157 1972,4157 1972,4155 1973,4154 1973,4152 1976,4149 1990,4149 1991,4150 2074,4151 2075,4150 2075,4148 2076,4147 2087,4148 2087,4147 2087,4145 2088,4145 2095,4145 2097,4147 2099,4147 2099,4147 2099,4191 2099,4192 2192,4193 2193,4193 2193,4195 2194,4197 2195,4197 2197,4199 2202,4199 2204,4202 2204,4204 2205,4205 2205,4207 2206,4207 2207,4207 2207,4208 2207,4214 2208,4214 2209,4214 2209,4215 2209,4235 2210,4235 2238,4235 2240,4238 2240,4239 2240,4240 2327,4241 2328,4240 2338,4240 2339,4239 2340,4162 2341,4161 2341,4159 2342,4159 2343,4159 2343,4158 2343,4157 2344,4157 2389,4157 2389,4158 2389,4160 2391,4162 2391,4198 2391,4198 2446,4199 2451,4204 2537,4205 2538,4204 2540,4204 2542,4202 2544,4202 2546,4201 2546,4199 2546,4199 2615,4199 2616,4199 2616,4192 2618,4190 2618,4188 2620,4186 2620,4184 2620,4183 2621,4184 2622,4183 2622,4180 2623,4179 2623,4178 2623,4178 2626,4178 2627,4177 2627,4175 2629,4173 2631,4173 2632,4172 2632,4171 2632,4171 2633,4171 2634,4170 2634,4168 2634,4168 2650,4168 2651,4168 2651,4192 2651,4193 2680,4193 2682,4195 2682,4196 2682,4196 2706,4197 2708,4199 2712,4199 2714,4201 2715,4201 2717,4203 2760,4203 2761,4203 2761,4164 2762,4163 2766,4163 2766,4164 2766,4203 2766,4203 2850,4205 2851,4204 2927,4205 2928,4204 2932,4204 2933,4203 2933,4164 2934,4164 2935,4164 2935,4163 2935,4162 2936,4162 2945,4162 2946,4161 2953,4161 2955,4163 2955,4167 2955,4168 2994,4168 2995,4169 2995,4173 2997,4175 2996,4208 2997,4208 3126,4210 3127,4209 3156,4210 3157,4209 3160,4209 3160,4209 3160,4210 3161,4211 3306,4212 3306,4213 3306,4214 3307,4214 3308,4214 3308,4215 3308,4216 3309,4217 3310,4217 3310,4217 3310,4228 3309,4229 3309,4230 3308,4231 3308,4234 3307,4235 3306,4286 3304,4288 3293,4288 3292,4289 3292,4290 3292,4290 3281,4290 3280,4291 3280,4332 3279,4332"/><TextEquiv><Unicode/></TextEquiv><TextEquiv index="1"><Unicode>peu ſèche &amp; revêche. Je répondis par</Unicode></TextEquiv></TextLine><TextLine id="l27"><Coords points="3181,4485 3181,4484 3181,4482 3180,4482 3100,4481 3099,4480 1816,4463 1815,4462 1815,4458 1815,4458 1302,4451 1301,4450 1294,4450 1290,4446 1217,4445 1216,4445 1217,4408 1216,4407 1181,4407 1180,4405 1180,4404 1179,4404 1141,4403 1139,4401 1066,4400 1062,4396 1060,4396 1059,4395 1057,4395 1056,4394 1014,4393 1012,4391 947,4391 946,4390 941,4390 940,4388 940,4387 939,4387 938,4386 938,4386 938,4375 939,4374 940,4375 940,4374 940,4369 941,4369 944,4369 944,4368 945,4336 945,4336 946,4336 947,4335 947,4331 948,4330 948,4325 951,4322 959,4322 960,4321 969,4321 971,4319 1262,4323 1263,4322 1263,4317 1263,4317 1264,4317 1265,4316 1265,4312 1266,4311 1266,4308 1270,4304 1270,4302 1272,4300 1272,4297 1273,4297 1278,4297 1282,4293 1284,4293 1284,4293 1284,4292 1284,4291 882,4286 881,4285 881,4284 882,4284 1520,4292 1521,4291 1525,4291 1527,4293 1531,4293 1531,4294 1531,4296 1533,4298 1533,4299 1534,4299 2903,4317 2904,4319 2904,4322 2905,4323 2905,4327 2905,4327 3280,4332 3282,4334 3282,4336 3284,4338 3284,4343 3289,4348 3291,4348 3292,4349 3292,4353 3294,4355 3294,4356 3295,4357 3294,4374 3295,4374 3301,4374 3301,4375 3301,4379 3303,4381 3303,4419 3303,4419 3308,4420 3310,4421 3310,4426 3311,4427 3311,4433 3312,4434 3311,4459 3312,4460 3335,4460 3337,4462 3337,4466 3337,4467 3188,4465 3187,4465 3187,4480 3186,4481 3186,4484 3185,4485"/><TextEquiv><Unicode/></TextEquiv><TextEquiv index="1"><Unicode>monoſyllabes, comme une perſonne à</Unicode></TextEquiv></TextLine><TextLine id="l28"><Coords points="2860,4640 2859,4639 2848,4639 2848,4638 2848,4635 2847,4635 2142,4625 2141,4624 1803,4620 1802,4619 1724,4618 1723,4617 1620,4615 1619,4615 1619,4609 1619,4608 1297,4604 1296,4604 1296,4601 1296,4600 1233,4599 1232,4598 1110,4597 1109,4596 1104,4596 1103,4595 1103,4576 1103,4576 1020,4575 1019,4574 1020,4564 1019,4564 873,4562 873,4561 873,4560 873,4560 1019,4562 1020,4561 1020,4549 1019,4549 997,4548 995,4546 993,4546 993,4546 993,4545 992,4544 941,4544 941,4543 941,4531 946,4526 947,4479 949,4477 952,4477 955,4474 971,4474 973,4472 1026,4473 1027,4472 1027,4462 1027,4462 1114,4463 1115,4462 1115,4452 1117,4450 1117,4448 1125,4441 2347,4457 2348,4456 2353,4456 2354,4455 2362,4455 2362,4456 2362,4469 2362,4469 2607,4472 2608,4473 2608,4474 2608,4474 2610,4474 2612,4476 2684,4477 2685,4478 3185,4485 3186,4486 3190,4486 3191,4486 3191,4487 3191,4488 3234,4489 3239,4493 3239,4509 3240,4510 3239,4524 3240,4525 3280,4525 3280,4526 3280,4527 3281,4527 3285,4527 3286,4528 3311,4529 3311,4529 3311,4531 3312,4532 3313,4532 3313,4532 3313,4581 3315,4583 3315,4585 3316,4586 3315,4589 3313,4591 3313,4595 3313,4596 3309,4596 3306,4598 3306,4599 3306,4600 3304,4599 3302,4601 3255,4601 3254,4601 3254,4616 3254,4617 3235,4617 3234,4618 3233,4618 3232,4618 3232,4621 3232,4622 3231,4622 3230,4622 3230,4632 3227,4635 3227,4637 3226,4637 2933,4634 2933,4634 2933,4636 2932,4637 2897,4636 2896,4637 2864,4637 2864,4637 2864,4639 2863,4640"/><TextEquiv><Unicode/></TextEquiv><TextEquiv index="1"><Unicode>moitié endormie, afin de m'épargner la</Unicode></TextEquiv></TextLine><TextLine id="l29"><Coords points="1948,4797 1947,4795 1947,4790 1946,4790 1905,4789 1904,4788 1904,4783 1903,4782 1902,4782 1901,4781 1901,4779 1900,4778 1887,4778 1887,4777 1887,4776 1886,4776 1884,4776 1884,4775 1884,4773 1883,4773 1352,4766 1351,4766 1351,4777 1350,4778 1346,4778 1345,4776 1345,4770 1344,4770 1088,4766 1088,4766 1088,4759 1088,4758 1019,4758 1017,4756 1017,4753 1017,4753 907,4751 905,4750 906,4657 905,4656 905,4654 906,4653 944,4654 944,4653 945,4637 945,4637 946,4637 947,4636 947,4632 948,4631 948,4627 948,4627 949,4627 950,4626 950,4622 952,4620 952,4615 953,4614 953,4612 955,4610 955,4606 956,4606 957,4606 957,4605 957,4603 959,4601 959,4596 960,4595 960,4593 969,4585 970,4586 990,4586 991,4587 994,4587 998,4592 998,4594 999,4594 1109,4596 1110,4597 1138,4597 1138,4598 1138,4600 1139,4600 1451,4604 1453,4606 1454,4606 1454,4607 1454,4608 1455,4608 1456,4608 1457,4609 1493,4610 1494,4611 1498,4611 1501,4614 1688,4616 1688,4617 1730,4618 1731,4619 2180,4625 2181,4626 2576,4631 2577,4630 2577,4621 2578,4621 2639,4622 2639,4622 2639,4626 2639,4627 2641,4627 2642,4627 2642,4635 2642,4636 2859,4639 2860,4640 2944,4641 2945,4642 2947,4642 2948,4643 3236,4647 3237,4647 3237,4651 3238,4653 3243,4653 3246,4656 3248,4656 3250,4658 3253,4658 3256,4661 3257,4661 3259,4663 3261,4663 3263,4665 3263,4667 3264,4668 3265,4668 3265,4668 3265,4671 3266,4672 3319,4673 3320,4674 3320,4677 3322,4679 3322,4727 3323,4728 3323,4730 3325,4732 3325,4738 3326,4739 3325,4744 3323,4746 3323,4748 3321,4751 3317,4751 3315,4752 3315,4753 3315,4754 3312,4754 3311,4754 3311,4755 3311,4756 3306,4756 3305,4757 3302,4756 3300,4758 3245,4758 3244,4758 3244,4760 3244,4761 3240,4761 3239,4761 3239,4762 3239,4763 3237,4763 3236,4764 3230,4764 3229,4765 3192,4764 3191,4765 3191,4781 3189,4782 3168,4782 3167,4783 3167,4784 3166,4785 3141,4784 3140,4785 3139,4785 3139,4786 3139,4787 3138,4787 3131,4787 3131,4788 3131,4790 3130,4790 3095,4790 3093,4792 3051,4791 3048,4794 2976,4793 2976,4794 2976,4795 2975,4795 2967,4795 2967,4795 2967,4793 2966,4792 2957,4792 2957,4791 2957,4787 2956,4787 2584,4782 2584,4783 2584,4785 2583,4785 2298,4781 2297,4782 2293,4782 2292,4783 2290,4783 2290,4784 2290,4785 2289,4785 2223,4784 2222,4785 2199,4785 2199,4786 2199,4795 2198,4795 1960,4792 1958,4794 1958,4796 1957,4797"/><TextEquiv><Unicode/></TextEquiv><TextEquiv index="1"><Unicode>ſatigue d'une réponſe plus détaillée; &amp;</Unicode></TextEquiv></TextLine><TextLine id="l30"><Coords points="2832,4957 2830,4955 2830,4953 2829,4952 2827,4952 2825,4950 2825,4948 2824,4947 2822,4947 2821,4946 2821,4943 2820,4942 2818,4942 2818,4942 2818,4920 2818,4919 2793,4919 2791,4917 2743,4916 2742,4916 2743,4863 2742,4862 2742,4850 2744,4848 2744,4843 2745,4842 2836,4843 2836,4843 2836,4826 2841,4821 2842,4821 2845,4818 2845,4819 2845,4853 2845,4853 2870,4854 2873,4856 2873,4868 2876,4871 2876,4872 2876,4873 3116,4876 3117,4877 3117,4879 3115,4880 2871,4877 2871,4877 2871,4878 2869,4880 2854,4880 2854,4880 2854,4882 2853,4883 2852,4883 2852,4883 2852,4884 2851,4885 2849,4885 2849,4885 2849,4889 2848,4890 2847,4918 2845,4920 2845,4921 2845,4921 2839,4921 2838,4922 2838,4957 2837,4957"/><TextEquiv><Unicode/></TextEquiv></TextLine><TextEquiv><Unicode/></TextEquiv></TextRegion></Page></PcGts>