4266 6032
971 309 3428 489 dormant auſſi, paroiſſoit très-paſſionnée,
964 470 3423 649 & crioit: Mon cher Lafleurl Elle s'é-
988 632 3418 812 veille elle-même, & ſe reconnoît avec
984 792 3416 959 ſurpriſe dans mes bras. Les éclats de rire
984 948 3409 1124 nous font regarder autour de nous, &
986 1105 3404 1304 nous appercevons ſa maîtreſſe qui rioit
993 1261 3401 1432 en effet a gorge déployée, des inno-
981 1425 3396 1584 cens ébats que nos rêves mutuels avoient
986 1576 3394 1744 occaſionnés, & où la nature avoit tra-
945 1731 3390 1899 vaillé à notre inſçu. nAhl mon cher
983 1887 3387 2057 Lafleur s'écria Madame d'Amainville
977 2044 3384 2209 en nous contrefaiſant: ahil-ma chère
977 2205 3378 2368 Adélaidel On voit qu'il étoit heu-
933 2358 3375 2524 reux que le nom de ma Maîtreſſe reſ-
943 2515 3371 2681 ſemblât à celui de la Femme de cham-
924 2671 3368 2840 bre. Malgré cet accident, mon ſexe ne
926 2819 3365 3000 fut point trahi aux yeux de la Dame
926 2978 3361 3150 innocente. Ah Mademoiſelle, dit-
962 3139 3358 3308 nelle à ſa Femme de chambre, c'eſt
928 3304 3356 3462 Lafleur que vous aimez, vous le rê-
914 3452 3351 3623 vez; & cette chère Demoiſelle, ajou-
948 3614 3347 3775 ta-t-elle en me regardant, qui, ſans
914 3770 3342 3938 le ſavoir, ſe prêtoit à votre rêve &
914 3927 3339 4114 navoit la bonté de vous appeler
943 4074 3337 4250 chère Adélaiden J'affectai de rire
921 4236 3330 4408 beaucoup dé cet incident. La ſuivante
940 4399 3327 4566 fut d'abord déconcertée; mais elle prit
938 4554 3325 4724 enfin ſon parti, & rit comme moi de
921 4708 3322 4902 l'aventure. La Dame me fit ſes excuſes
