4266 6032
947 250 3343 443 de m'avoir expoſé à cette ſcène déſa-
873 417 3358 622 gréable, en me laiſſant coucher avec
876 570 3337 776 cette fille. Je proteſtai que je n'étois
873 736 3335 935 point offenſé contre elle, & nous nous
874 918 2189 1080 levâmes gaiement.
1077 1016 3335 1228 Notre ſcène de nuit fournit matière à
873 1198 3335 1395 la converſation du jour ſuivant. Nous
873 1347 3337 1531 en rîmes beaucoup; la Dame tout de
873 1517 3335 1702 bon, les deux autres perſonnages comme
872 1676 3340 1867 ils purent. J'appris l'hiſtoire des amours
872 1810 3337 2022 de la ſuivante. Lafleur étoit un heureux
872 1973 3340 2186 mortel qu'elle avoit toujours feint de
873 2131 3328 2352 hair. Elle avoit juſques-là ſi bien joué
872 2288 3327 2480 ſon jeu, que ſa maîtreſſe en avoit été la
873 2443 3361 2639 dupe; mais enfin le ſommeil venoit de
873 2596 3330 2795 la trahir. Elle on rioit d'une manière
873 2752 3330 2949 aiſée, qui m'annonçoit qu'elle étoit
872 2938 2116 3120 bonne comédienne.
872 3069 3320 3262 Le ſoir, Madame ne voulut pas per-
872 3229 3320 3415 mettre abſolument que je couchaſſe avec
872 3387 3320 3572 cette fille. Non, me dit-elle, en vé-
872 3528 3328 3721 rité, Mademoiſelle, je ne le ſouffrirai
872 3690 3316 3884 pas. Je vous dois des excuſes de la
872 3839 3325 4041 négligence qui m'a fait ne pas inſiſter
872 4020 3318 4200 davantage hier au ſoir pour vous
873 4165 3322 4359 faire accepter mon lit; mais aujour-
873 4322 3316 4528 d'hui, ſi vous n'avez point de répu-
872 4476 3322 4666 ngnance, je vous prie inſtamment de
872 4634 3322 4828 le partagern.Je témoignai combien
2610 4806 2862 4955 s
