4266 6032
974 323 3354 516 j'étois confondu de tant de politeſſes,
976 478 3354 651 & j'acceptai la propoſition avec un re-
983 637 3354 812 doublement d'embarras; car enfin la
969 792 3351 988 maîtreſſe étoit ecncore plus jolie que la
969 948 1676 1115 ſuivante.
990 1092 3354 1272 Nous fûmes bientôt au lit. La Dame
962 1260 3347 1451 ſe montra beaucoup plus réſervée que
959 1416 3344 1598 ſa Femme de chambre. Je m'éloignois
952 1578 3344 1761 d'elle le plus que je pouvois, dans le
953 1732 3344 1914 deſſein d'être auſſi ſage que je le devois.
959 1884 3354 2074 Elle prit cette précautien pour l'effet de
957 2052 3354 2227 mon reſpect. cMa chère amie, me dit-
950 2211 3346 2382 nelle, ne vous éloignez donc pas tant:
941 2362 3344 2530 le reſpect eſt ici hors de ſaiſon; &
943 2522 3328 2695 vous ne m'en devez pas d'ailleurs.
952 2676 3354 2851 nJe ne vous demande que do l'amitié.
938 2831 3327 3003 Mais dans une auberge comme celle
933 2991 3332 3160 nci, dans un endroit que nous ne con-
931 3143 3354 3317 noiſſons pas, il ſemble que deux
929 3304 3346 3475 femmes ſont plus fortes & dans le
941 3461 3328 3624 cas de moins craindre, quand elles
943 3610 3347 3791 ſont plus près l'une de l'autre. Ap-
945 3778 3325 3934 prochez-vous donc, ma bonne amie.
933 3925 3332 4105 Ainſi, tout ce que je gagnai, en voulant
941 4088 3322 4262 m'éloigner, fut d'inſpirer à ma compagne
941 4245 3328 4417 l'envie de s'approcher de moi. Je me trou-
943 4400 3354 4572 vai donc bientôt étroitement preſſé con-
947 4551 3340 4726 tre elle, avec les plus ſaintes réſolutions
943 4711 3354 4907 de réſiſter à la circonſtance. Lecteurs, eus
