4266 6032
917 348 3308 525 je la force d'être ſage? Oui, je l'eus;
919 508 3306 669 mais c'eſt un tour de force, & je ne
905 661 3313 850 vous ſouhaite pas de pareilles épreuves.
950 819 3306 984 Le lendemain matin, nous paroiſſions
933 972 3311 1141 tous deux enthouſiaſmés de notreſageſſe,
936 1132 3299 1301 nous regardions fierement Adélaide,
931 1289 3347 1454 qui paroiſſoit confondue; car elle atten-
933 1428 3304 1608 doit ſa revanche. Nous la perſiflâmes un
934 1600 3304 1769 peu pendant la journée. Le ſoir venu, il
941 1758 3310 1919 parut naturel que nous n'euſſions en-
926 1915 3311 2075 core qu'un lit madame & moi; nous
940 2052 3313 2231 nous étions trop bien comportées enſem-
952 2224 3306 2385 ble, pour nous priver de cette petite
940 2377 3311 2541 douceur. Il y avoit pourtant des lits dans
936 2532 3308 2697 l'auberge; mais Madame avoit peur,
934 2683 3309 2854 & ne vouloit pas coucher feule. Elle fut
943 2842 3313 3007 plus familière la ſeconde nuit; elle me
943 3002 3294 3165 fit même des careſſes, très-innocentes
943 3151 3322 3320 aſſûrément, mais très - embarraſſantes.
941 3306 3304 3475 J'étois ſur un brâſier; je me pinçois, je
943 3456 3334 3631 me mordois de toutes mes forces, pour
950 3615 3311 3791 que la douleur appaisât l'efferveſcence
941 3781 3315 3946 oùme jetoit ma ſituation: heureuſement
940 3925 3316 4103 le ſommeil, qui s'empara d'elle, me
941 4083 3292 4259 délivra de cette eſpèce de perſécution;
929 4246 3349 4416 je vins encore à bout d'être ſage cette
938 4395 3310 4570 ſeconde nuit; mais je déſeſpérois d'a-
940 4558 3322 4727 voir le même bonheur la nuit ſui-
919 4723 1538 4900 vante.
2464 4870 3015 5061 a
