4266 6032
955 329 3310 503 Nous nous applaudîmes encore pen-
905 486 3289 660 dant toute la journée aux yeux d'Adé-
907 649 3296 821 laide, qui paroiſſoit confondue. Je vou-
907 802 3296 975 lois, le ſoir, éviter la bonne fortune
917 960 3318 1127 qui me perſécutoit; mais il n'y avoit
876 1113 3323 1287 pas de lit dans l'auberge. Madame d'A-
876 1273 3304 1440 mainville, toujours avec la même in-
895 1425 3313 1595 nocence, devint plus preſſante. Il fal-
869 1574 3316 1753 loit être plus qu'un Saint pour réſiſter
900 1736 3322 1910 à l'aſcendant d'une pareille ſituation;
900 1892 3316 2066 & je faiſois les plus grands efforts
907 2050 3315 2221 pour en venir à bout. Je me flatte
914 2207 3322 2375 qu'on ne peut trouver mauvais que je
928 2365 3320 2529 rapporte ces circonſtances, qui doivent
916 2525 3315 2687 me juſtifier aux yeux du Lecteur, & me
912 2670 3341 2842 diſculper relativement à tous mes écarts
938 2829 3334 2996 antérieurs, en faiſant voir combien j'ai
907 2979 3329 3156 toujours eu les intentions honnêtes, &
928 3144 3358 3322 combien j'ai fait d'efforts pour n'avoir
945 3305 2462 3463 rien à me reprocher.
885 3444 3339 3622 Enfin ma compagne s'endormit, &,
928 3614 3337 3770 malgré mon embarras, je ne tardai pas
936 3769 3345 3935 à en faire autant. Bientôt des ſonges
950 3930 3370 4091 trop relatifs à ma ſituation vinrent trou-
947 4081 3341 4247 bler mon ſommeil. Le phyſique domi-
935 4236 3339 4403 noit impérieuſement ſur le moral. Je
941 4395 3409 4559 crus encore tenir mon Adélaide entre
955 4548 3353 4715 mes bras. Il me ſembloit qu'elle ſe li-
947 4706 3361 4897 vroit à ſa paſſion avec auſſi peu de mé-
