4266 6032
917 305 3315 486 nagement que quelques jours aupara-
919 468 3332 632 vant. Je lui diſois toujours: Ma chère
921 622 3320 789 Adélaîde al Mais il me ſembloit qu'elle
902 781 3330 953 m'appeloit ſon cher André. Je lui ré-
928 935 3323 1109 pondois ſous ce nom, & j'étois moi-
921 1093 3322 1260 même étonné de mes tranſports. Enfin le
936 1254 3323 1418 lit craque & s'enfonce. Je m'éveille en
934 1407 3328 1573 ſurſaut, & j'entends, comme ci-devant,
912 1566 3318 1734 de grands éclats de rire autour de moi.
938 1719 3339 1888 C'étoit la maligne Adélaide qui jouiſ-
917 1877 3327 2043 ſoit avec raviſſement de la confuſion
914 2032 3320 2200 de ſa maîtreſſe. Cette chère Dame ve-
938 2197 3340 2354 noit de rouvrir les yeux; & je n'ai ja-
933 2341 3342 2508 mais vu l'humiliation rendre une per-
912 2501 3342 2667 ſonne ſi touchante. La Femme de cham-
914 2656 3318 2826 bre répétoit, avec une malignité dia-
907 2810 3328 2977 bolique: Ahl mon cher André,l Sa
909 2967 3339 3134 maîtreſſe, après avoir gardé quelque
934 3127 3315 3290 temps le ſilence, dit enfin: Mademoi-
907 3278 3335 3449 ſelle voudroit ſans doute mettte le
938 3438 3335 3603 cher André en comparaiſon avec M.
910 3597 3318 3760 Lafleur? -- Pourquoi pas? répon-
917 3750 3339 3918 dit la ſuivante, ſi Madame l'agrée;
938 3908 3328 4070 nils ſe valent bien tous deux. -- Ah
919 4068 3346 4234 reprit Madame, j'eſpère que vous me
902 4224 3354 4390 permettrez d'y voir quelque diffé-
910 4379 3351 4551 nrence. -- Oſerois-je demander à Ma-
898 4529 3351 4709 dame, répliqual'impertinente, ſi elle
897 4663 3346 4875 compte avoir vu Lafleur? -- Je ne
2622 4859 3093 5014 C
