4266 6032
972 293 3404 473 ncrois pas avoir eu cet honteur-là,
974 467 3361 635 répondit la Dame; mais le nom dé-
972 622 3389 790 ſigne ce que c'eſt. -- Je vous jure,
957 783 3397 945 Madame, reprit Adélaide, qu'il n'y
957 938 3373 1101 a que la différence du nom, & que
971 1093 3371 1259 c'eſt d'ailleurs la même perſonne. An-
962 1253 3406 1420 dré eſt ſon nom de baptême, & La-
964 1409 3359 1572 fleur ſon nom de guerre. -- C'eſt-à-
965 1567 3373 1730 ndire, repartit la Dame, que, ſe-
897 1722 3365 1867 lon Mademoiſelle, nous ſommes ri-
965 1880 3370 2044 vales? Allez ordonner qu'on atèle
964 2035 3392 2224 les chevaux, & partons prompte-
965 2203 1828 2318 ment.
974 2341 3366 2510 La maligne Adélaide alla remplir la
943 2506 3353 2667 commiſſion. C'eſt une méchante lan-
969 2661 3365 2831 gue, me dit Madame d'Amainville:
964 2814 3371 2982 j'ai eu trop de bonté de la ſouffrir
960 2971 3366 3147 juſqu'ici à mon ſervice; elle en abuſe?
945 3139 2988 3296 & me donne une leçon.
1065 3270 3392 3451 Nous montâmes en voiture moins gaie-
941 3438 3371 3609 ment que la veille. La Dame affecta de
943 3598 3383 3765 ne rien dire à ſa Femme de chambre;
954 3757 3368 3922 mais celle-ci ne put s'empêcher de rire
962 3906 3366 4082 aſſez haut. Du moins, diſoit-elle, c'eſt
962 4070 3344 4240 nmoi qui ai fait le plus d'impreſſionà
960 4230 3370 4398 Mademoiſelle, car c'eſt mon nom
955 4390 3373 4552 qu'elle a répété encore, & nou celui
890 4546 3392 4708 d'une autre . La pécore, comme on
941 4694 3383 4883 oit, ſavoit prendre le change en ſafa-
