4266 6032
928 309 3334 499 veur. Je ne daignai pas dire un mot poul
933 475 1860 632 la détromper.
953 616 3330 794 Bientôt nous arrivâmes à Turin, &
904 781 3335 953 nous y dînâmes avec deux Religieuſes
950 944 3334 1102 que nous avions rencontrées dans la
948 1094 3353 1414 tmnccait uei veutne dt nlé iule, 'ae
953 1406 3335 1576 tre, d'un âge plus mûr, paroiſſoit ſa
879 1558 3354 1727 Directrice, ou, ſi l'on veut, ſa Minerve.
953 1720 3342 1884 Leur converſation nous parut agréable.
952 1872 3337 2037 La mienne, ſi j'en pus croire leurs re-
950 2027 3346 2195 gards, ſembla leur inſpirer de l'intérêt
964 2173 3356 2503 nm etes aioieat audeitan
965 2496 3354 2657 fut décidé que nos deux voitures ne ſe
965 2655 3354 2816 quitteroient pas. Nous nous réunîmes
962 2804 3351 2974 à ſouper. Il ne ſe trouva point encore
969 2957 3365 3128 aſſez de lits dans l'auberge, & chacune
971 3115 3344 3282 de nous dut coucher avec une compa-
924 3273 3354 3436 gne. Madame d'Amainville ne vouloit
953 3432 3390 3750 s ntélitte ſeutbrepéeunat u
976 3736 3363 3908 moins ſa maîtreſſe fût privée de moi.
916 3898 3363 4062 Il me vient une idée fort naturelle,
976 4052 3363 4222 dit la Dame, puiſque nous voilà ſi
967 4209 3368 4376 bonnes amies car en route on ſe
945 4360 3368 4533 trouve ſubitement auſſi unies que ſi l'on
897 4522 3366 4689 s'étoit connu toute ſa vieJ: il faut
910 4663 3368 4879 mêler la marchandiſe; j'aurai le plai-
2505 4842 2969 4962 C6
