4266 6032
933 278 3353 453 ſir de coucher avec l'une de ces
940 437 3344 601 nDames; & Mademoiſelle, ma com-
933 596 3438 764 pagne de voyage, avec l'autre. --
935 749 3375 920 C'eſt fort bien imaginé, ajouta la
934 909 3342 1077 nFemme de chambre, & je crois qu'il
933 1065 3347 1229 faut mettre enſemble les deux jeunes
842 1220 3334 1383 perſonnes. -- J'y conſens, dit la mère
849 1382 3340 1540 Directricen. Les deux jeunes perſon-
849 1538 3353 1697 nes rougirent; c'étoient, ſous le bon
940 1681 3339 1854 plaiſir du Lecteur, Mademoiſelle Catau-
943 1848 3349 2011 din & la jeune Religieuſe. L'autre reſta
940 2004 3351 2159 à Mâdame d'Amainville, qui ne m'en
945 2164 3356 2319 parut pas très contente. Cette Dame
943 2309 3335 2470 n'étoit pas tout à fait ſi âgée que ſem-
943 2467 3334 2629 bloit le vouloir faire entendre ſa mé-
919 2623 3335 2790 chante domeſtique; elle avoit tout au plus
943 2776 3352 2942 vingt-ſix ans mais je n'en avois guères:
945 2935 3437 3253 uioie a dmnet pou uc muatones
948 3246 3382 3408 mon égard. Cette pécore eut l'honneur
943 3402 2905 3566 de coucher gravement ſeule.
1108 3548 3346 3724 Ici mes Lecteurs vont commencer à
929 3714 3347 3882 ſe méfier de moi; car enfin je vais pein-
947 3867 3368 4037 d'e, pour la troiſième fois, la même
859 4027 3342 4192 'ſCène. La reſſemblancé de la ſituation
955 4180 3359 4348 produiſit des effets reſſemblans. All
950 4341 3347 4507 Mademoiſelle, me dit la jeune Reli-
945 4494 3347 4664 ngieuſe en ſe preſſant contre moi, que
826 4655 3433 4840 je m'applaudis de vous avoir pour
