4266 6032
857 303 3371 475 &, puiſque j'occaſionnois des rêves ſi
984 465 3356 627 paſſionnés, on crut devoir me donner
981 623 3365 788 pour compagne de lit une perſonne
971 783 3356 944 plus grave, plus modérée, & capable
974 940 3347 1101 de m'en impoſer, même dans mon ſom-
969 1094 3344 1256 meil En conſéquence, il fut décidé
965 1251 3344 1408 que je partagerois la couche de la ſé-
957 1407 3342 1568 vère Directrice. Je regardai cette dé-
955 1560 3337 1724 ciſion peu flatteuſe, comme bien ca-
960 1717 3358 1882 pable de produire l'effet qu'on s'en
955 1873 3354 2038 promettoit; & je ne me ſentois pas beau-
957 2032 3335 2195 coup d'empreſſement pour me prêter à
952 2188 3334 2367 cet arrangement. Cependant, quand
945 2340 3356 2507 j'obſervai de près cette None ſucrée,
948 2501 3346 2656 je la trouvai moins mal que je n'avois
947 2651 3353 2818 cru d'abord. Elle perdoit ſans doute,
945 2811 3334 2975 vue auprès de ſa jeune compagne; mais,
955 2957 3351 3129 conſidérée à part, je trouvai qu'elle
929 3120 3347 3440 erne coten sravrementaurectent
945 3435 3406 3593 & je me promettois bien de paſſer une
857 3589 3337 3751 nuit tranquille; mais ici le Lecteur va
912 3741 3320 3910 perdre abſolument patience. Je le prit
922 3898 3323 4066 cependant d'obſerver que s'il m'a trouvé
922 4043 3342 4224 ſincère & vrai juſqu'ici, il doit penſer
924 4216 3323 4380 que je n'ai aucun motif de me démen-
916 4369 3313 4537 tir en cette circonſtance, & que ſi j'in-
871 4529 3356 4690 ventois quelques fictions, je tâcherois
905 4663 3349 4875 du moins, pour être cru, de les choiſir
