4266 6032
983 603 3080 872 secoNDE suIT
1878 938 2324 1152 ne
886 1172 3301 1455 AVENTURIER FRANÇOIS.
909 2264 3310 2455 cour du palais de la Princeſſe, & grande
907 2424 3311 2607 illumination qui annonçoit une fête ex-
866 2579 3311 2763 traordinaire. Le Suiſſe, qui ne me con-
919 2736 3316 2935 noiſſoit point, ne vouloit pas à toute
921 2867 3316 3079 force me laiſſer monter. Mon habit de
922 3051 3321 3235 femme le trompa comme tous les au-
926 3201 3324 3389 tres. Mademoiſelle, dit-il en ſon pa-
947 3362 3325 3547 tois, vous êtes bien gentille; mon
923 3517 3330 3706 loge il eſt à vous; mais je ne puis
924 3670 3334 3862 nvous laiſſer entrer dans Madame,
926 3831 3337 4021 parce qu'elle eſt remplie, très-rem-
902 3956 3413 4176 plie d'un objet qui l'occupe. Les car-
854 4143 3344 4329 roſſes ils vont aller dans un moment
929 4302 3340 4494 à l'égliſe, & les chevaux avec tout le
892 4457 3341 4646 monde. -- A l'égliſe, bon Dieul ré-
926 4611 3342 4807 pondisje, il eſt minuit ſoné; qu'y
919 4769 3346 4986 va-t-on faire?Reureuſement une
