4266 6032
948 295 3339 501 pénêtré de la plus tendre reconnoiſ-
964 455 3338 675 ſance pour ſon ſauveur. De quel pas
933 609 3331 830 nabominable vous me tirez ſi à pro-
909 768 3328 968 nposl Voici le moment où nous de-
909 921 3327 1163 vions aller à l'Egliſe pour le plus
909 1074 3323 1302 effroyable hymen; mais ce ſeroit un
909 1234 3317 1429 ſacrilége d'y procéder. Il faut évi-
909 1397 3324 1627 ter ce nœud funeſte. Je vais me trou-
909 1555 1774 1705 nver maln.
909 1700 3318 1898 Dans le moment on entre. Un Ecclé-
909 1825 3308 2071 ſiaſtique vient dire que tout eſt prêt à
909 1989 3310 2216 l'Egliſe, & que le Prêtre attend la com-
909 2163 3323 2530 ta iateile pit; ie e ſtee
909 2469 3304 2682 en tremblant. Donnez-moi le bras,
909 2627 3304 2848 dit-elle à Chéri & à moi, pour paſſer
909 2779 3353 3002 dans mon cabinet. Spinacuta veut
909 2931 3303 3152 offrir le ſien. eLaiſſez - nous un mo-
909 3092 3320 3310 nment, dit ma noble amie,. Et elle
909 3235 3313 3466 entre avec nous dans le cabinet. Se-
909 3408 3308 3628 condez-moi bien, dit-elle, mes en-
909 3557 3304 3788 fans, il faut me tirer de ce mauvais
909 3709 3307 3946 pas.. Elle eſſuie le peu de rouge
908 3857 3299 4097 qu'elle avoit, elle ſe poudre le viſage,
909 4018 3296 4245 afin de paroitre pâle. Je vais m'éva-
909 4185 3310 4410 nnouir, reprit - elle. Sonnez; jouez
907 4331 3339 4575 nvotre jeu avec attention. Si vous
909 4480 3321 4715 trouvez que je rempliſſe bien mon
909 4641 3289 4861 nrôle d'évanouie, vous laiſſérez entrer
909 4792 3296 5012 Spinacuta & ceux qui voudront me
1048 4961 1631 5153 Tom. III.
2666 5012 2990 5173 D
