4266 6032
931 314 3313 486 voir, pour qu'ils ſoient dupes de
929 477 3311 648 l'artifice. Nous ſonnons en effet. Les
931 637 3399 808 Femmes de chambre accourent, voient
931 797 3399 959 Madame ſans mouvement, & pouſſent
938 953 3318 1127 un cri: tant elle jouoit bien ſon per-
941 1111 1802 1267 ſonnagel
1091 1263 3394 1428 Spinacuta vient tout effaré. Qu'y
945 1419 3322 1582 na-t-il donc? dit le malheureux,. Il
950 1574 3316 1741 voit ſa prétendue renverſée, immobile.
962 1732 3323 1897 Ahl je m'en étois bien douté, s'écria-
947 1886 3390 2053 t-ill On le voyoit indécis entre le
952 2044 3390 2212 parti de continuer à jouer la douceur
957 2200 3327 2364 & l'honnêteté, & celui de laiſſer paroî-
952 2357 3327 2520 tre la noirceur de ſon ame. La compa-
959 2513 3334 2680 gnie ſuryient. Tout le monde paroît
957 2656 3330 2832 croire de bonne foi la Princeſſe éva-
964 2824 3334 2990 nouie. On n'épargne aucun ſoin pour
964 2976 3332 3144 la faire revenir. Elle réſiſte long-temps
965 3136 3387 3300 à tous les ſecours; enfin elle rouvre les
964 3289 3387 3470 yeux; mais elle ſe trouve ſi accablée,
967 3441 3385 3616 qu'elle ne peut aller à l'Egliſe. Elle prie
976 3605 3384 3796 en grâce qu'on y envoie faire ſes ex-
972 3763 3342 3930 cuſes. Spinacuta n'étoit pas de cet avis:
976 3911 3339 4102 mais un Médecin arrive; il décide que
974 4045 3344 4239 Madame la Princeſſe eſt attaquée d'une
971 4207 3346 4398 maladie grave, & qu'il faut la mettre
981 4383 3368 4561 au lit ſur le champ.On voit que cet
988 4542 3373 4747 obligeant Doſteur s'applaudit en ſecret
952 4689 3371 4875 d'avoirune bonne maladie a traiter, qu'i
998 4855 3354 5055 ſeroit bien fâché que ce ne fût qu'un jeu
