4266 6032
938 303 3308 536 Madame d'Amainville vint ſaluer la
953 488 3313 685 Princeſſe, qui la reçut à bras ouverts. Je
936 649 3390 853 n'avois pas encore jugé à propos d'ar-
933 804 3375 1005 borer l'habit d'homme; je continuai de
934 964 3315 1162 jouer, auprès de ma compagne de voya-
936 1128 3322 1475 pomit de eomtaet ſant etenn
940 1444 3325 1621 pour lui faireobtenir une grâce qu'elle
933 1587 3199 1786 ſollicitoit auprès du Oouvernement.
943 1753 3323 1940 Spinacuta vint. Ma chère bienfaitrice
928 1898 3323 2092 feignit devant lui d'être plus malade
931 2069 3322 2249 que la veille. Il parut déſeſpéré; il me
938 2219 3322 2408 prit à part, m'examina du regard le
934 2377 3325 2563 plus perçant, chercha à découvrir ſi je
940 2531 3325 2719 n'étois pas l'objet de ſa haine déguiſé en
934 2682 3389 2873 femme. Je déconcertai ſa pénétration.
934 2837 3328 3033 Ilfinit par me traiter galamment comme
914 3007 3327 3189 une jeune beauté. Il me fit les plus grands
928 3163 3327 3347 complimens. Des déſirs odieux parurent
934 3311 3321 3502 s'allumer chez lui, & l'infame ſembla
934 3473 3325 3660 projeter en ſecret de me ſacrifier à ſes
929 3627 3324 3817 déréglemens, & de me déshonorer, ſi
924 3782 3325 3977 j'étois réellement du ſexe dont je por-
940 3945 3327 4127 tois le coſtume. Du reſte, il me témoi-
909 4107 3330 4446 us ive peumoiiue pont n
947 4411 3356 4637 frère. Je le laiſſai dire tout ce qu'il
957 4573 1676 4720 voulut.
967 4717 3334 4918 L'après-midi, je le rencontratſur les
960 4880 3371 5086 boulevarts. Il voulut abſolument me
