4266 6032
926 324 3303 495 qui le rendit méconnoiſſable; mais je
933 486 3298 647 l'avois vu à découvert avant qu'il ne
905 640 3306 828 s'en affublât. Je compris qu'il ſe dégui-
921 793 3306 961 ſoit ainſi pour venir nous eſpionner
904 953 3303 1116 tous. Je l'avois obſervé d'une petite
926 1110 3308 1272 fenêtre dérobée où perſonne ne m'avoit
907 1265 3308 1432 apperçu. Je deſcendis ſur le champ, je
936 1421 3308 1586 dis que j'avois beſoin d'un crocheteur;
935 1574 3311 1741 on me préſenta ce poliſſon - là. Je lui
947 1734 3313 1894 dis: Suis-moi. Il me ſuivit, fort
919 1887 3316 2049 content ſans doute de ſon déguiſement,
941 2045 3318 2209 ſous lequel il croyoit n'être pas re-
938 2200 3315 2362 connu. Je le menai à la douane, où
943 2355 3316 2516 la Princeſſe m'avoit chargé d'aller reti-
924 2510 3318 2672 rer une balle de marchandiſes qui arri-
945 2666 3322 2831 voit pour elle. Je parlai aux Commis,
933 2825 3327 2984 & je m'arrangeai de manière qu'il n'y
948 2981 3322 3141 avoit qu'à emporter la balle. Je chargeai
957 3139 3330 3298 Spinacuta de l'enlever; mais aupara-
955 3291 3328 3454 vant j'avois payé deux autres croche-
964 3447 3330 3609 teurs, pour le roſſer comme un intrus
931 3604 3337 3764 ou comme un voleur, dès qu'il y tou-
959 3760 3337 3921 cheroit. Ils ne manquèrent pas de lui
959 3913 3346 4080 fondre ſur le corps & de s'eſcrimer ſur
953 4070 3344 4234 lui de toutes leurs forces. Ohl ils ga-
964 4230 3344 4391 gnèrent bien l'écu romain que je leur
981 4386 1799 4548 avois donné.
974 4517 3341 4705 Après avoir laiſſé bien roſſer mon
881 4699 3347 4864 traître, j'approchai, je le reconnus pour
960 4856 3347 5021 mon crocheteur. Je parlai haut; je dis:
