4266 6032
936 253 3330 427 Qu'eſt - ce donc que ces animaux-
953 412 3332 576 là? En un mot, je le fis lâcher, &
941 568 3335 737 j'ordonnai qu'on lui appliquât le fardeau
934 723 3322 884 ſur ſon dos meurtri. Il ſuoit à groſſes
940 876 3328 1045 gouttes, & vacilloit ſous le faix, comme
959 1039 3330 1198 un homme qui n'étoit pas accoutumé à
943 1194 3328 1360 ce dur métier. Je marchai parfaitement
959 1351 3330 1512 à mon aiſe, tandis que le malheureux
953 1507 3322 1669 ſe traînoit péniblement ſur mes pas. Je
940 1660 3328 1978 tile ſenit lement àe vel dinre te
938 1975 3313 2136 moment-là lle ſut me reconnoître, &
943 2130 3322 2288 n'eut pas la même adreſſe à l'égard de
938 2284 3320 2446 ſon entreteneur. Elle me fauta au cou,
936 2444 3325 2601 m'arrêta long temps dans la rue, & m'en-
947 2594 3315 2759 gagea enfin, non ſans peine, à entrer
945 2749 3349 2916 chez elle. J'ordonnai à mon crocheteur,
957 2912 3318 3074 qui n'en pouvoit plus, de mettre bas
950 3058 3318 3224 ſon fardeau dans la cour; & je reſtai
943 3223 3316 3385 quelque temps au pied de l'eſcalier avec
922 3375 3339 3541 la Dame, qui me dit des horreurs de
943 3531 3320 3698 Spinacuta, qu'elle appeloit toujours le
916 3690 3320 3851 plus vil des hommes, ou plutôt des
941 3844 3311 4013 animaux. Il étoit à portée d'entendre
909 3989 3337 4168 ſon panégyrique. La pluie commença
933 4147 3306 4324 bientôt à tomber; ce qui fit que Ma-
914 4302 3318 4478 dame redoubla ſes inſtances auprès de
919 4472 3340 4633 moi, pour me faire monter chez elle.
900 4613 3318 4789 Je cédai. Le crocheteur fut laiſſé dans
902 4771 3301 4952 la cour; il eſſuya l'orage dans toute ſon
2642 4941 2909 5102 D5
