4266 6032
912 248 3285 417 ſur le corps des ſceaux d'eau fangeuſe,
914 405 3291 577 puiſée dans le ruiſſeau, & ſe mit en de-
917 566 3287 729 voir de lui nettoyer le viſage avec des
924 723 3298 885 balais. Enſuite on lança ſur lu pluſieurs
929 886 3296 1040 dogues qui le roulèrent encore dans la
929 1038 3299 1200 boue. Enfin ſa fauſſe crinière, arrachée
938 1191 3299 1354 de deſſus ſa tête, laiſſa la facilité de le
934 1351 3297 1506 reconnoître: alors chacun lui fit un mil-
943 1502 3296 1665 lion d'excuſes, ſans que perſonne pût
941 1664 3318 1813 retenir les ris immodérés qu'il avoit ex-
943 1815 3299 1979 cités. Il grinçoit des dents; il parut
948 1970 3304 2133 auſſi noir & auſſi atroce que dégoû-
953 2126 3306 2285 tant. Cependant il ſe contint, & ſe re-
950 2284 3306 2433 tira gravement ſans dire un mot, en
950 2432 3315 2587 méditant ſans doute une inſigne ven-
965 2597 3319 2746 geance: mais on craint toujours moins
940 2749 3315 2907 des complots ſur leſquels on eſt prévenu.
962 2900 3325 3033 La Princeſſe me dit: Vous êtes un mé-
967 3058 3322 3220 nchant; mais cependant le ſcélérat mé-
964 3215 3318 3373 nrite un traitement cent fois plus mé-
948 3370 2018 3537 chant encore.
969 3500 3332 3683 Soit que je fuſſe homme ou femme,
964 3677 3325 3848 il n'étoit pas douteux que le monſtre
938 3835 3334 4007 me déteſtoit, après la mortification qu'il
943 3987 3340 4161 venoit d'eſſuyer. Cependant il reçut des
943 4150 3351 4304 nouvelles de France, qui lui apprirent
941 4300 3356 4474 que ſon priſonnier s'étoit échappé de la
943 4451 3347 4627 Baſtille, qu'on n'épargnoit aucun ſoin
960 4616 3358 4777 pour le retrouver, qu'on croyoit qu'il
950 4771 3358 4930 s'étoit ſauvé du côté de l'Italie, & qu'on
2628 4932 2908 5056 D6
