4266 6032
948 327 3344 493 même une petite fête, en réjouiſſance
888 486 3375 637 de notre délivrance. Mais hélasl un nou-
950 647 2538 770 vel embarras m'attendoit.
1073 799 3338 926 La Princeſſe tomba réellement & dan-
928 958 3371 1114 gereuſement malade. Dut-elle ce mal-
943 1111 3333 1274 heur aux efforts de ſon Eſculape? Je lui
937 1271 3340 1417 rendis, dans cette circonſtance, tous les
943 1426 3341 1585 ſoins que je lui devois. Je la veillois
940 1583 3337 1747 jour & nuit. Elle paroiſſoit extrêmement
943 1734 3337 1901 ſenſible aux peines que je me donnois
943 1891 3335 2057 avec tant de courage & de bonne vo-
941 2044 3351 2209 lonté. Je la vis deux fois aux-portes de
940 2202 3332 2364 la mort. Sa reconnoiſſance & ſon ami-
936 2355 3340 2518 tié pour moi ſembloient rallumer, dans
947 2515 3335 2673 ſes yeux, le flambeau de la vie, prêt à
940 2668 3340 2829 s'éteindre. Pour comble de malheur,
936 2823 3337 2985 j'appris qu'Adélaide venoit d'être atta-
941 2979 3366 3143 quée de ſon côté d'une maladie grave.
938 3137 3347 3279 J'étois à tout moment tenté de voler
941 3294 3346 3451 auprès d'elle; mais je ne pouvois le faire
945 3446 3341 3597 qu'en abandonnant la Princeſſe. D'ail-
934 3605 3344 3764 leurs on me cachoit obſtinément où lan-
936 3762 3340 3923 guiſſoit mon Amante infortunée. Je la
907 3912 3347 4080 ſuppofois malade en route, dans une
932 4070 3351 4234 auberge, & j'en reſſentois une double
929 4229 3347 4392 inquiétude. On me cachoit auſſi ce qu'é-
928 4386 3344 4545 toit devenu Chéri, dont l'abſence ajou-
924 4541 3299 4705 toit aux tourmens de mon eſprit.
941 4697 3358 4899 Enfin, la nature triompha, chez la
917 4852 3361 5047 Princeſſe, d'u ne maladie tres opiniâtre.
