<?xml version="1.0" encoding="UTF-8" standalone="no"?><PcGts xmlns="http://schema.primaresearch.org/PAGE/gts/pagecontent/2017-07-15" xmlns:xsi="http://www.w3.org/2001/XMLSchema-instance" xsi:schemaLocation="http://schema.primaresearch.org/PAGE/gts/pagecontent/2017-07-15 http://schema.primaresearch.org/PAGE/gts/pagecontent/2017-07-15/pagecontent.xsd"><Metadata><Creator/><Created>2020-10-14T09:57:32</Created><LastChange>1970-01-01T00:00:00</LastChange><Comments/></Metadata><Page imageFilename="0090.png" imageHeight="6032" imageWidth="4266"><TextRegion id="r1" orientation="0.5" type="paragraph"><Coords points="1,1 4264,1 4264,6030 1,6030"/><TextLine id="l1"><Coords points="3189,519 3188,518 3188,517 3188,517 2937,519 2936,518 2936,513 2936,513 2866,514 2862,510 2850,510 2849,509 2849,497 2849,497 2131,503 2130,502 2130,479 2129,479 1803,482 1803,481 1803,468 1802,468 1043,474 1042,473 976,474 976,473 976,472 975,472 973,472 971,470 960,470 960,470 960,466 957,463 957,461 956,460 954,460 953,459 953,457 951,455 950,455 950,455 950,452 949,451 948,451 948,451 948,449 947,448 946,441 947,440 947,439 948,438 948,422 950,420 950,415 955,410 958,410 960,408 964,408 965,407 965,391 967,389 971,389 971,389 971,366 971,365 1035,364 1036,364 1036,356 1036,355 2094,346 2095,345 2097,345 2099,343 3244,333 3248,329 3262,329 3263,330 3263,331 3263,331 3264,331 3265,332 3265,334 3265,334 3267,334 3268,334 3268,338 3270,340 3270,344 3270,345 3271,345 3272,345 3272,354 3272,355 3289,355 3291,356 3291,364 3291,365 3299,365 3301,366 3301,369 3303,371 3303,375 3304,376 3311,376 3311,376 3311,379 3316,384 3316,390 3316,391 3314,391 3313,391 3313,397 3312,398 3313,448 3311,450 3311,454 3307,458 3190,459 3190,459 3190,518 3190,519"/><TextEquiv><Unicode/></TextEquiv><TextEquiv index="1"><Unicode>étoit violente; mais elle ne me prenoit</Unicode></TextEquiv></TextLine><TextLine id="l2"><Coords points="1244,668 1243,667 1166,667 1165,667 1165,664 1165,663 996,665 995,666 989,666 988,665 988,661 988,661 987,661 986,660 986,627 986,627 979,627 977,625 974,625 971,622 969,622 967,620 965,620 959,615 959,613 955,609 955,605 954,604 953,604 953,604 953,596 953,589 955,587 955,580 957,578 957,576 960,573 960,570 961,568 964,568 965,568 965,567 967,565 967,564 967,563 970,563 971,563 971,562 971,561 975,561 976,560 983,560 985,558 992,558 993,557 993,556 993,556 1141,555 1142,554 1143,554 1144,553 1241,552 1244,549 1346,548 1347,549 1438,548 1438,547 1438,522 1439,522 1440,522 1440,521 1440,520 1441,520 1443,520 1444,521 1444,547 1445,548 1490,548 1491,549 1504,548 1505,549 1676,548 1676,547 1676,513 1677,513 1687,513 1688,514 1688,517 1690,519 1690,521 1695,526 1695,528 1696,529 1696,531 1697,532 1698,532 1698,532 1698,533 1699,534 1700,534 1700,534 1700,538 1701,539 1703,539 1703,539 1703,542 1704,543 1763,542 1765,545 1765,546 1766,546 1767,546 1767,547 1767,548 1768,548 1770,548 1770,549 1771,555 1772,556 1772,584 1772,584 1799,584 1801,585 1801,587 1802,589 1805,589 1806,589 1806,592 1810,596 1810,598 1810,599 1812,599 1815,602 1871,601 1874,604 1873,604 1871,604 1869,606 1815,607 1815,607 1815,614 1815,615 1813,615 1812,615 1812,617 1812,618 1811,618 1810,618 1810,619 1810,620 1802,620 1801,620 1801,621 1801,622 1791,622 1790,621 1482,624 1481,624 1481,629 1481,630 1479,630 1478,629 1478,622 1478,622 1266,623 1265,624 1265,662 1263,664 1259,665 1258,666 1254,666 1253,666 1253,667 1253,668"/><TextEquiv><Unicode/></TextEquiv><TextEquiv index="1"><Unicode>que par accès.</Unicode></TextEquiv></TextLine><TextLine id="l3"><Coords points="1289,821 1286,818 1284,818 1284,818 1283,782 1283,781 1232,782 1230,780 1228,780 1227,779 1227,778 1227,778 1226,778 1225,777 1225,776 1225,776 1149,776 1148,776 1142,776 1139,773 1137,773 1135,771 1133,771 1132,770 1132,769 1132,769 1130,769 1129,768 1127,768 1122,763 1120,763 1117,760 1117,758 1115,756 1115,754 1113,752 1113,751 1112,750 1112,748 1110,746 1110,742 1110,742 1109,742 1108,741 1108,739 1108,739 946,740 945,740 945,736 948,733 1107,732 1107,731 1106,730 1106,710 1108,708 1108,706 1108,706 1109,706 1110,705 1110,699 1112,697 1112,696 1112,696 1113,696 1117,692 1117,690 1117,690 1118,690 1119,689 1119,685 1119,685 1121,685 1123,683 1126,683 1127,682 1127,680 1127,680 1131,680 1134,677 1134,675 1134,675 1141,675 1143,673 1143,671 1143,670 1143,669 1145,668 1533,664 1536,661 2076,656 2080,652 2083,652 2084,651 2088,651 2092,647 2618,643 2619,642 2898,639 2898,639 2898,622 2900,620 2909,620 2909,621 2909,642 2910,642 3209,640 3209,640 3209,641 3210,642 3210,644 3213,647 3213,654 3214,654 3278,654 3280,656 3280,659 3281,660 3282,712 3282,713 3314,713 3316,714 3316,715 3316,716 3319,716 3320,716 3320,717 3322,719 3322,723 3318,727 3318,730 3315,733 3315,735 3314,737 3303,737 3302,737 3303,795 3301,797 3299,797 3299,797 3299,798 3298,799 3297,799 3296,800 3296,801 3295,802 3292,802 3291,801 3267,801 3266,800 2770,804 2768,802 2759,802 2759,802 2759,801 2758,800 2754,800 2752,799 2378,802 2375,799 2374,799 2374,798 2374,788 2373,788 1309,797 1309,798 1309,816 1308,816 1306,816 1304,818 1303,818 1302,819 1301,819 1301,820 1301,821 1300,821"/><TextEquiv><Unicode/></TextEquiv><TextEquiv index="1"><Unicode>Cependant un ſoir je ſurpris Adé-</Unicode></TextEquiv></TextLine><TextLine id="l4"><Coords points="1149,979 1148,978 1148,936 1147,936 1035,936 1034,935 957,936 956,935 952,935 952,935 952,934 951,933 950,933 950,933 949,882 949,881 944,881 943,881 943,879 941,877 941,874 942,873 955,873 955,873 955,834 955,833 956,833 957,833 957,832 957,831 959,831 962,828 963,828 964,828 964,827 964,826 1077,825 1078,824 1142,824 1143,823 1143,821 1146,818 2200,808 2202,806 2223,806 2224,807 2224,808 2224,808 2727,804 2729,806 3271,801 3272,802 3284,802 3286,804 3288,804 3289,805 3324,805 3325,806 3327,805 3328,806 3328,807 3327,807 3323,808 3323,808 3323,885 3323,886 3321,886 3319,888 3317,888 3315,890 3297,890 3297,890 3297,956 3297,957 3292,957 3291,956 3291,954 3291,954 3284,954 3282,952 3282,941 3281,941 3207,942 3206,940 3206,923 3205,923 3111,923 3110,922 3110,921 3109,920 2135,929 2135,929 2135,951 2134,952 1632,956 1631,957 1630,957 1629,958 1629,960 1627,962 1624,962 1622,964 1622,966 1621,967 1331,970 1330,970 1330,973 1328,976 1151,977 1150,978"/><TextEquiv><Unicode/></TextEquiv><TextEquiv index="1"><Unicode>laide plongée dans ſes rêveries mélan-</Unicode></TextEquiv></TextLine><TextLine id="l5"><Coords points="2075,1123 2074,1123 2074,1122 2074,1121 1224,1129 1222,1127 1219,1127 1218,1126 1218,1125 1217,1124 1217,1123 1217,1123 1088,1124 1087,1123 1086,1123 1085,1122 1083,1122 1082,1122 1082,1096 1082,1095 985,1096 984,1095 974,1095 968,1089 967,1089 966,1089 966,1088 960,1082 960,1080 960,1079 932,1079 931,1079 931,1075 932,1074 935,1074 935,1074 935,1065 936,1063 956,1063 957,1063 957,1041 960,1038 960,1036 962,1033 964,1033 967,1031 967,1029 968,1027 973,1027 974,1026 976,1026 978,1024 983,1024 985,1022 997,1022 999,1020 1100,1019 1101,1018 1100,986 1103,984 1107,984 1108,983 1111,983 1113,981 1146,981 1146,980 1146,979 1147,979 1622,974 1624,972 1631,972 1632,971 2100,967 2100,967 2100,954 2101,952 2134,952 2135,952 2135,959 2136,960 2695,955 2696,956 2696,957 2697,958 3097,955 3098,955 3106,955 3107,957 3107,958 3108,958 3297,957 3297,957 3297,961 3298,962 3298,984 3299,985 3333,984 3334,986 3334,987 3333,988 3327,988 3326,989 3327,1064 3327,1065 3326,1065 3325,1065 3325,1067 3323,1069 3323,1071 3319,1076 3266,1076 3265,1077 3207,1078 3206,1078 3206,1093 3205,1095 3164,1095 3163,1095 3163,1113 3163,1114"/><TextEquiv><Unicode/></TextEquiv><TextEquiv index="1"><Unicode>coliques, ſous un berceau de verdure.</Unicode></TextEquiv></TextLine><TextLine id="l6"><Coords points="2095,1281 2094,1280 2088,1280 2088,1280 2088,1266 2087,1265 1846,1267 1845,1266 1843,1266 1841,1264 1057,1271 1014,1272 1014,1272 1014,1290 1013,1291 1005,1291 1005,1290 1005,1248 1004,1248 959,1248 959,1248 959,1247 958,1246 957,1246 957,1246 956,1200 956,1199 944,1199 941,1197 941,1194 943,1192 948,1192 948,1192 948,1158 949,1156 956,1156 957,1156 957,1137 957,1136 1004,1136 1005,1135 1005,1134 1005,1134 1082,1133 1083,1133 1082,1123 1083,1122 1085,1122 1086,1123 1087,1123 1088,1125 1089,1137 1089,1137 1769,1131 1770,1131 1770,1129 1773,1125 1976,1123 1977,1122 1994,1122 1995,1123 2825,1116 2826,1115 3049,1113 3051,1115 3163,1114 3164,1115 3168,1115 3168,1115 3168,1119 3170,1120 3170,1129 3170,1130 3308,1129 3310,1130 3310,1198 3311,1199 3311,1200 3312,1201 3316,1201 3320,1205 3320,1209 3321,1210 3322,1210 3322,1210 3322,1216 3323,1217 3323,1222 3322,1223 3322,1225 3321,1227 3319,1227 3315,1230 3315,1231 3315,1232 3246,1232 3245,1233 3246,1251 3245,1251 3244,1251 3244,1252 3244,1254 3243,1254 2666,1259 2665,1261 2665,1262 2661,1265 2257,1269 2257,1269 2257,1279 2256,1280"/><TextEquiv><Unicode/></TextEquiv><TextEquiv index="1"><Unicode>Elle voulut s'enfuir, mais je la retins.</Unicode></TextEquiv></TextLine><TextLine id="l7"><Coords points="1981,1438 1980,1438 1980,1418 1980,1417 1906,1418 1904,1416 1904,1399 1903,1399 1440,1403 1438,1405 1438,1410 1437,1412 1437,1416 1437,1416 1436,1416 1435,1417 1435,1419 1433,1421 1433,1425 1433,1425 1426,1425 1423,1428 1423,1430 1423,1430 1415,1430 1414,1431 1414,1432 1414,1432 1413,1432 1411,1431 1411,1424 1411,1423 1232,1425 1230,1423 1230,1420 1230,1420 1224,1420 1222,1418 1221,1418 1220,1417 1220,1401 1219,1401 1132,1402 1131,1401 1121,1401 1119,1398 1119,1389 1118,1389 983,1390 982,1389 977,1389 975,1387 974,1387 974,1387 974,1386 973,1385 972,1385 972,1385 972,1384 971,1383 969,1383 969,1383 969,1379 968,1378 967,1378 965,1376 965,1374 964,1373 963,1358 964,1357 964,1355 965,1354 965,1351 969,1347 969,1345 972,1342 976,1342 976,1342 976,1341 977,1340 979,1340 980,1339 982,1339 984,1337 1005,1337 1005,1336 1005,1291 1005,1291 1212,1289 1213,1290 1215,1290 1218,1292 1218,1327 1219,1328 1351,1327 1351,1327 1351,1329 1352,1330 1738,1326 1738,1326 1738,1297 1739,1296 1739,1294 1740,1292 1743,1292 1744,1291 1746,1291 1750,1288 1750,1286 1750,1285 2087,1282 2089,1280 2198,1279 2199,1279 2199,1278 2200,1277 2200,1276 2200,1275 2203,1275 2204,1275 2204,1274 2204,1273 2216,1273 2218,1275 2220,1275 2221,1276 2221,1279 2221,1279 2403,1278 2407,1281 2407,1303 2408,1304 2868,1300 2869,1299 3098,1297 3098,1296 3098,1285 3098,1285 3333,1282 3334,1282 3334,1281 3334,1280 3336,1280 3337,1281 3337,1282 3337,1282 3339,1282 3340,1283 3340,1284 3339,1284 3337,1284 3336,1285 3105,1287 3105,1288 3105,1289 3105,1289 3106,1289 3107,1290 3107,1311 3108,1311 3192,1311 3193,1312 3268,1311 3268,1312 3268,1313 3269,1313 3272,1313 3272,1313 3272,1314 3273,1315 3273,1318 3275,1320 3275,1322 3276,1323 3277,1323 3277,1323 3277,1329 3279,1331 3279,1334 3280,1335 3319,1335 3322,1338 3322,1339 3323,1340 3323,1344 3322,1345 3322,1346 3321,1347 3322,1352 3320,1354 3320,1355 3319,1356 3291,1356 3291,1356 3291,1371 3289,1373 3284,1373 3284,1373 3284,1380 3282,1382 3201,1383 3201,1383 3201,1384 3200,1385 3163,1385 3163,1385 3163,1386 3162,1387 3146,1387 3144,1389 3140,1389 3139,1388 2573,1393 2573,1394 2573,1430 2573,1430 2566,1430 2565,1430 2565,1424 2565,1423 2379,1425 2377,1423 2377,1393 2376,1393 2001,1396 2001,1397 2001,1438 2001,1438"/><TextEquiv><Unicode/></TextEquiv><TextEquiv index="1"><Unicode>Non, cruelle, lui dis-je, vous ne con-</Unicode></TextEquiv></TextLine><TextLine id="l8"><Coords points="1744,1592 1743,1591 1742,1570 1741,1569 1741,1558 1741,1557 1589,1559 1588,1558 1588,1557 1588,1557 1539,1557 1538,1556 1382,1557 1381,1557 1372,1557 1371,1556 1153,1557 1152,1556 1128,1557 1127,1556 1127,1554 1127,1554 1125,1554 1124,1553 1124,1552 1124,1552 1121,1552 1120,1551 1120,1547 1120,1547 1118,1547 1117,1546 1117,1544 1117,1544 965,1545 963,1543 956,1543 955,1543 955,1541 953,1538 939,1538 938,1538 938,1536 939,1535 940,1535 940,1535 940,1493 940,1492 1006,1492 1007,1491 1007,1475 1008,1474 1032,1474 1033,1473 1032,1462 1034,1461 1041,1460 1042,1459 1046,1459 1046,1459 1046,1457 1049,1454 1151,1454 1151,1453 1151,1445 1154,1442 1158,1442 1158,1442 1158,1441 1159,1440 1161,1440 1163,1438 1168,1438 1170,1440 1172,1440 1172,1441 1172,1442 1173,1442 3072,1426 3072,1425 3072,1423 3073,1423 3089,1423 3091,1425 3091,1427 3092,1428 3093,1428 3093,1428 3093,1456 3095,1458 3096,1468 3096,1469 3116,1468 3117,1469 3257,1468 3258,1469 3260,1469 3261,1470 3261,1492 3261,1492 3300,1492 3301,1493 3315,1493 3316,1493 3316,1494 3316,1495 3319,1495 3320,1495 3320,1511 3318,1513 3318,1515 3317,1516 3291,1516 3289,1518 3268,1518 3268,1519 3268,1521 3265,1524 3265,1536 3265,1536 3256,1536 3254,1538 3233,1538 3232,1539 3232,1540 3232,1540 3219,1540 3218,1541 3218,1567 3217,1568 1761,1581 1759,1583 1760,1586 1760,1586 3329,1572 3330,1573 3334,1573 3334,1574 3335,1578 3334,1578"/><TextEquiv><Unicode/></TextEquiv><TextEquiv index="1"><Unicode>damnerez pas à la mort un malheu-</Unicode></TextEquiv></TextLine><TextLine id="l9"><Coords points="2886,1739 2886,1739 2886,1697 2885,1696 2872,1696 2871,1696 2770,1696 2768,1698 2757,1698 2754,1696 2751,1696 2751,1695 2750,1694 2749,1693 2747,1693 2746,1692 2746,1689 2745,1688 2745,1684 2745,1684 2628,1685 2627,1685 2627,1691 2626,1692 2626,1693 2625,1695 2618,1695 2618,1695 2618,1697 2615,1700 2610,1700 2608,1702 2601,1702 2601,1702 2601,1704 2600,1705 2598,1705 2598,1705 2598,1707 2597,1708 2594,1708 2593,1707 2591,1707 2591,1706 2591,1700 2590,1700 2582,1700 2582,1700 2582,1699 2581,1698 2580,1698 2580,1698 2580,1697 2579,1696 2469,1697 2469,1698 2469,1701 2467,1702 2465,1702 2460,1707 2457,1707 2457,1708 2457,1711 2455,1712 2450,1712 2450,1712 2450,1702 2449,1701 2327,1702 2326,1703 2307,1703 2306,1702 2304,1702 2301,1699 2197,1700 2195,1702 2192,1702 2191,1703 2185,1703 2184,1704 2175,1705 2173,1703 2171,1703 2170,1702 2168,1702 2168,1701 2168,1700 2167,1700 2055,1701 2054,1702 2044,1702 2043,1703 1985,1703 1985,1704 1985,1705 1982,1707 1980,1707 1980,1708 1980,1741 1979,1741 1973,1741 1973,1741 1973,1713 1972,1712 1960,1712 1959,1711 1959,1707 1958,1706 1888,1707 1887,1706 1736,1707 1735,1708 1640,1709 1639,1710 1572,1711 1571,1712 1556,1712 1554,1710 1552,1710 1551,1709 1451,1710 1450,1709 1289,1710 1289,1711 1289,1712 1288,1712 1282,1712 1280,1714 1278,1714 1277,1715 1260,1716 1260,1716 1260,1717 1258,1719 1256,1719 1256,1718 1256,1715 1255,1715 1193,1715 1192,1714 1191,1714 1191,1714 1191,1713 1190,1712 1189,1712 1188,1711 1120,1712 1120,1711 1119,1699 1119,1699 1022,1700 1021,1701 1020,1701 1019,1702 968,1702 966,1700 965,1700 964,1700 964,1699 964,1698 958,1698 955,1696 955,1679 955,1678 942,1678 940,1676 936,1676 935,1676 935,1650 935,1649 903,1650 902,1649 902,1647 904,1646 905,1647 905,1648 906,1649 975,1648 977,1650 1119,1649 1123,1645 1127,1645 1127,1644 1127,1643 1127,1643 1148,1643 1150,1641 1153,1640 1155,1638 1162,1638 1165,1641 1210,1641 1211,1642 1315,1641 1316,1640 1327,1640 1328,1639 1328,1638 1328,1638 1358,1638 1360,1636 1451,1635 1452,1634 1452,1630 1454,1628 1454,1624 1454,1624 1455,1624 1456,1623 1456,1619 1457,1618 1457,1614 1457,1614 1458,1614 1459,1613 1459,1612 1459,1612 1460,1612 1461,1611 1461,1610 1461,1610 1462,1610 1464,1608 1464,1606 1466,1604 1468,1604 1469,1603 1469,1601 1470,1600 1472,1600 1473,1599 1473,1598 1473,1598 1475,1598 1480,1593 1496,1592 1497,1593 1499,1593 1500,1594 1502,1596 1502,1598 1502,1598 1564,1598 1566,1599 1566,1640 1566,1641 1638,1640 1640,1638 1721,1638 1722,1637 1722,1607 1722,1607 1723,1607 1724,1606 1724,1605 1724,1605 1726,1604 1727,1604 1727,1603 1727,1602 1756,1602 1757,1602 1757,1601 1760,1597 1762,1597 1764,1595 1771,1595 1773,1597 1787,1597 1789,1598 1789,1599 1789,1600 1790,1600 1791,1600 1791,1635 1791,1636 1902,1635 1903,1634 1903,1633 1903,1633 1905,1633 1906,1634 2012,1633 2013,1632 2013,1595 2015,1593 2019,1593 2020,1592 2020,1591 2020,1591 2028,1591 2030,1593 2032,1593 2035,1595 2035,1597 2037,1599 2037,1629 2037,1630 2094,1629 2096,1631 2224,1630 2225,1629 2228,1629 2229,1628 2301,1627 2303,1626 2303,1624 2305,1621 2314,1621 2316,1623 2316,1626 2317,1627 2317,1628 2317,1628 2435,1627 2436,1626 2505,1626 2509,1622 2517,1622 2518,1621 2518,1584 2520,1582 2520,1581 2520,1581 2527,1580 2528,1581 2536,1581 2539,1584 2539,1588 2539,1588 2540,1588 2541,1589 2541,1624 2543,1626 2543,1628 2543,1628 2615,1628 2616,1628 2616,1629 2620,1634 2736,1633 2737,1632 2737,1616 2738,1615 2740,1616 2740,1647 2741,1648 2857,1647 2857,1646 2857,1588 2857,1588 2858,1588 2859,1587 2859,1586 2859,1586 2861,1586 2862,1585 2869,1585 2870,1584 2899,1583 2901,1585 2903,1585 2905,1587 2905,1614 2905,1614 2932,1614 2933,1614 2933,1623 2933,1624 3019,1623 3020,1622 3136,1621 3137,1621 3137,1602 3138,1600 3195,1600 3196,1599 3196,1590 3196,1590 3198,1590 3203,1585 3302,1584 3303,1583 3308,1583 3310,1585 3312,1585 3313,1585 3313,1587 3313,1588 3315,1588 3316,1588 3316,1590 3318,1592 3318,1622 3318,1623 3341,1622 3342,1623 3342,1624 3341,1624 3323,1625 3323,1625 3323,1688 3322,1689 3323,1692 3322,1693 3322,1695 3321,1696 3319,1696 3317,1698 3311,1698 3311,1697 3311,1696 3310,1696 3213,1697 3213,1697 3213,1721 3212,1722 3203,1722 3203,1722 3203,1723 3202,1724 3196,1724 3196,1723 3196,1693 3195,1693 3053,1694 3052,1695 3048,1695 3047,1696 3045,1696 3045,1696 3045,1697 3044,1698 3041,1698 3041,1699 3041,1736 3040,1736 3026,1736 3024,1734 3022,1734 3021,1733 3020,1733 3018,1731 3016,1731 3015,1730 3014,1691 3014,1690 2909,1691 2908,1692 2909,1701 2907,1702 2902,1702 2902,1703 2902,1739 2901,1739"/><TextEquiv><Unicode/></TextEquiv><TextEquiv index="1"><Unicode>reux ſans l'avoir entendu. Je parlai</Unicode></TextEquiv></TextLine><TextLine id="l10"><Coords points="1713,1909 1712,1908 1712,1907 1712,1907 1498,1908 1497,1908 965,1912 964,1912 964,1868 960,1864 960,1861 959,1860 958,1775 957,1774 957,1773 957,1772 956,1772 955,1772 955,1771 955,1770 954,1770 953,1770 953,1765 958,1760 960,1760 964,1755 968,1755 969,1755 969,1754 969,1753 981,1753 982,1754 2125,1744 2126,1743 2128,1743 2130,1741 2134,1741 2135,1740 2135,1739 2135,1739 2139,1739 2140,1738 2146,1738 2147,1739 2152,1739 2154,1741 2156,1741 2157,1742 2566,1738 2568,1740 2568,1742 2568,1742 2902,1739 2907,1744 2907,1770 2908,1770 3237,1767 3237,1768 3237,1781 3238,1781 3304,1781 3305,1782 3309,1782 3311,1784 3314,1784 3315,1785 3315,1787 3317,1789 3319,1789 3322,1792 3322,1793 3323,1794 3323,1795 3324,1796 3325,1796 3325,1796 3325,1802 3324,1803 3325,1838 3322,1841 3322,1843 3321,1844 3320,1844 3320,1844 3320,1845 3319,1846 3317,1846 3316,1847 3316,1850 3315,1851 3310,1851 3306,1855 3301,1855 3300,1856 3259,1856 3259,1857 3259,1893 3259,1893 3254,1893 3253,1893 3253,1890 3253,1889 2970,1892 2969,1891 2969,1883 2969,1883 1811,1893 1810,1893 1810,1905 1810,1906 1788,1906 1787,1907 1720,1908 1719,1909"/><TextEquiv><Unicode/></TextEquiv><TextEquiv index="1"><Unicode>beaucoup; je fis ſur l'inhumaine une</Unicode></TextEquiv></TextLine><TextLine id="l11"><Coords points="1502,2064 1502,2064 1502,2063 1501,2062 1120,2066 1120,2065 1120,2064 1119,2064 1117,2064 1115,2061 1114,2024 1114,2024 955,2025 953,2023 949,2023 948,2023 948,2014 948,2013 934,2013 933,2013 933,2012 933,2011 932,2011 931,2011 931,2009 932,2008 951,2008 952,2007 952,1957 952,1956 955,1956 956,1956 955,1916 956,1915 962,1915 962,1915 962,1914 963,1913 964,1913 965,1912 1382,1909 1383,1907 1825,1904 1825,1903 1825,1902 1829,1899 2705,1891 2707,1889 2721,1889 2723,1891 2725,1891 2726,1892 2857,1891 2858,1892 2969,1891 2970,1892 2973,1892 2975,1894 2976,1894 2976,1894 2976,1895 2977,1896 3260,1893 3261,1895 3261,1897 3263,1898 3331,1897 3332,1898 3334,1898 3335,1900 3335,1903 3335,1903 3264,1904 3263,1905 3264,1934 3264,1934 3319,1934 3320,1934 3320,1957 3323,1960 3323,1969 3322,1970 3322,1973 3320,1975 3299,1975 3299,1975 3299,1976 3298,1977 3289,1977 3289,1977 3289,2007 3289,2008 3219,2008 3218,2009 3218,2013 3218,2013 3216,2014 3215,2014 3215,2025 3214,2027 3204,2027 3201,2029 3201,2031 3201,2032 3132,2032 3131,2033 3132,2046 3131,2046 2598,2051 2597,2052 2517,2053 2517,2052 2517,2052 2578,2051 2579,2051 2579,2048 2578,2047 1521,2056 1521,2057 1521,2064 1520,2064"/><TextEquiv><Unicode/></TextEquiv><TextEquiv index="1"><Unicode>impreſſion viſible; je me juſtifiai plei-</Unicode></TextEquiv></TextLine><TextLine id="l12"><Coords points="1812,2216 1811,2215 1811,2178 1810,2178 1748,2178 1747,2177 1638,2178 1638,2178 1638,2177 1637,2176 1483,2178 1483,2178 1483,2194 1482,2195 1473,2195 1473,2194 1473,2192 1472,2192 1465,2192 1462,2188 1462,2178 1461,2178 1253,2180 1252,2181 1250,2181 1248,2183 1237,2183 1237,2182 1237,2181 1236,2181 1232,2181 1231,2180 1057,2181 1056,2180 1054,2180 1051,2177 955,2178 955,2178 955,2176 953,2174 953,2168 955,2166 955,2165 955,2164 957,2164 958,2164 957,2115 958,2114 959,2114 959,2114 960,2113 960,2112 961,2111 962,2111 962,2111 962,2110 963,2109 965,2109 967,2107 969,2107 970,2106 1194,2104 1194,2104 1194,2103 1194,2102 1369,2101 1370,2100 1370,2075 1370,2075 1372,2075 1373,2074 1373,2073 1373,2073 1377,2073 1379,2071 1499,2069 1500,2069 1500,2066 1501,2064 1654,2063 1655,2063 1655,2062 1655,2061 1657,2061 1659,2059 1661,2059 1662,2058 1664,2058 1666,2056 1678,2056 1686,2063 1686,2081 1686,2082 1801,2081 1803,2082 1803,2094 1803,2095 2142,2092 2144,2090 2256,2089 2257,2088 2257,2061 2257,2061 2265,2061 2266,2060 2266,2059 2269,2056 2516,2054 2517,2053 2598,2052 2599,2052 2599,2054 2601,2056 2601,2065 2601,2066 3128,2061 3129,2061 3129,2047 3129,2046 3131,2046 3132,2047 3132,2048 3132,2048 3315,2047 3318,2049 3318,2051 3320,2053 3320,2103 3323,2106 3323,2139 3324,2140 3325,2140 3325,2140 3325,2144 3322,2147 3323,2158 3320,2161 3289,2161 3289,2161 3289,2165 3288,2166 3248,2166 3248,2167 3248,2170 3246,2171 3126,2172 3126,2173 3126,2175 3124,2177 3124,2179 3122,2180 3120,2180 3120,2181 3120,2187 3119,2188 3119,2200 3118,2200 3115,2200 3115,2200 3115,2186 3114,2185 2794,2188 2794,2189 2794,2191 2792,2192 2785,2192 2785,2193 2785,2198 2782,2201 2782,2203 2780,2204 2489,2207 2489,2206 2489,2202 2488,2202 2484,2202 2484,2201 2484,2195 2483,2195 2481,2195 2481,2194 2481,2181 2480,2181 2479,2181 2479,2180 2479,2176 2478,2176 2477,2176 2477,2175 2477,2174 2476,2174 2349,2175 2347,2173 1990,2176 1990,2177 1990,2213 1989,2213 1839,2215 1838,2216"/><TextEquiv><Unicode/></TextEquiv><TextEquiv index="1"><Unicode>nement à ſes yeux. J'avois pour moi</Unicode></TextEquiv></TextLine><TextLine id="l13"><Coords points="1626,2373 1625,2373 1625,2346 1625,2345 1537,2346 1536,2346 1536,2333 1536,2332 1285,2334 1284,2333 1207,2334 1206,2333 1033,2335 1032,2336 1028,2336 1027,2335 1027,2334 1027,2334 953,2334 952,2333 948,2333 947,2333 947,2323 946,2322 933,2322 933,2322 934,2321 934,2309 935,2307 946,2307 947,2307 946,2274 947,2273 947,2265 948,2264 951,2264 955,2260 957,2260 957,2260 957,2256 958,2255 959,2255 959,2255 959,2251 960,2250 960,2246 961,2245 962,2245 962,2245 962,2244 963,2243 964,2243 964,2243 964,2241 967,2238 967,2234 968,2233 969,2233 969,2233 969,2231 971,2229 971,2227 974,2224 976,2224 981,2219 989,2219 990,2217 1015,2217 1017,2218 1017,2221 1019,2223 1019,2259 1020,2260 1040,2260 1041,2261 1041,2262 1042,2262 1044,2262 1046,2264 1219,2263 1220,2262 1334,2261 1335,2260 1348,2260 1349,2261 1540,2259 1540,2259 1540,2249 1541,2248 1579,2248 1579,2247 1579,2234 1581,2233 1631,2232 1632,2231 1634,2231 1634,2231 1634,2228 1636,2226 1638,2226 1638,2226 1638,2225 1639,2224 1641,2224 1644,2221 1652,2221 1652,2222 1652,2224 1655,2226 1660,2226 1662,2228 1665,2228 1666,2230 1666,2259 1667,2259 1772,2258 1772,2258 1772,2232 1773,2231 1794,2231 1801,2224 1803,2224 1803,2223 1803,2219 1804,2219 1806,2219 1808,2217 1810,2217 1811,2216 1868,2215 1869,2214 1990,2213 1991,2214 1991,2252 1992,2252 2118,2251 2119,2250 2119,2248 2120,2247 2121,2247 2121,2247 2121,2246 2122,2245 2123,2245 2123,2245 2123,2243 2125,2241 2125,2236 2126,2235 2126,2231 2128,2229 2128,2227 2129,2226 2130,2226 2130,2225 2130,2223 2133,2220 2133,2218 2136,2216 2138,2216 2138,2215 2138,2211 2138,2211 2140,2211 2146,2205 2149,2205 2150,2204 2151,2204 2152,2203 2152,2202 2152,2202 2166,2202 2168,2204 2172,2204 2173,2205 2181,2205 2183,2206 2183,2233 2184,2234 2188,2233 2188,2234 2188,2252 2189,2252 2192,2252 2192,2253 2192,2254 2193,2254 2294,2254 2296,2252 2354,2251 2355,2250 2412,2250 2412,2249 2412,2248 2413,2248 2462,2247 2462,2247 2462,2213 2465,2210 2465,2208 2465,2207 2474,2207 2476,2209 2478,2209 2479,2209 2479,2210 2479,2211 2481,2211 2483,2212 2496,2212 2496,2212 2496,2247 2497,2248 2611,2247 2611,2246 2611,2244 2613,2243 2616,2243 2616,2243 2616,2246 2617,2247 2641,2247 2641,2246 2641,2245 2642,2245 2645,2244 2646,2245 2780,2244 2780,2244 2780,2212 2782,2209 2784,2209 2785,2209 2785,2208 2785,2207 2792,2207 2794,2209 2894,2208 2895,2207 2947,2207 2950,2209 2950,2235 2951,2236 3062,2235 3062,2234 3062,2216 3065,2213 3065,2211 3066,2211 3068,2211 3070,2209 3072,2209 3072,2208 3072,2207 3072,2207 3165,2206 3166,2205 3168,2205 3169,2204 3257,2203 3258,2202 3262,2202 3265,2200 3265,2198 3265,2197 3274,2197 3275,2198 3280,2198 3282,2200 3284,2200 3286,2202 3288,2202 3289,2202 3289,2203 3289,2204 3290,2204 3291,2204 3291,2244 3292,2245 3301,2245 3301,2245 3301,2246 3302,2247 3304,2247 3305,2248 3354,2247 3356,2250 3356,2253 3355,2254 3320,2255 3319,2255 3320,2306 3319,2307 3318,2307 3318,2307 3318,2313 3317,2314 3313,2314 3311,2316 3306,2316 3306,2316 3306,2323 3304,2326 3235,2326 3233,2328 3227,2328 3223,2325 3223,2324 3223,2323 3092,2325 3091,2325 3091,2332 3091,2333 3089,2333 3088,2333 3088,2335 3088,2336 3085,2336 3084,2336 3084,2337 3084,2338 3056,2338 3055,2338 3055,2347 3055,2348 3053,2348 3052,2348 3052,2352 3052,2353 3051,2353 3050,2352 3050,2348 3050,2348 3032,2348 3031,2348 3031,2331 3031,2330 2956,2331 2955,2330 2955,2326 2955,2326 2946,2326 2945,2325 2945,2324 2944,2324 2932,2324 2931,2324 2931,2323 2930,2322 2874,2322 2873,2321 2873,2316 2872,2316 2834,2316 2833,2315 2733,2316 2732,2317 2730,2317 2730,2317 2730,2354 2730,2355 2728,2355 2727,2354 2727,2353 2727,2353 2667,2353 2665,2352 2665,2324 2664,2323 2592,2324 2592,2323 2592,2317 2591,2317 2501,2318 2501,2318 2501,2320 2500,2321 2484,2321 2484,2321 2484,2325 2483,2326 2483,2326 2482,2326 2482,2340 2482,2341 2464,2341 2463,2342 2463,2362 2463,2362 2454,2362 2453,2362 2453,2327 2453,2326 2343,2327 2342,2328 2332,2328 2331,2329 2331,2333 2331,2333 2327,2333 2326,2334 2320,2334 2319,2334 2319,2332 2319,2331 2311,2331 2310,2331 2310,2329 2310,2328 2307,2328 2305,2327 2305,2323 2304,2322 2302,2322 2301,2321 2193,2322 2193,2323 2193,2329 2193,2329 2191,2329 2190,2330 2190,2353 2190,2353 2136,2354 2135,2355 2041,2356 2040,2356 2040,2361 2040,2362 2033,2362 2032,2361 2032,2331 2032,2331 2017,2331 2016,2330 1890,2331 1889,2331 1889,2328 1888,2327 1767,2328 1767,2329 1758,2329 1756,2331 1716,2332 1715,2332 1715,2366 1713,2369 1709,2369 1708,2369 1708,2370 1708,2371 1707,2371 1705,2369 1705,2365 1705,2365 1639,2365 1638,2366 1638,2373 1638,2373"/><TextEquiv><Unicode/></TextEquiv><TextEquiv index="1"><Unicode>ſon cœur; je faiſis ſa main qu'elle laiſſa</Unicode></TextEquiv></TextLine><TextLine id="l14"><Coords points="2068,2518 2068,2517 2067,2493 2067,2493 2014,2493 2013,2493 2013,2480 2013,2479 1926,2480 1925,2481 1921,2481 1920,2481 1920,2483 1920,2484 1905,2484 1904,2484 1904,2495 1902,2498 1901,2498 1899,2497 1899,2489 1899,2488 1883,2488 1882,2487 1880,2487 1879,2487 1879,2483 1879,2482 1845,2482 1844,2481 1751,2482 1750,2483 1750,2484 1750,2484 1699,2485 1698,2486 1684,2486 1682,2484 1625,2484 1624,2483 1508,2484 1507,2484 1507,2483 1506,2481 1435,2482 1433,2484 1428,2484 1426,2486 1424,2486 1422,2488 1413,2488 1412,2487 1229,2489 1228,2489 1229,2522 1226,2525 1222,2525 1222,2524 1222,2521 1220,2520 1218,2520 1217,2519 1146,2520 1146,2520 1146,2523 1145,2524 1144,2522 1143,2491 1143,2491 1120,2491 1117,2488 1053,2488 1052,2487 999,2488 998,2487 973,2487 972,2486 970,2486 969,2486 969,2485 969,2484 968,2484 967,2484 967,2483 967,2482 963,2482 962,2482 962,2480 961,2478 960,2477 958,2477 957,2477 957,2473 957,2472 956,2472 955,2472 955,2470 952,2467 952,2458 952,2457 945,2457 943,2456 943,2451 944,2450 950,2450 950,2450 950,2447 950,2446 951,2446 952,2446 952,2442 955,2439 955,2437 955,2436 956,2436 957,2436 957,2432 957,2431 959,2431 964,2426 966,2426 967,2426 967,2425 967,2424 968,2424 969,2424 969,2421 969,2420 977,2420 978,2419 980,2419 981,2419 981,2418 981,2417 1108,2416 1112,2412 1112,2410 1114,2408 1126,2408 1127,2408 1127,2417 1127,2418 1289,2416 1290,2416 1289,2388 1291,2386 1292,2386 1295,2383 1297,2383 1297,2383 1297,2382 1298,2381 1315,2381 1315,2382 1315,2384 1316,2384 1333,2384 1333,2384 1334,2418 1334,2419 1408,2418 1409,2418 1409,2416 1409,2415 1435,2415 1438,2418 1438,2420 1438,2420 1472,2420 1473,2419 1473,2389 1473,2389 1480,2389 1482,2391 1485,2391 1487,2392 1487,2419 1487,2420 1513,2419 1514,2419 1514,2418 1514,2417 1537,2417 1539,2415 1541,2415 1543,2413 1615,2412 1616,2412 1616,2402 1617,2401 1616,2377 1617,2376 1619,2376 1619,2376 1619,2375 1620,2374 1624,2374 1625,2373 1638,2373 1641,2376 1643,2376 1643,2377 1643,2381 1644,2381 1645,2381 1645,2382 1646,2412 1646,2412 1694,2412 1695,2412 1695,2413 1695,2414 1766,2413 1767,2413 1767,2397 1767,2396 1771,2396 1772,2395 1776,2395 1777,2396 1777,2399 1778,2400 1780,2400 1781,2401 1781,2410 1781,2410 1843,2409 1844,2410 1848,2410 1850,2412 1950,2412 1951,2411 1951,2410 1953,2408 1960,2407 1961,2407 1961,2406 1961,2405 2030,2405 2031,2404 2030,2369 2031,2369 2063,2369 2063,2368 2063,2367 2064,2367 2066,2367 2068,2365 2104,2364 2105,2365 2152,2365 2152,2365 2152,2367 2153,2368 2217,2367 2221,2372 2222,2405 2222,2405 2271,2405 2273,2407 2278,2407 2279,2407 2279,2409 2279,2410 2349,2409 2350,2408 2352,2408 2355,2405 2357,2405 2358,2405 2358,2403 2360,2400 2360,2398 2360,2398 2366,2398 2368,2396 2370,2396 2371,2395 2371,2393 2371,2393 2383,2393 2384,2392 2383,2383 2384,2383 2392,2383 2392,2383 2393,2387 2393,2388 2394,2388 2395,2389 2396,2389 2397,2390 2448,2389 2450,2391 2450,2405 2450,2405 2537,2404 2538,2403 2584,2403 2586,2401 2623,2401 2624,2400 2623,2366 2625,2365 2627,2365 2632,2360 2644,2360 2644,2360 2644,2363 2645,2363 2715,2363 2716,2362 2719,2362 2721,2360 2733,2360 2735,2362 2736,2400 2736,2401 2824,2400 2825,2399 2824,2368 2826,2366 2826,2362 2827,2362 2830,2362 2830,2361 2830,2358 2832,2357 2843,2357 2846,2360 2847,2360 2847,2360 2847,2361 2848,2362 2849,2362 2849,2362 2849,2366 2850,2367 2850,2381 2851,2382 2952,2381 2952,2380 2952,2360 2953,2360 2957,2360 2957,2360 2957,2369 2958,2370 2983,2370 2984,2371 3058,2370 3058,2369 3058,2357 3059,2357 3060,2357 3060,2356 3060,2355 3061,2355 3062,2355 3062,2355 3062,2356 3063,2357 3133,2356 3134,2355 3148,2355 3148,2356 3148,2357 3149,2357 3151,2357 3155,2362 3156,2398 3156,2398 3181,2398 3183,2400 3218,2399 3219,2400 3265,2400 3266,2401 3266,2402 3268,2404 3268,2419 3268,2419 3322,2419 3323,2419 3323,2438 3323,2439 3320,2439 3318,2441 3316,2441 3314,2443 3307,2443 3305,2445 3302,2445 3301,2445 3301,2455 3300,2457 3298,2457 3296,2458 3296,2459 3296,2460 3288,2460 3287,2460 3287,2473 3287,2474 3283,2474 3282,2474 3282,2483 3282,2484 3280,2484 3277,2481 3277,2472 3277,2472 3189,2473 3188,2473 3189,2505 3188,2506 3184,2506 3184,2505 3184,2503 3183,2503 3170,2503 3170,2502 3169,2477 3169,2477 3095,2478 3094,2479 3087,2479 3085,2481 3084,2481 3082,2479 3082,2469 3082,2469 3003,2469 3002,2470 3002,2478 2999,2481 2944,2482 2943,2482 2943,2483 2943,2484 2916,2484 2915,2485 2916,2501 2915,2501 2912,2501 2912,2501 2912,2497 2910,2496 2910,2487 2910,2486 2869,2487 2868,2486 2809,2486 2807,2484 2725,2485 2724,2486 2716,2486 2713,2483 2637,2484 2636,2484 2637,2502 2636,2503 2634,2503 2634,2502 2633,2486 2633,2486 2582,2486 2580,2484 2533,2484 2532,2483 2526,2484 2525,2483 2525,2481 2523,2479 2451,2479 2450,2480 2450,2495 2449,2496 2450,2508 2449,2508 2448,2508 2448,2509 2448,2510 2447,2510 2445,2510 2443,2508 2442,2490 2439,2487 2439,2479 2439,2478 2327,2479 2326,2480 2326,2487 2325,2488 2323,2488 2322,2489 2322,2495 2321,2496 2321,2498 2321,2498 2317,2498 2317,2499 2317,2512 2316,2512 2313,2512 2312,2511 2311,2488 2311,2487 2235,2488 2233,2487 2233,2485 2233,2484 2232,2484 2231,2484 2231,2482 2231,2481 2226,2481 2224,2479 2222,2479 2221,2479 2221,2478 2221,2477 2200,2477 2199,2476 2102,2477 2101,2478 2101,2482 2101,2482 2073,2482 2072,2483 2073,2516 2072,2517 2070,2517 2069,2518"/><TextEquiv><Unicode/></TextEquiv><TextEquiv index="1"><Unicode>entre les miennes. Elle trembloit &amp; ſou-</Unicode></TextEquiv></TextLine><TextLine id="l15"><Coords points="1962,2679 1961,2679 1961,2677 1961,2676 963,2685 962,2684 959,2684 955,2681 955,2638 954,2637 935,2637 935,2637 935,2635 934,2634 933,2634 933,2634 933,2633 932,2632 931,2632 931,2632 931,2628 931,2627 935,2627 936,2627 935,2581 936,2580 952,2580 953,2579 953,2577 955,2575 957,2575 957,2575 957,2573 962,2568 1038,2568 1038,2567 1038,2534 1040,2532 1044,2531 1045,2530 2662,2516 2665,2513 2670,2513 2671,2512 2677,2512 2678,2511 2987,2509 2988,2508 2990,2507 2991,2508 2995,2508 2997,2510 3002,2510 3003,2511 3003,2536 3003,2536 3016,2536 3017,2537 3017,2550 3017,2550 3315,2548 3316,2549 3317,2549 3318,2549 3318,2552 3319,2553 3325,2553 3325,2553 3325,2555 3325,2556 3321,2556 3320,2556 3320,2567 3319,2568 3320,2619 3319,2620 3318,2620 3318,2620 3318,2622 3315,2625 3301,2625 3301,2625 3301,2646 3300,2647 3189,2648 3189,2648 3189,2657 3188,2658 2556,2663 2556,2664 2556,2665 2555,2665 2229,2668 2229,2669 2229,2676 2229,2676 2127,2677 2126,2678"/><TextEquiv><Unicode/></TextEquiv><TextEquiv index="1"><Unicode>piroit. Des larmes coulèrent de ſes beaux</Unicode></TextEquiv></TextLine><TextLine id="l16"><Coords points="1643,2839 1642,2839 1642,2837 1642,2836 999,2842 998,2841 996,2841 995,2840 956,2840 955,2840 955,2839 955,2838 953,2838 950,2836 950,2740 948,2738 947,2733 948,2732 949,2732 950,2731 950,2729 951,2728 952,2728 952,2728 952,2726 953,2725 1349,2722 1349,2721 1349,2687 1354,2683 2180,2676 2181,2675 2188,2675 2189,2673 2198,2673 2200,2671 3119,2663 3122,2666 3122,2668 3123,2668 3124,2668 3125,2669 3280,2668 3280,2668 3280,2690 3281,2691 3369,2690 3370,2692 3370,2693 3369,2694 3325,2695 3324,2695 3325,2751 3324,2752 3289,2752 3289,2752 3289,2820 3289,2821 3059,2823 3058,2823 3058,2824 3058,2825 1652,2837 1651,2838 1651,2839 1651,2839"/><TextEquiv><Unicode/></TextEquiv><TextEquiv index="1"><Unicode>yeux. Je me jetai à ſes genoux, je bai-</Unicode></TextEquiv></TextLine><TextLine id="l17"><Coords points="2656,2984 2656,2984 2656,2980 2655,2979 2245,2983 2245,2983 2245,2982 2244,2981 2238,2981 2238,2981 2238,2979 2237,2978 2228,2978 2228,2978 2227,2950 2227,2949 1772,2953 1771,2954 1772,2992 1771,2992 1762,2992 1761,2991 1687,2992 1687,2991 1686,2953 1686,2953 1421,2955 1420,2954 1418,2954 1416,2952 1174,2954 1173,2953 1081,2954 1080,2953 969,2954 967,2952 965,2952 964,2952 964,2951 964,2950 963,2950 962,2950 962,2948 960,2946 960,2869 959,2868 947,2868 947,2868 947,2865 947,2864 976,2864 979,2862 979,2860 979,2859 980,2859 981,2859 981,2855 983,2853 983,2851 986,2847 987,2847 991,2843 993,2843 995,2841 998,2841 999,2842 1816,2835 1818,2833 1830,2833 1832,2835 1834,2835 1836,2837 2673,2829 2674,2828 2682,2828 2682,2828 2682,2824 2683,2823 2694,2823 2696,2826 2696,2828 2698,2829 2776,2828 2779,2831 3221,2827 3222,2828 3230,2828 3230,2829 3231,2843 3231,2843 3246,2843 3248,2845 3248,2862 3248,2862 3305,2862 3306,2862 3306,2865 3306,2866 3308,2866 3309,2867 3313,2867 3320,2873 3320,2913 3321,2914 3330,2914 3332,2916 3332,2923 3330,2925 3330,2928 3328,2930 3328,2932 3326,2935 3319,2935 3318,2936 3173,2937 3172,2937 3172,2940 3171,2942 3090,2943 3089,2943 3089,2946 3089,2947 3085,2947 3084,2948 2927,2949 2926,2950 2887,2950 2883,2954 2723,2956 2723,2956 2723,2978 2722,2979 2671,2979 2671,2980 2671,2984 2670,2984"/><TextEquiv><Unicode/></TextEquiv><TextEquiv index="1"><Unicode>ſai mille fois ſes mains tremblantes. La</Unicode></TextEquiv></TextLine><TextLine id="l18"><Coords points="3109,3162 3108,3161 3105,3162 3103,3160 3101,3160 3098,3157 3098,3151 3098,3151 3097,3151 3096,3150 3096,3109 3095,3109 2936,3110 2936,3109 2936,3108 2935,3108 2517,3112 2517,3112 2517,3114 2516,3115 2515,3115 2515,3115 2515,3116 2514,3117 2285,3119 2285,3119 2285,3136 2284,3138 2282,3138 2281,3139 2279,3139 2277,3141 2275,3141 2274,3141 2274,3142 2274,3143 2264,3143 2262,3141 2260,3141 2257,3138 2257,3135 2257,3135 2081,3136 2080,3136 2080,3107 2079,3106 1671,3110 1671,3111 1671,3149 1671,3149 1653,3149 1652,3149 1652,3115 1651,3114 1581,3115 1579,3112 1579,3110 1578,3110 1190,3113 1190,3114 1190,3152 1190,3152 1182,3152 1181,3151 1150,3152 1149,3151 1145,3151 1144,3150 1144,3146 1143,3145 1143,3141 1143,3141 1140,3141 1139,3140 1139,3110 1138,3110 1074,3110 1074,3110 1074,3109 1073,3108 1046,3108 1045,3107 1012,3108 1011,3107 952,3107 952,3107 952,3096 951,3095 932,3095 931,3094 931,3089 930,3088 929,3088 929,3088 929,3086 929,3086 953,3085 954,3085 953,3009 955,3007 955,3005 956,3003 959,3003 960,3002 961,3002 962,3002 962,3001 962,3000 963,3000 964,3000 964,2999 964,2998 971,2998 973,2996 979,2996 981,2998 983,2998 986,3001 986,3003 988,3004 988,3014 990,3017 1271,3015 1272,3014 1272,3012 1274,3009 1281,3009 1282,3009 1282,3003 1284,3001 1284,2998 1284,2997 1285,2997 1287,2995 1293,2995 1294,2995 1294,2994 1294,2993 1486,2992 1487,2991 1499,2991 1500,2991 1500,2993 1500,2994 1848,2990 1850,2988 1853,2988 1855,2986 1864,2986 1865,2987 1865,2988 1865,2988 1874,2988 1875,2989 1875,2991 1879,2995 1879,3029 1880,3029 2329,3025 2329,3025 2329,3006 2329,3005 2330,3005 2332,3003 2333,3003 2334,3003 2334,2995 2335,2993 2337,2993 2338,2993 2338,2992 2338,2991 2340,2991 2341,2990 2435,2989 2438,2986 2794,2983 2795,2983 2795,2982 2795,2981 2801,2981 2803,2979 2823,2979 2825,2981 2827,2981 2828,2982 2904,2981 2907,2984 2907,2993 2907,2993 2908,2993 2909,2994 2909,2995 2909,2995 3157,2993 3158,2994 3158,2995 3158,2995 3166,2995 3167,2995 3167,2997 3169,2999 3169,3005 3169,3006 3291,3005 3292,3005 3292,3013 3293,3014 3304,3014 3304,3014 3304,3042 3305,3043 3321,3043 3327,3049 3327,3059 3327,3060 3326,3060 3325,3060 3325,3062 3324,3064 3323,3064 3322,3064 3322,3066 3322,3067 3273,3067 3273,3068 3273,3077 3272,3077 3263,3077 3263,3078 3263,3091 3262,3091 3218,3092 3217,3093 3191,3093 3191,3093 3191,3098 3189,3100 3124,3100 3124,3101 3124,3117 3124,3117 3348,3115 3349,3116 3349,3120 3348,3120 3124,3122 3124,3123 3124,3132 3124,3132 3122,3132 3120,3134 3120,3155 3119,3156 3119,3158 3119,3158 3118,3158 3117,3159 3117,3160 3117,3160 3116,3160 3115,3161 3115,3162 3115,3162"/><TextEquiv><Unicode/></TextEquiv><TextEquiv index="1"><Unicode>lune ſembloit ſe complaire à faire par-</Unicode></TextEquiv></TextLine><TextLine id="l19"><Coords points="3050,3295 3049,3295 3049,3294 3049,3293 2269,3300 2268,3299 2268,3296 2268,3296 2264,3296 2261,3293 1307,3301 1306,3301 1306,3300 1306,3299 1304,3299 1303,3299 1303,3267 1303,3266 1189,3267 1187,3265 986,3267 984,3266 984,3262 981,3259 981,3257 981,3256 980,3256 979,3256 979,3249 976,3246 976,3244 974,3242 974,3237 969,3232 969,3225 967,3223 967,3221 965,3219 965,3218 964,3217 963,3217 962,3216 962,3213 959,3210 952,3210 952,3210 952,3206 950,3204 950,3195 950,3194 958,3194 959,3193 1150,3192 1150,3191 1150,3152 1151,3152 1451,3149 1452,3148 1454,3148 1454,3147 1454,3146 1455,3146 2089,3140 2090,3139 2100,3139 2102,3141 2106,3141 2106,3142 2106,3143 2109,3146 2109,3147 2110,3147 3314,3137 3315,3138 3315,3140 3316,3141 3317,3217 3317,3218 3334,3218 3335,3218 3335,3219 3334,3220 3330,3220 3330,3220 3330,3243 3328,3245 3328,3248 3327,3249 3327,3253 3325,3255 3325,3257 3325,3258 3324,3258 3323,3258 3323,3259 3322,3260 3322,3261 3319,3265 3317,3265 3316,3265 3316,3267 3314,3270 3190,3271 3189,3271 3189,3276 3189,3277 3061,3278 3060,3278 3060,3286 3058,3288 3058,3293 3057,3295"/><TextEquiv><Unicode/></TextEquiv><TextEquiv index="1"><Unicode>venir juſqu'à nous ſa lumière argentine,</Unicode></TextEquiv></TextLine><TextLine id="l20"><Coords points="2590,3453 2579,3453 2579,3453 2579,3444 2578,3443 2467,3444 2467,3444 2467,3440 2466,3439 2451,3439 2449,3437 2448,3437 2448,3437 2448,3436 2447,3435 2445,3435 2444,3434 2444,3431 2443,3430 2443,3425 2442,3424 2312,3425 2312,3425 2312,3421 2311,3420 2240,3421 2240,3421 2240,3419 2239,3418 2238,3418 2237,3417 1753,3421 1752,3420 1747,3420 1745,3418 1449,3421 1448,3420 1392,3420 1391,3419 1302,3420 1301,3419 1200,3420 1199,3419 978,3421 977,3420 956,3420 955,3420 955,3417 955,3416 942,3416 941,3416 941,3414 940,3413 940,3412 940,3411 939,3411 938,3411 938,3407 934,3403 934,3363 933,3362 911,3363 910,3361 910,3360 912,3358 951,3357 952,3357 952,3352 952,3351 974,3351 976,3349 978,3349 980,3347 985,3347 986,3346 1193,3344 1194,3344 1194,3326 1194,3325 1200,3325 1201,3325 1201,3311 1202,3309 1506,3306 1508,3304 1573,3304 1575,3302 1576,3302 1577,3301 1597,3301 1598,3302 2120,3297 2120,3298 2120,3299 2121,3299 2127,3299 2127,3300 2127,3301 2128,3301 2282,3300 2284,3302 3057,3295 3057,3295 3058,3303 3058,3304 3059,3304 3060,3304 3060,3313 3060,3314 3136,3313 3138,3315 3154,3315 3155,3316 3155,3331 3155,3331 3310,3330 3311,3330 3311,3331 3311,3332 3329,3332 3330,3332 3330,3336 3330,3337 3331,3337 3332,3337 3332,3339 3334,3341 3334,3352 3335,3353 3335,3370 3336,3371 3337,3371 3337,3371 3337,3372 3335,3374 3335,3377 3334,3378 3334,3390 3332,3392 3332,3396 3327,3402 3188,3403 3187,3404 3179,3404 3178,3404 3179,3434 3178,3435 3015,3436 3015,3437 3015,3447 3014,3447 2592,3451 2592,3452 2592,3454 2591,3454"/><TextEquiv><Unicode/></TextEquiv><TextEquiv index="1"><Unicode>en traverfant les feuillages. Que mon</Unicode></TextEquiv></TextLine><TextLine id="l21"><Coords points="3287,3597 3286,3596 1825,3609 1823,3607 1813,3607 1812,3606 1812,3590 1812,3590 958,3597 957,3597 957,3596 957,3595 956,3595 955,3595 955,3593 954,3592 945,3592 945,3592 945,3589 944,3588 941,3588 941,3588 941,3586 940,3585 940,3579 939,3578 938,3578 938,3578 938,3574 937,3573 934,3573 933,3572 933,3569 933,3568 934,3568 935,3568 935,3567 935,3566 938,3566 939,3566 938,3464 940,3461 1000,3461 1004,3457 1005,3457 1006,3458 1124,3457 1126,3459 1131,3459 1132,3460 1425,3457 1427,3459 2651,3448 2652,3449 2665,3449 2668,3452 2668,3454 2668,3454 2669,3454 2670,3455 3040,3452 3041,3453 3183,3452 3184,3452 3184,3487 3186,3489 3263,3488 3263,3489 3263,3492 3264,3492 3265,3492 3266,3493 3269,3493 3271,3495 3302,3495 3303,3496 3303,3506 3304,3507 3332,3507 3332,3507 3332,3511 3334,3513 3335,3579 3335,3580 3354,3579 3356,3581 3356,3586 3356,3586 3290,3587 3289,3587 3289,3596 3289,3597"/><TextEquiv><Unicode/></TextEquiv><TextEquiv index="1"><Unicode>Adélaîde me parut céleſte dans ce mo-</Unicode></TextEquiv></TextLine><TextLine id="l22"><Coords points="3313,3753 3312,3752 3312,3739 3311,3738 3311,3732 3311,3732 2970,3735 2969,3735 2969,3737 2969,3738 2965,3738 2964,3737 2855,3738 2854,3737 2854,3736 2854,3736 2592,3738 2590,3736 2588,3736 2587,3735 2439,3736 2236,3738 2235,3739 2235,3756 2235,3756 2234,3756 2232,3758 2233,3762 2232,3762 2225,3762 2224,3761 2223,3752 2223,3751 2154,3752 2152,3750 2152,3738 2152,3738 1966,3739 1965,3738 1964,3738 1963,3738 1963,3733 1963,3733 1946,3733 1944,3731 1508,3734 1507,3733 1505,3734 1504,3733 1504,3732 1504,3732 1315,3733 1314,3732 1232,3733 1231,3732 1094,3733 1093,3732 959,3733 957,3731 943,3731 938,3726 935,3726 933,3725 933,3724 933,3723 932,3724 931,3723 931,3709 933,3707 933,3660 933,3659 983,3659 986,3657 986,3656 986,3655 1069,3654 1070,3654 1069,3629 1070,3628 1088,3628 1088,3628 1088,3622 1089,3621 1091,3621 1091,3622 1091,3646 1092,3646 1246,3645 1246,3645 1247,3650 1247,3651 1571,3648 1571,3647 1571,3616 1578,3610 1593,3610 1593,3610 1593,3613 1594,3614 1595,3614 1597,3616 1905,3613 1906,3612 2044,3611 2044,3610 2044,3609 2045,3609 2047,3609 2048,3610 2050,3610 2051,3611 2100,3610 2102,3613 2102,3614 2103,3614 2290,3613 2290,3612 2290,3593 2291,3593 2295,3593 2295,3593 2295,3612 2296,3613 2433,3611 2434,3610 2524,3610 2525,3609 2527,3609 2527,3608 2527,3607 2528,3607 2529,3607 2529,3606 2529,3604 2530,3604 2532,3604 2532,3603 2532,3602 2533,3602 2538,3601 2539,3602 2553,3602 2553,3603 2553,3604 2554,3604 2561,3604 2561,3605 2561,3608 2563,3610 2563,3614 2564,3614 2603,3614 2603,3614 2603,3622 2604,3623 2909,3620 2909,3620 2909,3610 2914,3605 2916,3605 2917,3604 2917,3602 2919,3600 2934,3600 2936,3602 3223,3600 3226,3602 3227,3602 3229,3605 3229,3624 3232,3627 3233,3641 3233,3641 3323,3641 3327,3644 3327,3646 3327,3647 3336,3647 3337,3647 3337,3696 3337,3697 3342,3696 3344,3698 3344,3700 3344,3700 3328,3701 3327,3701 3327,3712 3325,3715 3319,3715 3318,3715 3318,3737 3318,3738 3317,3738 3316,3738 3316,3750 3315,3751 3315,3752 3315,3753"/><TextEquiv><Unicode/></TextEquiv><TextEquiv index="1"><Unicode>ment touchantl Elle laiſſa tomber ſur</Unicode></TextEquiv></TextLine><TextLine id="l23"><Coords points="2857,3918 2856,3917 2854,3917 2853,3916 2625,3918 2625,3917 2625,3916 2624,3916 1335,3927 1335,3926 1335,3914 1334,3914 1165,3915 1164,3914 1158,3915 1158,3914 1158,3899 1157,3899 1098,3899 1093,3894 1093,3891 1092,3890 954,3891 952,3889 951,3856 951,3855 939,3855 938,3855 938,3854 935,3850 934,3850 933,3850 933,3841 934,3840 957,3840 957,3840 957,3825 958,3824 960,3824 960,3824 960,3820 961,3818 966,3818 967,3817 968,3817 969,3817 969,3816 969,3815 971,3815 973,3813 1286,3810 1287,3810 1287,3806 1289,3804 1289,3802 1289,3801 1290,3801 1292,3800 1292,3799 1292,3798 1293,3798 1294,3798 1294,3796 1295,3794 1296,3794 1297,3794 1297,3793 1299,3791 1299,3789 1301,3787 1301,3785 1301,3784 1305,3784 1307,3782 1551,3780 1552,3780 1552,3778 1552,3777 1554,3777 1555,3776 1781,3774 1785,3770 1787,3770 1788,3770 1788,3768 1788,3767 1984,3765 1989,3760 1996,3760 1998,3762 3023,3753 3023,3754 3023,3755 3024,3755 3025,3755 3025,3756 3026,3757 3026,3757 3030,3757 3031,3758 3045,3758 3046,3759 3046,3761 3047,3762 3057,3762 3058,3763 3072,3763 3076,3766 3076,3780 3079,3783 3079,3787 3079,3788 3314,3786 3315,3786 3315,3790 3316,3791 3316,3795 3316,3796 3336,3796 3337,3796 3337,3798 3339,3800 3339,3805 3337,3807 3337,3862 3335,3864 3335,3865 3334,3867 3330,3867 3329,3868 3326,3868 3322,3872 3197,3873 3195,3875 3190,3875 3188,3877 3184,3877 3184,3877 3184,3878 3183,3879 3179,3879 3179,3879 3179,3884 3177,3886 3151,3886 3151,3887 3151,3892 3148,3895 3148,3896 3147,3896 2998,3897 2998,3898 2998,3909 2996,3910 2864,3912 2862,3914 2862,3917 2861,3918"/><TextEquiv><Unicode/></TextEquiv><TextEquiv index="1"><Unicode>mes épaules ſes bras, qui embraſſèrent</Unicode></TextEquiv></TextLine><TextLine id="l24"><Coords points="2094,4080 2093,4080 2093,4075 2093,4074 980,4084 979,4083 977,4083 972,4079 972,4052 971,4051 971,4042 969,4040 969,4036 968,4035 967,4035 967,4035 967,4010 966,4009 936,4009 935,4008 929,4009 929,4008 929,4000 930,3999 960,3998 961,3998 960,3980 962,3978 964,3978 964,3978 964,3976 967,3973 971,3973 972,3972 973,3972 975,3970 1164,3968 1165,3967 1166,3967 1168,3965 1168,3958 1170,3956 1170,3952 1171,3951 1172,3951 1172,3951 1172,3949 1174,3947 1174,3943 1177,3940 1177,3937 1178,3935 1181,3935 1182,3935 1182,3933 1182,3932 1183,3932 1184,3932 1184,3930 1184,3929 1186,3929 1187,3929 1187,3928 1187,3927 1188,3927 1189,3927 1189,3925 1190,3923 1206,3923 1208,3925 1217,3925 1218,3926 1218,3928 1219,3929 2539,3917 2540,3918 2540,3919 2543,3922 2552,3922 2553,3923 3267,3917 3268,3918 3269,3918 3270,3919 3270,3920 3270,3920 3279,3920 3280,3921 3280,3949 3281,3949 3307,3949 3309,3951 3316,3951 3321,3956 3333,3956 3335,3958 3336,3998 3337,3999 3337,4012 3336,4013 3335,4013 3335,4013 3335,4015 3334,4016 3334,4018 3332,4020 3332,4022 3331,4023 3324,4023 3322,4025 3265,4025 3263,4027 3261,4027 3260,4028 3205,4029 3205,4029 3205,4044 3204,4046 3116,4046 3115,4047 3115,4049 3114,4050 3101,4051 3100,4052 3037,4052 3036,4053 3036,4064 3035,4065 3025,4065 3024,4066 2112,4074 2111,4075 2111,4080 2111,4080"/><TextEquiv><Unicode/></TextEquiv><TextEquiv index="1"><Unicode>preſque mon cou. Elle m'avoua que la</Unicode></TextEquiv></TextLine><TextLine id="l25"><Coords points="2422,4233 2422,4232 2422,4230 2421,4230 1757,4235 1755,4233 1748,4233 1748,4233 1747,4206 1747,4205 1592,4207 1591,4206 1591,4204 1591,4204 1231,4207 1230,4206 1227,4206 1226,4205 1225,4204 1225,4202 1223,4200 1223,4199 1223,4199 1080,4200 1079,4200 1079,4199 1079,4198 1008,4199 1007,4198 1007,4197 1007,4197 953,4197 951,4195 949,4195 948,4195 948,4169 948,4168 938,4168 937,4167 927,4168 926,4167 926,4164 926,4164 928,4164 929,4163 929,4154 929,4154 940,4153 941,4153 941,4109 942,4107 950,4107 950,4107 950,4088 953,4085 979,4085 980,4084 993,4084 993,4084 993,4085 994,4086 1997,4077 1997,4077 1997,4076 1998,4075 2021,4075 2022,4076 2587,4071 2587,4072 2587,4073 2588,4073 2919,4070 2919,4071 2919,4074 2920,4074 3038,4073 3038,4074 3038,4075 3039,4075 3261,4073 3261,4074 3261,4076 3262,4076 3264,4076 3265,4078 3266,4111 3266,4111 3320,4111 3322,4113 3334,4113 3335,4113 3335,4115 3335,4116 3338,4116 3339,4116 3339,4118 3340,4119 3340,4151 3340,4151 3341,4151 3342,4152 3342,4161 3342,4161 3341,4161 3339,4163 3339,4166 3337,4168 3337,4172 3337,4173 3328,4173 3327,4173 3327,4175 3327,4176 3326,4176 3325,4176 3325,4177 3325,4178 3324,4178 3323,4178 3323,4180 3321,4183 3316,4183 3314,4185 3312,4185 3311,4185 3311,4186 3311,4187 3183,4188 3182,4188 3182,4199 3184,4201 3184,4203 3184,4204 3173,4204 3172,4204 3172,4208 3172,4209 3161,4209 3160,4210 2850,4213 2849,4214 2447,4217 2447,4218 2447,4232 2446,4232"/><TextEquiv><Unicode/></TextEquiv><TextEquiv index="1"><Unicode>Princeſſe la preſſoit auſſi d'oublier le</Unicode></TextEquiv></TextLine><TextLine id="l26"><Coords points="2494,4394 2493,4393 2493,4388 2492,4388 1933,4393 1932,4393 1932,4394 1932,4395 1926,4395 1925,4394 1925,4355 1924,4355 1592,4358 1591,4359 1291,4361 1291,4362 1291,4365 1290,4365 1289,4365 1289,4366 1289,4369 1288,4369 1287,4369 1284,4372 1282,4372 1281,4373 1280,4373 1280,4374 1280,4375 1278,4377 1274,4377 1272,4379 983,4381 983,4382 983,4387 978,4391 974,4391 974,4392 974,4393 973,4393 954,4393 952,4391 952,4377 951,4376 947,4376 947,4376 947,4356 946,4355 938,4355 937,4354 936,4354 936,4354 936,4340 937,4338 937,4337 938,4336 943,4336 945,4334 948,4334 948,4334 948,4286 951,4283 955,4283 955,4283 955,4282 956,4281 957,4281 958,4279 961,4279 962,4278 1100,4277 1101,4277 1101,4274 1103,4272 1103,4267 1105,4265 1105,4262 1106,4261 1106,4257 1107,4255 1109,4255 1110,4254 1110,4252 1113,4249 1113,4247 1113,4247 1114,4247 1115,4246 1115,4245 1115,4245 1157,4245 1158,4245 1158,4248 1158,4249 1223,4248 1225,4249 1225,4254 1225,4255 1541,4252 1542,4252 1542,4236 1542,4235 1549,4235 1550,4235 1550,4234 1550,4233 1558,4233 1559,4234 1559,4235 1559,4235 1563,4235 1566,4237 1566,4269 1566,4270 1955,4267 1956,4266 1956,4242 1958,4240 1960,4240 1961,4239 1961,4238 1961,4238 1964,4238 1965,4237 1965,4236 1965,4236 2003,4235 2004,4236 2004,4240 2004,4240 2020,4240 2021,4241 2021,4243 2021,4243 2414,4240 2415,4239 2415,4235 2415,4235 2417,4235 2419,4233 2447,4232 2448,4233 2448,4235 2448,4235 2449,4235 2450,4236 2554,4235 2555,4236 2555,4260 2555,4260 2897,4257 2900,4255 2900,4252 2904,4248 2904,4243 2905,4242 2905,4241 2905,4240 2906,4240 2907,4240 2907,4238 2909,4236 2909,4234 2911,4232 2911,4231 2911,4230 2912,4230 2914,4229 2914,4227 2914,4226 2915,4226 2916,4226 2916,4225 2916,4224 2922,4224 2923,4223 2926,4223 2928,4221 2944,4221 2945,4221 2945,4222 2945,4223 2954,4223 2957,4225 2957,4228 2957,4229 3040,4228 3041,4229 3041,4233 3041,4233 3042,4233 3043,4234 3043,4235 3043,4235 3044,4235 3045,4236 3046,4237 3046,4238 3046,4238 3049,4238 3050,4239 3050,4259 3050,4259 3253,4257 3254,4258 3254,4267 3254,4267 3268,4267 3275,4274 3275,4286 3276,4286 3330,4286 3330,4286 3330,4287 3331,4288 3333,4288 3335,4290 3339,4290 3340,4291 3340,4297 3340,4298 3337,4298 3335,4299 3335,4301 3334,4302 3334,4305 3333,4307 3330,4307 3327,4310 3320,4310 3318,4312 3272,4312 3271,4313 3272,4365 3269,4367 3267,4367 3263,4371 3256,4371 3255,4372 3250,4372 3248,4374 3243,4374 3241,4376 3236,4376 3234,4374 3229,4374 3228,4373 3227,4373 3227,4373 3227,4372 3226,4372 3218,4372 3217,4371 3212,4371 3211,4370 2899,4372 2899,4373 2899,4380 2897,4381 2637,4384 2637,4384 2637,4390 2637,4391 2563,4391 2562,4392 2501,4393 2500,4394"/><TextEquiv><Unicode/></TextEquiv><TextEquiv index="1"><Unicode>paſſé, &amp; de terminer un hymen ſi long-</Unicode></TextEquiv></TextLine><TextLine id="l27"><Coords points="2874,4547 2873,4546 2873,4545 2873,4545 2332,4549 2331,4548 2303,4549 2302,4548 2170,4549 2169,4548 2169,4544 2169,4544 2146,4544 2145,4543 2145,4536 2145,4536 1835,4539 1834,4538 1834,4534 1834,4534 1204,4539 1203,4539 1203,4525 1203,4524 1197,4524 1196,4524 1196,4519 1196,4518 1027,4520 1026,4519 1026,4512 1026,4512 971,4512 969,4510 967,4510 962,4506 959,4506 958,4505 939,4505 938,4504 931,4505 931,4504 931,4498 931,4498 933,4498 935,4496 935,4494 935,4493 941,4493 942,4493 942,4490 942,4489 949,4489 950,4489 949,4451 950,4450 950,4446 953,4443 955,4443 955,4443 955,4442 956,4441 958,4441 961,4438 967,4438 967,4438 967,4437 968,4436 970,4436 974,4432 1301,4429 1301,4429 1301,4425 1302,4424 1419,4423 1419,4423 1419,4398 1424,4393 1428,4393 1428,4393 1428,4392 1428,4391 1564,4390 1565,4389 1585,4389 1586,4389 1586,4390 1586,4391 1587,4391 1588,4391 1588,4392 1589,4393 2069,4389 2072,4391 2870,4384 2871,4384 2871,4388 2873,4390 3022,4388 3022,4389 3022,4407 3023,4407 3258,4405 3258,4406 3258,4410 3259,4410 3261,4410 3261,4411 3261,4417 3262,4417 3271,4417 3273,4419 3279,4419 3280,4421 3280,4422 3281,4422 3283,4422 3284,4423 3284,4425 3286,4427 3287,4427 3287,4427 3287,4440 3288,4441 3332,4441 3334,4443 3338,4443 3340,4445 3341,4445 3342,4445 3343,4445 3344,4446 3344,4450 3343,4450 3342,4450 3342,4451 3342,4507 3342,4508 3283,4508 3282,4509 3282,4510 3282,4510 3281,4510 3280,4511 3280,4512 3280,4512 3224,4513 3223,4513 3223,4514 3223,4515 3211,4515 3207,4519 3197,4519 3196,4519 3196,4533 3196,4534 3195,4534 3194,4534 3194,4535 3194,4536 3066,4537 3065,4537 3065,4538 3065,4539 2992,4540 2991,4540 2991,4542 2991,4543 2979,4543 2978,4544 2888,4544 2887,4545 2887,4546 2887,4546"/><TextEquiv><Unicode/></TextEquiv><TextEquiv index="1"><Unicode>tems différé. Mais, ô Dieu laisuta-</Unicode></TextEquiv></TextLine><TextLine id="l28"><Coords points="2446,4706 2446,4706 2446,4705 2445,4704 2343,4705 2342,4704 2245,4705 2244,4704 2240,4704 2240,4704 2240,4703 2239,4702 2141,4703 2140,4702 2006,4703 2006,4703 2005,4673 2005,4672 1940,4673 1939,4672 1939,4670 1939,4670 1932,4670 1931,4669 1724,4671 1702,4671 1701,4672 1685,4672 1683,4673 1683,4675 1683,4676 1682,4676 1681,4677 1614,4678 1613,4678 1614,4682 1612,4684 1604,4684 1604,4684 1604,4711 1603,4712 1603,4713 1602,4714 1583,4714 1583,4713 1583,4697 1582,4697 1576,4697 1574,4694 1574,4686 1573,4686 1461,4687 1459,4684 1458,4673 1458,4673 1439,4673 1438,4673 1438,4672 1438,4671 1306,4672 1304,4671 1304,4666 1304,4665 1108,4667 1107,4668 1108,4708 1107,4708 1104,4708 1103,4707 1102,4660 1102,4659 1073,4659 1072,4659 1072,4654 1072,4653 1035,4654 1034,4653 955,4653 953,4651 951,4651 950,4651 950,4650 950,4649 949,4649 948,4649 948,4647 947,4646 947,4640 947,4639 944,4639 943,4639 943,4638 942,4636 913,4637 912,4636 912,4629 914,4628 934,4628 934,4627 934,4626 937,4622 946,4622 947,4622 947,4609 947,4608 949,4608 950,4608 950,4604 950,4603 956,4603 957,4603 957,4602 957,4601 1101,4600 1102,4599 1104,4599 1107,4596 1112,4596 1115,4593 1115,4591 1117,4589 1117,4587 1117,4587 1118,4587 1119,4586 1126,4586 1127,4585 1131,4588 1131,4590 1131,4591 1140,4591 1141,4591 1141,4593 1142,4595 1283,4593 1284,4593 1284,4571 1285,4570 1284,4564 1285,4563 1285,4560 1287,4558 1290,4558 1292,4556 1294,4556 1295,4555 1336,4555 1338,4553 1344,4553 1344,4553 1344,4555 1346,4557 1346,4559 1347,4560 1349,4560 1350,4561 1352,4561 1352,4561 1352,4564 1353,4565 1354,4570 1354,4571 1460,4570 1461,4570 1461,4571 1460,4572 1354,4573 1354,4573 1354,4581 1354,4582 1379,4582 1380,4582 1380,4591 1380,4592 1396,4591 1397,4592 1397,4593 1397,4593 1537,4592 1538,4592 1538,4589 1539,4587 1540,4587 1542,4589 1542,4592 1542,4592 1709,4591 1710,4590 1710,4589 1710,4589 1754,4588 1755,4588 1754,4563 1756,4561 1757,4561 1758,4560 1758,4559 1759,4558 1760,4558 1760,4558 1760,4556 1763,4553 1768,4553 1770,4551 1779,4551 1779,4552 1779,4553 1780,4553 1781,4553 1781,4554 1781,4555 1782,4556 1782,4559 1784,4561 1784,4563 1785,4563 1829,4563 1831,4564 1831,4575 1829,4577 1812,4577 1812,4577 1812,4580 1812,4581 1886,4580 1887,4581 1887,4587 1887,4587 2049,4586 2050,4585 2060,4585 2061,4584 2061,4572 2061,4572 2070,4572 2071,4571 2071,4569 2072,4568 2168,4567 2169,4566 2168,4559 2169,4558 2169,4549 2170,4549 2243,4548 2244,4549 2384,4548 2384,4547 2384,4546 2385,4546 2386,4546 2386,4545 2386,4544 2387,4544 2391,4544 2392,4543 2394,4543 2396,4541 2403,4541 2403,4540 2403,4539 2404,4539 2410,4539 2410,4538 2410,4537 2411,4537 2414,4540 2644,4538 2645,4537 2647,4537 2647,4537 2647,4548 2648,4549 2713,4548 2714,4549 2873,4548 2874,4547 2905,4546 2907,4544 2909,4544 2910,4543 3057,4542 3058,4543 3065,4543 3066,4544 3067,4544 3067,4544 3067,4545 3068,4546 3069,4546 3069,4546 3069,4547 3070,4548 3070,4551 3072,4553 3072,4556 3074,4558 3076,4558 3078,4560 3080,4560 3081,4560 3081,4562 3081,4563 3088,4563 3089,4564 3246,4562 3247,4561 3293,4561 3294,4560 3293,4553 3294,4552 3294,4539 3295,4539 3296,4539 3296,4538 3296,4534 3297,4534 3299,4534 3303,4530 3307,4530 3309,4532 3311,4532 3311,4532 3311,4533 3312,4534 3316,4534 3316,4534 3316,4538 3317,4539 3320,4539 3320,4539 3320,4543 3323,4546 3324,4561 3325,4562 3324,4563 3322,4563 3322,4563 3322,4570 3320,4572 3320,4583 3319,4584 3318,4584 3318,4584 3318,4607 3317,4608 3316,4608 3316,4608 3316,4614 3314,4617 3307,4617 3306,4617 3306,4636 3307,4637 3328,4637 3328,4637 3328,4640 3327,4642 3307,4642 3306,4642 3306,4652 3306,4653 3304,4653 3303,4654 3297,4654 3296,4654 3296,4662 3296,4663 3295,4663 3294,4663 3294,4664 3294,4665 3290,4665 3289,4665 3289,4666 3288,4667 3289,4672 3289,4673 3339,4673 3340,4673 3340,4677 3339,4678 3335,4678 3335,4677 3335,4675 3334,4675 3286,4675 3285,4674 3112,4676 3112,4676 3112,4693 3111,4694 3033,4694 3033,4695 3033,4699 3032,4699 2937,4700 2936,4699 2924,4699 2924,4699 2924,4683 2923,4682 2775,4683 2775,4684 2775,4685 2774,4685 2763,4686 2763,4686 2763,4687 2761,4689 2759,4689 2759,4689 2759,4698 2758,4699 2644,4700 2644,4700 2644,4701 2642,4703 2639,4703 2639,4703 2639,4704 2638,4705"/><TextEquiv><Unicode/></TextEquiv><TextEquiv index="1"><Unicode>t-elle, quel nouvél obſtable s'élève</Unicode></TextEquiv></TextLine><TextLine id="l29"><Coords points="2335,4866 2334,4865 2327,4865 2326,4864 2323,4864 2322,4864 2322,4862 2322,4861 2319,4861 2315,4858 2315,4837 2314,4836 2233,4837 2233,4837 2233,4833 2232,4832 2128,4833 2127,4832 1932,4834 1932,4834 1932,4842 1929,4845 1925,4845 1925,4844 1925,4829 1924,4829 1841,4830 1841,4829 1841,4827 1840,4827 1686,4828 1686,4827 1686,4826 1685,4826 1681,4826 1681,4826 1681,4821 1680,4820 1485,4822 1485,4822 1485,4859 1485,4860 1472,4860 1471,4859 1471,4822 1470,4822 1467,4822 1464,4825 1451,4825 1450,4824 1208,4826 1208,4827 1208,4831 1206,4833 1206,4843 1204,4844 1199,4844 1197,4842 1196,4842 1196,4842 1196,4830 1195,4829 1129,4830 1129,4829 1129,4825 1128,4825 1096,4825 1096,4826 1096,4852 1094,4854 1092,4854 1091,4854 1091,4826 1090,4825 1010,4826 1010,4825 1010,4811 1009,4811 954,4811 952,4809 948,4809 948,4809 948,4808 947,4807 947,4806 945,4804 944,4794 943,4792 941,4792 940,4792 940,4781 941,4780 945,4780 945,4780 945,4762 950,4757 1001,4757 1007,4763 1242,4761 1242,4760 1242,4739 1243,4739 1315,4738 1316,4737 1316,4735 1317,4733 1319,4733 1321,4732 1321,4730 1328,4723 1328,4719 1328,4718 1334,4718 1336,4716 1338,4716 1340,4714 1340,4713 1340,4713 1344,4713 1346,4711 1353,4711 1355,4709 1357,4709 1358,4708 1361,4708 1363,4706 1525,4704 1527,4702 1535,4702 1536,4701 1699,4700 1700,4699 1700,4697 1700,4697 1702,4697 1703,4697 1703,4702 1703,4703 1789,4702 1791,4704 1803,4704 1804,4705 2031,4703 2032,4703 2032,4707 2033,4709 2035,4709 2037,4710 2037,4713 2037,4714 2234,4712 2235,4712 2235,4709 2235,4708 2237,4708 2238,4708 2238,4705 2238,4704 2244,4704 2245,4705 2270,4705 2271,4706 2366,4705 2367,4706 2368,4706 2369,4707 2638,4705 2639,4705 2639,4708 2639,4709 2719,4708 2720,4708 2720,4712 2720,4713 2904,4711 2905,4711 2905,4706 2906,4704 2923,4704 2924,4704 2924,4700 2924,4699 3108,4698 3109,4697 3267,4695 3268,4695 3268,4693 3268,4692 3271,4692 3272,4692 3272,4691 3272,4690 3276,4690 3277,4689 3279,4689 3280,4689 3280,4688 3280,4687 3283,4687 3284,4687 3284,4685 3284,4684 3290,4684 3291,4685 3298,4685 3299,4685 3299,4686 3299,4687 3301,4687 3303,4689 3307,4689 3308,4689 3308,4691 3308,4692 3312,4692 3313,4692 3313,4693 3313,4694 3322,4694 3325,4696 3325,4703 3325,4704 3327,4704 3328,4704 3328,4729 3329,4730 3342,4730 3342,4730 3342,4732 3344,4734 3344,4736 3346,4738 3346,4739 3347,4740 3347,4740 3340,4741 3339,4741 3340,4789 3339,4790 3337,4790 3337,4790 3337,4791 3336,4792 3330,4792 3330,4792 3330,4793 3329,4794 3328,4794 3328,4794 3328,4796 3327,4797 3323,4797 3323,4797 3323,4798 3319,4802 3310,4802 3310,4802 3310,4805 3308,4807 3303,4807 3303,4807 3303,4811 3299,4815 3299,4817 3298,4818 3294,4818 3294,4818 3294,4822 3293,4823 3291,4823 3289,4825 3273,4825 3272,4826 3213,4827 3212,4828 3210,4828 3208,4830 3198,4830 3198,4830 3198,4851 3198,4852 3193,4852 3192,4853 3102,4854 3101,4854 3101,4855 3101,4856 3051,4856 3050,4857 2970,4858 2969,4859 2848,4860 2847,4861 2844,4861 2843,4860 2843,4859 2843,4859 2841,4859 2840,4858 2760,4859 2759,4858 2759,4856 2759,4856 2652,4857 2651,4856 2651,4853 2651,4853 2364,4855 2363,4856 2363,4866 2363,4866"/><TextEquiv><Unicode/></TextEquiv><TextEquiv index="1"><Unicode>-- O Ciel l m'écriai-je &amp;ualleſt</Unicode></TextEquiv></TextLine><TextLine id="l30"><Coords points="1693,5048 1693,5047 1692,4986 1692,4986 1605,4987 1604,4987 1604,4990 1604,4991 1598,4991 1597,4990 1597,4987 1596,4986 1594,4986 1593,4985 1593,4983 1593,4983 1492,4984 1491,4985 1489,4985 1486,4988 1484,4988 1483,4988 1483,4989 1483,4990 1469,4990 1468,4989 1468,4987 1466,4985 1464,4985 1463,4984 1367,4985 1366,4986 1364,4986 1363,4986 1363,4988 1362,4990 1355,4990 1354,4991 1328,4991 1327,4992 1327,4993 1327,4993 1324,4993 1323,4993 1323,4986 1323,4985 1311,4985 1310,4984 1305,4984 1304,4983 1183,4984 1182,4985 1182,4986 1182,4986 1180,4986 1179,4986 1179,4981 1179,4980 1127,4981 1125,4979 1123,4979 1122,4978 1010,4979 1009,4979 1009,4993 1008,4995 1006,4995 1005,4995 1005,5007 1004,5009 1003,5009 1002,5008 1002,4999 1002,4999 920,5000 919,4999 919,4997 920,4997 922,4997 922,4996 922,4927 923,4926 930,4926 931,4925 931,4919 931,4919 932,4919 934,4917 939,4916 940,4916 939,4909 940,4908 941,4907 945,4907 945,4907 945,4906 946,4905 948,4905 949,4904 951,4904 953,4902 991,4902 991,4902 991,4884 992,4883 995,4883 995,4882 995,4881 996,4881 1001,4881 1002,4882 1002,4893 1003,4894 1129,4893 1129,4892 1129,4885 1131,4883 1131,4878 1132,4878 1136,4878 1136,4877 1136,4862 1138,4861 1139,4861 1139,4860 1139,4859 1140,4859 1161,4859 1163,4861 1163,4863 1164,4864 1165,4864 1165,4864 1165,4868 1167,4870 1167,4887 1169,4889 1169,4890 1170,4890 1173,4890 1174,4892 1174,4893 1175,4893 1214,4893 1215,4895 1215,4899 1216,4899 1316,4898 1316,4898 1316,4893 1317,4892 1323,4892 1323,4892 1323,4874 1326,4871 1328,4871 1328,4872 1328,4874 1330,4876 1330,4905 1331,4905 1449,4904 1449,4904 1449,4872 1450,4871 1452,4871 1452,4871 1452,4867 1453,4866 1459,4866 1459,4865 1459,4864 1460,4864 1462,4864 1463,4862 1463,4861 1464,4861 1471,4861 1472,4860 1485,4860 1485,4860 1485,4885 1486,4886 1597,4885 1597,4884 1597,4880 1598,4880 1604,4880 1604,4880 1604,4891 1605,4892 1605,4894 1606,4895 1607,4895 1607,4895 1607,4899 1608,4900 1617,4900 1617,4900 1617,4902 1619,4904 1715,4903 1716,4902 1719,4902 1719,4901 1719,4900 1720,4900 1726,4900 1728,4898 1751,4897 1751,4897 1751,4890 1753,4888 1765,4888 1765,4888 1765,4884 1766,4883 1770,4883 1770,4883 1770,4867 1771,4866 1772,4866 1772,4866 1772,4864 1775,4861 1775,4859 1776,4858 1777,4857 1781,4857 1782,4856 1783,4856 1785,4854 1794,4854 1796,4856 1884,4855 1885,4856 1905,4856 1906,4857 1913,4857 1913,4857 1913,4858 1914,4859 1915,4859 1915,4859 1915,4860 1916,4861 1920,4861 1921,4862 1923,4862 1923,4862 1923,4894 1924,4895 1964,4895 1965,4896 1965,4899 1966,4900 2064,4899 2064,4898 2064,4866 2065,4866 2068,4866 2068,4865 2068,4864 2069,4864 2073,4864 2073,4863 2073,4859 2074,4859 2076,4859 2076,4859 2076,4861 2077,4862 2086,4861 2087,4862 2103,4862 2105,4864 2129,4864 2132,4868 2132,4878 2133,4878 2137,4878 2137,4879 2137,4893 2138,4893 2145,4893 2145,4893 2145,4899 2146,4900 2147,4900 2147,4900 2147,4901 2148,4902 2149,4902 2149,4902 2149,4903 2150,4904 2170,4904 2170,4904 2171,4909 2171,4910 2228,4909 2230,4911 2326,4910 2327,4910 2326,4866 2327,4865 2334,4865 2335,4866 2340,4866 2340,4867 2340,4871 2341,4871 2450,4870 2450,4870 2450,4865 2451,4864 2462,4864 2462,4864 2462,4854 2463,4853 2467,4853 2468,4854 2522,4854 2522,4854 2522,4861 2523,4862 2544,4861 2545,4862 2595,4862 2596,4864 2596,4866 2599,4868 2662,4867 2663,4869 2663,4888 2664,4888 2766,4888 2768,4886 2769,4886 2769,4885 2769,4882 2771,4880 2843,4880 2843,4879 2843,4861 2844,4861 2847,4861 2848,4860 2969,4859 2969,4859 2969,4861 2970,4862 3089,4861 3089,4860 3089,4858 3091,4857 3187,4856 3187,4855 3187,4854 3188,4854 3189,4854 3190,4853 3192,4853 3193,4852 3199,4852 3202,4855 3209,4855 3212,4858 3212,4873 3213,4874 3318,4873 3322,4877 3322,4879 3323,4880 3332,4880 3333,4881 3335,4881 3335,4881 3335,4882 3336,4883 3337,4883 3337,4883 3337,4884 3338,4885 3346,4884 3347,4885 3349,4885 3349,4886 3349,4890 3350,4890 3351,4890 3351,4891 3352,4937 3353,4938 3353,4946 3350,4948 3348,4948 3347,4949 3346,4949 3344,4951 3339,4952 3330,4962 3304,4962 3303,4962 3303,5010 3303,5011 3302,5011 3301,5012 3299,5012 3298,5012 3299,5021 3298,5022 3261,5022 3261,5023 3261,5026 3260,5026 3256,5026 3256,5026 3256,5020 3255,5019 3253,5019 3251,5017 3250,5011 3250,5010 3249,5010 3248,5010 3248,5001 3248,5000 3139,5001 3138,5002 3138,5004 3136,5006 3136,5008 3134,5010 3134,5012 3133,5013 3133,5014 3133,5014 3131,5014 3129,5013 3129,5007 3129,5006 3031,5007 3030,5008 3031,5029 3030,5029 3027,5029 3027,5029 3026,4997 3026,4996 2900,4997 2899,4998 2900,5034 2897,5036 2889,5036 2888,5035 2881,5036 2881,5035 2881,5034 2880,5034 2869,5034 2868,5033 2861,5033 2861,5032 2861,5030 2859,5029 2857,5029 2857,5028 2856,5009 2855,5008 2855,5002 2855,5002 2852,5002 2850,5000 2822,5000 2821,5000 2821,4998 2821,4997 2809,4997 2807,4995 2802,4995 2800,4994 2800,4993 2800,4992 2664,4993 2663,4994 2663,4995 2663,4995 2641,4996 2640,4997 2581,4997 2580,4998 2519,4999 2518,4999 2518,5006 2518,5007 2516,5007 2515,5006 2515,5004 2515,5004 2488,5004 2486,5002 2486,4994 2486,4994 2394,4995 2393,4994 2393,4993 2393,4993 2389,4993 2388,4992 2388,4989 2388,4989 2182,4991 2181,4991 2181,4997 2181,4998 2177,4998 2176,4997 2176,4995 2175,4994 2079,4995 2078,4995 2078,5001 2077,5002 2077,5020 2077,5021 2073,5021 2073,5021 2073,5023 2072,5024 2065,5024 2063,5026 2063,5028 2062,5029 2039,5029 2038,5028 2036,5028 2035,5026 2034,4998 2034,4998 1930,4999 1929,4999 1929,5017 1928,5018 1928,5019 1927,5021 1922,5021 1921,5022 1919,5022 1915,5026 1901,5026 1899,5028 1897,5028 1896,5027 1896,5024 1894,5022 1892,5022 1892,5022 1891,5017 1891,5016 1882,5016 1880,5014 1878,5014 1877,5014 1877,4990 1877,4989 1786,4990 1784,4989 1784,4987 1784,4986 1775,4986 1774,4985 1705,4986 1704,4986 1705,5045 1702,5048"/><TextEquiv><Unicode/></TextEquiv><TextEquiv index="1"><Unicode>donc cet obſtaclen? Elle ne voulut</Unicode></TextEquiv></TextLine><TextEquiv><Unicode/></TextEquiv></TextRegion></Page></PcGts>