4266 6032
912 327 3272 522 jamais me le découvrir; & je recueillis,
916 489 3272 675 dans ſes bras, de nouvelles alarmes:
924 655 3291 823 mais je vis qu'elle me plaignoit, je vis
922 804 3282 984 qu'elle m'aimoit. Ahl chère Adélaide,
928 934 3282 1133 lui dis-je, ſi j'ai votre cœur, je triom-
928 1118 3282 1294 pherai de tous les obſtacles. J'ap-
934 1273 3292 1597 onteaut nous veſſmnes les tans emu
940 1585 3375 1759 lacés. La Princeſſe nous ſurprit dans cette
952 1748 3294 1911 douce étreinte. Elle nous ſerra tous deux
960 1892 3299 2059 contre ſon cœur. Ahl dit-elle, ſoyez
963 2049 3308 2221 heureux, tendres Amans; & puiſque je
960 2205 3328 2376 ne puis l'être moi-même, que je jouiſſe
957 2364 3299 2531 au moins, par contre-coup, de votre
962 2515 3315 2684 félicité. J'embraſſai avec tranſport
929 2673 3321 2842 ma noble amie, dont les yeux verſoient
971 2833 3323 2998 auſſi une pluie de larmes qui couloient
964 2988 3304 3151 juſqu'à mon cœur. Nous ſortîmes tous
907 3146 3328 3311 trois du berceaules bras entrelacés; nous
967 3300 3330 3467 tombâmes à genoux devant la lune pai-
894 3450 3335 3623 ſible & radieuſe, devant le ciel étoilé,
962 3604 3323 3782 que nous prîmes à témoins de nos ſer-
967 3748 3334 3936 mens mutuels. O moment délicieuxl Il
969 3916 3325 4092 me ſembla qu'un rayon de bonheur s'é-
966 4070 3332 4250 chappa du ſein de l'Eternel, & paſſa
966 4230 3327 4400 dans mon ame. Je quittai ma charmante
971 4386 3328 4561 Adélaide & ma chère Princeſſe, que j'ai-
974 4549 3347 4720 mois preſque autant qu'elle. Je ne pus
921 4698 3375 4893 leur dire qu'à demain, & je comptai
912 4855 3349 5055 fermement que le lendemain devoit être
