4266 6032
934 339 3301 505 excuſes, & l'on me pria de laiſſer re-
924 501 3406 694 poſer ces Dames. Je reſtai confondu.
938 659 3292 830 Eſt - ce bien à mo que l'on parle,
926 816 3304 987 m'écriai-je? Regardez-moi, me re-
928 971 3308 1151 connoiſſezivous bien? -- Oui, Mon-
933 1124 3310 1296 ſieur le Chevaller, me répondit-on,
938 1284 3311 1451 nous vous réconnoiſſons parfaite-
886 1437 3310 1608 nment; mais nous avons les ordres
940 1595 3315 1779 les plus précis de ne pas vous laiſſer
943 1784 1891 1927 entrer.
952 1892 3342 2073 Je me retirai furieux; je peſtai hau-
948 2059 3371 2232 tement contre les caprices du ſexe; je
959 2223 3337 2388 me couchai la rage dans le cœur, & ne
959 2367 3313 2561 pus dormir Je me levai de très-grand
952 2530 3315 2702 matin; j'allai dans la campagne ſou-
940 2681 3320 2853 lager mon cœur au grand jour, & pleu-
952 2843 3387 3001 rer avec l'aurore. Je rentrai plus calme;
867 2990 3323 3164 j'allai chez la Princeſſe; on me laiſſa en-
945 3152 3366 3324 trer. Elle étoit en compagnie: elle me
947 3305 3402 3480 reçut avec politeſſe & froideur; ce qui
946 3458 3334 3636 m'inquiéta. Je vis Adélaide traverſer
947 3610 3330 3793 l'antichambre; elle m'apperçut & ſe
952 3772 3332 3966 ſauva fur le champ. Je ne pus m'empê-
950 3936 3334 4102 cher de m'écrier: Ahl cruelle, tume
952 4086 3335 4263 ndonnes la mort Je me retirai le
890 4250 3330 4421 cœur ſerré; je ne pouvois entrer en ex-
873 4400 3340 4575 plication vavec la Princeſſe, je mau-
895 4548 3337 4731 diſſois la compagnie, qui me privoit de
895 4702 3337 4891 l'avantage de lui demander laraiſon d'un
921 4859 3346 5074 changement ſi étrange; & je ſortis fu-
