4266 6032
933 331 3313 499 rieux, pour chercher des lumières qui
955 491 3311 653 puſſent éclaircir à mes yeux ce funeſte
952 652 1722 812 myſtère.
929 795 3316 968 A peine poſé-je le pied ſur le ſeuil
936 959 3318 1125 de la porte, qu'une eſpèce d'Exempt
929 1112 3316 1279 m'aborde & me prie de le ſuivre, pour
945 1275 3313 1435 venir parler à Son Excellence M. le
921 1428 3316 1588 Couverneur, qui veut me parler. Je
938 1579 3315 1734 ſuis fort étonné de ce meſſage. Je de-
945 1739 3313 1904 mande à l'Exempt s'il ne ſe trompe
957 1887 3322 2056 point; il me répond ſi cathégorique-
952 2049 3320 2210 ment, qu'il eſt iclair que c'eſt moi qu'il
878 2204 3320 2367 eſt chargé de conduire chez le Couver-
929 2360 3318 2523 neur. Je le ſuis avec inquiétude; nous
933 2510 3311 2676 arrivons. Ce Seigneur me reçoit d'abord
933 2671 3323 2833 aſſez mal. Qu'eſt - ce donc que j'ap-
945 2823 3382 2990 prends, Monſieur? me dit-il; com-
924 2984 3323 3145 nmentl quatre plaintes à la fois con-
907 3141 3322 3303 ntre vous? Je demeure ébahi. u Et
938 3296 3316 3455 quelles plaintes? m'écriai-je. -- Vrai-
874 3449 3322 3613 ment, répondit Son Excellence, vous
873 3609 3325 3770 nn'en manquez pas une. Voilà quatre
873 3758 3322 3923 femmes groſſes, & c'eſt Monſieur qui a
941 3922 3323 4083 fait tous ces chef-d'œuvres. Ce lan-
947 4075 3330 4238 gage étoit de l'hébreu pour moi. J'en
934 4229 3320 4396 fis humblement l'aveu au ouverneur,
897 4388 3322 4546 le priant de s'expliquer mieux. Il' reprit
943 4533 3354 4708 ſur le champ: La Maîtreſſe, la Femme
931 4694 3320 4865 de chambre, tout eſt bon pour ce
921 4847 3328 5024 Monſieur; &, ce qui doit paroître plus
