4266 6032
979 267 3342 446 révoltant encore, c'eſt qu'il y a deux
988 425 3342 591 Religieuſes. -- Deux Religieuſes,
984 584 3339 751 bon Dieul m'écriai - je, effrayé de
986 740 3337 912 cette profanation. -- Oui, ajouta Son
983 890 3320 1068 Excellence & travailler ainſi en routel
986 1051 3328 1227 quatre enfans en quatre nuits,l Icije
909 1208 3328 1376 commençai à comprendre quelque choſe;
986 1363 3327 1534 je me rappelai mes deux Religieuſes
936 1519 3325 1683 avec leſquelles j'avois voyagé, & dont
984 1679 3359 1838 j'avois même partagé la couche, & Ma-
922 1834 3337 1987 dame d'Amainville avec ſa Soubrette.
990 1985 3330 2150 Et ſe déguiſer en femme, reprit le
983 2142 3359 2307 ouverneur, pour coucher avec des
981 2298 3358 2453 femmes honnêtes & les déshono-
978 2461 1696 2588 nrerl
1098 2584 3310 2782 Ce langage me parut clair; mais je
976 2768 3308 2933 ne méritois pas ce reproche. uIl eſt sûr,
977 2930 3308 3092 ajouta Son Excellence, que vous
967 3086 3358 3245 avec couché avec quatre femmes,
964 3235 3354 3405 qu'elles ſont déclarées groſſes toutes
962 3390 3349 3562 les quatre, & qu'elles jurent, d'une
959 3549 3306 3715 nmanière uniforme & d'une voix una-
957 3712 3298 3877 nime, ne pouvoir accuſer que vous.
924 3858 3285 4033 Je ſupplai ce Seigneur de m'écouter;
924 4016 3291 4188 je lui racontai en détail l'hiſtoire telle
943 4179 3287 4346 qu'elle étoit; je jurai que je n'avoisfait
937 4331 3351 4500 que dormir à côté de ces femmes, que
926 4490 3284 4654 j'avois rêvé comme elles, que je ne pou-
936 4646 3337 4816 vois ſavoir ce que j'avois pu faire pen-
929 4790 3315 4998 dant mon ſommeil; mais que j'étois sûr
