4266 6032
936 233 3351 422 poids que je lui faiſois porter, ſollici-
945 395 3301 581 toit vivement, auprès du Couverne-
943 547 3301 745 ment, pour qu'il me forçât de réparer
934 701 3305 911 ſon honneur en l'épouſant. La maligne
928 857 3306 1061 Adélaîde, ſa Femme de chambre, avoit
940 1019 3304 1196 le front d'exiger la même réparation.
950 1172 3301 1347 Je fus ſommé juridiquement, en un
940 1330 3307 1496 même jour, d'épouſer la Maîtreſſe & la
938 1480 3311 1683 Suivante. Je fis ma dépoſition en forme,
945 1640 3313 1831 pour la juſtification des deux Religieu-
941 1800 3316 1970 ſes. Il réſultoit toujours, de cette mal-
940 1954 3314 2147 heureuſe hiſtoire, que j'étois jugé pu-
943 2106 3323 2294 niſſable, pour m'être déguiſé en femme,
945 2262 3320 2426 & avoir peut-être abuſé volontairement
945 2417 3320 2601 de ce dangereux déguiſement; mais la
952 2577 3321 2778 néceſſité de me cacher, pour aſſurer
957 2726 2969 2896 mon évaſion; faiſoit mon excuſe.
1105 2890 3325 3066 Enfin je parvins à la Princeſſe. uEh
960 3048 3325 3217 bien, me dit-elle, vous voilà dans de
948 3199 3323 3395 beaux drapsl Quatre femmes engroſ-
952 3352 3328 3509 ſées à la fois Deux infortunées Re-
952 3509 3328 3700 ligieuſes expoſées au ſort le plus af-
957 3653 3332 3836 nfreux? Deux femmes qui réclament
962 3825 3335 3977 votre main avec des droitsl Malheu-
957 3949 3334 4154 reuxl vous alliez épouſer Adélaide;
965 4137 3337 4328 car enfin il n'y a avoit plus de pré-
977 4302 3341 4469 texte pour reculer; & voilà une mau-
940 4446 3342 4634 dite affaire qui nous replonge tous
957 4603 3342 4784 dans le malheur. Cette Madame d'A-
959 4761 3350 4956 mainville a de forts appuis dans ce
2597 4943 3358 5117 pays-ci,
