4266 6032
919 252 3289 443 pays-ci; &, dans le fond, que vou-
924 420 3292 606 lez- vous lui oppoſer? Comment
931 584 3291 742 Adélaide pourroit-elle vous ravir à
922 737 3301 898 une femme qui, dans la ſituation où
938 897 3299 1058 elle ſe trouve, a ſur vous des droits
947 1050 3303 1218 ſi ſacrés? -- Ecoutez-moi, répon-
950 1213 3304 1374 dis-je, manobleamie, je vous en con-
955 1364 3304 1531 jure à genouxn. Alors, la main ſur le
959 1528 3306 1688 cœur, je lui racontai, avec la plus ri-
964 1684 3311 1846 goureuſe vérité, l'hiſtoire de mes quatre
964 1839 3303 2001 nuits, de mon ſommeil, & de mesrêves.
909 1996 3322 2159 Voilà, ma chere & noble amie,
909 2155 3304 2316 ajoutai-je, voilà exactement le fait.
909 2307 3311 2472 Jugez ſi je ſuis coupable, ſi j'ai
909 2461 3311 2629 l'ombre de part à cet accident; &
909 2620 3318 2785 ſi je n'ai pas droit de refuſer, ſans
912 2775 3323 2946 ſcrupule, une femme qui veut s'ar-
909 2937 3320 3103 mer du glaive des Lois, pour m'arra-
911 3094 3322 3257 cher à mon Amante. Daignez donc,
916 3247 3320 3420 ô ma bienfaitricel me mettre en pré-
919 3399 3322 3572 ſence de mon Adélaide, & obtenir
919 3561 3318 3731 d'elle mon pardon. -- élas mon
919 3714 3322 3890 cher ami; répondit la Princeſſe, que
931 3869 3322 4051 voulez-vous que je faſſeloVotre
933 4030 3320 4207 Adélaide s'eſt ſauvée, pour ne vous
933 4192 3316 4363 plus revoir: elle eſt rentrée dans un
933 4343 3320 4522 couvent; & je ne ſais plus par quel
935 4497 3330 4677 moyen la titer de ce malheureux
934 4611 3325 4836 aſile. Oitiel m'écriai-je avécamer-
931 4807 3325 5002 tume,je ſuis bien malheureux l je
936 4972 1791 5153 Tom. III.
2623 4994 2855 5118 E
