4266 6032
936 271 3322 457 moi; & cette douce amie verſa un
940 427 3327 604 baume conſolateur ſur les bleſſures de
945 598 1588 733 mon cœur.
1077 742 3315 922 Cependant le jeune Chéri revint. Je
941 897 3323 1108 ne ſavois pas où il étoit allé paſſer plus
960 1058 3317 1267 d'un mois. Ce jeune homme affecta,
953 1211 3319 1431 non ſeulement de ne pas me le dire;
959 1369 3316 1562 mais je le vis froid & réſervé pour moi.
953 1525 3320 1724 Il étoit d'ailleurs plongé dans une mé-
959 1681 3316 1888 lancolie continuelle. Ahl diſois-je en
960 1835 3323 2010 ſoupirant, j'ai perdu ma Maitreſſe &
964 1982 1897 2141 mon amin.
909 2135 3311 2367 Je fus conduit en forme, par un Juge
967 2300 3313 2515 & par mon Avocat, au couvent des
952 2458 3314 2635 deux Religieuſes qui étoient les victi-
933 2616 3309 2822 mes de nos ſonges mutuels. Je renou-
962 2769 3296 2986 velai de vive voix, devant la Prieure,
950 2924 3301 3150 le Directeur, & les Adminiſtrateurs, la
957 3081 3297 3304 dépoſition que j'avois faite par écrit.
909 3232 3297 3442 Je racontai, dans le plus grand détail,
924 3386 3302 3604 tout ce qui s'étoit paſſé entre les deux
948 3542 3298 3761 ſœurs & moi. uNous n'avons pu nous
943 3707 3297 3922 donner le mot, ajoutai-je; & ſi elles
941 3871 3299 4094 ont dit la vérité, leur récit doit s'ac-
922 4028 3299 4210 corder avec le mien. On fit venir
921 4168 3299 4402 les deux cheres perſonnes, pour les
910 4333 3304 4560 confronter avec moi. Le petit accident
912 4481 3298 4709 dont on ſe plaignoit étoit aſſez viſible
910 4635 3303 4878 dans l'une & l'autre. Je les vis s'avan-
909 4799 3296 5033 cer avec une douce confuſion, qui les
2670 5022 2931 5161 Ea
