4266 6032
960 283 3332 448 rendoit encor plus toucnantes. Elles
967 439 3334 605 oſerent enfin lever les yeux ſur moi.
962 604 3334 764 Elles me reconnurent avec un air de
959 757 3335 922 plaiſir, d'enchantement, que je ne puis
943 910 3335 1072 décrire. Ma figure, ſous l'habit d'hom-
962 1065 3334 1229 me, ſembloit leur cauſer une extaſe
929 1225 3334 1392 voluptueuſe, que je n'avois pas ci-de-
962 1385 3334 1547 vant appercue dans leurs yeux. Elles
969 1538 3334 1703 s'entre - regardoient, & tomboient, en
969 1696 3299 1862 ſoupirant, dans les bras l'une de l'autre,
964 1848 3334 2012 comme n'ayant rien à ſe reprocher
962 2001 3334 2183 mutuellement. Elles firent leur dépo-
957 2161 3334 2332 ſition parfaitement conforme à la mien-
964 2316 3334 2489 ne. Tout annoncoit l'indubitable inno-
962 2474 3304 2639 cence de ces deux Nones, auſſi bie
965 2630 3308 2800 que la mienne, & ſollicitoit leur gra-
972 2790 3304 2950 ce. Il eſt vrai qu'on voyoit, par leun
969 2943 3308 3115 aveux, que la jeune Profeſſe aimoitun
972 3100 3334 3275 Chevalier, & que la mere Directrice
971 3257 3330 3422 aimoit le Pere Samuel. A cette parue
974 3414 3334 3582 de la dépoſition, ce Pere fut un peu dé-
972 3567 3334 3742 concerté. C'étoit le Directeur lui-même.
986 3729 3315 3903 Comme les ſonges, dit-il, ſontextrava
971 3882 3316 4062 gans & bizarres, comme on a bienrai
974 4045 3318 4210 nſon de dire qu'il faut les interpréter e
929 4193 3322 4377 ſens contrairel La Prieure vouloi
971 4353 3334 4532 faire des difficultés, en regardant le
929 4512 3334 4694 coupables comme d'un œil d'envie;
976 4668 3330 4847 mais mon Avocatlui dit: uMadame, j
971 4826 3330 5012 nſais comment ona extorqué des vœu
