4266 6032
926 243 3303 408 à cette jeune Profeſſe. Je ſais tous
919 403 3299 572 les tours qu'on lui a joués pour par-
919 560 3303 729 venir à ce malheureux but. Je ſaurai
919 718 3344 885 prouver la nullité de ces vœux abu-
919 867 3303 1038 ſifs, & les faire caſſern. A ces mots,
919 1026 3341 1195 les deux Religieuſes furent comme
922 1170 3304 1354 frappées d'un doux tranſport. La jeune
924 1340 3308 1511 parut ſe croire déjà ſortie du couvent,
926 1499 3334 1658 & liée avec moi du nœud de l'hymen.
928 1648 3310 1820 La Prieure la regarda d'un œil envieux,
928 1808 3306 1973 qui ſembloit vouloir la priver du bon-
919 1963 3335 2128 heur que cette jeune perſonne ſe pro-
919 2106 3306 2435 te inircéent el les duninintaueurs
919 2425 3299 2591 dirent: Allons, Madame, il faut en-
933 2585 3339 2748 ſevelir cette malheureuſe affaire dans
931 2735 3337 2904 nle ſecret. Nous voyons ici une in-
931 2893 3311 3057 nnocence mutuelle; mais le Public
919 3039 3340 3215 n'y croiroit pas. Nous ſaurons trou-
919 3186 3311 3365 ver le moyen de délivrer les deux
931 3356 3306 3525 Sœurs, ſans que la honte qu'elles
919 3516 3344 3837 pre ons de es mnt i faut lene
919 3824 3313 3995 pardonner, & oublier totalement ce
929 3985 3316 4156 qu'on ne devoit pas ſavoir. N'y con-
919 4100 3337 4311 ſentez-vous pas, Madame? -- Mes
919 4299 3306 4467 vénérables Chefs, répondit-elle, je
919 4445 3330 4629 vous ai appelés pour m'éclairer: vos
919 4599 2140 4808 avis ſont des
2154 4620 3320 4811 acrés auxquels
919 4754 2061 4966 j'obéis aveue
2150 4895 2954 5114 E
1767 5072 2505 5337 ve
