4266 6032
916 286 3358 490 orcer de l'épouſer. Elle ſe donna, en
916 467 3361 633 effet, beaucoup de mouvement; mais
912 623 3361 803 tout l'effet de ſes démarches & de ſes
911 786 3358 959 hautes protections, fut d'obtenir que je
910 942 3353 1112 lui donnerois quatre ſequins, environ
909 1098 3365 1268 5 livres de notre monnoie, pour l'ai-
905 1253 3365 1428 der à faire ſes couches. Telle fut la ſom-
905 1411 3354 1585 me à laquelle on eſtima l'honneur de
904 1569 3353 1731 cette digne beauté. Je fouſcrivis de
904 1705 3353 1897 bon cœur à cet arrêt. La fiere Déeſſe
900 1881 3354 2055 me jeta un regard qui annonçoit qu'elle
900 2037 3347 2208 me plaignoit d'être privé d'une ſi rare
900 2194 3347 2360 acquiſition, que celle de ſes charmes;
898 2346 3344 2523 & je m'applaudis d'être débaraſſé de
898 2491 3337 2679 cet honneur: mais il n'étoit pas ſi aiſé
898 2655 2811 2835 de me délivrer de la Maîtreſſe.
898 2812 3337 2994 Le ouverneur nous avoit renvoyés
898 2978 3332 3169 en juſtice réglée. Je n'avois pas le
898 3134 3328 3339 moyen de plaider; & j'étois violem-
952 3286 3327 3468 ment tenté de m'enfuir à Paris, auprès
945 3438 3330 3617 de mon pere; mais l'eſpoir de recou-
943 3596 3320 3778 vrer le cœur de mon Adélaide, & la
948 3753 3327 3935 néceſſité de conſoler ma chere Prin-
947 3908 3332 4099 ceſſe émelli, que je voyois tomber
933 4059 3320 4248 dans la langueur, me retenoient à Mi-
921 4211 3308 4412 lan. Chéri lui-même, tout changé qu'il
922 4395 3315 4574 me paroiſſoit à mon égard, m'attachoit
910 4527 3316 4744 à ce pays, par le plaiſir de l'y voir quel-
898 4700 3315 5026 eit iéinſaune on ve eait cunes
2620 5045 2888 5204 E
