4266 6032
938 267 3354 436 nuellement. Il me fuyoit pour pleurer,
948 428 3365 749 eie l lalbui done, oauiqneſe venot
919 749 3344 911 à Milan, trouver quelque moyen de
919 895 3339 1034 ſatisfaire Madame d'Amainville, ſans
914 1058 3298 1230 l'épouſer, afin d'éviter un procès que
916 1208 3298 1543 e cus cdeoit prentle les voies de
931 1521 3299 1702 conciliation, & je me flattai de pou-
921 1683 3299 1855 voir lui inſpirer, par le langage de la
924 1837 3304 2017 perſuaſion, une réſignation douce à
929 1990 3354 2166 mes volontés. Je pris le parti de lui
934 2150 3356 2326 rendre ma viſite. Il me ſembloit qu'une
933 2307 3358 2482 femme qui pourſuivoit un homme en
938 2458 3313 2643 juſtice pour s'en faire épouſer, devoit
974 2610 3316 2801 le recevoir à bras ouverts quand il ſ
914 2768 3318 3115 oneton averattqpui ua tu avui
950 3081 3325 3268 toujours produite ſur elle pendant le
957 3242 3327 3428 peu de temps que j'avois paſſé avec
953 3402 3328 3580 elle, & je m'attendois à me voir reçu
960 3549 3334 3742 avec ce ſourire que ma préſence faiſoit
959 3722 3335 3904 ci-devant épanouir ſur ſes levres ver-
952 3858 3339 4059 meilles. J'entre: à mon abord, elle
964 4016 3349 4365 e iveuſt a ſetauipu ve aa pt
963 4352 3351 4500 heureux dit - elle avec horreur,
969 4489 3358 4696 ne m'approche pas. -- Sortez, Mon
972 4661 3361 4842 ſieur, ſortez, me crie toute la com-
1024 4800 3365 5033 npagnien. Il n'y a pas moyen de m'en
