4266 6032
952 218 3322 408 diſpenſer. Je ſors fort humilié; je vais
950 389 3316 558 me promener dans un grand cimetiere
950 543 3323 874 eu iacuvoruoi ave la lelanucaile de
914 855 3323 1029 mon ame: uFort bien, me diſois-je,
957 1010 3323 1176 voilà mon affaire en bon train; Ma-
960 1165 3316 1340 dame d'Amainville paroît d'une hu-
962 1322 3316 1490 meur accommodante, & dans des
964 1454 3231 1645 diſpoſitions tout à fait favorablesn.
1036 1615 3349 1809 Moi, qui avois toujours eu le bon-
969 1789 3317 1961 heur d'inſpirer autour de moi un ten-
974 1942 3320 2119 dre intérêt, je me trouvois dans une ſi-
974 2098 3320 2274 mation bien mortifiante. J'avois perdu
965 2253 3325 2432 le cœur d'Adélaide, j'inſpirois l'hor-
971 2409 3327 2587 reur à Madame d'Amainville, je voyois
977 2565 3330 2740 même Chéri, mon ami, me dédai-
965 2723 3332 3055 raceie de nti qui mie reſtoit lbeles
960 3027 3323 3210 Ses yeux continuoient de me témoi-
962 3193 3330 3366 gner de l'attachement; mais elle ne
957 3342 3331 3522 m'admettoit que rarement en ſai pré-
953 3492 3332 3693 ſence, & me forçoit par-dà de chercher
952 3654 3330 3836 ailleurs de la diſſipation. Tant de mé-
945 3806 3330 3991 lancolie entaſſée autour de moi, pé-
947 3968 3337 4145 nétroit inſenſiblement dansmon cœur,
934 4122 3337 4460 l cafimpini t demenent meatdet
931 4436 3330 4638 on éel ourimaginaire; jee ui eſt
928 4585 2660 4771 auſſi dngereua.
2660 4628 3315 4771 pin
914 4745 3337 4957 J'appris bientôt que Madame d'A-
2754 4924 2974 5089 E
