4266 6032
917 381 3315 564 mainville étoit malade auſſi de ſon cô-
910 542 3319 715 té. Ma vue lui avoit cauſé tant d'hor-
914 701 3321 877 reur, qu'elle en avoit fait une fauſſe
919 860 3316 1038 couche. Je gémis de ſon accident;
916 1018 3315 1194 mais j'eus lieu de croire qu'elle auroit
924 1174 3322 1347 dorénavant moins de raiſons de me
922 1328 3320 1514 perſécuter, pour me faire accepter ſa
928 1495 3318 1668 main. Il eſt vrai que ſon horreur pour
929 1638 3313 1822 moi devoit redoubler. J'étois à ſes
933 1794 3323 1981 yeux un monſtre échappé des priſons,
941 1953 3322 2140 qui avoit profité d'un honteux dégui-
940 2112 3323 2293 ſement pour aſſouvir ſa brutalité, qui
941 2267 3320 2453 ne diſtinguoit ni le rang ni l'état, qui
936 2413 3327 2610 confondoit la Maîteſſe avec la domeſ-
938 2583 3323 2766 tique, & couvroit du même oppro-
936 2733 3325 2921 bre le ſang le plus noble & le plus
888 2890 3327 3081 abject; qui ſacrifioit à ſes déſirs effré-
941 3051 3327 3231 nés les objets mêmes conſacrés au
934 3201 3329 3395 Seigneur, & ne craignoit pas de les li-
934 3358 3330 3544 ter, pour ſe procurer un moment de
929 3511 3332 3700 plaiſir, aux remords éternels & au ſont
941 3668 3334 3860 freu dont une pareille faute eſt punie
931 3827 3334 4019 dans les Monaſteres. C'eſt ainſi qu'on
928 3977 3340 4169 parloit de moi dans cette maiſon. La
922 4142 3341 4333 Dame, qui avoit de la naiſſance, de
931 4291 3351 4482 lh fortune, de la jeuneſſe, & de la
922 4451 3354 4643 daute étoittop onfenſée, trop humi-
926 4601 3349 4807 iéot voir roſuſer ſ main, pour ad
974 4761 3361 4988 metre, ſur mon compte, des ſenu-
1652 4921 3366 5153 nables. Pluſteurs mes cha-
910 4962 1656 5134 ens riu
