4266 6032
938 302 3328 468 dans mes bras, je lui baiſai les mains.
936 463 3335 628 Elle paroiſſoit ne pas vouloir ſe laiſſer
954 623 3327 792 perſuader; elle réſiſtoit à mes raiſons:
969 778 3335 940 mais elle étoit ſenſible à mes careſſes;
931 938 3325 1108 je ne les épargnois pas. La compa-
972 1094 3327 1264 gnie qui ſurvint nous obligea de nous
934 1253 3327 1420 ſéparer. J'obtins la permiſſion de reve-
976 1411 3322 1568 nir le lendemain. Je n'y manquai pas.
940 1564 3327 1728 La chere Dame fut encore plus douce
945 1724 3322 1889 & plus traitable que la veille; mais tous
976 1877 3324 2047 mes argumens étoient ſans force. Mon
974 2035 3323 2202 ſilence produiſoit autant d'effet. Elle ne
934 2188 3327 2360 vouloit pas abſolument être perſuadée
938 2346 3325 2527 par le langage le plus perſuaſif; il fallut
976 2504 3325 2672 y ajouter des maneres expreſſives, join-
979 2661 3325 2832 dre, pour ainſi dire, le geſte à la décla-
933 2821 3323 2988 mation, & jouer avec elle une panto-
978 2974 3323 3141 mime très-animée, puiſque les paroles
940 3139 2470 3299 ne la contentoient pas.
947 3291 3324 3456 Ce jeu, où nous nous trouvâmes en-
933 3445 3325 3631 gagés ſans deſſein prémédité de pan
931 3602 3322 3765 ni d'autre, nous mena plus loin que
940 3752 3323 3931 nous ne penſions. Nous nous oubliâ-
972 3915 3327 4079 mes comme deux écervelés; & pour
945 4075 3325 4248 réparer une faute commiſe en dormant,
977 4231 3328 4403 je dois laiſſer croire à peu près que
979 4389 3203 4574 nous en commîmes une en-veillant.
1700 4546 2888 4694 As 'érsiere n
926 4706 2541 4851 comme dit omere.
925 4889 3285 5073 Aini s'exécutoit l'arêt de Jupiter.
