4266 6032
890 283 3263 452 & vous diſent toujours: Laiſſez vous
902 443 3284 607 ſervirn. Enfin, c'étoit un de ces inu-
910 603 3280 772 tiles qui cherchent à ſe rendre néceſ-
919 761 3275 918 ſaires, dont on devroit ſe défaire à tous
919 917 3279 1077 momens, & dont on croit toujours ne
928 1069 3289 1397 taemu oritinet veuit atone
929 1383 3289 1550 Naples. Il ne l'avouoit cependant pas
938 1540 3296 1667 bien ouvertement. Nous fîmes connoiſ-
943 1698 3299 1858 ſance dans un caſé. Il parut me pren-
945 1853 3299 2012 dre en amitié. Le drôle n'étoit embar-
947 2008 3303 2167 raſſé de rien. Toutes mes peines étoient
952 2162 3306 2323 des vétilles; il devoit m'en tirer en ſe
953 2319 3318 2484 jouant. Il ſut ſe faire introduire, par
959 2472 3318 2639 moi, chez la Princeſſe émelli, & je lui
957 2630 3322 2791 accordois quelque confiance. Je me plai-
962 2787 3325 2949 gnois auſſi quelquefois à lui de ma ſan-
962 2943 3322 3104 té. uVous ne ſavez pas, me diſoit-il,
967 3099 3327 3263 remonter les poids quand ils ſont en
967 3248 3332 3414 bas. Vcus n'avez pas le ſecret de tirer
969 3407 3339 3571 parti de tout, & de vous faire ſervir
972 3566 3335 3741 par des gens auxquels il faudroit
971 3720 3332 3899 mſpirer l'envie de vous être utilen.
967 3874 3341 4044 Je l parlois un jour de la répugnance
976 4037 3346 4206 que j'avois pour me droguer. uIl ne
979 4193 3347 4360 vous faut pas de drogues, me dit-il.
983 4345 3351 4513 Vous ne ſavez pas ce qu'il y a de
983 4506 3347 4672 nouveau dans l'Empire d'Eſculape.
976 4647 3359 4830 Sa Cour eſt à préſent à Cythere. C'eſt
969 4818 3363 4986 une partie de plaiſir aujourd'hui que
