4266 6032
940 290 3349 456 entrer, & referme ſur le champ la pe-
938 451 3364 611 tite porte, ſans entrer avec moi, de
938 608 3332 768 ſorte que je me trouve ſeul, dans une
938 763 3332 929 nuit profonde, au milieu d'un édifice
945 926 2608 1086 que je ne connois pas.
1089 1053 3334 1244 Ici je commencai à peſter. Je ſuis
941 1239 3330 1401 nun grand ſot, me dis-je à moi-même,
940 1395 3347 1553 de me mettre à la merci d'un homme
940 1551 3339 1715 pqui m'eſt ſuſpect, pour me guérir
943 1696 3337 1870 d'une maladie que je n'ai peut-être
943 1865 3335 2047 pasn. Je regarde autour de moi. La
945 2023 3342 2212 muit étoit des plus ſombres; cependant
943 2168 3344 2343 j'entrevois un ciel très-voilé, à peine
945 2334 3342 2496 viſible. Je m'étois cru d'abord enfermé
943 2486 3344 2657 dans quelque veſtibule obſcur, & l'aſ-
941 2647 3346 2813 pect du ciel m'indiquoit au contraire
945 2807 3347 2970 que je devois être en plein air. J'avance
948 2959 3351 3129 à tâtons, je me caſſe le nez contre une
953 3120 3347 3289 colonne qui, au toucher, me paroît de
948 3275 3347 3438 marbre. Je tourne à droite, autre co-
948 3428 3342 3594 lonne qui me caſſe le nez; à quelques
952 3585 3347 3752 pas de ſà, troiſieme colonne auſſi dure
953 3739 3351 3911 que les précédentes. uOhl ohl me di-
953 3899 3353 4067 ſois-je, que veut dire ceci? Suis-je
956 4054 3330 4223 au milieu des ruines de Palmyre?
960 4217 3351 4383 Cependant plus j'examinois, plus il me
955 4367 3359 4538 paroiffoit que j'étois dans un vaſte en-
962 4530 3358 4699 clos entouré de portiques ſoutenus par
962 4684 3356 4854 des colonnes de marbre. Le grand cime-
969 4839 3363 5010 tiere, ou campo ſanto de Milan, dont j'ai
