4266 6032
917 267 3294 448 déjà parlé, avoit cette forme. J'étois
921 433 3282 599 donc dans ce cimetiere: mais quel rap-
921 587 3287 912 eaet la Cont ae couere oe 'on
926 902 2990 1098 m'avoit promis de me conduire?
1060 1062 3294 1222 Tout à coup j'entends percer dans les
936 1217 3298 1378 airs d'affreux gémiſſemens; je vois de
936 1371 3298 1542 longs fantômes qui ſemblent ſortir de
940 1531 3292 1691 la terre, & qui s'égarent de tous côtés.
938 1689 3304 1846 Ils ſont couverts de linceuls mortuai-
934 1841 3298 2010 res. Ce jeu, fait pour inſpirer de la
926 1996 3306 2160 terreur à des femmes, ne me paroiſſoit
940 2155 3308 2321 qu'une comédie; mais des voleurs pou-
941 2309 3299 2474 voient être cachés ſous ces voiles fu-
945 2465 3301 2625 néraires, & le dénouement pouvoit être
947 2620 3301 2785 déſagréable. Je n'avois, pour toute
945 2777 3313 2940 arme, que mon épée. Je la tire du
948 2929 3308 3079 fourreau, & la fais étinceler. Sa lueur
947 3089 3304 3268 ſemble effrayer les ombres errantes
952 3244 2355 3406 éparſes autour de moi.
1079 3394 3313 3564 Bientôt je vois paroître, ſur un
943 3554 3354 3718 Trône qui s'avance de lui-même, un
947 3711 3341 3875 grand ſquelete couronné, orné du man-
953 3863 3315 4032 teau royal, tenant pour ſceptre une
957 4018 3320 4189 faux redoutable. La lumiere lui ſort
950 4180 3319 4341 par les orbites des yeux. Les fantômes
938 4333 3322 4502 errans s'aſſemblent autour de ce ſingu-
938 4493 3320 4658 lier Souverain, & lui rendent homma-
950 4647 3320 4814 ge. Je cours, l'épée à la main, au de-
941 4802 3322 4981 vant du ſpectre nocturne. A meſure que
