4266 6032
940 285 3332 480 j'avance, il recule ſur ſon Trône. Je
940 464 3323 625 ſuis entouré de fantômes blancs. Je
938 604 3318 800 leur fais, avec mon épée, deſſiner un
902 778 3322 945 cercle, & je les tiens à une certaine
941 931 1956 1082 diſtance de moi.
996 1078 3320 1262 Nous avançons toujours vers le mi-
940 1234 3320 1418 lieu du cimetiere, les fantômes & moi.
943 1399 3322 1579 Tout à coup, au moment où je m'y
941 1566 3322 1732 attendois le moins, je ſens le terrein
936 1720 3318 1891 manquer ſous mes pieds. J'enfonce, je
931 1869 3318 2040 ſuis renverſé, & je me trouve ſeul dans
945 2030 3340 2192 un cachot creuſé ſous la terre, dans
941 2188 3323 2355 une eſpece de tombeau où regne l'om-
947 2333 3316 2510 bre la plus épaiſſe. Je reſte confondu.
941 2486 3327 2667 D'autres auroient été pétrifiés. Que
943 2651 3327 2840 nveut dire ceci? me diſois-je: pour
941 2815 3325 2983 guérir les maladies de l'imagination,
941 2971 3325 3135 il paroît qu'on veut allumer l'imagi-
941 3127 3363 3287 nation; mais avec ces belles inven-
941 3278 3322 3447 tions, il y a une infinité de gens
941 3428 3320 3598 qu'on fera mourir de peur, au lieu
938 3590 3327 3757 de les guérirn. Cependant je metrou-
936 3745 3323 3917 vois enterré tout vivant; & j'en frémiſ-
941 3896 3328 4069 ſois de colere. Je frappois vainement
943 4054 3320 4226 de tous côtés autour de moi, j'étois
945 4211 3005 4379 enfermé bien hermétiquement.
933 4371 3322 4535 Alors j'entendis chanter les Prieres
933 4524 3325 4694 des morts, à peu près comme dans nos
943 4675 3327 4868 Temples. Je ſoupconnois d'abord que
947 4830 3330 5031 c'étoit pour moi; mais je n'eus plus
