4266 6032
940 350 3320 548 très-exact; que je n'avois jamais com
948 521 3318 691 mis aucune faute qu'à mon corps dé-
947 675 3318 845 fendant; mais qu'enfin je n'en avois pas
957 830 3356 1010 été exempt: j'ajoutai même, en faiſan
955 984 3320 1179 un grand effort pour conſerver mon
959 1152 3322 1325 ſérieux, que j'en étois très-repentant,
969 1301 3359 1490 & que rilen demandois humblement
969 1495 1451 1659 pardon.
1125 1622 3323 1793 Alors les harpes d'or ſonnerent pour
976 1781 3325 1952 célébrer la gloire du pécheur repen-
973 1927 3359 2117 tant. Une obſcurité vénérable ſe ré-
974 2083 3359 2290 pandit dans le Temple des nues. Le
976 2240 3359 2430 tonnerre gronda aux pieds du Trône.
976 2389 3359 2563 Une voix éclatante ſe fit entendre, &
979 2552 3359 2775 prononça ces mots: uIl s'eſt repenti,
984 2708 3359 2905 qu'il ſoit placé auprès du ſéjour de
988 2865 3356 3047 la félicité; qu'il jouiſſe, du moins,
989 3021 3359 3193 nde la vue du bonheurn. Soudainj
991 3173 3357 3354 fus enlevé de nouveau & placé dans
991 3329 3359 3528 une eſpece de petit boudoir, ſous u
995 3483 3358 3685 berceau de treillage, mêlé de verdue
996 3641 3358 3830 & de fleurs, d'où, par une aſſez grand
991 3796 3359 4002 fenêtre, je jouis de la perſpective
993 4001 1695 4195 plus riante.
1149 4095 3354 4302 La vue de l'Elyſée, où j'avois ſé
995 4271 3359 4625 oent, nan mies de ſepeten
1001 4575 3359 4782 celle de ce beau payſage. J'y vis de
1010 4729 3360 4949 Bergerst & desDergeres, omés àl'envide
1011 4905 3359 5115 fleurs & de guirlandes, ſe lnant au
