4266 6032
874 261 3242 441 doux ébats qu'un amour innocent leur
878 419 3258 764 ienriane, puiſiue, alur le beou
893 749 3273 923 qui me tourmentoit, je m'oubliai quel-
897 905 3265 1077 ques momens dans la contemplation
902 1057 3255 1228 de ce beau ſpectacle, ſans faire atten-
842 1215 3258 1378 tion à une petite table qui étoit ſervie
845 1366 3263 1543 auprès de moi. Enfin, l'aſpect d'une
847 1526 3267 1693 autre bien plus appetiſſante qu'ou ap-
854 1681 3285 1860 porta preſque ſous mes yeux, de
859 1841 3280 2001 mon berceau, me fit penſer à la né-
864 1980 3270 2163 ceſſité de ſoulager mes beſoins. Je re-
869 2155 3294 2324 gardai dans ma petite niche, j'apperçus
874 2310 3285 2478 ma petite table ſervie avec frugalité;
879 2465 3349 2625 mais aſſez honnêtement. Je me jetai
886 2618 3289 2788 ſur un bouillon qui me fit beaucoup
890 2780 3282 2942 de bien; j'avalai un verre de vin très-
897 2933 3298 3270 aſit ée ianeai pu polenemtrue
907 3249 3292 3433 dinaire aſſez copieux qui étoit en mon
912 3404 3298 3573 pouvor; mais je regardois, par ma fe-
917 3561 3296 3720 être, l'autre table. Je la voyois en-
923 3717 3303 3881 tourée de la plus agréable compagnie,
928 3868 3296 4038 de la plus brillante jeuneſſe des deux
934 4018 3306 4195 ſexes. La joie y régnoit avec l'amour
940 4180 3306 4352 décent. La chere la plus exquiſe, la
945 4341 3313 4508 converſation la plus gracieuſe, les pro-
950 4493 3420 4667 pos les plus flatteurs, quelquefois des
955 4649 3320 4823 hanſons charmantes, ſecondées d'une
960 4806 3335 4988 muſique délicieuſe, animoient ce repas
