4266 6032
950 247 3311 420 dans mes bras, puiſqu'il faut le dire,
924 415 3318 587 cette groſſe réjouie; & je rougis trop
935 572 3313 747 de cette ſcene pour la raconter. Qu'on
933 723 3322 903 ne me croie pas cependant ſi coupable
933 881 3316 1065 que je puis le paroître: je fus bientôt
962 1039 3311 1222 puni d'un égarement involontaire. Je
959 1191 3310 1358 vis entrer dans le boſquet de la jouiſ-
959 1351 3306 1520 ſance c'eſt ainſi que j'entendois nom-
962 1500 3310 1674 mer le lieu de plaiſir que j'avois ſous
962 1660 3306 1833 les yeux; je vis entrer, dis-je, dans le
935 1817 3308 1991 boſquet une grande perſonne voilée,
924 1970 3334 2140 mais très-bien faite. Elle avoit la taille
948 2129 3306 2298 & l'encolure de mon Adélaide. Un
959 2284 3337 2609 in, em cnerte maaideivcieii
959 2597 3306 2790 Je voulois tout briſer. Cependant je
960 2752 3303 2916 me contenois, de peur d'être puni par
959 2909 3299 3077 un enlevement ſoudain, du moindre
955 3064 3287 3237 éclat que je ferois: mais voir mon
933 3218 3294 3387 Adélaide entre les bras d'ur autre,
953 3373 3275 3549 tandis que j'étois réduit à une ſervantel
959 3533 3299 3701 J'étois dévoré des ſerpens de la jalou-
938 3687 3291 3865 ſie. Mon imagination s'allumoit; je
945 3846 3287 4018 croyois entendre préciſément la voi
952 4002 3282 4174 de mon Amante; je croyois la recon-
948 4159 3296 4329 noître, quoiqu'elle eût le dos tourné
931 4311 3301 4487 de mon côté. Cependant mon odieux
924 4471 3289 4641 rival pourſuivoit ſes inſtances auprès
938 4616 3315 4800 d'elle. On l'écoutoit, on lui rendoit
929 4781 3339 4960 careſſes pour careſſes; que ſais-je? il
2508 4940 3158 5114 L
