4266 6032
959 291 3303 468 Je faiſois tout bas ces réflexions; car
953 453 3292 617 on m'en eût puni, en me laiſſant plus
952 609 3298 785 long-temps dans l'ombre, ſi on les eût
936 766 3301 929 entendues. Enfin, l'on m'enleva encore
957 922 3299 1090 de ce noir cachot, & je fus jeté, pour
928 1077 3334 1245 ainſi dire, ſur la terre. Je me trouvai
953 1232 3299 1399 à la porte d'une grande ſalle, où j'ap-
955 1387 3303 1557 perçus beaucoup de monde qui ſe preſ-
955 1549 3287 1707 ſoit d'entrer; j'entrai comme les autres.
959 1701 3299 1862 Je vis un tribunal de Médecins en her-
957 1856 3296 2016 mine & en robes rouges, ſiéger grave-
924 2013 3298 2172 ment, comme la Cour de Pluton, avec
924 2169 3306 2325 tous les oremens de la dignité médi-
960 2321 3296 2481 cale. Parmi ces Docteurs empeſés, je
957 2477 3296 2635 reconnus mon Médecin Buonafede. Je
960 2632 3289 2790 fus tente de lui ſauter au collet, & de
959 2785 3303 2947 lui reprocher, avec des geſtes expreſ-
960 2927 3287 3103 ſifs & démonſtratifs, de m'avoir fait
957 3096 3294 3260 faire une démarche qui m'attiroit tant
926 3251 3289 3415 de diſgrace: mais je ſentis qu'il falloit
954 3409 3292 3567 me contenir, ſi je ne voulois être re-
924 3562 3291 3724 plongé dans l'ombre. On me fit placer à
924 3723 3296 3884 mon rang. Tous les malades imaginaires
962 3875 3306 4039 qui cherchoient la ſanté, approchoient
935 4023 3303 4195 l'un après l'autre. Ils demandoient d'être
957 4185 3304 4353 régénérés, & renvoyés ſains & bien
964 4346 3306 4513 portans aux régions de la lumiere. On
924 4496 3301 4666 leur tâtoit le pouls; & l'on prononçoit:
924 4647 3315 4820 Soit fait ainſi qu'il eſt requisn. Alors
926 4807 3313 5008 on les faiſoit ſortir par une porte pp-
2412 4956 2807 5132 E
