4266 6032
952 271 3330 594 ta cunioite de oit le iev ou on a
957 584 3333 763 conduiſoit, & la crainte d'être recon-
959 739 3334 914 duit dans l'ombre, plutôt que dans les
953 899 3334 1062 régions de la lumiere, me forcerent
960 1056 3316 1227 de faire comme les autres, quand mon
959 1211 3330 1377 tour fut venu. Après avoir faît la même
955 1366 3327 1542 fupplique que mes compagnons
965 1525 3311 1700 les malades, j'obtins les mêmes pa-
943 1683 3311 1851 roles: Soit fait ainſi qu'il eſt requisn.
969 1839 3334 2010 Alors on me fit paſſer, comme les au-
967 1997 3334 2164 tres, dans de grands appartemens o
938 2156 3334 2317 nous attendîmes la fin de la féance doc-
969 2307 3334 2466 torale. Ce moment arrivé, nos Eſcu-
967 2463 3310 2635 lapes quitterent leurs ſimarres, & le
957 2621 3332 2786 men vint à moi les bras ouverts. Loin
971 2775 3308 2942 de répondre à ſes amitiés, je l'accablai
964 2935 3334 3094 de reproches, maudiſſant le moment
969 3090 3313 3256 où je m'étois engagé dans une démar-
971 3244 3334 3413 che ſi funeſte. Après l'attachement
971 3406 3328 3574 nque vous m'avez témoigné, lui dis-
971 3561 3325 3717 nje, devois-je m'attendre, de vote
977 3715 3328 3882 part, à un tour ſi perfide? Barbare,
964 3878 3310 4042 en promettant de me rendre la ſanté,
979 4030 3311 4197 vous avez riſqué mille fois de me
979 4188 3308 4353 donner la mort; & moi ſur-tout né
984 4346 3313 4508 pour jouir, moi réduit à être té-
984 4497 3334 4689 moinl Ohl ce rôle de témoin me
979 4649 2026 4781 tenoit au cœur.
955 4776 3327 4993 Mon Docteur parut ſurpris de ce
