4266 6032
953 303 3335 469 on la rend grave, plus il y a de
952 463 3337 625 ngloire à les en délivrer. -- Mais
953 623 3339 792 enfin, repris-je, pourquoi ces céré-
952 781 3339 941 monies myſtiques, qui tendent à
953 934 3339 1103 faire accroire aux gens qu'ils ſont
955 1089 3323 1261 morts? -- Mon cher ami, me répon-
959 1247 3339 1418 dit l'Eſculape, c'eſt pour avoir plus
957 1407 3328 1570 de mérite à leurs yeux; car il eſt
955 1562 3328 1722 nencore plus beau de reſſuſciter les
962 1716 3313 1883 gens, que de les guérir. Au reſte,
960 1872 3339 2037 il faut conſidérer nos deſſeins &
959 2030 3330 2192 notre poſition. Il eſt ici queſtion de
957 2186 3320 2346 ntravailler ſur l'imagination des hom-
947 2343 3316 2508 mes, de la frapper fortement, pour
960 2500 3318 2660 leur faire croire que nous avons un
962 2653 3316 2821 pouvoir ſurnaturel, que nous ſom-
964 2809 3318 2978 mes des eſpeces de Dieux. Il faut
962 2971 3316 3132 obferver que nous avons affaire à des
960 3127 3334 3290 peuples très-ſuperſtitieux, couſus de
964 3281 3322 3445 préjugés, & ſur l'imagination deſ-
940 3441 3339 3602 quels tout ce qui eſt relatif aux ob-
965 3595 3328 3760 jets religieux a le plus de pouvoir.
965 3751 3327 3917 C'eſt donc parmi ces objets que
967 3910 3330 4075 nous avons cherché les illuſions les
971 4064 3322 4235 plus capables de leur faire impreſ-
972 4223 3322 4393 ſion. Nous ne leur perſuadons pas
974 4374 3339 4548 préciſément qu'ils ſont morts, que
972 4532 3337 4705 nous allons les reſſuſciter; mais nous
965 4687 3330 4860 leur faiſons accroire du moins qu'ils
959 4843 3339 5017 ſont hors du monde, dans un nouvel
