4266 6032
914 257 3267 436 qui la rendit plus charmante. Mon guide
909 419 3263 586 ſourit, & me dit: Vous êtes de bon
924 573 3268 742 goût, elle eſt très-jolie; venez donc
931 728 3268 893 recevoir des lumieres, pour avoir
934 886 3353 1052 le plaiſir de les lui communiquern.
993 1046 3280 1203 Nous entrâmes, à ces mots, dans
933 1200 3313 1360 une eſpece d'amphithéâtre, au milieu
950 1354 3279 1516 duquel ſiégeoit un Aréopage de graves
945 1509 3279 1667 Docteurs en ſimarre, dont le chef élevé
947 1665 3277 1829 ſur la tribune aux harangues, quand
950 1819 3291 1980 tout le monde fut placé, quand le ſi-
938 1970 3289 2135 lence fut établi, entonna ainſi ſon diſ-
952 2135 3301 2314 cours emphatique, avec toute la pompe
957 2287 1628 2417 doctorale.
1094 2413 3301 2600 Mes chers malades, vous êtes des
959 2596 3299 2759 bêtes; la choſeeſt palpable, oui, vous
933 2749 3354 2912 êtes des bêtes, en comparaiſon des
964 2909 3304 3101 êtres céleſtes ſupérieurs à votre na-
962 3062 3349 3223 ture; mais vous êtes des Anges par
964 3221 3310 3409 nrapport aux êtrés animés uniquement
967 3371 3306 3549 par le brute inſtinct. Vous êtes des
967 3526 3313 3691 ignorans, mes chers diſciples, oui,
969 3682 3323 3848 vous l'êtes poſitivement & relative-
965 3841 3315 4006 ment. Vous l'êtes poſitivement, parce
938 3992 3327 4166 que vous ignorez ce qu'il y a de plus
969 4147 3327 4307 néceſſaire aux hommes, ce reſſort par
972 4304 3316 4481 lequel l'homme malade ſe rétablit,
974 4462 3353 4624 comme il le déſiré, dans un état dé
917 4615 3330 4783 ſanté. Vous l'êtes rélativement aux
960 4773 3335 4974 faux ſavans, parce que vous n'aves
