4266 6032
926 307 3325 470 tériels, & ne conſiderent dans vous
936 472 3332 642 que le phyſique. Vous êtes des ma-
924 627 3328 795 chines d'un ordre ſupérieur, qui a
965 788 3296 954 des rapports avec tout l'Univers; il
972 938 3296 1103 eſt donc indiſpenſable, pour vous
947 1096 3328 1259 guérir, de connoître le grand reſſort
976 1247 3299 1411 du monde. Il y a dans P'Univers une
924 1409 3301 1571 vertu magnétique, qui étoit, pour les
976 1564 3298 1724 anciens, une qualité occulte, & qui
971 1714 3301 1880 eſt à préſent connue de quelques
924 1868 3301 2031 mortels favoriſés de la nature & ſu-
934 2027 3298 2190 périeurement organiſés. Cette vertu
974 2183 3330 2345 magnétique eſt comme un courant
924 2338 3339 2497 de vie qui anime tous les êtres; mais
969 2495 3339 2656 ces différens êtres y participent plus
960 2647 3335 2807 ou moins. Il eſt des infortunés qui
971 2800 3339 2962 s'abreuvent moins que les autres au
969 2960 3339 3124 courant de la vie, & qui, privés de
967 3110 3339 3271 cette ſève heureuſe, languiſſent &
965 3266 3339 3428 dépériſſent: tel eſt votre état, mes
924 3421 3339 3584 chers malades. Mais il eſt auſſi des
959 3573 3339 3743 favoris que la nature a organiſés d'une
960 3729 3304 3893 maniere céleſte, qui ſavent ſe rendre
960 3887 3298 4046 maîtres de ce courant de vie, & en
960 4039 3306 4211 faire paſſer l'heureuſe influence dans
959 4193 3308 4364 le ſein des malades qu'ils en voient
948 4352 3297 4515 privés. C'eſt à ces mortels ſupérieurs
952 4508 3303 4668 qu'il vous faut recourir. Tandis que
948 4637 3308 4831 les gens paſſés Docteurs de la Faculté
936 4818 3334 4979 vous traiteront comme de ſtupides
