4266 6032
976 341 3375 537 animaux, & croiront vousguérir par
971 500 3375 697 des ſimples, des potions ſans effet,
967 654 3375 850 & autres remedes puérils, nous vous
967 816 3373 993 ntraitons ici ſelon le rapport que vous
965 982 3372 1151 avez, mes amis, avec le ſyſtême du
960 1128 3375 1301 nmonde. Nous voyons les choſes dans
957 1278 3375 1476 le grand, nous les adminiſtrons de
957 1440 3354 1618 meme. Nous ſaiſons couler dans vo-
948 1593 3335 1781 tre ſein ce fleuve aimateur, qui
941 1746 3375 1936 forme la vie de tout ce qui reſpire.
940 1903 3373 2087 Des hommes ſupérieurs ont, dans
945 2063 3375 2242 tous les ſiecles, entrevu cette dot-
945 2219 3373 2394 trine. Les Egyptiens en faiſoient
941 2367 3363 2552 uſage; les Mages, d'où vient encore
928 2527 3328 2699 le nom de Magiciens, connoiſſoient
936 2680 3322 2865 l'influençe des aſtres ſur nous, & ſa-
933 2842 3327 3015 voient ſe rendre maîtres de cette in-
931 2998 3311 3182 fluence, pour opérer, par ce moyen,
928 3150 3339 3333 le bonheur de leurs ſemblables. Des
928 3306 3327 3481 hommes qu'on a cherché à ridicu-
924 3461 3346 3642 liſer ſous le nom d'Aſtrologues, ont
924 3621 3340 3797 eu le même fecret, que la nature leur
919 3776 3329 3956 révéloit par l'aptitude qu'elle leur
917 3932 3325 4114 donnoit de diriger à leur gré cette
914 4086 3301 4264 influence. Telle eſt, chers malades,
914 4240 3366 4426 la doctrine que nous profeſſons, tel
922 4396 3346 4581 eſt le ſecret par lequel nous ſaurons
917 4563 3370 4742 vous guérir. Vous avez vu les gran-
916 4711 3344 4899 des choſes que nous avons déjà opé-
912 4867 3349 5040 rées en votre faveur. Nous vous avons
