4266 6032
909 267 3273 460 sfait ſortir du monde terreſtre, où vous
931 425 3275 609 végétiez; nous vous avons tranſpor-
909 587 3273 758 tés dans un monde idéal, où nous
910 740 3279 905 ſaurons vous régénérer. Félicitez-
914 897 3280 1061 vous donc d'être des ignorans, de
943 1048 3280 1224 n'être pas bridés par les préjugés des
917 1201 3284 1384 faux ſavans, puiſque cette heureuſe
948 1359 3285 1543 ignorance nous donne la facilité de
909 1516 3285 1691 vous plonger dans une illuſion qui
959 1672 3292 1870 vous procurera la ſanté. Sachez con-
909 1825 3284 2008 cevoir le degré que vous tenez dans
909 1989 3292 2161 la chaîne des êtres. Sentez que vous
909 2135 3289 2312 êtes des bêtes, en comparaiſon des
909 2298 3296 2465 intelligences ſupérieures; que nous
909 2439 3296 2618 vous traitons comme d'heureuſes
909 2599 3294 2767 machines ſoumiſes à notre aſcendant,
971 2753 3301 2929 & dont nous mettrons à profit l'im-
908 2910 3303 3085 bécillité fortunée, pour leur bonheur
909 3084 2116 3260 & notre gloiren.
909 3208 3306 3395 Il eſt clair que ces Meſſieurs nous
909 3378 3311 3557 regardoient comme des ſtupides, dont
909 3530 3308 3709 ils ſe jouoient évidemment. Ils nous le
909 3689 3311 3867 diſoient; & tous leurs auditeurs, traités
909 3846 3315 4027 de bêtes, prouvoient qu'ils méritoient
909 3997 3322 4179 ce nom par l'air d'admiration que la plu-
909 4157 3315 4334 part offroient viſiblement, & qu'on ne
909 4312 3320 4490 pouvoit méconnoître à leur bouche
909 4469 3315 4648 béante. Enſuite ces heureux ignorans,
909 4622 3330 4804 qui ne comprenoient pas toutesles belles
909 4787 3339 4991 choſes qu'ils avoientadmirées, allerent,
