4266 6032
945 212 3320 384 ne les laiſſoit pas appercevoir, quoi-
941 370 3292 551 qu'elles ne fuſſent pas privées de la vue.
938 530 3297 709 Il n'étoit pas ſurprenant que de pa-
940 685 3292 864 reilles ſtatues fiſſent impreſſion, & l'on
948 838 3296 1036 voit trop en quoi conſiſtoit leur vertu
953 1020 1893 1183 magnétique.
1109 1158 3296 1334 Je remarquai, de plus, que toutes les
957 1315 3296 1493 beautés, ſtatues ou non ſtatues, que je
959 1461 3294 1648 voyois dans ce dangereux ſéjour,
964 1616 3298 1798 étoient à peu près à la diſpoſition de
965 1774 3296 1954 ceux qui ſe montroient jaloux d'en faire
960 1930 3299 2121 la conquête; ce qui m'inſpiroit une
960 2087 3296 2278 répugnance ſecrete. Je n'ai jamais goûté
971 2238 3334 2417 le libertinage. Mes divertiſſemens
974 2398 3303 2589 cependant devenoient de plus en plus
972 2548 3301 2745 agaçans. Les ſtatues ſe familiariſoient
972 2708 3303 2874 avec nous. D'abord elles faiſoient leurs
977 2861 3308 3056 rôles de ſtatues; enſuite elles nous pal-
973 3024 3308 3229 poient à la maniere des Docteurs ma-
976 3170 3308 3373 gnétiſeurs; mais leurs geſtes paroiſſoient
986 3321 3308 3497 ceux de machines qui iroient par reſ-
988 3483 3310 3681 ſorts & par le jeu d'une manivelle;
986 3649 3310 3832 bientôt après elles devenoient tout
988 3793 3311 3968 fait vivantes. Alors le mélange des
988 3959 3310 4138 bronzées & des marbrées étoit piquant.
995 4118 3318 4293 On voyoit d'abord danſer des contre-
998 4276 3322 4448 danſes formées de figures des deux cou-
1002 4420 3325 4610 leurs. Enſuite, nous autres malades,
1005 4589 3328 4772 nous entrions en danſe, mélés avec ces
1003 4730 3334 4958 effigies. Il étoit amuſant de voir, là une
