4266 6032
964 259 3292 446 ſlatue qui ſe mettoit en mouvement,
964 415 3301 750 in eonat mneatre moilonoi deſon
979 728 3303 912 enveloppe. Tout ce que je raconte ici
960 893 3303 1060 ſe paſſoit pourtant avec une eſpèce de
988 1045 3299 1219 décence. On ne pouvoit nier qu'il y
960 1202 3303 1367 eût des graces, de l'enchantement; mais
990 1355 3303 1519 onydéſiroit plus d'honnêteté. D'ailleurs
960 1512 3291 1686 il s'y trouvoit, ſelon l'idée des entre-
960 1676 3303 1841 preneurs, tout ce qui pouvoit guérir
960 1828 3203 1989 des gens qui n'étoient point malades.
960 1982 3285 2141 Le plaiſir eſt comme ce monſtre dont
960 2139 3291 2307 parle Eorace, qui a la tête d'une belle
960 2290 3148 2486 femme & la queue d'un poiſſon.
960 2455 3196 2673 Deſinit in piſcem mulier formoſa ſuperné.
960 2667 3282 2911 Si l'aſpect en eſt riant, les ſuites ren-
960 2880 3285 3055 dent ſérieux. Mon Docteur me condui-
960 3027 3285 3220 ſit d'abord dans un endroit où l'on re-
960 3190 3284 3379 cueilloit toutes les beautés qui por-
960 3345 3287 3533 toient des marques viſibles de ces plai-
960 3492 3298 3688 is, par leſquels on avoit prétendu les
960 3657 3284 3845 guérir. Elles reſtoient là juſqu'à ce
960 3812 3282 3994 qu'elles ſe fuſſent débarraſſées de ces
960 3969 3277 4160 ndices d'une conduite peu ſage. On
960 4125 3280 4316 prétendoit que leur honneur étoit bien
960 4280 3280 4469 couvert dans cet aſile. Elles y entroient
960 4434 3303 4632 ar une maiſon où elles étoient cenſées
960 4595 3285 4786 ſes en penſion, & qui communi-
960 4749 3287 4969 uoit, ſans que perſonne en ſût rien,
2701 4943 2944 5062 Oe
