4266 6032
1074 200 3440 397 avec ce ſecret aſile. Elles en ſortoient
1055 362 3431 551 par la même Maiſon, quand elles
1055 515 3425 708 étoient débarraſſées de leur fardeau;
1050 671 3423 864 de ſorte que le public ne pouvoit ſe
1045 831 3418 1045 douter ni du plaiſir goûté, ni des ſuites
1007 986 2004 1148 qu'il avoit eues.
1081 1138 3401 1318 Je cauſai avec une des ces pettes
1031 1303 3394 1481 femmes, qui étoit déjà rondele. Mal
1029 1459 3353 1621 gré l'épreuve à laquelle on l'avo ou-
1027 1610 3383 1785 miſe, elle paroiſſoit avoir conſervé une
1024 1772 3376 1933 innocence comique & intéreſſante.
1015 1923 3377 2101 uCela eſt ſingulier, me diſoit-elle, je
1019 2083 3373 2250 me croyois bien guérie, & voilà que
1017 2236 3366 2403 l'incommodité me reprend, & per-
1014 2389 3363 2553 ſonne ne veut plus me magnétiſer.
1017 2549 3353 2712 J'avois eu, ci-devant, des obſtruc-
1010 2706 3351 2854 tions, dureté, enflure même dans le
1014 2859 3341 3024 bas ventre, ſuppreſſions enfin très-
1008 3018 3339 3177 ninquiétantes: pardonnez - moi de
1010 3174 3335 3334 vous tenir ce langage d'une malade.
1012 3330 3330 3492 Le régime de cette maiſon m'avoi
1002 3486 3323 3645 guérie; mais je vois renaître à pre-
934 3643 3316 3802 ſent les embarras, l'enflure, les ſup-
995 3798 3312 3960 preſſions je vous le dis tout bas.
993 3955 3306 4119 enfin tout ce dont je me plaignoisn
993 4099 3301 4271 L'innocente me laiſſa entrevoir qu'elt
998 4264 3294 4425 conſentiroit encore à être magnétiſée par
995 4414 3291 4586 moi. Je ne crus pas devoir profiter d
991 4561 3284 4738 ſa bonne volonté. Elle me racontali
984 4724 3275 4923 maniere dont elle avoit été introduit
