4266 6032
1899 1031 2365 1186 E
893 2505 3311 2671 dans mon lit. Je me rappelai l'endroit
938 2661 3272 2827 où j'avois paſſé pluſieurs jours, & où
943 2814 3283 2981 j'aurois juré que j'étois encore. Je fus
936 2969 3282 3138 tenté de croire que mon ſéjour dans
936 3125 3306 3299 cette ſinguliere habitation n'étoit qu'un
943 3291 3291 3451 rêve; mais, en dépit des apparences,
938 3440 3335 3606 les circonſtances en étoient trop pré-
940 3590 3375 3765 ſentes à mon imagination, pour que
943 3750 2957 3918 je puſſe douter de leur réalité.
955 3884 3306 4073 ſout à coup mon domeſtique entra
945 4058 3320 4230 dans ma chambre, & me voyant
879 4216 3296 4386 éveillé, il parut fou de joie. Ahl
959 4374 3322 4575 triomphel victoirel s'écria-t-il, vous
924 4508 3368 4703 êtes enfin éveillé -- Comment,
936 4675 3328 4889 cvelé? luidis-ie. -- Oui, mon cher
2420 4831 3281 5025 L
