4266 6032
938 202 3363 391 Maître, reprit-il, comment vous ſen
943 364 3363 532 tez-vous, après un ſommeil de près
938 524 3310 693 d'un mois?.. Ohl voilà une ſingu-
940 682 3311 843 liere maladiel On n'a jamais rien
942 836 3313 1005 vu de pareil... Mais vous voilà frais
945 992 3315 1153 comme une roſe. Je reſtois ſtupé-
938 1151 3318 1322 fait, & ne pouvois articuler une parole.
950 1308 3323 1480 Le fripon alla chercher le portier &
957 1464 3323 1635 deux autres domeſtiques. uVoyez, leur
952 1618 3322 1785 dit-il, le voilà réveillé. N'eſt-il pas
952 1775 3322 1949 plus frais & plus vermeil qu'il n'a
904 1931 3318 2106 jamais été?.. après avoir dormi ſi
953 2090 3327 2262 long - temps... C'eſt un vrai pro-
955 2244 3323 2419 digen. Tous les domeſtiques s'é-
959 2401 3322 2566 crioient: C'eſt un vrai prodigen.
945 2558 3327 2723 Tous me félicitoient d'être ſi bien por-
955 2715 3323 2888 tant, après avoir dormi ſi long-temps.
921 2861 3323 3031 Chacun s'extaſioit à l'envi ſur une ſi
957 3024 3328 3200 rare aventure. Je reſtois muet & ſtu-
962 3199 1365 3361 péfait.
1122 3287 3327 3514 Mon Médecin entra. uMonſieur, lui
959 3493 3322 3670 cria-t-on, il eſt éveillé. -- Ahl tant
917 3647 3328 3829 mieux, dit - il en m'embraſſant; j'en
961 3807 3334 3978 ſuis ravi. Il y a long-temps que je
965 3958 3339 4143 fréquente les malades, j'en ai vu de
962 4112 3338 4300 bien déſeſpérés; mais jamais je n'ai
967 4276 3332 4449 rien vu de ſi extraordinaire qu'un
972 4426 3342 4611 ſommeil d'un mois; au reſte, cela
971 4581 3346 4766 n'eſt pas ſans exemple.Tous nos
892 4732 3354 4935 Auteurs font mention d'accidens ſem-
