4266 6032
998 272 3346 467 gna, ſur mon état, une inquiétude qui
988 432 2226 591 m'offenſa vivement.
1155 575 3337 753 L'Abbé, mon introducteur, ne tarda
991 744 3366 912 pas à paroître. Je voulus lui ſauter au
996 902 3339 1057 collet. On me retint. Il affecta beau-
991 1057 3334 1222 coup d'étonnement. Monſieur l'Abbé,
991 1214 3330 1374 lui dit le Docteur, ne craignez rien,
988 1366 3327 1528 ce ne ſera rien; c'eſt une ſuite aſſez
984 1524 3370 1688 naturelle d'un ſommeil ſi extraordi-
988 1679 3330 1844 naire; mais cela ne durera pas. L'eſ-
984 1836 3320 1998 ſentiel c'eſt qu'il eſt éveillé. -- Ohl
952 1990 3328 2154 j'en ſuis enchanté, répondit l'Abbé; &
979 2145 3327 2309 de plus, il eſt en bonne ſanté, ce me
972 2305 3320 2439 ſemble. Vous voilà en bon train,
940 2460 3322 2619 mon cher Chevalier, nous ne tarde-
977 2615 3318 2775 rons pas à vous guérir radicalement.
971 2768 3320 2928 Quand voulez-vous que nous allions
969 2914 3323 3089 dans l'endroit dont je vous ai parlé?
971 3084 3318 3243 -- Comment, malheureux, lui répon-
972 3227 3370 3399 dis-je, ne m'y avez-vous pas mené?
967 3389 3325 3555 Ne vous ſouvenez-vous pas des plai-
964 3548 3322 3709 ſirs ſcandaleux que vous m'y avez
960 3699 3322 3867 procurés, d'un mois preſque entier
953 3853 3325 4022 que vous m'y avez fait paſſer? Ne
955 4012 3323 4180 vous rappelez-vous pas le cimetiere
941 4168 3310 4333 où vous m'avez conduit? -- Mon
950 4332 3318 4493 cher ami, répliqua l'Abbé, vous
945 4474 3320 4647 m'affligez de parler ainſi. Je ne ſais
943 4636 3322 4799 ce que vous voulez dire. Jn'ai pas
943 4787 3322 4988 mis le pied dans aucun endroit ſcan-
