4266 6032
947 207 3279 374 daleux. -- Comment, repris-je, vous
957 367 3280 528 n'étiez pas l'une des ſtatues qui dan-
959 522 3284 682 ſoient? A ces mos, tout le monde
964 675 3285 839 éclata de rire. Mais, mon cher ami,
959 833 3292 997 reprit le Docteur, daignez donc ré-
964 984 3287 1145 fléchir ſur ce- que vous dites. On
965 1143 3296 1303 vous a mené goûter des plaiſirs dans
971 1297 3298 1457 un cimetiere, & Monſieur l'Abbé
971 1452 3294 1573 étoit une ſtatue danſante. Peut - on
972 1610 3298 1767 s'empêcher de prendre ces propos
977 1762 3301 1922 ſans ſuite, pour les écarts d'une ima-
969 1915 3304 2078 gination déréglée?n Je regardai au-
950 2070 3308 2243 tour de moi. Je vis que tous ceux qui
976 2228 3308 2385 m'entouroient paroiſſoient me cronre
945 2379 3304 2539 dans le délire. J'en fus tout à fait hon-
979 2524 3304 2697 teux, & je n'oſai preſque plus inſiſter
976 2685 3315 2849 ſur ce que j'avois vu. Non que je dou-
981 2837 3310 3006 taſſe de ce que j'avançois, & que j'ad-
977 2995 3309 3187 béraſſe à ce qu'on vouloit me perſua-
983 3151 3304 3317 der que j'avois dormi ſi long-temps;
979 3307 3310 3488 mais je n'oſois plus ſoutenir ce qui me
977 3456 2541 3627 faiſoit paſſer pour un fou.
986 3616 3313 3777 Je voulus ſavoir ſi la Princeſſe étoit,
979 3771 3316 3941 à mon égard, dans la même idée que
981 3927 3313 4096 toute ſa maiſon: je deſcendis chez elle.
984 4071 3325 4251 Cette noble amie me reçut avec ſa ten-
979 4228 3318 4399 dreſſe ordinaire: uMais, mon cher
972 4396 3313 4564 ami, ajouta-t-elle après les compli-
976 4544 3313 4720 mens ordinaires, qu'eſt-ce donc que
964 4699 3332 4904 l'on dit? Eſt-il vrai que vous avez
