4266 6032
921 264 3289 464 dormi pendant un mois? -- Quoil ma
917 437 3296 608 chere Princeſſe, répondis-je, vous
919 592 3284 777 donnez auſſi dans l'erreur générale?
922 750 3272 938 Si j'avois dormi depuis un mois,
919 905 3289 1077 ne le ſauriez-vous pas depuis long-
917 1060 3359 1254 temps? n'auriez-vous pas eu la bonté
919 1218 3287 1397 d'envoyer chaque jour ſavoir de mes
924 1388 3282 1564 nouvelles, & n'auriez-vous pas ap-
933 1529 3282 1722 pris que j'étois abſent? -- Ié mais,
930 1683 3282 1863 mon enfant, reprit-elle, j'arrive, &
928 1837 3370 2036 j'apprends cela dans le moment. J'ai
926 1989 3370 2166 été auſſi un mois abſente; mais puiſ-
928 2149 3287 2342 que vous avez été je ne ſais où,
926 2307 3296 2458 racontez-moi donc cela. Où vous
928 2458 3299 2654 a-t-on mené? Que vous eſt-il ar-
933 2644 1807 2770 rivé?....
1079 2737 3292 2960 Alors je fis à la Princeſſe un récit
929 2923 3301 3122 abrégé de ce qui m'étoit arrivé depuis
929 3074 3303 3280 un mois, & je lui racontai toute l'hiſ-
934 3234 3301 3427 toire du Magnétiſme, ettant ſeule-
929 3389 3304 3577 ment certaines foibleſſes dont j'étois
929 3545 3304 3744 honteux. Tandis que je parlois, elle
931 3696 3304 3907 m'examinoit d'un œil perçant, où ſe
934 3855 3308 4104 peignoit la compaſſion; elle branloit la
938 4014 3299 4209 tete, en diſant: uIl n'eſt que trop vrai.
939 4176 3304 4362 -- Quoil ma Princeſſe, m'écriai-je,
935 4336 3313 4543 eſt-ce que vous vous joindriez à mes
938 4480 3318 4683 ennemis pour me croire dans le dé-
948 4656 3327 4813 lire? -- Mais, mon enfant, me
946 4798 3342 5010 xrépondit-elle, que voulez-vous que
