4266 6032
928 343 3284 517 je diſe? Là, de bonne foi, jugez-vous
928 503 3273 669 vous-même, & avouez que tout ce
931 664 3284 819 que vous avez raconté là eſt bien
936 809 3287 979 extraordinaire, bien peu croyable. --
948 972 3292 1138 Cela peut être extraordinaire, repris-
940 1132 3282 1301 je, mais je vous jure que rien n'eſt plus
941 1284 3294 1451 vrain; & j'ajoutai tout ce que je pus
943 1442 3287 1617 imaginer de plus convaincant pour
945 1593 3296 1755 prouver à la Princeſſe que j'avois du
947 1750 3303 1908 bon ſens. Dans ce moment, le fourbe
955 1908 3303 2064 de Médecin entra. Il affecta un air dé-
952 2061 3304 2220 ſeſpéré. é bien, lui dit ma Bien-
953 2216 3308 2376 faitrice, il paroît que vous avez rai-
964 2369 3306 2532 ſon. Le pauvre malheureuxn Je
959 2528 3342 2686 voyois que ma rhétorique avoit joli-
957 2683 3294 2842 mentréuſſi. J'étois cru décidément fou.
960 2835 3296 2998 Je n'avois plus qu'à me préſenter à mon
964 2990 3311 3183 Adelaide avec cette belle réputa-
965 3149 1586 3273 tion-là.
1038 3294 3320 3468 J'oſai cependant demander des nou-
969 3457 3320 3623 velles de cette rigoureuſe beauté. uJe
969 3614 3306 3779 ne ſais que vous dire, me répondit
974 3770 3315 3938 la Princeſſe; je n'y comprends rien:
976 3927 3327 4095 j'ai beau plaider en votre faveur; je
974 4085 3327 4250 ne puis plus rien gagner ſur elle;
921 4236 3327 4404 j'ai perdu ſa conſiance. -- Et moi j'ai
971 4401 3334 4562 perdu ſon amour, m'écriai-je dou-
977 4552 3325 4719 loureuſement. Me ſera-t-il permis,
972 4706 3339 4871 du moins, de la voir, d'aller me juſ-
945 4859 3328 5072 tifier à ſes yeux? -- Mon bon ami,
