4266 6032
935 303 3287 487 dans l'endroit dont je t'ai parlé. Tu
940 459 3289 642 ſais que j'avois cent ſequins; je les
971 617 3284 814 ai dépenſés; je ne les ai plus à préſent:
943 761 3287 947 qu'as-tu à répondre a cela? Non,
938 924 3296 1095 Monſieur, me répondit le coquin,
974 1072 3292 1256 vous ne les avez point dépenſés;
947 1233 3299 1408 c'eſt moi, mon cher Maître, qui ai
977 1382 3298 1564 été obligé, pendant votre ſommeil,
955 1542 3304 1717 de les employer pour votre ſoulage-
957 1698 3304 1872 ment. Ohl je vous préſenterai mon
986 1844 3304 2031 mémoire; vous verrez ſi je ſuis fidele
986 2002 3170 2169 àmon Maîtren. Je reſtai confondu.
965 2156 3313 2341 Cependant je commençois à ſentir un
991 2302 3316 2493 certain malaiſe. Toutes les nuits je ſouf-
993 2462 3316 2641 frois des douleurs ſourdes, & je rêvois
996 2618 3328 2803 toujours Anguillette, la prétendue
992 2769 3316 2955 innocente à laquelle je les devois. De
967 2924 3322 3110 même que quand on couve une indi-
977 3081 3313 3267 geſtion, on a des rapports empreints
969 3247 3313 3419 du goût de quelque mets qu'on a' man-
967 3383 3310 3577 gé, & l'on juge que c'eſt ce mets mal
974 3545 3313 3748 digéré qui cauſe l'indigeſtion; de même
971 3708 3327 4040 lle autele ſe nxeoit enpoſe, e
972 4014 3308 4195 jugeois que j'en étois redevable à cette
971 4187 2410 4345 perfide ſainte Nitouche.
971 4324 3320 4504 Enfin, la ſecrete incommodité, que
969 4482 3313 4812 ien ais oaiant oilis mauonlie, qui
974 4781 3311 4981 m'étoit impoſſible de nier que je l'avois
