4266 6032
959 364 3308 530 mortel me conſola beaucoup, me re-
960 525 3308 683 leva même un peu à mes yeux. Je re-
960 675 3298 845 commençai à ſoulever mes regards vers
963 835 3306 1000 le Ciel, & à ne plus rougir de moi-
969 986 3334 1153 méme. J'oſai regarder mes ſemblables;
967 1146 3296 1320 mais je n'en fus pas moins piqué
969 1299 3323 1460 contre l'indigne Abbé qui m'avoit con-
964 1449 3303 1614 duit dans ce bourbier. Il vint, pour ſon
965 1612 3308 1771 malheur, dans un moment orageux, où
969 1767 3313 2082 le ie bai ciſietrepoeneae jpi
909 2073 3303 2238 gnant le geſte aux paroles, je lui donnai
969 2228 3313 2390 une correction très-marquée, & dont je
971 2383 3304 2543 ne le vis pas auſſi révolté que je l'au-
969 2537 3311 2702 rois cru. Il me parut fait à de pareils
959 2692 3308 2857 préſens; & la rupture ſeule de mon bâ-
967 2843 3320 3009 ton put me faire penſer à mettre fin à cet
976 3005 1925 3162 acte de juſtice.
939 3156 3310 3322 Satisfait de cette petite vengeance,
967 3309 3311 3472 j'enris moi-même après; &, tout occupé
938 3461 3320 3629 des moyens de rétablir ma ſanté, je ne
967 3617 3306 3939 ae dnunre emnquemdei lenie pou-
957 3930 3327 4099 vois me procurer des nouvelles de mon
957 4075 3315 4252 Adelaide. Chéri, dans le ſein duquel
957 4239 3303 4410 je voulois épancher ma douleur, Chéri
943 4391 3306 4554 paroiſſoit me fuir: il étoit entré au ſer-
957 4549 3330 4723 vice de l'Empereur. Il ſe voyoit idolâ-
948 4696 3327 4876 tré de tous les jeunes Officiers qui me
948 4850 3327 5033 l'enlevoient tousles jours. La Princeſſe
