4266 6032
922 257 3284 427 dégagé que vous avouez une vio-
938 411 3301 573 lence qui mériteroit punition, ſi vous
943 566 3282 728 n'étiez pas dans l'état dont on m'a
950 721 3280 888 parlénl... A ces mots, M. le Comte
947 876 3282 1044 me renvoya devant un Magiſtrat chargé
952 1034 3282 1206 de m'interroger & de recueillir les dé-
953 1186 3285 1365 poſitions qui ſeroient faites pour ou
960 1367 1850 1476 contre moi.
977 1495 3287 1659 Je comparus devant le vénérableRo-
964 1652 3287 1814 bin, qui me demanda, d'un ton magiſ-
964 1810 3287 1965 tral, de quel droit javois porté la main
898 1962 3287 2124 ſur un homme d'un état reſpectable; &
967 2118 3292 2275 pourquoi je l'avois traité de la maniere
969 2272 3296 2432 la plus outrageante. Je répondis qu'il
972 2422 3296 2585 avoit abuſé de ma confiance, en me
974 2572 3296 2740 conduiſant dans un lieu ſcandaleux, où
972 2737 3299 2909 j'étois très-fâché d'avoir mis le pied, &
977 2888 3299 3055 où ma bourſe & ma ſanté avoient été
977 3044 3308 3210 endommagées. Le Magiſtrat exigea que
976 3201 3304 3366 je lui expliquaſſe quel étoit ce lieu ſcan-
983 3354 3311 3521 daleux; &, de queſtions en queſtions,
981 3512 3308 3676 je me trouvai engagé dans le récit de
986 3667 3315 3824 ce qui m'étoit arrivé d'extraordinaire
988 3822 3315 3990 pendant près d'un mois: récit qui m'a-
984 3976 3323 4139 voit déjà fait paſſer pour ſou dans la
984 4131 3325 4298 maiſon de la Princeſſe Cémelli, & qui
986 4290 3328 4453 produiſit le même effet dans cet inter-
990 4443 3328 4608 rogatoire, Je ne pus m'empêcher de dé-
907 4596 3334 4761 clamer contre les Médecins, que je
919 4748 3346 4942 taitai de charlatans. Il y avoit là deux
