4266 6032
962 293 3279 464 inique, je fus arrêté par des Sbires. Je
969 450 3298 617 me défendis vaillamment avec ma ſeule
971 603 3284 769 canne; car j'étois ſans épée. J'en jetai
977 763 3280 945 pluſieurs dans la boue; mais je fus ac-
977 917 3315 1081 cablé par le grand nombre. On me lia;
983 1076 3316 1233 on me garrotta. J'entendois le Peuple
941 1229 3285 1393 dire autour de moi: C'eſt un fou; c'eſt
988 1387 3284 1548 dommage. On me plaignoit;
983 1541 3289 1702 mais tout le monde paroiſſoit intime-
983 1693 2752 1853 ment perſuadé que j'étois fou.
1103 1846 3289 2008 Je frémiſſois: Je vais donc, me
990 2002 3279 2170 diſois-je, être enfermé, enchaîné,
993 2164 3282 2316 comme mon pere, aux Petites Mai-
993 2312 3284 2475 ſons, dans une loge de foun: ce qui
998 2467 3337 2634 eſt un véritable ſupplice pour quel-
993 2623 3287 2786 qu'un qui ne l'eſt pas réellement. Je fus
993 2780 3292 2942 agréablement ſurpris de me voir tranſ-
996 2935 3299 3096 porter à l'ôtel- Dieu. Je ne pouvois
996 3093 3292 3250 comprendre pour quel but on m'y en-
996 3243 3291 3425 traînoit. Ié bien, me diſois-je, puiſ-
1000 3396 3325 3562 nque je ſuis malade, on m'y guéran.
1000 3543 3320 3719 Je fus conduit, en effet, dans une ſalle
1003 3693 3332 3873 aſſez propre; on me mit dans un lit; mais
919 3867 3320 4042 on m'y garrotta. uA propos de quoi?
919 4011 3292 4187 m'écriai - je. On ne ſe preſſa
919 4169 3322 4343 pas de me répondre. Je m'apperçus que
919 4321 3301 4500 les autres malades étoient garrottés de
919 4472 3322 4656 même. On commença par me ſaigner
919 4623 3328 4812 du pied; on m'appliqua enſuite les
919 4775 3344 5002 fang- ſues. Je demandai pour quelle
