4266 6032
977 267 3304 431 térêt. Mon compagnon le malade ne
971 425 3304 741 eut aſaae; c'uſeſtas, allamne
972 737 3304 926 de vous préſenter ce Monfieur gar-
979 898 3285 1086 rotté, qui eſt fou comme moi. Ill
976 1051 3304 1223 vouloit faire entendre ſans doute par-là
988 1215 3285 1389 que je n'étois pas fou; car apparem-
986 1366 3284 1537 ment il ſe ſuppoſoit parfaitement dans
991 1523 3282 1686 ſon bon ſens. M. le garrotté, Chevalier
995 1681 3284 1849 de Roſamene, ſalua ces Dames auſſiga-
995 1836 3308 2018 lamment qu'il pouvoit le faire dans ceue
995 1994 3308 2175 circonſtance. La compagnie me répon
1002 2146 3308 2331 dit, en ſouriant, par une légere incli-
1003 2304 3308 2479 nation de tête, & par quelques ſignes
1007 2455 3308 2640 de complaiſance & de bonté. Mais ll-
1017 2610 3308 2782 demoiſelle Artémiſe, c'eſt le nom dela
1014 2766 3277 2961 jeune perſonne dont je viens de parle,
1014 2925 3308 3110 me rendit très ſérieuſement une révé-
1020 3093 3308 3266 rence bien profonde, qu'elle accompa-
1026 3234 3309 3433 gna d'un regard plein d'unſttendre ié-
1024 3378 3308 3581 rêt, que j'en fus pénétré juſqu'au ſon
1028 3542 3308 3731 du cœur. On ſe mit à caufer de matiere
1027 3696 3308 3890 au-deſſus du langage ordinaire. Mo
1029 3851 3308 4049 camarade ſoutint la converſation comn
1031 4008 3309 4202 un homme d'un bon ſens conſomnt.
1038 4161 3308 4365 Tout ce que je dis parut auſſi me fai
1046 4320 3308 4517 honeur; & je vis toutesles Dame
1051 4474 3308 4680 entre autres, me regarder avec un
1052 4631 3309 4844 térêt mêlé, je dirois prſque d'admi
1055 4781 3308 4990 tion,. Perſonne ne ſeſeroit douté, aun
