4266 6032
1014 224 3353 408 ami, me diſoient ces Dames, prenez
1007 391 3349 556 patience, c'eſt pour votre bienn.
1005 545 3347 717 'en prends à témoins toutes les Puiſ-
1008 704 3346 869 ſances du Ciel; c'eſt-là ce qui me de-
1008 858 3342 1036 pitoit le plus. -Quoi me diſois-je, les
1003 1016 3341 1185 monſtres triomphentl Malgré toutce
990 1172 3337 1344 que ma conduite & mon langage
1012 1325 3334 1489 offrent de bon ſens, on me croitfou,
1000 1471 3332 1645 ſur leur déciſion, ſur leur traitement
1010 1636 3329 1808 La petite Artémiſe, je dois le dire pour
1010 1796 3328 1962 ma conſolation, n'offroit pourtant rie
1010 1949 3326 2266 ein eolois qn'ue piue mobles
1015 2260 3320 2428 dre, où il n'y avoit rien d'humiliant pour
1015 2416 3319 2580 celui qui en étoit l'objet. La compagnie
962 2573 3316 2740 eut la conſtance d'aſſiſter à toute l'opé-
983 2726 3313 2893 ration, & de me voir reporter dans mon
1008 2882 3311 3050 lit. Enſuite on prit congé de mon cam-
952 3036 3306 3359 oete, matrae ll leſe lareteſee
950 3344 3305 3518 noré d'un ſourire flatteur & d'un ſoupçon
960 3501 3301 3675 de révérence de la part de ces Dames;
945 3645 3299 3832 mais la révérence de la fidele Artémiſte
947 3813 3296 3987 fut encore ſérieuſe, profonde, & at-
943 3965 3292 4147 compagnée d'un regard qui me pénéna
948 4116 3291 4305 juſqu'aucœur. On promit de revenirme
934 4267 3287 4455 voir dès le lendemain. On me témor
940 4427 3287 4616 gna qu'on étoit enchanté de ma conver
934 4584 3284 4769 ſation; mais on ajouta, ſans doute pou
936 4733 3282 4948 modérer ma vanité, qu'on déſiroit q
