4266 6032
950 214 3280 391 les douches opéraſſent un bon effet, &
984 381 3279 556 qu'on ſe flattoit de me voir bientôt par-
948 535 3292 704 faitement rétabli: compliment révol-
945 690 3275 862 tant, qui me déclaroit fou. Artémiſe ne
945 845 3273 1160 oſéintainla a non cneſasondepenſer
945 1153 3273 1320 Le lendemain ma généreuſePrinceſſe
945 1313 3272 1470 vint me voir, avec une grande Demoi-
990 1462 3275 1627 ſelle faite au tour, qui avoit la tête enſe-
945 1624 3273 1781 velie dans une grande caleche; mais que
945 1777 3284 1939 je reconnus pour mon Adélaide, quoi-
945 1933 3299 2089 que je ne fiſſe que l'entrevoir. Mon
945 2086 3301 2259 cœur vola au devant de ce couple chéri.
945 2238 3270 2388 Ahl mon cher ami, me dit la Prin-
945 2388 3270 2551 ceſſe, que vous devez nous en vou-
945 2548 3296 2709 loir de n'être pas venues plutôt vous
945 2702 3296 2866 rendre viſitel Je vous jure que nous
945 2858 3296 3021 ignorions parfaitement le lieu de vo-
945 3011 3267 3176 tre retraite, malgré toutes les diligen-
945 3170 3270 3332 ces que nous faiſions pour le décou-
945 3318 3292 3483 vir: nous ne l'apprenons que dans
945 3466 3291 3639 la minuten. Adélaide tomba à ge-
945 3623 3280 3793 noux auprès de mon lit. uMon cher
945 3783 3267 3952 ami, me dit-elle, pardonnez-moi vo-
945 3934 3289 4109 tre malheur: j'y ai peut-être contri-
945 4084 3265 4265 bué. Ahl ſi je le croyois, je me déteſ-
952 4243 3275 4418 terois. Je vis, avec douleur, que
945 4401 3282 4566 ces deux Beautés auſſi me croyoient
945 4544 3289 4728 réellement fou, & que mon Amante
945 4698 3289 4907 aignoit d'avoir contribué, par ſes ri-
