4266 6032
979 283 3308 470 mon Adelaide me quitterent, après m'a-
986 444 3304 615 voir embraſſé tendrement. Elles me
988 591 3304 792 proteſterent qu'elles alloient faire tous
993 756 3304 926 leurs efforts pour me tirer bientôt de
991 909 3304 1089 cette rigoureuſe captivité. Je les vis
991 1069 3304 1261 partir avec le plus grand regret. J'avois
993 1222 3301 1395 eu ſoin de leur préſenter réciproque-
954 1378 3306 1552 ment le fou, mon voiſin, qui avoit des
993 1538 3306 1702 intervalles très lucides, mais qui étoit
986 1689 2512 1867 pourtant réellement fou.
1027 1846 3299 2020 A peine ces Dames étoient-elles par-
988 2004 3301 2169 ties, que celles de la veille revinrent.
931 2157 3301 2353 Elles m'aborderent de l'air le plus ami-
993 2312 3301 2481 cal: mais la jeune Artémiſe, à un ſou-
986 2477 3325 2638 rire celeſte, à une rougeur enchante-
986 2627 3296 2797 reſſe, joignoit un reſpect égal à ſa ten-
991 2785 3298 2966 dreſſe, qui étoit donblement flatteur
984 2943 3296 3103 pour mo dans cette circonſtance. La
955 3098 3299 3256 couverſation ſe lia comme la veille, &
981 3241 3303 3412 fut auſſi intéreſſante. On me fit détailler
967 3406 3301 3569 tout au long l'hiſtoire qui m'avoit fait
976 3560 3292 3725 paſſer pour fou. Je la racontai avec tous
971 3717 3287 3886 les détails ſuſceptibles d'être racontés
971 3868 3291 4044 devant des Dames, & je mis dans mon
967 4027 3294 4192 récit une ſuite & une liaiſon qui annon-
969 4186 3292 4357 çoient du bon ſens. Les Dumes paru-
965 4353 3327 4513 rent enchantées de ma narration. Arté-
964 4491 3301 4669 miſe étoit comme ſuſpendue au fil de
940 4660 3292 4828 ma voix. Mais en effet, dit ſa mere,
929 4804 3287 4992 j'ai entendu parler de quelque choſe
2598 4993 2874 5151 LR
