4266 6032
938 267 3255 479 point trop fortement. em, il ſeroit,
947 437 3315 598 dit-il, peut-être encore opportun de
929 591 3263 909 nai pou counmtaire aame,i
953 898 3258 1065 n'y a rien qu'on ne faſſe. Carçons,
955 1033 3261 1224 déliez ce malade, & qu'il n'ait plus
957 1215 3254 1376 que les mains attachées. -- Non,
960 1362 3260 1532 Monſieur, reprit la Dame, j'exige
957 1521 3267 1685 abſolument qu'il ſoit parfaitement
960 1668 3267 1810 libre.n. Le Docteur m'examina en-
929 1834 3275 1998 core de plus près, & dit: Qu'il ſoit
936 1985 3328 2148 donc fait ainſi que l'ordonne Madame,
965 2143 3301 2304 nquelque danger qu'il y ait à cela. On
969 2295 3272 2486 en ſera quitte pour le veiller de plus
971 2455 1697 2607 prèsn.
984 2599 3275 2775 Dès que je fus libre, je baiſai reſpec-
971 2757 3275 2929 tueuſement la main de ma chere bien-
976 2905 3299 3085 ſaitrice, & j'oſai en faire autant à celle
940 3064 3284 3242 de la jeune Artémiſe, dont le viſage ſe
929 3220 3287 3395 couvrit d'une rougeur charmante. uSur-
936 3376 3296 3554 tout, ajouta la Dame, qu'on le traite
936 3531 3330 3710 avec douceur, & qu'on ne le laiſſé
941 3702 3294 3863 manquer de rient -- Maman, inſi-
947 3849 3306 4021 nua la timide Artémiſe, laiſſéra-t-on
957 4003 3301 4183 toujours Monſieur expoſé à recevoit
945 4152 3306 4334 la cruelle douche? -- Nou, ſans
940 4307 3306 4490 ndoute, reprit ſa mere. M. le Docteur,
938 4462 3308 4644 j'exige abſolument que vous le diſ-
929 4607 3334 4800 npenſéz de cette inigne 'ablution
940 4745 3322 4974 MDoeury éfſentit Mon caaraé
