4266 6032
931 721 3317 961 SECONDE SUITE
2023 1098 2588 1261 DE
931 1314 3307 1575 L'AVENTURIER FRANÇOIS.
1213 1794 3040 2037 LIVRE SIXIEME.
940 2135 3298 2380 LA Princeſſe me reçut avec raviſſe-
940 2376 3315 2544 ment. Adélaide parut avoir les mêmes
941 2531 3334 2700 ſentimens; mais les pleurs s'y joi-
940 2689 3328 2857 gnoient; & un fond de mélancolie
938 2845 3342 3015 perçoit dans ſes yeux, à travers les
940 3003 3353 3163 rayons de la joie. Je fus reçu à bras ou-
952 3161 3310 3323 verts par tout le monde; mais chacun
940 3312 3304 3478 me félicitoit ſur ma guériſon parfaite.
936 3469 3365 3639 Il paſſoit doncpour conſtant que j'avois
943 3621 3311 3789 été fou. J'avois beau le nier. Rien de
905 3781 3318 3951 plus naturel, diſoit-on, que cette né-
936 3939 3358 4108 ngation formelle; mais rien de moins
952 4095 3323 4261 croyable. Je ne pouvois digérer
955 4254 3342 4415 une opinion ſi peu flatteuſe pour moi,
964 4403 3315 4577 & ſi bien répandue dans le public.
898 4548 3349 4728 Le plaiſir d'être libre, & de vivre
964 4720 3354 4883 chez la Princeſſe avec mon Adélaide,
964 4873 3354 5055 me conſoloit de cette petite diſgrace;
