4266 6032
965 336 3310 517 criai-je, qui puiſſe remplacer, à mes
971 499 3299 666 yeux, mon Adélaide? Eſt- il une
972 661 3306 832 femme dans le monde que je puiſſelui
972 807 3308 991 comparer? -- Ahl mon ami, repartit
972 969 3304 1144 le jeune homme, vous vous exagé-
974 1124 3306 1297 rez ſon mérite. La Princeſſe Cémelli,
974 1280 3308 1454 notre conſtante bienfaitrice, quoique
967 1436 3311 1605 l'amour ne vous parle pas en ſa fa-
972 1591 3308 1761 veur, n'eſt-elle pas digne d'être com-
974 1750 3306 1918 parée à votre Adélaide? Que lui
938 1898 3306 2070 manque-t-il? Beauté, fortune, naiſ-
972 2055 3306 2228 ſance, les dons réunis de l'eſprit & du
972 2215 3304 2377 cœur... Un amour pour vous... -- Un
971 2364 3306 2534 amourl arrêtez,répliquai-je vivement,
971 2521 3303 2691 la Princeſſe eſt au - deſſus de cette
972 2671 3309 2833 foibleſſe. C'eſt une Divinité tutélaire,
969 2835 3303 3002 que je révere avec tendreſſe, comme
967 2991 3308 3155 un être céleſte. Penſer à l'amour vis-
967 3141 3297 3313 àvis d'elle, ce ſeroit, à mes yeux,
926 3299 3311 3466 une eſpece de profanation. Je ſuis
962 3446 3308 3618 fier des ſentimens d'intérêt & de bonté
959 3604 3306 3775 dont -elle m'honore; mais je croirois
917 3757 3304 3934 l'outrager, ſi j'oſois penſer que l'a-
953 3920 3294 4089 mour pût lui parler en ma faveur.
953 4070 3306 4241 Rappelez-vous toute ſa conduite avec
953 4232 3311 4400 nnous; & reſpectez notre auguſte bien-
931 4377 3349 4556 faitrice. -- Ah mon cher ami, reprit
943 4525 3303 4710 Chéri, depuis ſa derniere maladie,
914 4693 3308 4867 depuis les tendres ſoins que vous lui
933 4852 3304 5043 avez ſi juſtement prodigués, elle eſt
