4266 6032
886 280 3234 467 couroucé en apparence, mais cepen-
897 446 3230 635 dant avec je ne ſais quoi de tendre
900 604 3234 794 encore & de touchant dans ſes re-
912 783 1465 948 gards.
916 888 3270 1236 aſet jaatemepmuanemoiur ue oues
902 1227 3256 1409 du canal, en réfléchiſſant à ce que ve-
933 1386 3261 1562 noit de me dire Chéri. uQuoilme di-
914 1538 3270 1714 ſois-je, la Princeſſe pourroit - elle
924 1680 3272 1866 ſonger à m'épouſer? Elle y a
893 1852 3287 2025 penſé autrefois; mais c'étoit avant
934 2008 3289 2179 de connoître Adélaide. Depuis ce
888 2166 3291 2333 temps, elle nous a toujourstémoigné, à
941 2321 3289 2487 tous deux, l'amitié la plus pure, la plus
950 2470 3351 2641 noble, & la plus déſintéreſſée. Elle a
941 2630 3299 2792 faît ce qu'elle a pu pour m'unir à mon
953 2786 3296 2959 Amante; elle n'eſt point capable de
947 2940 3298 3107 vouloir m'enlever à ſa protégée. Il
953 3094 3310 3260 eſt vrai que, depuis ſa maladie, elle
948 3253 3310 3420 paroît me regarder plus particuliere-
945 3410 3315 3574 ment & plus tendrement que ci-de-
953 3567 3313 3727 vant; il eſt vrai qu'elle tombe dans
934 3724 3319 3886 une langueur alarmante, & que je
950 3875 3366 4044 ſurprends ſouvent ſon œil fixé ſur
898 4035 3366 4194 moi avec un touchant intérêt; mais
957 4188 3351 4359 les hommes ſont toujours portés à ſe
878 4348 3339 4510 flatter, à interpréter en leur faveur
878 4503 3334 4666 les choles les plus indifférentes. ...
950 4650 3385 4826 hl j'ai de grandes obligations à
936 4821 3368 5011 cette Princeſſe; mais me condamne-
