4266 6032
976 303 3328 479 roit - elle à la payer aux dépens
967 455 3359 643 d'Adélaide, aux dépens de tous mes
962 616 3334 782 vœux? Mon Amante conſentiroit-ellé
962 771 3318 950 à être ſa victime?n Je reſtai long-
964 922 3316 1100 temps abſorbé dans mes réflexions,
964 1091 3315 1258 flottant dans une mer d'incertitudes;
960 1247 3316 1409 mais toujours décidé à ne pas ſacriſier
952 1404 2498 1566 mon unique Amante.
926 1555 3318 1736 Chéri lui reſſembloit plus que ja-
926 1716 3318 1879 mais, à cette Amante adorée. J'avois
938 1870 3356 2040 eu le bonheur de la voir pluſieurs fois
938 2027 3316 2211 depuis quelque temps. Il eſt vrai qu'elle
943 2176 3313 2346 avoit foin de ſe cacher le viſage le plus
945 2338 3314 2506 qu'elle pouvoit; mais j'en avois aſſez
947 2496 3316 2666 vu pour reconnoître qu'elle étoit le vrai
938 2653 3315 2983 mommnie éuoitatrſenitve de leémpeeu
947 2966 3315 3139 il portoit, comme moi, de petites
905 3117 3310 3288 mouſtaches qui le déguiſoient un peu.
926 3280 3325 3447 J'ai tout lieu de croire qu'elles étoient
931 3433 3318 3616 poſtiches; car il ne paroiſſoit pas en-
936 3580 3316 3764 core avoir l'ombre d'un poil follet. Mais
904 3745 3316 3909 il avoit le teint brillant. On diſoit, tant
924 3904 3320 4234 uaueue de oneataerze eon
922 4202 3324 4398 gularité de ſa conduite: C'eſt une
922 4367 3325 4545 vierge. On n'en étoit pas moins
933 4512 3328 4720 perſuadé de ſa yaleur. Pluſieurs Offi-
924 4678 3347 4865 ciers même avoient cherché à letâter
924 4831 3341 5029 l'épée à la main; & il s'étoit toujours
