4266 6032
936 324 3377 495 ſibien montré, qu'il leur en avoit
941 474 3361 659 fait paſſer l'envie: mais j'appris une
950 632 3304 821 choſe ſinguliere ſur le compte de ce
898 787 3304 958 jeune homme ſi ſage. Le bruit ſe répan-
952 946 3315 1114 dit qu'il avoit fait un enfant à une fille;
922 1105 3303 1301 car c'eſt ainſi qu'on s'exprimoit groſ-
895 1262 3303 1459 ſierement, & qu'il alloit être forcé de
967 1416 1485 1581 l'épouſer.
960 1555 3311 1737 Je fus juſtement ſurpris de cette nou-
965 1729 3304 1889 velle qu'on me débita de tous les côtés.
943 1886 3308 2053 Je reſtai quelques jours dans le ſilence,
967 2037 3344 2207 vis-à-vis de Chéri, qui paroiſſoit in-
964 2191 3344 2357 quiet, afin de voir s'il m'en parleroit le
967 2341 3318 2512 premier. Il s'en garda bien. Je fus
967 2505 3315 2670 donc obligé de commencer, & de le
959 2659 3316 2979 untmonie ſéiier aou amuui
971 2973 3318 3141 de ſurprenant là-dedans? Si je répare
971 3132 3316 3296 ma faute, qu'aura-t-on à me repro-
955 3285 3323 3446 cher? -- Mon bon ami, lui répon-
969 3441 3328 3609 dis-je, vous parlez en homme d'hon-
943 3598 3382 3761 neur; mais, au nom de l'amitié qui
955 3754 3328 3918 nous unit, pourrois-je me flatter de
977 3899 3330 4070 voir cette Beauté? -- Cela eſt impoſ-
976 4061 3347 4230 ſible, me répondit- iln. Et il me
972 4221 3335 4389 quitta aſſez bruſquement. Je me ſentis
947 4371 3342 4546 enioffenſé de cette conduite. e ſuis
957 4532 3346 4718 bien bon, me dis-je un peu dépité,
964 4687 3340 4857 delconſerver de l'amite pour ce
953 4849 3341 5034 jeune écolier; cela n'eſt pas capable
