<?xml version="1.0" encoding="UTF-8" standalone="no"?><PcGts xmlns="http://schema.primaresearch.org/PAGE/gts/pagecontent/2017-07-15" xmlns:xsi="http://www.w3.org/2001/XMLSchema-instance" xsi:schemaLocation="http://schema.primaresearch.org/PAGE/gts/pagecontent/2017-07-15 http://schema.primaresearch.org/PAGE/gts/pagecontent/2017-07-15/pagecontent.xsd"><Metadata><Creator/><Created>2020-10-14T10:22:46</Created><LastChange>1970-01-01T00:00:00</LastChange><Comments/></Metadata><Page imageFilename="0194.png" imageHeight="6032" imageWidth="4266"><TextRegion id="r1" orientation="0.0" type="paragraph"><Coords points="1,1 4264,1 4264,6030 1,6030"/><TextLine id="l1"><Coords points="2758,384 2757,384 2757,351 2757,350 2625,350 2623,349 2623,327 2623,326 2354,326 2353,327 2353,331 2351,333 2346,333 2345,333 2345,325 2345,324 2174,324 2173,325 2173,348 2173,348 2172,348 2171,349 2171,350 2171,350 2164,350 2162,352 2160,352 2159,353 2154,353 2152,355 2133,355 2130,352 2125,352 2123,351 2123,349 2123,348 2122,348 2121,348 2121,347 2121,346 2119,346 2114,341 2112,341 2111,340 2020,340 2018,339 2018,335 2018,334 2003,334 2002,334 2002,329 2002,328 1825,328 1824,329 1824,334 1824,334 1822,334 1820,336 1820,339 1820,339 1819,339 1818,339 1818,334 1817,333 1817,332 1817,331 1815,331 1812,329 1812,325 1812,324 1514,324 1512,326 1494,326 1493,327 1493,328 1493,328 1388,328 1387,329 1387,336 1387,336 1379,336 1378,337 1378,366 1378,366 1366,366 1365,366 1365,329 1365,328 1208,328 1206,326 1037,326 1036,327 1036,329 1036,329 1028,329 1027,330 1027,334 1027,334 1025,334 1024,335 1024,339 1023,340 1004,340 1003,341 997,341 996,341 996,337 996,336 994,336 993,336 993,327 993,326 984,326 983,326 983,322 984,321 984,319 986,317 986,311 987,310 993,310 993,310 993,286 995,284 997,284 998,283 1003,283 1003,283 1003,260 1004,259 1008,259 1009,260 1011,260 1012,261 1171,261 1172,260 1175,260 1178,257 1184,257 1184,257 1184,256 1185,255 1198,255 1198,255 1198,220 1199,219 1235,219 1235,219 1235,218 1237,216 1237,215 1238,214 1256,214 1256,215 1256,217 1258,219 1258,221 1260,223 1260,228 1261,229 1261,245 1262,245 1388,245 1390,247 1542,247 1542,247 1542,215 1543,214 1547,214 1547,214 1547,213 1548,212 1550,212 1552,210 1553,211 1567,211 1567,212 1567,248 1568,248 1765,248 1766,247 1956,247 1956,247 1956,246 1957,245 2069,245 2071,243 2071,241 2072,240 2073,240 2073,240 2073,239 2074,238 2075,238 2075,238 2075,236 2078,233 2078,232 2079,231 2080,231 2083,228 2083,224 2085,222 2085,220 2086,219 2095,219 2097,217 2101,217 2102,216 2102,215 2103,214 2109,214 2109,214 2109,213 2110,212 2136,212 2138,214 2317,214 2317,214 2317,210 2318,209 2499,209 2501,211 2503,211 2504,212 2702,212 2702,212 2702,210 2703,209 2716,209 2716,210 2716,212 2720,216 2720,247 2721,247 2751,247 2752,248 2753,248 2755,250 2756,250 2756,251 2756,252 2757,252 2929,252 2932,255 3122,255 3124,253 3124,246 3125,245 3125,242 3127,240 3127,236 3131,232 3131,230 3132,229 3134,229 3134,229 3134,227 3135,226 3139,226 3141,224 3144,224 3147,221 3149,221 3151,219 3161,219 3165,223 3167,223 3167,224 3167,266 3168,266 3284,266 3285,267 3290,267 3291,269 3291,278 3292,278 3299,278 3299,279 3299,309 3300,309 3327,309 3327,310 3327,312 3330,314 3334,314 3335,316 3335,320 3337,322 3337,326 3338,326 3339,326 3339,327 3339,336 3341,338 3340,339 3340,358 3339,359 3339,360 3339,360 3335,360 3332,363 3332,365 3328,369 3328,370 3328,370 3310,370 3309,370 3309,351 3309,350 3287,350 3286,350 3286,346 3286,345 3282,345 3279,343 3279,342 3279,341 3185,341 3184,341 3184,339 3184,338 3137,338 3136,338 3136,336 3135,334 3011,334 3010,333 3007,333 3003,329 2992,329 2991,329 2991,328 2990,326 2805,326 2804,327 2804,341 2804,341 2802,341 2800,343 2800,345 2797,348 2797,351 2796,352 2791,352 2790,353 2790,357 2790,357 2783,357 2782,358 2778,358 2776,360 2776,367 2773,370 2773,374 2773,374 2772,374 2771,375 2771,377 2770,378 2770,382 2768,384"/><TextEquiv><Unicode/></TextEquiv><TextEquiv index="1"><Unicode>d'attachement. Qu'il ait fait un enfant,</Unicode></TextEquiv></TextLine><TextLine id="l2"><Coords points="3343,529 3342,529 3342,478 3342,477 3338,477 3337,478 3337,499 3335,501 3335,505 3334,506 3333,506 3332,507 3332,508 3332,508 3324,508 3323,509 3323,510 3323,510 3322,510 3321,511 3321,515 3321,515 3316,515 3315,515 3315,500 3315,499 3283,499 3280,496 3235,496 3230,491 3118,491 3116,493 3094,493 3093,493 3093,492 3093,491 3091,491 3089,489 3020,489 3018,487 2956,487 2955,486 2810,486 2809,487 2809,496 2809,496 2807,496 2806,497 2806,521 2805,522 2798,522 2796,524 2761,524 2760,525 2760,529 2760,529 2742,529 2741,529 2741,487 2741,486 2655,486 2654,487 2654,489 2653,490 2653,492 2652,493 2650,493 2649,494 2649,496 2640,505 2631,505 2630,506 2624,506 2622,505 2622,488 2622,487 2466,487 2465,486 2408,486 2407,486 2407,485 2407,484 2399,484 2398,484 2398,483 2398,482 2327,482 2326,481 2324,481 2322,479 2205,479 2204,480 2204,491 2204,491 2198,491 2197,491 2197,490 2197,489 2196,489 2195,489 2195,483 2195,482 2186,482 2185,481 2097,481 2095,480 2095,478 2095,477 1926,477 1925,478 1925,479 1925,479 1924,479 1923,480 1923,481 1923,481 1905,481 1903,479 1901,479 1899,477 1729,477 1727,479 1723,479 1721,481 1708,481 1707,482 1707,518 1707,518 1632,518 1631,519 1631,521 1631,521 1592,521 1591,521 1591,482 1591,481 1567,481 1566,481 1566,480 1566,479 1553,479 1552,479 1552,478 1552,477 1543,477 1542,477 1542,476 1542,475 1431,475 1430,476 1430,477 1430,477 1412,477 1411,478 1411,487 1410,488 1409,487 1405,487 1404,487 1404,482 1404,481 1377,481 1375,479 1283,479 1282,480 1282,494 1282,494 1233,494 1232,495 1232,522 1232,522 1209,522 1207,524 1194,524 1191,522 1191,521 1191,520 1190,520 1189,520 1189,483 1189,482 1173,482 1172,482 1172,480 1172,479 1171,479 1170,479 1170,478 1170,477 1168,477 1165,475 1165,473 1165,472 1163,472 1162,472 1162,468 1162,467 1052,467 1051,468 1051,469 1051,469 1047,469 1046,470 1046,472 1044,474 1040,474 1038,476 1038,478 1037,479 1035,479 1033,481 1033,482 1033,482 1032,482 1031,483 1031,484 1031,484 1029,484 1027,483 1027,482 1027,481 1000,481 998,480 998,468 1001,465 1003,465 1003,465 1003,418 1004,417 1005,417 1005,417 1005,415 1007,413 1008,413 1010,415 1012,415 1012,416 1012,417 1013,417 1043,417 1043,418 1043,419 1044,419 1045,419 1045,420 1045,422 1048,425 1048,427 1049,427 1051,427 1052,428 1162,428 1162,428 1162,426 1163,425 1165,425 1165,425 1165,423 1166,422 1167,422 1167,422 1167,421 1168,420 1170,420 1170,420 1172,418 1172,416 1173,415 1179,415 1179,415 1179,414 1180,413 1182,413 1183,412 1218,412 1218,412 1218,411 1219,410 1275,410 1275,410 1275,409 1276,408 1318,408 1318,408 1318,373 1319,372 1321,372 1324,369 1361,369 1361,369 1361,368 1362,367 1364,367 1365,366 1404,366 1405,365 1417,365 1420,369 1420,381 1421,382 1421,391 1422,391 1423,391 1423,392 1423,422 1424,422 1533,422 1536,419 1536,417 1543,410 1552,410 1552,410 1552,409 1553,408 1554,408 1554,408 1554,385 1555,384 1555,381 1557,379 1557,375 1558,374 1559,374 1559,374 1559,372 1562,369 1574,369 1574,370 1574,395 1575,395 1598,395 1598,396 1598,398 1599,398 1665,398 1666,400 1666,407 1667,407 1705,407 1705,407 1705,406 1706,405 1846,405 1846,405 1846,387 1847,386 1848,386 1848,386 1848,384 1851,381 1851,379 1855,375 1855,373 1858,370 1865,370 1868,367 1872,367 1872,367 1872,366 1873,365 1879,365 1880,364 1896,364 1898,367 1898,407 1899,407 2010,407 2012,405 2013,405 2013,405 2013,385 2015,383 2015,382 2016,381 2016,377 2018,375 2018,373 2019,372 2023,372 2025,370 2025,368 2026,367 2028,367 2030,365 2032,365 2032,365 2032,363 2033,362 2059,362 2063,367 2063,403 2064,403 2081,403 2083,405 2180,405 2180,405 2180,370 2181,369 2181,367 2183,365 2241,365 2243,367 2248,367 2250,369 2348,369 2350,372 2350,377 2351,377 2462,377 2462,377 2462,373 2468,367 2470,367 2473,364 2493,364 2494,365 2535,365 2536,367 2536,369 2539,372 2539,374 2540,374 2541,374 2541,375 2541,396 2542,396 2657,396 2658,398 2658,413 2659,413 2783,413 2784,412 2857,412 2857,412 2857,411 2858,410 2866,410 2866,410 2866,399 2867,398 2869,398 2869,398 2869,394 2870,393 2895,393 2895,393 2895,377 2897,375 2897,371 2898,370 2904,370 2905,369 2916,369 2917,370 3018,370 3019,372 3019,374 3020,374 3058,374 3058,375 3058,378 3060,380 3060,420 3061,420 3187,420 3188,419 3189,419 3189,419 3189,408 3191,406 3191,401 3193,399 3193,396 3194,395 3194,391 3203,382 3228,382 3230,385 3230,386 3231,386 3301,386 3301,387 3301,391 3303,393 3303,427 3304,427 3328,427 3328,428 3328,435 3331,437 3338,437 3339,439 3339,475 3340,475 3361,475 3361,476 3361,477 3361,477 3347,477 3346,478 3346,528 3345,529"/><TextEquiv><Unicode/></TextEquiv><TextEquiv index="1"><Unicode>qu'il épouſe ſa Déeſſe, qu'elle ſoit</Unicode></TextEquiv></TextLine><TextLine id="l3"><Coords points="2721,684 2720,684 2720,638 2720,637 2588,637 2587,638 2587,644 2587,644 2580,644 2579,645 2579,657 2578,658 2537,658 2534,661 2523,661 2522,661 2522,645 2522,644 2483,644 2482,645 2482,646 2482,646 2477,646 2475,644 2378,644 2377,645 2377,673 2373,677 2371,677 2370,678 2337,678 2336,678 2336,659 2336,658 2241,658 2240,659 2240,680 2240,680 2232,680 2231,680 2231,662 2231,661 2224,661 2222,659 2220,659 2219,659 2219,638 2219,637 2057,637 2055,635 1878,635 1877,636 1877,637 1877,637 1859,637 1858,638 1858,642 1858,642 1709,642 1708,643 1708,644 1707,645 1707,649 1707,649 1706,649 1705,650 1705,651 1705,651 1701,651 1700,651 1700,647 1700,646 1664,646 1662,645 1662,638 1662,637 1593,637 1592,638 1592,677 1591,678 1591,679 1591,679 1586,679 1585,679 1585,638 1585,637 1548,637 1547,638 1547,644 1547,644 1545,644 1543,642 1541,642 1540,642 1540,638 1540,637 1508,637 1507,638 1507,654 1505,656 1402,656 1401,657 1401,674 1398,677 1363,677 1361,676 1361,642 1361,641 1238,641 1237,642 1237,647 1237,647 1233,647 1232,647 1232,638 1232,637 1178,637 1177,637 1177,636 1177,635 1173,635 1170,632 1166,632 1165,632 1165,631 1165,630 1164,630 1163,630 1163,629 1162,627 1159,627 1158,627 1158,626 1158,625 1047,625 1046,626 1046,628 1046,628 1043,628 1039,632 1037,632 1035,634 1034,634 1033,635 1033,636 1030,639 1024,639 1022,638 1022,636 1022,635 999,635 998,635 998,625 1000,623 1000,621 1002,619 1002,571 1005,568 1006,568 1007,570 1007,572 1008,572 1041,572 1043,575 1043,577 1044,577 1046,577 1046,578 1046,582 1047,582 1158,582 1158,582 1158,581 1159,580 1162,580 1162,580 1162,578 1165,575 1165,550 1166,549 1170,549 1170,550 1170,568 1171,568 1189,568 1191,566 1267,566 1269,568 1387,568 1389,566 1392,566 1393,565 1447,565 1447,565 1447,563 1449,561 1487,561 1487,561 1487,531 1488,530 1488,527 1490,525 1493,525 1495,523 1592,523 1592,523 1592,522 1593,521 1631,521 1632,522 1650,522 1652,525 1652,532 1653,533 1653,563 1654,563 1715,563 1717,565 1877,565 1877,565 1877,564 1878,563 1963,563 1963,563 1963,562 1964,561 2047,561 2047,561 2047,525 2049,523 2051,523 2052,522 2066,522 2068,525 2068,546 2070,548 2070,561 2071,561 2174,561 2176,563 2178,563 2178,564 2178,565 2179,565 2181,565 2185,570 2185,575 2187,577 2187,608 2188,608 2300,608 2300,608 2300,599 2302,597 2302,593 2303,592 2303,587 2305,585 2305,582 2307,580 2309,580 2309,580 2309,578 2312,575 2314,575 2314,575 2314,573 2315,572 2317,572 2317,572 2317,571 2318,570 2324,570 2324,570 2324,569 2325,568 2365,568 2367,566 2422,566 2423,565 2446,565 2447,566 2659,566 2660,565 2697,565 2697,565 2697,535 2698,534 2699,534 2699,534 2699,532 2702,529 2704,529 2704,529 2704,528 2705,527 2706,527 2706,527 2706,526 2707,525 2714,525 2716,527 2718,527 2718,528 2718,529 2719,529 2761,529 2761,530 2761,568 2762,568 2916,568 2916,568 2916,550 2917,549 2924,549 2924,550 2924,566 2925,566 2947,566 2949,568 2950,568 2950,569 2950,570 2951,570 2952,570 2952,571 2952,572 2953,572 3111,572 3113,570 3125,570 3126,572 3126,577 3127,577 3177,577 3179,579 3184,579 3186,582 3186,584 3187,584 3302,584 3303,583 3303,545 3304,544 3306,544 3309,541 3320,541 3325,546 3328,546 3328,547 3328,550 3330,552 3330,554 3334,558 3334,585 3332,587 3332,589 3332,589 3331,589 3330,590 3330,592 3330,592 3325,592 3323,594 3321,594 3320,595 3320,659 3320,659 3316,659 3315,660 3315,661 3315,661 3312,661 3311,662 3311,664 3310,665 3310,666 3310,666 3304,666 3303,667 3303,668 3303,668 3300,668 3299,668 3299,667 3299,666 3293,666 3292,667 3292,675 3292,675 3290,675 3289,675 3289,667 3289,666 3190,666 3187,664 3187,652 3187,651 3161,651 3160,651 3160,650 3160,649 3130,649 3128,647 3118,647 3117,646 3115,646 3113,644 2944,644 2943,645 2943,646 2943,646 2936,646 2935,647 2935,679 2934,680 2932,680 2931,681 2931,682 2930,683 2899,683 2898,682 2896,682 2895,682 2895,681 2895,680 2894,680 2893,680 2893,652 2893,651 2867,651 2866,651 2866,649 2866,648 2776,648 2775,649 2775,659 2775,659 2774,659 2773,660 2771,659 2771,649 2771,648 2760,648 2759,649 2759,683 2758,684"/><TextEquiv><Unicode/></TextEquiv><TextEquiv index="1"><Unicode>ce qu'elle voudra, que m'importen?</Unicode></TextEquiv></TextLine><TextLine id="l4"><Coords points="3307,847 3306,847 3306,839 3306,838 1324,838 1323,837 1322,837 1320,836 1320,798 1320,797 1204,797 1202,795 1192,795 1191,794 1189,794 1187,792 1183,792 1182,792 1182,791 1182,790 1180,790 1178,788 1176,788 1175,787 1104,787 1103,788 1103,840 1103,840 1097,840 1096,840 1096,788 1096,787 970,787 969,787 969,783 971,781 1115,781 1115,781 1115,709 1117,707 1158,707 1158,707 1158,705 1159,704 1160,704 1160,704 1160,703 1161,702 1163,702 1166,699 1167,699 1167,699 1167,697 1168,696 1168,695 1169,694 1173,694 1174,693 1174,691 1176,689 1178,689 1180,687 1182,687 1182,687 1182,686 1183,685 1187,685 1189,683 1196,683 1197,682 1199,682 1201,680 1585,680 1586,679 2187,679 2188,678 2188,671 2189,670 2197,670 2197,671 2197,675 2203,680 2247,680 2247,681 2247,682 2248,682 2384,682 2385,683 2389,683 2390,684 2744,684 2744,685 2744,687 2745,687 2981,687 2981,688 2981,690 2983,692 2983,725 2984,725 3137,725 3138,726 3140,726 3142,728 3144,728 3146,730 3199,730 3201,732 3203,732 3204,733 3240,733 3242,735 3273,735 3275,737 3315,737 3316,739 3316,740 3317,740 3318,740 3318,741 3318,742 3319,742 3320,742 3320,743 3320,744 3321,744 3322,744 3323,746 3323,747 3324,747 3325,747 3325,748 3325,752 3327,754 3327,840 3328,840 3371,840 3371,841 3371,842 3371,842 3314,842 3313,843 3313,847 3313,847"/><TextEquiv><Unicode/></TextEquiv><TextEquiv index="1"><Unicode>Cependant je m'informois de tous</Unicode></TextEquiv></TextLine><TextLine id="l5"><Coords points="3305,1005 3304,1005 3304,1001 3303,1000 3303,968 3303,967 3247,967 3246,967 3246,965 3246,964 3235,964 3234,964 3234,963 3234,962 3232,962 3230,960 3197,960 3196,960 3196,958 3196,957 3192,957 3191,957 3191,956 3191,955 3120,955 3118,957 3116,957 3115,958 3115,959 3115,959 3114,959 3113,960 3113,962 3113,962 3111,962 3110,963 3110,964 3110,964 3109,964 3108,965 3061,965 3060,966 3060,999 3060,999 3041,999 3040,999 3040,958 3040,957 3018,957 3017,957 3017,956 3017,955 3015,955 3013,953 3010,953 3009,952 3008,952 3007,952 3007,950 3006,948 2933,948 2931,950 2931,952 2931,952 2930,952 2929,953 2929,957 2929,957 2927,957 2926,957 2926,956 2926,955 2827,955 2826,956 2826,960 2825,961 2825,963 2821,967 2821,971 2821,971 2812,971 2811,971 2811,970 2811,969 2810,969 2809,969 2809,960 2809,959 2717,959 2716,960 2716,991 2715,992 2705,992 2704,992 2704,991 2702,989 2702,958 2701,957 2701,956 2701,955 2626,955 2625,956 2625,969 2625,969 2624,969 2623,970 2623,974 2623,974 2612,974 2611,975 2611,993 2611,993 2595,993 2594,993 2594,975 2594,974 2561,974 2560,974 2560,955 2560,954 2511,954 2510,955 2492,955 2491,956 2491,960 2491,960 2452,960 2451,961 2451,964 2451,964 2420,964 2419,965 2419,967 2419,967 2416,967 2414,965 2413,965 2412,965 2412,941 2412,940 2385,940 2384,941 2384,947 2383,948 2383,949 2380,952 2377,952 2376,953 2376,955 2376,955 2342,955 2341,956 2341,964 2341,964 2327,964 2326,965 2326,969 2326,969 2324,969 2322,971 2321,971 2321,969 2320,967 2317,967 2314,965 2314,955 2314,954 2237,954 2236,955 2234,955 2233,956 2233,964 2233,964 2231,964 2229,963 2229,954 2229,953 2159,953 2157,955 2157,957 2156,958 2156,963 2155,964 2107,964 2106,964 2106,955 2106,954 2043,954 2042,955 2042,991 2042,991 2026,991 2025,992 2025,993 2025,993 2004,993 2001,991 2001,948 2001,947 1923,947 1922,948 1922,965 1921,966 1838,966 1837,967 1835,967 1834,967 1834,960 1834,959 1774,959 1772,958 1772,956 1772,955 1768,955 1766,953 1764,953 1763,952 1760,952 1758,950 1756,950 1753,948 1753,946 1753,945 1751,945 1750,945 1750,943 1750,942 1680,942 1679,943 1679,945 1679,945 1675,945 1674,946 1674,948 1672,950 1668,950 1667,951 1667,952 1667,952 1663,952 1661,954 1653,954 1652,955 1635,955 1634,956 1634,957 1634,957 1629,957 1628,957 1628,955 1628,954 1625,954 1624,953 1623,953 1622,952 1601,952 1600,952 1600,951 1600,950 1524,950 1522,952 1498,952 1497,953 1497,957 1497,957 1493,957 1492,957 1492,956 1492,955 1474,955 1473,955 1473,950 1472,948 1399,948 1397,950 1376,950 1375,951 1375,953 1373,955 1371,955 1370,956 1370,958 1369,959 1367,959 1366,960 1360,960 1359,960 1359,951 1359,950 1285,950 1283,952 1280,952 1277,955 1269,955 1268,954 1173,954 1172,955 1130,955 1129,956 1129,960 1129,960 1123,960 1120,958 1120,953 1120,952 1042,952 1040,954 1039,953 991,953 990,954 990,995 990,995 985,995 984,995 984,936 983,935 983,931 981,929 981,924 983,922 984,922 985,921 986,921 986,921 986,920 987,919 991,919 991,919 991,915 992,914 993,914 993,914 993,910 995,908 995,905 998,902 998,900 1000,898 1002,898 1002,898 1002,894 1003,893 1005,893 1007,891 1007,889 1008,888 1010,888 1015,883 1019,883 1019,883 1019,882 1020,881 1081,881 1081,881 1081,870 1082,869 1082,862 1085,859 1086,859 1086,859 1086,857 1089,854 1089,852 1091,850 1091,846 1092,845 1093,845 1093,845 1093,841 1094,840 1106,840 1107,842 1107,849 1115,857 1115,859 1116,859 1117,859 1117,860 1117,861 1118,861 1119,861 1119,862 1119,864 1120,865 1120,871 1121,871 1213,871 1213,871 1213,862 1215,860 1215,851 1216,850 1217,850 1217,850 1217,844 1218,843 1218,841 1219,840 1232,840 1232,841 1232,843 1234,845 1234,879 1235,879 1278,879 1280,881 1285,881 1287,883 1292,883 1294,886 1294,888 1296,889 1349,889 1349,889 1349,839 1350,838 1411,838 1412,837 1423,837 1423,838 1423,840 1424,840 1425,840 1425,841 1425,876 1426,876 1521,876 1521,876 1521,875 1522,874 1581,874 1581,874 1581,843 1586,838 1605,838 1605,839 1605,862 1606,862 1624,862 1624,863 1624,874 1625,874 1651,874 1653,876 1655,876 1655,877 1655,878 1656,878 1665,878 1670,883 1672,883 1674,886 1674,888 1675,888 1677,888 1677,889 1677,890 1678,890 1748,890 1748,890 1748,889 1749,888 1751,888 1751,888 1751,886 1752,885 1753,885 1753,885 1753,884 1754,883 1762,883 1762,883 1762,882 1763,881 1765,881 1767,879 1770,879 1771,878 1837,878 1839,876 1927,876 1927,876 1927,875 1928,874 1933,874 1935,876 1937,876 1939,878 2038,878 2040,876 2045,876 2047,874 2094,874 2094,874 2094,872 2097,869 2109,869 2109,870 2109,871 2110,871 2111,871 2111,872 2111,873 2112,873 2113,873 2113,874 2113,876 2114,876 2173,876 2173,877 2173,878 2174,878 2176,878 2177,879 2179,879 2181,881 2183,881 2183,882 2183,884 2186,886 2262,886 2263,885 2265,885 2269,881 2274,881 2276,879 2278,879 2279,878 2282,878 2284,876 2288,876 2288,876 2288,843 2290,841 2290,839 2291,838 2298,838 2300,836 2304,836 2306,838 2310,838 2312,841 2312,845 2313,845 2314,845 2314,846 2314,864 2315,864 2444,864 2446,862 2448,862 2448,862 2448,860 2456,852 2458,852 2458,852 2458,850 2461,847 2463,847 2467,843 2469,843 2470,842 2477,842 2477,842 2477,841 2478,840 2479,840 2479,840 2479,839 2480,838 2484,838 2486,836 2560,836 2560,836 2560,834 2561,833 2565,833 2565,834 2565,840 2567,842 2567,866 2568,866 2651,866 2651,866 2651,863 2652,862 2653,862 2653,862 2653,855 2654,854 2654,845 2661,838 2671,838 2675,843 2675,879 2676,879 2752,879 2752,879 2752,847 2754,845 2754,841 2755,840 2756,840 2756,840 2756,839 2757,838 2778,838 2778,839 2778,890 2779,890 2847,890 2847,890 2847,889 2848,888 2850,888 2853,885 2854,885 2854,885 2854,858 2855,857 2855,854 2857,852 2857,850 2865,842 2867,842 2869,840 2871,840 2871,840 2871,839 2872,838 2873,838 2875,836 2886,836 2886,837 2886,838 2887,838 2891,838 2893,840 2895,840 2897,842 2900,842 2903,845 2905,845 2905,846 2905,850 2906,850 2907,850 2907,851 2907,866 2908,866 2967,866 2967,867 2967,886 2968,886 3024,886 3025,885 3027,885 3029,883 3036,883 3036,883 3036,846 3037,845 3038,845 3038,845 3038,844 3039,843 3054,843 3055,845 3055,847 3056,847 3057,847 3057,848 3057,873 3058,874 3058,885 3059,885 3177,885 3177,885 3177,872 3178,871 3179,871 3179,871 3179,863 3181,861 3181,860 3182,859 3182,855 3185,852 3189,852 3191,850 3193,850 3193,850 3193,848 3194,847 3196,847 3196,847 3196,846 3197,845 3198,845 3198,845 3198,844 3200,842 3217,842 3217,843 3217,845 3220,847 3222,847 3222,848 3222,850 3224,852 3224,862 3225,862 3230,862 3230,863 3230,873 3231,873 3251,873 3251,874 3251,891 3252,891 3308,891 3308,891 3308,858 3309,857 3311,857 3311,858 3311,891 3315,895 3315,898 3316,899 3316,901 3318,903 3318,907 3319,907 3320,907 3320,908 3320,948 3322,950 3322,952 3325,955 3325,957 3326,957 3327,957 3327,958 3327,967 3327,967 3326,967 3325,968 3325,969 3325,969 3312,969 3311,970 3311,1000 3310,1001 3310,1004 3309,1005"/><TextEquiv><Unicode/></TextEquiv><TextEquiv index="1"><Unicode>côtés ſur le compte de Chéri &amp; de ſon</Unicode></TextEquiv></TextLine><TextLine id="l6"><Coords points="3201,1160 3199,1158 3197,1158 3195,1156 3176,1156 3174,1155 3174,1154 3174,1153 2707,1153 2706,1152 1370,1152 1369,1151 1362,1151 1361,1151 1361,1127 1361,1126 1334,1126 1332,1125 1332,1114 1332,1113 1016,1113 1015,1112 1013,1112 1012,1112 1012,1111 1012,1110 1010,1110 1005,1105 1003,1105 998,1100 972,1100 971,1100 971,1097 972,1096 984,1096 984,1096 984,996 985,995 1171,995 1173,993 1564,993 1564,993 1564,992 1565,991 2824,991 2829,996 2831,996 2834,999 3060,999 3061,1000 3062,1000 3062,1001 3062,1003 3064,1005 3064,1034 3065,1034 3092,1034 3095,1038 3095,1041 3096,1042 3096,1043 3097,1043 3265,1043 3265,1044 3265,1048 3266,1048 3308,1048 3308,1049 3308,1050 3310,1051 3314,1051 3322,1060 3322,1062 3323,1063 3323,1067 3324,1067 3325,1067 3325,1068 3325,1081 3325,1081 3324,1081 3323,1082 3323,1122 3321,1124 3319,1124 3316,1127 3314,1127 3313,1128 3313,1129 3313,1129 3309,1129 3308,1130 3308,1134 3308,1134 3305,1134 3304,1135 3304,1160 3304,1160"/><TextEquiv><Unicode/></TextEquiv><TextEquiv index="1"><Unicode>enfant. Tout le monde m'aſſuroit que</Unicode></TextEquiv></TextLine><TextLine id="l7"><Coords points="2836,1311 2834,1309 2688,1309 2687,1308 2685,1308 2684,1307 1763,1307 1762,1307 1762,1290 1762,1289 1579,1289 1578,1289 1578,1283 1578,1282 1546,1282 1545,1282 1545,1278 1545,1277 1452,1277 1450,1276 1450,1271 1450,1270 1366,1270 1364,1268 1307,1268 1305,1266 1145,1266 1144,1265 993,1265 990,1263 990,1250 990,1249 970,1249 967,1247 967,1240 968,1239 969,1239 969,1239 969,1238 970,1237 971,1237 971,1237 971,1236 973,1234 996,1234 996,1234 996,1215 1000,1211 1002,1211 1002,1211 1002,1157 1003,1156 1041,1156 1042,1155 1156,1155 1158,1153 1160,1153 1160,1153 1160,1152 1164,1148 1170,1148 1170,1149 1170,1151 1171,1151 1369,1151 1370,1152 2335,1152 2336,1153 3089,1153 3091,1156 3091,1158 3092,1158 3093,1158 3093,1159 3093,1163 3095,1165 3095,1198 3096,1198 3189,1198 3190,1199 3194,1199 3194,1200 3194,1201 3195,1201 3253,1201 3253,1202 3253,1203 3254,1203 3304,1203 3306,1205 3308,1205 3309,1206 3313,1206 3313,1207 3313,1210 3314,1210 3315,1210 3316,1211 3317,1211 3317,1212 3318,1213 3318,1215 3319,1215 3320,1215 3320,1216 3320,1217 3321,1217 3323,1217 3323,1218 3323,1221 3325,1223 3325,1237 3323,1239 3323,1241 3322,1242 3321,1242 3320,1243 3320,1268 3320,1268 3319,1268 3318,1269 3318,1273 3318,1273 3316,1273 3313,1276 3313,1277 3313,1277 3312,1277 3310,1279 3307,1279 3306,1280 3306,1284 3306,1284 3281,1284 3280,1285 3280,1287 3280,1287 3278,1287 3277,1288 3277,1290 3277,1290 2977,1290 2976,1291 2976,1299 2976,1299 2874,1299 2873,1300 2873,1304 2874,1304 3369,1304 3370,1306 3370,1309 3370,1309 2845,1309 2843,1311"/><TextEquiv><Unicode/></TextEquiv><TextEquiv index="1"><Unicode>l'hiſtoire étoit très-vraie; mais perſonne</Unicode></TextEquiv></TextLine><TextLine id="l8"><Coords points="2986,1467 2984,1466 2984,1424 2984,1423 2865,1423 2864,1423 2864,1422 2864,1421 2862,1421 2861,1420 2722,1420 2721,1421 2721,1454 2721,1454 2719,1454 2718,1454 2718,1421 2718,1420 2697,1420 2696,1421 2688,1421 2687,1422 2687,1423 2687,1423 2461,1423 2460,1423 2460,1422 2460,1421 2396,1421 2395,1420 2241,1420 2240,1421 2238,1421 2236,1423 2179,1423 2178,1424 2178,1435 2178,1435 2177,1435 2176,1436 2176,1437 2176,1437 2172,1437 2171,1438 2165,1438 2164,1438 2164,1424 2164,1423 2150,1423 2148,1421 1995,1421 1994,1422 1994,1425 1994,1425 1990,1425 1989,1425 1989,1423 1988,1421 1983,1421 1982,1420 1913,1420 1911,1418 1780,1418 1778,1420 1711,1420 1710,1421 1575,1421 1574,1422 1574,1465 1574,1465 1553,1465 1552,1464 1465,1464 1462,1462 1462,1426 1462,1425 1344,1425 1342,1423 1336,1423 1335,1423 1335,1422 1335,1421 1218,1421 1217,1422 1217,1463 1217,1463 1205,1463 1204,1463 1204,1422 1204,1421 1121,1421 1120,1422 1120,1423 1120,1423 1113,1423 1111,1425 1106,1425 1105,1425 1105,1424 1105,1423 1094,1423 1092,1421 998,1421 997,1420 993,1420 990,1418 990,1412 993,1409 993,1331 994,1330 996,1330 1000,1335 1000,1349 1001,1349 1043,1349 1043,1350 1043,1351 1044,1351 1189,1351 1189,1351 1189,1350 1190,1349 1203,1349 1203,1349 1203,1345 1204,1344 1206,1344 1207,1346 1208,1347 1208,1349 1209,1349 1213,1349 1213,1350 1213,1351 1214,1351 1342,1351 1342,1351 1342,1350 1343,1349 1351,1349 1351,1350 1351,1351 1352,1351 1358,1351 1359,1352 1481,1352 1482,1351 1557,1351 1557,1351 1557,1350 1558,1349 1653,1349 1655,1347 1758,1347 1758,1347 1758,1313 1762,1309 1762,1308 1763,1307 1819,1307 1820,1306 1822,1306 1822,1306 1822,1305 1823,1304 1887,1304 1887,1305 1887,1306 1888,1306 1987,1306 1987,1307 1987,1308 1988,1308 1990,1308 1990,1309 1990,1316 1991,1317 1991,1342 1992,1342 2021,1342 2023,1344 2025,1344 2025,1345 2025,1347 2027,1349 2027,1352 2028,1352 2156,1352 2157,1351 2159,1351 2159,1351 2159,1350 2160,1349 2221,1349 2221,1349 2221,1348 2222,1347 2381,1347 2381,1347 2381,1319 2382,1318 2518,1318 2520,1316 2522,1316 2525,1313 2530,1313 2532,1315 2534,1315 2534,1316 2534,1320 2535,1320 2536,1320 2537,1322 2537,1324 2539,1326 2539,1328 2541,1330 2541,1332 2544,1335 2544,1344 2545,1344 2573,1344 2575,1346 2577,1346 2577,1347 2577,1349 2578,1349 2687,1349 2687,1349 2687,1310 2688,1309 2768,1309 2768,1309 2768,1307 2769,1306 2805,1306 2807,1309 2807,1337 2808,1337 2926,1337 2926,1337 2926,1336 2927,1335 2953,1335 2953,1335 2953,1311 2955,1309 2964,1309 2965,1308 2974,1308 2975,1309 2991,1309 2991,1310 2991,1311 2992,1311 3001,1311 3003,1313 3015,1313 3017,1315 3024,1315 3029,1320 3031,1320 3031,1321 3031,1325 3032,1325 3033,1325 3033,1326 3033,1328 3034,1329 3034,1352 3035,1352 3287,1352 3287,1352 3287,1338 3288,1337 3289,1337 3289,1337 3289,1323 3292,1320 3294,1320 3294,1320 3294,1319 3295,1318 3301,1318 3301,1319 3301,1320 3302,1320 3306,1320 3306,1321 3306,1366 3307,1366 3309,1366 3310,1368 3310,1370 3311,1371 3311,1373 3312,1373 3313,1373 3313,1374 3313,1378 3315,1380 3315,1417 3313,1419 3313,1423 3313,1423 3312,1423 3311,1424 3311,1425 3311,1425 3310,1426 3309,1426 3308,1427 3308,1428 3308,1428 3306,1428 3301,1433 3266,1433 3265,1434 3265,1437 3265,1437 3263,1437 3261,1436 3261,1433 3261,1432 3249,1432 3248,1432 3248,1431 3248,1430 3244,1430 3242,1428 3151,1428 3149,1426 3003,1426 3002,1427 3002,1467 3002,1467"/><TextEquiv><Unicode/></TextEquiv><TextEquiv index="1"><Unicode>ne me paroiſſoit connoître la Beauté</Unicode></TextEquiv></TextLine><TextLine id="l9"><Coords points="1359,1620 1358,1620 1358,1603 1358,1602 1311,1602 1308,1600 1308,1579 1308,1578 1216,1578 1215,1579 1215,1581 1215,1581 1200,1581 1199,1582 1199,1586 1199,1586 1192,1586 1187,1582 1187,1577 1187,1576 1073,1576 1072,1577 1072,1617 1070,1619 1034,1619 1031,1617 1031,1584 1031,1583 1030,1583 1029,1583 1029,1581 1028,1579 1013,1579 1008,1574 960,1574 959,1574 959,1571 955,1567 955,1565 956,1564 960,1564 960,1564 960,1560 961,1559 963,1559 965,1557 971,1557 971,1557 971,1556 972,1555 991,1555 993,1553 993,1534 994,1533 995,1533 995,1533 995,1532 996,1531 996,1530 998,1528 1000,1528 1000,1528 1000,1527 1001,1526 1002,1526 1002,1526 1002,1524 1003,1523 1003,1519 1005,1517 1008,1517 1008,1517 1008,1516 1012,1512 1017,1512 1018,1511 1020,1511 1022,1509 1027,1509 1029,1507 1081,1507 1083,1505 1115,1505 1116,1504 1156,1504 1156,1504 1156,1469 1157,1468 1159,1468 1160,1467 1160,1465 1161,1464 1163,1464 1165,1462 1169,1462 1170,1463 1218,1463 1219,1464 1220,1464 1220,1465 1220,1466 1221,1466 1259,1466 1260,1468 1260,1502 1261,1502 1352,1502 1354,1504 1356,1504 1357,1505 1552,1505 1552,1505 1552,1466 1553,1465 1574,1465 1574,1466 1574,1500 1575,1500 1695,1500 1695,1500 1695,1491 1696,1490 1696,1486 1697,1485 1698,1485 1698,1485 1698,1483 1700,1481 1700,1479 1703,1476 1703,1474 1704,1473 1705,1473 1705,1473 1705,1472 1706,1471 1708,1471 1710,1469 1712,1469 1715,1466 1717,1466 1717,1466 1717,1465 1718,1464 1720,1464 1722,1462 1724,1462 1725,1461 1736,1461 1737,1462 1739,1462 1739,1463 1739,1465 1741,1466 1781,1466 1781,1467 1781,1490 1782,1490 1882,1490 1882,1491 1882,1504 1883,1504 1947,1504 1949,1502 2070,1502 2070,1502 2070,1467 2071,1466 2076,1466 2078,1464 2088,1464 2090,1466 2155,1466 2156,1468 2156,1493 2157,1493 2162,1493 2162,1494 2162,1505 2163,1505 2207,1505 2208,1504 2216,1504 2217,1505 2223,1505 2225,1507 2370,1507 2371,1506 2371,1505 2372,1504 2461,1504 2463,1502 2472,1502 2472,1503 2472,1504 2473,1504 2489,1504 2490,1505 2610,1505 2610,1505 2610,1470 2612,1468 2628,1468 2629,1469 2631,1469 2632,1471 2632,1492 2633,1492 2634,1492 2634,1493 2634,1504 2635,1504 2936,1504 2937,1505 2983,1505 2983,1505 2983,1469 2985,1467 3002,1467 3003,1469 3003,1505 3004,1505 3063,1505 3067,1509 3232,1509 3234,1511 3303,1511 3304,1513 3304,1514 3305,1514 3306,1514 3306,1515 3306,1516 3307,1516 3308,1516 3310,1519 3310,1521 3311,1522 3311,1524 3313,1526 3313,1573 3314,1573 3315,1573 3315,1574 3315,1584 3314,1585 3202,1585 3201,1586 3201,1597 3201,1597 3194,1597 3193,1597 3193,1596 3192,1595 3192,1582 3192,1581 3097,1581 3096,1581 3096,1580 3096,1579 3094,1579 3093,1578 2919,1578 2915,1574 2786,1574 2785,1575 2785,1576 2785,1576 2638,1576 2637,1577 2637,1578 2637,1578 2624,1578 2623,1579 2623,1583 2623,1583 2621,1583 2620,1583 2620,1581 2618,1578 2392,1578 2391,1579 2388,1579 2386,1581 2301,1581 2300,1582 2300,1586 2298,1588 2298,1591 2297,1592 2297,1594 2294,1597 2292,1597 2290,1599 2290,1601 2289,1602 2286,1602 2283,1605 2277,1605 2276,1606 2276,1607 2276,1607 2272,1607 2270,1609 2264,1609 2259,1605 2259,1589 2259,1588 2201,1588 2200,1588 2200,1587 2200,1586 2198,1586 2197,1586 2197,1579 2197,1578 2193,1578 2191,1576 2129,1576 2128,1576 2128,1575 2128,1574 2105,1574 2104,1575 2104,1618 2104,1618 2086,1618 2085,1618 2085,1575 2085,1574 1913,1574 1911,1576 1907,1576 1906,1577 1906,1578 1906,1578 1773,1578 1772,1579 1759,1579 1758,1578 1755,1578 1753,1576 1751,1576 1749,1574 1623,1574 1622,1575 1622,1576 1622,1576 1618,1576 1617,1577 1617,1578 1616,1579 1616,1580 1615,1581 1567,1581 1566,1582 1566,1584 1565,1585 1562,1585 1560,1583 1558,1583 1557,1583 1557,1580 1557,1579 1422,1579 1421,1580 1421,1602 1421,1602 1373,1602 1372,1603 1372,1619 1372,1619 1366,1619 1365,1620"/><TextEquiv><Unicode/></TextEquiv><TextEquiv index="1"><Unicode>qu'il avoit fécondée; ou du moins on</Unicode></TextEquiv></TextLine><TextLine id="l10"><Coords points="3203,1781 3202,1780 3125,1780 3124,1779 2633,1779 2632,1778 2095,1778 2094,1777 1474,1777 1473,1777 1473,1747 1473,1746 977,1746 976,1746 976,1742 979,1739 1014,1739 1014,1739 1014,1725 1014,1724 1013,1724 1012,1724 1012,1722 1010,1720 1010,1716 1008,1714 1008,1713 1007,1712 1007,1710 1005,1708 1005,1704 1005,1703 1004,1703 1003,1703 1003,1699 1002,1698 1002,1695 1000,1693 1000,1687 1000,1686 999,1686 998,1686 998,1680 997,1678 993,1678 988,1674 988,1668 991,1665 1091,1665 1094,1662 1182,1662 1182,1662 1182,1660 1183,1659 1230,1659 1230,1659 1230,1626 1232,1624 1234,1624 1234,1624 1234,1623 1235,1622 1239,1622 1240,1621 1357,1621 1358,1620 1365,1620 1366,1619 2008,1619 2008,1619 2008,1618 2009,1617 2055,1617 2056,1618 2104,1618 2104,1619 2104,1621 2105,1621 2106,1621 2106,1622 2106,1648 2107,1648 2159,1648 2159,1649 2159,1651 2161,1653 2161,1659 2162,1659 2849,1659 2850,1660 2991,1660 2993,1662 3027,1662 3029,1664 3201,1664 3202,1665 3249,1665 3249,1666 3249,1667 3250,1667 3258,1667 3258,1668 3258,1669 3259,1669 3303,1669 3303,1670 3303,1671 3304,1671 3306,1671 3306,1672 3306,1674 3307,1674 3308,1674 3308,1675 3308,1676 3310,1678 3310,1681 3311,1682 3311,1715 3313,1717 3313,1732 3307,1738 3298,1738 3297,1739 3292,1739 3290,1741 3220,1741 3219,1742 3219,1781 3219,1781"/><TextEquiv><Unicode/></TextEquiv><TextEquiv index="1"><Unicode>vouloit paroître l'ignorer, pour ne pas</Unicode></TextEquiv></TextLine><TextLine id="l11"><Coords points="3230,1965 3229,1964 2922,1964 2921,1963 2236,1963 2235,1963 2235,1924 2235,1923 2155,1923 2154,1923 2154,1921 2154,1920 2153,1920 2152,1920 2152,1912 2152,1911 1993,1911 1990,1909 1990,1897 1990,1896 1921,1896 1920,1896 1920,1895 1920,1894 1323,1894 1322,1895 1322,1902 1321,1903 1271,1903 1270,1904 1270,1911 1270,1911 1266,1911 1265,1912 1265,1913 1265,1913 1264,1913 1263,1914 1263,1915 1263,1915 1261,1915 1260,1915 1260,1906 1260,1905 992,1905 991,1906 991,1934 991,1934 988,1934 987,1934 987,1906 987,1905 973,1905 971,1904 971,1902 972,1901 991,1901 991,1901 991,1854 992,1853 993,1853 993,1853 993,1845 994,1844 995,1844 996,1843 996,1839 998,1837 998,1835 999,1834 1000,1834 1000,1834 1000,1833 1001,1832 1003,1832 1005,1830 1005,1828 1006,1827 1010,1827 1012,1825 1015,1825 1016,1824 1018,1824 1020,1822 1032,1822 1034,1820 1034,1785 1035,1784 1039,1784 1039,1784 1039,1782 1040,1781 1042,1781 1044,1779 1479,1779 1479,1779 1479,1778 1480,1777 1732,1777 1734,1775 1738,1775 1739,1774 1746,1774 1746,1774 1746,1773 1747,1772 1755,1772 1755,1773 1755,1774 1756,1774 1999,1774 2003,1778 2185,1778 2185,1779 2185,1781 2186,1781 2929,1781 2931,1779 2940,1779 2940,1779 2940,1778 2941,1777 2948,1777 2950,1779 3062,1779 3063,1780 3145,1780 3146,1781 3220,1781 3220,1782 3220,1820 3221,1820 3302,1820 3307,1825 3309,1825 3310,1827 3310,1831 3311,1832 3311,1834 3312,1834 3313,1834 3313,1835 3313,1841 3314,1841 3315,1841 3315,1842 3315,1851 3315,1851 3314,1851 3313,1852 3313,1856 3313,1856 3312,1856 3311,1857 3311,1892 3311,1892 3309,1892 3308,1893 3308,1894 3308,1894 3307,1894 3306,1895 3306,1896 3306,1896 3305,1896 3304,1897 3304,1898 3303,1899 3302,1899 3301,1900 3301,1903 3301,1903 3285,1903 3283,1905 3237,1905 3236,1906 3236,1965 3236,1965"/><TextEquiv><Unicode/></TextEquiv><TextEquiv index="1"><Unicode>donner la ſatisfaction de me la faire</Unicode></TextEquiv></TextLine><TextLine id="l12"><Coords points="966,1935 1871,1935 1871,2069 966,2069"/><TextEquiv><Unicode/></TextEquiv><TextEquiv index="1"><Unicode>connoître.</Unicode></TextEquiv></TextLine><TextLine id="l13"><Coords points="1633,2247 1632,2246 1092,2246 1091,2246 1091,2225 1091,2224 958,2224 957,2224 957,2182 958,2181 959,2181 959,2181 959,2175 960,2174 960,2171 962,2169 962,2165 963,2164 964,2164 964,2164 964,2163 965,2162 1134,2162 1134,2162 1134,2095 1135,2094 1161,2094 1163,2092 1234,2092 1234,2092 1234,2091 1235,2090 1989,2090 1989,2090 1989,2077 1990,2076 2159,2076 2159,2076 2159,2060 2160,2059 2231,2059 2232,2058 2523,2058 2524,2057 2526,2057 2526,2058 2526,2060 2527,2060 3282,2060 3282,2061 3282,2063 3283,2063 3287,2063 3287,2064 3287,2128 3288,2128 3299,2128 3301,2130 3304,2130 3306,2133 3306,2135 3307,2135 3308,2135 3308,2136 3308,2140 3310,2142 3310,2147 3311,2148 3311,2153 3313,2155 3313,2160 3310,2163 3310,2196 3304,2202 3300,2202 3299,2203 3299,2207 3296,2210 3296,2217 3295,2218 3293,2218 3292,2219 3283,2219 3282,2220 3282,2224 3282,2224 3262,2224 3261,2225 3261,2231 3261,2231 1648,2231 1647,2232 1647,2247 1647,2247"/><TextEquiv><Unicode/></TextEquiv><TextEquiv index="1"><Unicode>Un malheureux me fournit enſin de</Unicode></TextEquiv></TextLine><TextLine id="l14"><Coords points="2909,2402 2908,2402 2908,2380 2908,2379 2853,2379 2850,2377 2850,2375 2849,2374 2849,2361 2849,2360 2666,2360 2664,2362 2640,2362 2637,2359 2440,2359 2439,2360 2439,2364 2439,2364 2368,2364 2367,2365 2367,2374 2367,2374 2323,2374 2322,2374 2322,2366 2322,2365 2320,2365 2319,2365 2319,2360 2319,2359 2268,2359 2267,2360 2267,2402 2267,2402 2257,2402 2256,2402 2256,2360 2256,2359 2172,2359 2169,2362 2152,2362 2150,2360 1879,2360 1878,2361 1878,2402 1878,2402 1861,2402 1860,2402 1860,2363 1860,2362 1770,2362 1769,2363 1769,2373 1768,2374 1635,2374 1634,2375 1634,2377 1634,2377 1632,2377 1631,2378 1630,2377 1415,2377 1414,2378 1414,2395 1414,2395 1412,2395 1411,2395 1411,2363 1411,2362 1254,2362 1253,2363 1253,2379 1253,2379 1250,2379 1249,2379 1249,2378 1249,2377 1106,2377 1105,2376 1098,2376 1096,2375 1096,2365 1096,2364 960,2364 959,2364 959,2363 960,2362 984,2362 984,2362 984,2329 986,2327 986,2296 987,2295 988,2295 988,2295 988,2294 989,2293 995,2293 995,2293 995,2287 996,2286 1088,2286 1088,2286 1088,2249 1090,2247 1091,2247 1092,2246 1105,2246 1106,2247 1177,2247 1184,2255 1184,2257 1186,2259 1186,2267 1187,2267 1206,2267 1206,2268 1206,2290 1207,2290 1385,2290 1385,2290 1385,2251 1386,2250 1404,2250 1404,2251 1404,2252 1405,2252 1406,2252 1406,2253 1406,2286 1407,2286 1481,2286 1483,2288 1629,2288 1629,2288 1629,2250 1632,2247 1650,2247 1650,2248 1650,2278 1651,2278 1786,2278 1786,2279 1786,2286 1787,2286 1822,2286 1822,2287 1822,2288 1823,2288 1825,2288 1827,2290 2018,2290 2018,2290 2018,2286 2020,2284 2020,2280 2021,2279 2021,2274 2024,2271 2025,2271 2025,2271 2025,2268 2026,2267 2027,2267 2028,2266 2028,2265 2029,2264 2030,2264 2030,2264 2030,2263 2031,2262 2033,2262 2038,2257 2042,2257 2042,2257 2042,2255 2047,2250 2054,2250 2057,2247 2061,2247 2061,2247 2061,2246 2062,2245 2083,2245 2085,2247 2088,2247 2089,2248 2098,2248 2100,2250 2107,2250 2107,2251 2107,2253 2111,2257 2111,2259 2112,2259 2113,2259 2113,2260 2113,2266 2114,2267 2114,2276 2115,2276 2116,2276 2116,2277 2116,2288 2117,2288 2279,2288 2281,2286 2463,2286 2465,2284 2548,2284 2548,2284 2548,2251 2551,2248 2558,2248 2559,2247 2595,2247 2596,2246 2596,2244 2597,2243 2609,2243 2611,2245 2613,2245 2613,2246 2613,2248 2615,2250 2615,2284 2616,2284 2761,2284 2763,2282 2763,2275 2766,2272 2766,2270 2767,2269 2768,2269 2768,2269 2768,2268 2769,2267 2769,2266 2771,2264 2771,2257 2773,2255 2773,2253 2776,2250 2776,2248 2777,2247 2781,2247 2783,2245 2793,2245 2795,2247 2951,2247 2953,2245 2959,2245 2959,2246 2959,2247 2960,2247 3139,2247 3139,2247 3139,2246 3140,2245 3258,2245 3258,2245 3258,2232 3259,2231 3266,2231 3267,2233 3267,2248 3268,2249 3268,2309 3269,2309 3306,2309 3307,2310 3309,2310 3310,2312 3310,2316 3311,2317 3311,2322 3310,2323 3310,2327 3308,2329 3307,2329 3306,2330 3306,2331 3306,2331 3300,2331 3299,2332 3299,2333 3299,2333 3297,2333 3296,2334 3296,2400 3296,2400 3286,2400 3285,2400 3285,2384 3285,2383 3163,2383 3162,2383 3162,2379 3162,2378 3098,2378 3096,2377 3096,2361 3096,2360 2974,2360 2972,2362 2929,2362 2928,2363 2928,2402 2928,2402"/><TextEquiv><Unicode/></TextEquiv><TextEquiv index="1"><Unicode>triſtes lumieres. Ce maudit Abbé Ba-</Unicode></TextEquiv></TextLine><TextLine id="l15"><Coords points="2346,2561 2345,2560 1999,2560 1997,2558 1562,2558 1560,2556 1324,2556 1323,2555 1311,2555 1309,2554 1309,2542 1309,2541 1196,2541 1194,2540 1194,2537 1194,2536 964,2536 962,2535 962,2533 962,2532 961,2532 960,2532 960,2530 959,2529 959,2526 960,2525 1194,2525 1194,2525 1194,2521 1194,2520 1132,2520 1130,2518 1128,2518 1127,2517 989,2517 988,2517 988,2516 988,2515 987,2515 986,2515 986,2514 986,2513 984,2513 983,2513 983,2487 983,2486 972,2486 971,2486 971,2482 972,2481 986,2481 986,2481 986,2449 987,2448 991,2448 993,2446 993,2434 995,2432 995,2430 996,2429 996,2427 998,2425 998,2422 1000,2420 1000,2418 1003,2415 1003,2413 1004,2412 1005,2412 1005,2412 1005,2411 1006,2410 1010,2410 1013,2407 1020,2407 1022,2405 1027,2405 1029,2403 1603,2403 1605,2401 3244,2401 3246,2399 3246,2397 3247,2396 3248,2396 3249,2395 3268,2395 3268,2396 3268,2398 3269,2398 3270,2398 3270,2399 3270,2400 3271,2400 3301,2400 3301,2401 3301,2448 3304,2451 3304,2453 3305,2453 3306,2453 3306,2454 3306,2468 3304,2470 3304,2501 3303,2502 3303,2506 3303,2506 3302,2506 3301,2507 3301,2508 3301,2508 3300,2508 3299,2509 3299,2510 3296,2513 3261,2513 3260,2514 3260,2530 3260,2530 3253,2530 3252,2531 3252,2555 3252,2555 2382,2555 2379,2558 2360,2558 2358,2560 2353,2560 2352,2561"/><TextEquiv><Unicode/></TextEquiv><TextEquiv index="1"><Unicode>ſile, que j'avois puni pour avoir abuſé</Unicode></TextEquiv></TextLine><TextLine id="l16"><Coords points="1959,2716 1958,2716 1958,2674 1958,2673 1930,2673 1929,2672 1788,2672 1787,2673 1771,2673 1770,2673 1770,2672 1769,2670 1680,2670 1679,2671 1679,2683 1677,2685 1677,2687 1675,2689 1673,2689 1672,2690 1672,2692 1671,2693 1671,2695 1670,2696 1665,2696 1664,2696 1664,2695 1664,2694 1662,2694 1660,2693 1660,2685 1660,2684 1612,2684 1611,2683 1606,2683 1605,2683 1605,2676 1605,2675 1488,2675 1486,2673 1372,2673 1371,2672 1111,2672 1110,2673 1106,2673 1105,2674 1105,2675 1105,2675 1097,2675 1096,2676 1096,2709 1096,2709 1089,2709 1088,2708 1086,2708 1084,2707 1084,2703 1084,2702 1082,2702 1081,2701 1079,2701 1076,2699 1076,2694 1075,2692 1071,2692 1070,2692 1070,2690 1070,2689 957,2689 955,2688 955,2687 957,2685 957,2683 959,2681 959,2679 960,2678 964,2678 964,2678 964,2676 967,2673 986,2673 986,2673 986,2631 987,2630 988,2630 988,2630 988,2624 989,2623 990,2623 990,2623 990,2621 991,2620 991,2618 993,2616 993,2614 994,2613 995,2613 995,2613 995,2612 996,2611 1000,2611 1000,2611 1000,2607 1001,2606 1012,2606 1014,2604 1019,2604 1020,2603 1029,2603 1029,2603 1029,2568 1030,2567 1032,2567 1034,2565 1041,2565 1041,2565 1041,2564 1042,2563 1043,2563 1043,2563 1043,2562 1044,2561 1051,2561 1053,2564 1053,2587 1054,2587 1080,2587 1081,2589 1081,2601 1082,2601 1105,2601 1105,2602 1105,2603 1106,2603 1294,2603 1294,2603 1294,2600 1295,2599 1358,2599 1360,2597 1367,2597 1369,2599 1374,2599 1376,2601 1559,2601 1559,2601 1559,2600 1560,2599 1648,2599 1650,2597 1691,2597 1692,2596 1693,2596 1693,2596 1693,2587 1695,2585 1695,2576 1696,2575 1696,2573 1697,2572 1698,2572 1698,2572 1698,2571 1699,2570 1700,2570 1700,2570 1700,2568 1703,2565 1705,2565 1705,2565 1705,2564 1706,2563 1708,2563 1710,2561 1712,2561 1713,2560 1717,2560 1717,2560 1717,2559 1718,2558 1719,2558 1719,2558 1719,2557 1720,2556 1741,2556 1741,2557 1741,2558 1742,2558 1744,2558 1746,2560 1750,2560 1750,2561 1750,2568 1751,2569 1751,2582 1752,2582 1799,2582 1801,2585 1801,2599 1802,2599 1863,2599 1865,2597 1948,2597 1950,2599 1954,2599 1956,2601 2016,2601 2018,2603 2025,2603 2027,2606 2027,2608 2030,2611 2030,2613 2031,2613 2032,2613 2032,2614 2032,2616 2033,2617 2033,2621 2035,2623 2035,2642 2036,2642 2109,2642 2109,2642 2109,2587 2112,2584 2123,2584 2125,2587 2125,2642 2126,2642 2152,2642 2152,2642 2152,2578 2153,2577 2155,2577 2157,2575 2160,2575 2161,2577 2161,2642 2162,2642 2174,2642 2174,2642 2174,2632 2176,2630 2176,2625 2178,2623 2178,2619 2179,2618 2180,2618 2180,2618 2180,2616 2181,2615 2181,2613 2184,2610 2186,2610 2186,2610 2186,2608 2190,2604 2192,2604 2195,2601 2197,2601 2197,2601 2197,2600 2198,2599 2205,2599 2207,2597 2211,2597 2212,2596 2334,2596 2334,2596 2334,2594 2336,2592 2434,2592 2434,2592 2434,2561 2435,2560 2442,2560 2444,2558 2484,2558 2484,2559 2484,2560 2485,2560 2491,2560 2491,2561 2491,2563 2494,2566 2494,2568 2495,2568 2496,2568 2496,2569 2496,2596 2497,2596 2611,2596 2611,2596 2611,2565 2613,2563 2615,2563 2615,2563 2615,2562 2616,2561 2624,2561 2626,2563 2628,2563 2630,2566 2630,2597 2631,2597 2773,2597 2773,2597 2773,2595 2774,2594 2775,2594 2775,2594 2775,2585 2776,2584 2776,2582 2778,2580 2778,2578 2779,2577 2780,2577 2780,2577 2780,2573 2782,2571 2782,2568 2783,2567 2783,2563 2785,2561 2787,2561 2792,2556 2797,2556 2798,2555 2800,2555 2800,2555 2800,2553 2802,2551 2805,2551 2807,2549 2812,2549 2814,2551 2819,2551 2821,2553 2852,2553 2853,2554 2861,2554 2863,2556 2864,2556 2864,2557 2864,2558 2865,2558 2866,2558 2866,2559 2866,2560 2867,2560 2868,2560 2869,2562 2869,2564 2871,2566 2871,2599 2872,2599 2952,2599 2952,2599 2952,2585 2953,2584 3033,2584 3033,2584 3033,2562 3035,2560 3041,2560 3041,2560 3041,2559 3042,2558 3050,2558 3050,2559 3050,2561 3052,2563 3052,2596 3053,2596 3105,2596 3106,2597 3232,2597 3232,2597 3232,2561 3234,2559 3234,2557 3236,2555 3253,2555 3253,2556 3253,2558 3254,2559 3254,2561 3255,2561 3256,2561 3256,2562 3256,2589 3257,2589 3306,2589 3306,2590 3306,2594 3307,2594 3308,2594 3308,2595 3308,2602 3306,2604 3306,2606 3305,2607 3305,2690 3306,2690 3373,2690 3373,2691 3373,2697 3373,2697 3275,2697 3273,2699 3271,2699 3270,2700 3270,2701 3270,2701 3263,2701 3258,2697 3258,2695 3258,2694 3257,2694 3256,2694 3256,2669 3256,2668 3111,2668 3110,2669 3110,2670 3110,2670 3102,2670 3100,2672 2975,2672 2974,2673 2974,2710 2974,2710 2961,2710 2960,2710 2960,2673 2960,2672 2903,2672 2902,2673 2875,2673 2874,2673 2874,2672 2874,2671 2872,2671 2871,2670 2772,2670 2771,2671 2771,2709 2771,2709 2767,2709 2766,2709 2766,2676 2766,2675 2626,2675 2625,2676 2625,2677 2625,2677 2621,2677 2620,2678 2620,2687 2620,2687 2528,2687 2527,2687 2527,2685 2525,2683 2525,2674 2525,2673 2513,2673 2510,2670 2361,2670 2360,2671 2360,2675 2360,2675 2344,2675 2343,2675 2343,2674 2343,2673 2342,2673 2341,2672 2096,2672 2094,2674 2094,2678 2094,2678 2093,2678 2092,2679 2092,2683 2091,2684 2089,2684 2088,2685 2087,2686 2087,2688 2086,2689 2083,2689 2080,2692 2079,2692 2078,2693 2078,2694 2078,2694 2066,2694 2064,2693 2064,2676 2064,2675 1995,2675 1994,2675 1994,2674 1994,2673 1964,2673 1963,2674 1963,2714 1961,2716"/><TextEquiv><Unicode/></TextEquiv><TextEquiv index="1"><Unicode>de ma confiance, eut l'adreſſe de s'y</Unicode></TextEquiv></TextLine><TextLine id="l17"><Coords points="1830,2872 1829,2872 1829,2850 1829,2849 965,2849 964,2849 964,2846 965,2845 1829,2845 1829,2845 1829,2844 1021,2844 1019,2843 1019,2838 1019,2837 979,2837 978,2837 978,2834 977,2833 977,2807 976,2806 976,2802 978,2800 988,2800 988,2800 988,2764 991,2761 994,2761 995,2760 995,2721 996,2720 996,2718 1000,2714 1143,2714 1144,2713 2315,2713 2317,2711 2960,2711 2961,2710 3208,2710 3209,2709 3211,2709 3212,2708 3214,2708 3216,2706 3218,2706 3220,2704 3235,2704 3237,2706 3261,2706 3263,2708 3265,2708 3266,2709 3268,2709 3268,2710 3268,2711 3269,2711 3270,2711 3270,2712 3270,2749 3271,2749 3290,2749 3292,2751 3297,2751 3298,2752 3299,2752 3299,2753 3299,2755 3303,2759 3303,2761 3306,2764 3306,2768 3307,2768 3308,2768 3308,2769 3308,2778 3308,2778 3307,2778 3306,2779 3306,2805 3304,2807 3304,2811 3299,2816 3299,2818 3299,2818 3297,2818 3294,2821 3294,2823 3294,2823 3164,2823 3163,2824 3163,2825 3163,2825 3109,2825 3108,2826 2924,2826 2922,2828 2855,2828 2854,2829 2854,2843 2853,2844 1976,2844 1975,2845 1849,2845 1848,2846 1848,2872 1848,2872"/><TextEquiv><Unicode/></TextEquiv><TextEquiv index="1"><Unicode>inſinuer de nouveau. Ce ſut la Princeſſe</Unicode></TextEquiv></TextLine><TextLine id="l18"><Coords points="1152,3032 1151,3032 1151,3003 1151,3002 1108,3002 1106,3001 1106,2999 1106,2998 961,2998 960,2998 960,2963 960,2962 956,2962 955,2962 955,2960 953,2957 949,2957 948,2957 948,2953 949,2952 988,2952 988,2952 988,2944 989,2943 990,2943 990,2943 990,2937 991,2936 991,2934 992,2933 993,2933 993,2933 993,2932 994,2931 995,2931 995,2931 995,2927 996,2926 998,2926 998,2926 1000,2924 1000,2922 1001,2921 1005,2921 1005,2921 1005,2920 1006,2919 1010,2919 1013,2916 1060,2916 1060,2916 1060,2877 1061,2876 1062,2876 1062,2876 1062,2875 1063,2874 1067,2874 1068,2873 1828,2873 1829,2872 2973,2872 2974,2871 2977,2871 2979,2869 3198,2869 3198,2869 3198,2867 3201,2864 3211,2864 3211,2865 3211,2867 3214,2869 3215,2869 3215,2870 3215,2873 3216,2873 3217,2873 3217,2874 3217,2880 3218,2881 3218,2905 3219,2905 3254,2905 3256,2907 3258,2907 3258,2908 3258,2910 3260,2912 3260,2916 3261,2917 3261,2926 3262,2926 3302,2926 3303,2928 3303,2929 3304,2930 3304,2931 3305,2931 3306,2931 3306,2932 3306,2947 3306,2947 3304,2947 3303,2948 3302,2948 3301,2949 3301,2950 3301,2950 3295,2950 3294,2951 3294,2957 3294,2957 3293,2957 3292,2958 3292,2959 3291,2960 3291,2962 3291,2962 3271,2962 3270,2963 3270,2974 3270,2974 3269,2974 3268,2975 3268,2978 3268,2978 3264,2978 3263,2979 3261,2979 3260,2980 3260,2981 3260,2981 3159,2981 3158,2982 3158,2983 3158,2983 3156,2983 3155,2984 3155,2989 3154,2990 2906,2990 2905,2991 2905,3026 2905,3026 2904,3026 2903,3027 1707,3027 1706,3028 1192,3028 1191,3029 1191,3031 1191,3031 1169,3031 1168,3032"/><TextEquiv><Unicode/></TextEquiv><TextEquiv index="1"><Unicode>elle-même qui me le recommanda. J'a-</Unicode></TextEquiv></TextLine><TextLine id="l19"><Coords points="2236,3187 2235,3187 2235,3163 2235,3162 2155,3162 2154,3162 2154,3161 2154,3160 1971,3160 1970,3161 1970,3163 1970,3163 1967,3163 1966,3163 1966,3157 1966,3156 1763,3156 1762,3157 1762,3160 1762,3160 1555,3160 1552,3158 1552,3157 1552,3156 1424,3156 1423,3157 1423,3165 1423,3165 1292,3165 1291,3166 1291,3180 1290,3181 1184,3181 1182,3180 1182,3159 1182,3158 1104,3158 1103,3158 1103,3154 1103,3153 1011,3153 1010,3153 1010,3152 1009,3151 1009,3150 1008,3150 1007,3150 1007,3134 1005,3132 1005,3128 1005,3127 1004,3127 1003,3127 1003,3121 1002,3120 1002,3113 1002,3112 1001,3112 1000,3112 1000,3111 1000,3110 999,3110 998,3110 998,3102 998,3101 997,3101 996,3101 996,3092 995,3091 995,3087 995,3086 987,3086 986,3086 986,3085 986,3084 985,3084 984,3084 984,3083 983,3082 983,3077 986,3074 1087,3074 1089,3072 1091,3072 1093,3070 1095,3070 1096,3069 1151,3069 1151,3069 1151,3033 1152,3032 1169,3032 1172,3036 1172,3039 1173,3039 1192,3039 1193,3041 1193,3070 1194,3070 1459,3070 1459,3070 1459,3036 1461,3034 1464,3034 1465,3033 1480,3033 1481,3035 1481,3047 1483,3049 1483,3072 1484,3072 1681,3072 1681,3072 1681,3056 1682,3055 1808,3055 1808,3055 1808,3032 1809,3031 1811,3031 1813,3029 1815,3029 1817,3027 1825,3027 1825,3028 1825,3029 1826,3029 1827,3029 1827,3030 1827,3031 1828,3031 2027,3031 2027,3031 2027,3030 2028,3029 2030,3029 2030,3030 2030,3034 2031,3034 2209,3034 2210,3033 2217,3033 2219,3031 2398,3031 2398,3031 2398,3030 2399,3029 2436,3029 2436,3029 2436,3028 2437,3027 2448,3027 2448,3028 2448,3029 2450,3031 2450,3064 2451,3064 2567,3064 2568,3066 2568,3068 2570,3069 2757,3069 2757,3069 2757,3033 2759,3031 2764,3031 2766,3029 2886,3029 2886,3029 2886,3028 2887,3027 2903,3027 2904,3026 2905,3026 2909,3031 2909,3065 2910,3065 3132,3065 3132,3065 3132,3032 3133,3031 3134,3031 3134,3031 3134,3029 3136,3027 3138,3027 3139,3026 3144,3026 3146,3024 3153,3024 3153,3025 3153,3048 3154,3048 3155,3048 3155,3049 3155,3062 3156,3062 3177,3062 3179,3064 3239,3064 3240,3065 3295,3065 3296,3067 3296,3107 3297,3108 3297,3114 3299,3116 3299,3127 3297,3129 3297,3131 3297,3131 3293,3131 3289,3135 3289,3137 3288,3138 3022,3138 3021,3139 3020,3139 3019,3140 3019,3141 3019,3141 2937,3141 2936,3142 2936,3156 2936,3156 2935,3156 2933,3158 2683,3158 2682,3159 2682,3163 2682,3163 2676,3163 2675,3163 2675,3157 2675,3156 2495,3156 2494,3157 2494,3160 2494,3160 2461,3160 2460,3161 2460,3172 2460,3172 2459,3172 2458,3173 2458,3174 2458,3174 2456,3174 2455,3174 2455,3172 2453,3170 2453,3164 2453,3163 2451,3163 2450,3163 2450,3161 2450,3160 2255,3160 2254,3161 2254,3187 2254,3187"/><TextEquiv><Unicode/></TextEquiv><TextEquiv index="1"><Unicode>vois eu le malheur de l'introduire chez</Unicode></TextEquiv></TextLine><TextLine id="l20"><Coords points="1268,3345 1267,3345 1267,3314 1267,3313 1250,3313 1249,3314 1249,3315 1248,3316 1248,3317 1246,3319 1246,3320 1246,3320 1242,3320 1241,3321 1241,3323 1241,3323 1240,3323 1239,3324 1239,3325 1239,3325 1237,3325 1235,3327 1233,3327 1232,3328 1230,3328 1229,3329 1229,3330 1229,3330 1216,3330 1211,3326 1211,3305 1211,3304 1164,3304 1163,3303 1158,3303 1156,3301 1018,3301 1017,3302 1017,3303 1017,3303 1003,3303 1000,3301 1000,3299 999,3297 997,3297 996,3297 996,3295 993,3291 941,3291 940,3291 940,3285 943,3282 978,3282 978,3282 978,3279 980,3277 981,3277 981,3277 981,3273 983,3271 983,3257 984,3256 984,3247 985,3246 986,3246 986,3246 986,3244 989,3241 991,3241 991,3241 991,3240 992,3239 993,3239 993,3239 993,3238 994,3237 995,3237 996,3236 997,3236 999,3234 1000,3234 1000,3234 1000,3233 1003,3230 1057,3230 1057,3230 1057,3192 1062,3187 1110,3187 1111,3186 1117,3186 1117,3187 1117,3191 1118,3191 1191,3191 1193,3194 1193,3199 1194,3199 1332,3199 1332,3199 1332,3197 1337,3192 1337,3190 1338,3189 1345,3189 1347,3187 1349,3187 1350,3186 1370,3186 1370,3187 1370,3189 1371,3189 1373,3189 1373,3190 1373,3192 1376,3194 1509,3194 1509,3195 1509,3196 1510,3196 1511,3196 1511,3197 1511,3227 1512,3227 1667,3227 1667,3227 1667,3218 1668,3217 1739,3217 1739,3217 1739,3210 1743,3206 1748,3206 1748,3207 1748,3229 1749,3229 1930,3229 1930,3229 1930,3228 1931,3227 2233,3227 2233,3227 2233,3189 2235,3187 2255,3187 2255,3188 2255,3213 2256,3213 2265,3213 2266,3215 2266,3227 2267,3227 2446,3227 2446,3227 2446,3197 2447,3196 2449,3196 2451,3194 2510,3194 2512,3192 2512,3190 2513,3189 2518,3189 2520,3187 2522,3187 2523,3186 2532,3186 2532,3186 2532,3185 2533,3184 2644,3184 2644,3184 2644,3183 2645,3182 2671,3182 2672,3184 2672,3186 2673,3186 2674,3187 2676,3187 2677,3189 2677,3223 2678,3223 2862,3223 2862,3223 2862,3213 2864,3211 2866,3211 2867,3210 2881,3210 2881,3210 2881,3191 2885,3187 2886,3187 2887,3186 2889,3186 2891,3184 2900,3184 2902,3187 2902,3189 2904,3191 2904,3193 2905,3194 2905,3223 2906,3223 3060,3223 3061,3222 3115,3222 3115,3222 3115,3221 3116,3220 3194,3220 3196,3218 3227,3218 3228,3217 3239,3217 3242,3220 3244,3220 3244,3221 3244,3225 3245,3225 3247,3225 3248,3227 3248,3237 3249,3237 3297,3237 3299,3240 3299,3249 3300,3249 3301,3249 3301,3250 3301,3251 3301,3251 3299,3251 3296,3254 3296,3261 3296,3261 3289,3261 3287,3263 3287,3270 3287,3270 3264,3270 3263,3271 3263,3275 3263,3275 3262,3275 3261,3276 3261,3285 3260,3286 3260,3290 3259,3291 3154,3291 3153,3292 3153,3315 3153,3315 3069,3315 3068,3316 3068,3336 3068,3336 3065,3336 3064,3337 3058,3337 3057,3337 3057,3317 3057,3316 2887,3316 2886,3317 2886,3322 2885,3323 2879,3323 2876,3321 2876,3300 2876,3299 2807,3299 2806,3300 2806,3342 2806,3342 2786,3342 2785,3342 2785,3300 2785,3299 2685,3299 2683,3301 2626,3301 2625,3302 2625,3308 2625,3308 2543,3308 2542,3309 2542,3315 2542,3315 2531,3315 2530,3316 2359,3316 2358,3316 2358,3312 2358,3311 2170,3311 2169,3312 2169,3313 2169,3313 2098,3313 2097,3314 2097,3315 2097,3315 2052,3315 2051,3316 2051,3319 2050,3320 2043,3320 2042,3320 2042,3319 2042,3318 2040,3318 2039,3318 2039,3302 2039,3301 1873,3301 1872,3302 1872,3306 1872,3306 1870,3306 1868,3308 1868,3311 1868,3311 1861,3311 1860,3312 1860,3340 1858,3342 1821,3342 1818,3339 1681,3339 1679,3338 1679,3323 1679,3322 1671,3322 1669,3321 1669,3319 1669,3318 1520,3318 1513,3318 1512,3319 1512,3327 1509,3330 1509,3335 1504,3340 1504,3342 1504,3342 1486,3342 1483,3340 1483,3297 1483,3296 1353,3296 1352,3297 1335,3297 1334,3298 1334,3307 1330,3311 1330,3313 1330,3313 1286,3313 1285,3314 1285,3345 1285,3345"/><TextEquiv><Unicode/></TextEquiv><TextEquiv index="1"><Unicode>elle; &amp; je ne pouvois refuſer de com-</Unicode></TextEquiv></TextLine><TextLine id="l21"><Coords points="2399,3498 2398,3498 2398,3476 2398,3475 2290,3475 2286,3471 1973,3471 1972,3471 1971,3472 1971,3473 1969,3475 1968,3475 1966,3474 1966,3462 1966,3461 1617,3461 1615,3463 1450,3463 1449,3464 1449,3469 1449,3469 1376,3469 1375,3470 1375,3493 1373,3495 1336,3495 1335,3495 1335,3476 1335,3475 1259,3475 1258,3475 1258,3472 1258,3471 1151,3471 1149,3470 1149,3458 1149,3457 984,3457 983,3457 983,3454 982,3452 979,3452 978,3451 936,3451 933,3449 933,3448 933,3447 930,3447 929,3447 929,3443 930,3442 934,3442 936,3440 979,3440 979,3440 979,3388 980,3387 981,3387 981,3387 981,3386 982,3385 1055,3385 1057,3383 1105,3383 1105,3383 1105,3347 1106,3346 1266,3346 1267,3345 1286,3345 1287,3347 1287,3382 1288,3382 1565,3382 1567,3380 1567,3378 1568,3377 1575,3377 1576,3376 1576,3374 1577,3373 1806,3373 1808,3371 1809,3371 1811,3373 1817,3373 1817,3374 1817,3382 1818,3382 2123,3382 2123,3382 2123,3350 2124,3349 2128,3349 2131,3346 2133,3346 2133,3346 2133,3345 2134,3344 2147,3344 2149,3347 2149,3368 2150,3368 2353,3368 2353,3369 2353,3371 2355,3373 2355,3382 2356,3382 2379,3382 2380,3383 2744,3383 2745,3382 2747,3382 2747,3382 2747,3366 2749,3364 2783,3364 2783,3364 2783,3345 2784,3344 2785,3344 2785,3344 2785,3343 2786,3342 3051,3342 3051,3342 3051,3339 3053,3337 3064,3337 3065,3336 3069,3336 3070,3337 3167,3337 3167,3338 3167,3344 3168,3344 3266,3344 3267,3346 3267,3392 3268,3392 3297,3392 3298,3394 3298,3399 3299,3400 3299,3411 3299,3411 3297,3411 3291,3417 3291,3421 3291,3421 3289,3421 3285,3425 3285,3426 3285,3426 3266,3426 3265,3427 3265,3431 3263,3433 3263,3437 3263,3437 3259,3437 3256,3440 3254,3440 3253,3441 3253,3442 3253,3442 3249,3442 3246,3445 3116,3445 3115,3446 3115,3449 3115,3449 3111,3449 3109,3451 3085,3451 3084,3452 3084,3468 3084,3468 2971,3468 2970,3469 2970,3496 2970,3496 2832,3496 2831,3497 2674,3497 2673,3497 2673,3496 2673,3495 2666,3495 2665,3494 2531,3494 2530,3495 2530,3498 2530,3498"/><TextEquiv><Unicode/></TextEquiv><TextEquiv index="1"><Unicode>muniquer avec un homme qui étoit ho-</Unicode></TextEquiv></TextLine><TextLine id="l22"><Coords points="1635,3655 1634,3654 1533,3654 1532,3654 1532,3651 1532,3650 1211,3650 1210,3650 1210,3629 1210,3628 943,3628 941,3627 941,3624 943,3622 945,3622 945,3622 945,3526 947,3524 1172,3524 1172,3524 1172,3519 1173,3518 1210,3518 1210,3518 1210,3515 1211,3514 1211,3511 1213,3509 1213,3503 1214,3502 1215,3502 1215,3502 1215,3501 1216,3500 1218,3500 1219,3499 1557,3499 1557,3499 1557,3498 1558,3497 2950,3497 2951,3496 3201,3496 3201,3496 3201,3490 3203,3488 3245,3488 3246,3490 3246,3524 3247,3524 3281,3524 3287,3530 3291,3530 3291,3531 3291,3533 3292,3533 3294,3533 3294,3534 3294,3535 3295,3535 3296,3535 3299,3539 3299,3540 3300,3540 3301,3540 3301,3541 3301,3550 3299,3552 3299,3590 3297,3592 3295,3592 3294,3593 3292,3593 3288,3597 3286,3597 3284,3599 3284,3600 3284,3600 3283,3600 3282,3601 3282,3602 3282,3602 3140,3602 3139,3603 3139,3604 3139,3604 3135,3604 3134,3605 3094,3605 3093,3606 3093,3607 3093,3607 3091,3607 3089,3609 2979,3609 2978,3610 2978,3651 2978,3651 2970,3651 2969,3652 2578,3652 2577,3653 1646,3653 1645,3654 1645,3655 1645,3655"/><TextEquiv><Unicode/></TextEquiv><TextEquiv index="1"><Unicode>noré des bontés de ma bienfaitrice. Je</Unicode></TextEquiv></TextLine><TextLine id="l23"><Coords points="1874,3811 1872,3810 1872,3802 1872,3801 1869,3801 1868,3801 1868,3778 1868,3777 1837,3777 1836,3777 1836,3771 1836,3770 1776,3770 1775,3769 1551,3769 1549,3771 1549,3773 1548,3774 1546,3774 1545,3774 1545,3772 1544,3770 1476,3770 1475,3771 1475,3775 1474,3776 1473,3776 1471,3775 1471,3771 1471,3770 1431,3770 1428,3767 1256,3767 1254,3769 1230,3769 1229,3770 1229,3794 1229,3794 1223,3794 1222,3795 1220,3794 1220,3773 1220,3772 1202,3772 1201,3772 1201,3771 1201,3770 1080,3770 1079,3769 1027,3769 1026,3769 1026,3768 1026,3767 996,3767 994,3765 992,3765 990,3764 990,3763 990,3762 987,3762 986,3762 986,3761 983,3757 981,3757 979,3756 979,3753 979,3752 974,3752 972,3751 972,3749 971,3748 971,3747 971,3746 942,3746 941,3746 941,3743 943,3741 971,3741 971,3741 971,3739 974,3736 974,3722 976,3720 976,3718 981,3713 981,3711 982,3710 983,3710 983,3710 983,3709 984,3708 984,3707 986,3705 989,3705 994,3700 996,3700 1000,3696 1015,3696 1015,3696 1015,3660 1016,3659 1029,3659 1029,3659 1029,3658 1030,3657 1036,3657 1038,3660 1038,3676 1039,3677 1039,3695 1040,3695 1159,3695 1161,3693 1256,3693 1258,3691 1268,3691 1268,3692 1268,3693 1269,3693 1271,3693 1273,3695 1402,3695 1402,3695 1402,3688 1404,3686 1419,3686 1419,3686 1419,3662 1422,3659 1429,3659 1431,3657 1433,3657 1433,3657 1433,3655 1435,3653 1439,3653 1440,3654 1552,3654 1553,3655 1646,3655 1647,3657 1647,3659 1650,3662 1650,3665 1653,3668 1653,3670 1657,3674 1657,3676 1658,3676 1660,3676 1660,3677 1660,3681 1661,3681 1662,3681 1662,3682 1662,3696 1663,3696 1668,3696 1670,3698 1872,3698 1872,3698 1872,3689 1873,3688 1937,3688 1937,3688 1937,3675 1938,3674 1939,3674 1939,3674 1939,3672 1941,3670 1941,3668 1942,3667 1942,3665 1943,3664 1944,3664 1944,3664 1944,3661 1945,3660 1951,3660 1953,3658 1953,3656 1954,3655 1961,3655 1963,3653 1965,3653 1966,3652 1972,3652 1973,3653 1978,3653 1980,3655 1982,3655 1982,3656 1982,3657 1984,3659 1984,3677 1985,3677 2022,3677 2023,3679 2023,3695 2024,3695 2181,3695 2181,3695 2181,3665 2182,3664 2183,3664 2183,3664 2183,3662 2188,3657 2198,3657 2200,3655 2202,3655 2204,3653 2208,3653 2211,3657 2211,3676 2212,3677 2212,3696 2213,3696 2237,3696 2239,3698 2307,3698 2307,3699 2307,3700 2308,3700 2319,3700 2321,3702 2322,3702 2323,3703 2324,3703 2324,3704 2324,3707 2325,3707 2327,3707 2328,3709 2328,3710 2329,3711 2329,3713 2331,3715 2331,3719 2332,3719 2333,3719 2333,3720 2333,3741 2334,3741 2472,3741 2472,3741 2472,3715 2474,3713 2474,3709 2476,3707 2477,3707 2477,3707 2477,3706 2478,3705 2480,3705 2485,3700 2489,3700 2489,3700 2489,3699 2490,3698 2518,3698 2518,3698 2518,3665 2519,3664 2522,3664 2522,3664 2522,3661 2523,3660 2524,3660 2524,3660 2525,3659 2525,3658 2526,3657 2527,3657 2527,3657 2527,3656 2528,3655 2565,3655 2567,3653 2711,3653 2714,3650 2737,3650 2737,3651 2737,3652 2738,3652 2739,3652 2739,3653 2739,3655 2740,3656 2740,3693 2741,3693 2761,3693 2761,3694 2761,3695 2762,3695 2766,3695 2767,3696 2897,3696 2898,3695 2959,3695 2959,3695 2959,3653 2960,3652 2969,3652 2970,3651 2978,3651 2979,3653 2979,3688 2980,3688 3015,3688 3015,3689 3015,3690 3016,3690 3151,3690 3151,3690 3151,3689 3152,3688 3182,3688 3182,3688 3182,3687 3183,3686 3192,3686 3194,3684 3236,3684 3237,3683 3237,3682 3238,3681 3270,3681 3270,3681 3270,3644 3271,3643 3277,3643 3277,3643 3277,3642 3278,3641 3282,3641 3283,3640 3285,3640 3285,3641 3285,3643 3286,3643 3287,3643 3287,3644 3287,3650 3288,3650 3289,3650 3289,3651 3289,3679 3291,3681 3291,3738 3292,3738 3296,3738 3297,3740 3297,3746 3296,3747 3296,3749 3293,3752 3257,3752 3256,3753 3254,3753 3253,3754 3253,3798 3254,3798 3256,3798 3258,3801 3258,3801 3240,3801 3239,3800 3108,3800 3107,3800 3107,3766 3107,3765 2917,3765 2915,3767 2824,3767 2823,3768 2823,3772 2823,3772 2817,3772 2814,3769 2691,3769 2690,3770 2690,3776 2690,3776 2689,3776 2687,3775 2687,3770 2687,3769 2566,3769 2565,3770 2492,3770 2491,3771 2491,3772 2491,3772 2444,3772 2443,3773 2443,3799 2441,3801 2439,3801 2438,3801 2438,3773 2438,3772 2404,3772 2403,3773 2403,3774 2402,3775 2402,3780 2400,3782 2400,3784 2400,3784 2398,3784 2395,3787 2395,3789 2395,3789 2391,3789 2389,3791 2389,3793 2389,3793 2387,3793 2385,3795 2384,3794 2372,3794 2370,3793 2370,3777 2370,3776 2300,3776 2298,3774 2293,3774 2291,3772 2287,3772 2286,3772 2286,3771 2286,3770 2206,3770 2205,3769 2142,3769 2140,3767 2024,3767 2023,3768 2023,3769 2023,3769 2019,3769 2018,3770 2009,3770 2008,3771 2008,3809 2007,3810 2002,3810 2001,3810 2001,3771 2001,3770 2000,3770 1999,3769 1960,3769 1959,3770 1959,3774 1959,3774 1957,3774 1956,3774 1956,3768 1956,3767 1878,3767 1877,3768 1877,3782 1875,3784 1875,3811 1875,3811"/><TextEquiv><Unicode/></TextEquiv><TextEquiv index="1"><Unicode>demandai à ce fourbe, s'il ſavoit quel</Unicode></TextEquiv></TextLine><TextLine id="l24"><Coords points="2479,3967 2478,3967 2478,3926 2478,3925 2430,3925 2429,3926 2429,3927 2429,3927 2420,3927 2418,3925 2415,3925 2413,3923 2386,3923 2338,3923 2336,3925 2331,3925 2329,3927 2236,3927 2234,3925 2147,3925 2145,3927 2141,3927 2139,3929 2090,3929 2089,3930 2089,3940 2088,3941 2084,3941 2083,3942 2083,3948 2083,3948 2080,3948 2078,3947 2078,3942 2078,3941 2073,3941 2071,3940 2071,3926 2071,3925 1854,3925 1853,3926 1853,3927 1853,3927 1832,3927 1831,3928 1831,3930 1831,3930 1826,3930 1825,3931 1825,3932 1823,3934 1811,3934 1810,3934 1810,3930 1810,3929 1784,3929 1782,3927 1711,3927 1710,3927 1710,3926 1710,3925 1661,3925 1660,3926 1660,3939 1660,3939 1658,3939 1657,3939 1657,3926 1657,3925 1646,3925 1645,3926 1645,3928 1644,3929 1601,3929 1600,3930 1600,3935 1598,3937 1593,3937 1592,3938 1592,3941 1591,3942 1529,3942 1528,3943 1528,3951 1528,3951 1527,3951 1526,3952 1526,3961 1526,3961 1524,3961 1519,3966 1461,3966 1460,3967 1442,3967 1441,3967 1441,3928 1441,3927 1367,3927 1366,3927 1366,3926 1364,3923 1314,3923 1313,3924 1313,3942 1311,3944 1309,3944 1308,3944 1308,3924 1308,3923 1241,3923 1237,3927 1225,3927 1223,3925 999,3925 997,3923 996,3923 995,3922 991,3922 988,3920 988,3918 988,3917 986,3917 982,3913 937,3913 936,3913 936,3908 938,3906 971,3906 972,3905 972,3904 973,3903 974,3903 974,3903 974,3883 975,3882 976,3882 976,3882 976,3878 979,3875 979,3873 980,3872 981,3872 981,3872 981,3871 982,3870 983,3870 983,3870 983,3868 990,3861 990,3825 991,3824 1007,3824 1007,3824 1007,3820 1010,3817 1022,3817 1022,3818 1022,3848 1023,3848 1063,3848 1064,3850 1064,3851 1065,3851 1172,3851 1172,3851 1172,3814 1173,3813 1174,3813 1175,3812 1175,3811 1176,3810 1192,3810 1193,3812 1193,3825 1194,3825 1277,3825 1277,3825 1277,3816 1278,3815 1282,3815 1282,3815 1282,3813 1283,3812 1447,3812 1447,3813 1447,3817 1448,3817 1449,3817 1449,3818 1449,3819 1450,3819 1513,3819 1514,3818 1523,3818 1525,3820 1526,3820 1526,3821 1526,3822 1527,3822 1529,3822 1530,3824 1530,3851 1531,3851 1616,3851 1616,3851 1616,3849 1617,3848 1617,3847 1618,3846 1662,3846 1662,3846 1662,3837 1663,3836 1726,3836 1726,3836 1726,3814 1727,3813 1738,3813 1739,3812 1746,3812 1748,3815 1748,3839 1749,3839 1782,3839 1782,3840 1782,3844 1783,3844 1828,3844 1829,3846 1829,3853 1830,3853 1832,3853 1834,3855 1870,3855 1870,3855 1870,3816 1871,3815 1873,3815 1873,3815 1873,3812 1874,3811 1875,3811 1875,3812 1875,3815 1876,3815 1878,3815 1880,3818 1880,3821 1882,3823 1882,3825 1883,3825 1885,3825 1886,3827 1886,3855 1887,3855 1915,3855 1915,3855 1915,3854 1916,3853 1923,3853 1925,3851 1949,3851 1949,3852 1949,3854 1951,3855 2050,3855 2054,3851 2054,3845 2055,3844 2056,3846 2056,3851 2057,3851 2064,3851 2064,3852 2064,3854 2066,3855 2150,3855 2150,3855 2150,3841 2152,3839 2157,3839 2161,3844 2161,3853 2162,3853 2296,3853 2297,3855 2297,3856 2298,3856 2346,3856 2346,3857 2346,3859 2348,3860 2411,3860 2415,3856 2429,3856 2429,3856 2429,3847 2430,3846 2438,3846 2438,3846 2438,3818 2443,3813 2446,3813 2447,3812 2458,3812 2460,3815 2460,3841 2461,3841 2494,3841 2494,3842 2494,3855 2495,3855 2589,3855 2589,3855 2589,3823 2591,3821 2591,3820 2592,3819 2592,3818 2593,3817 2606,3817 2608,3820 2608,3851 2611,3853 2728,3853 2730,3851 2818,3851 2818,3851 2818,3850 2819,3849 2827,3849 2829,3851 2891,3851 2893,3853 2957,3853 2957,3853 2957,3852 2958,3851 2959,3851 2959,3851 2959,3844 2960,3843 2960,3839 2962,3837 2962,3834 2969,3827 2969,3825 2972,3822 2974,3822 2976,3820 2976,3818 2977,3817 2979,3817 2981,3815 2981,3813 2982,3812 2991,3812 2991,3812 2991,3811 2992,3810 2993,3810 2993,3810 2993,3808 2995,3806 3007,3806 3008,3805 3079,3805 3079,3806 3079,3810 3080,3810 3081,3810 3081,3811 3081,3846 3082,3846 3151,3846 3153,3844 3155,3844 3156,3843 3158,3843 3158,3843 3158,3822 3160,3820 3160,3813 3162,3811 3162,3807 3164,3805 3174,3805 3174,3806 3174,3839 3175,3839 3239,3839 3239,3839 3239,3802 3240,3801 3258,3801 3258,3802 3258,3877 3259,3877 3287,3877 3287,3878 3287,3880 3289,3882 3289,3884 3292,3887 3292,3896 3291,3897 3291,3900 3289,3902 3289,3906 3285,3910 3285,3911 3285,3911 3247,3911 3246,3912 3246,3958 3246,3958 3230,3958 3229,3958 3229,3912 3229,3911 3171,3911 3170,3912 3170,3913 3170,3913 3166,3913 3165,3914 3165,3915 3165,3915 3153,3915 3151,3913 3080,3913 3079,3914 3079,3915 3079,3915 3070,3915 3068,3917 3039,3917 3038,3918 3036,3918 3034,3920 3020,3920 3018,3922 3005,3922 3003,3920 2989,3920 2988,3920 2988,3918 2986,3915 2982,3915 2981,3915 2981,3914 2981,3913 2980,3913 2979,3913 2979,3911 2979,3910 2913,3910 2912,3911 2912,3917 2912,3917 2908,3917 2907,3918 2907,3920 2905,3922 2901,3922 2900,3923 2900,3966 2900,3966 2887,3966 2886,3966 2886,3928 2886,3927 2879,3927 2878,3927 2878,3926 2878,3925 2874,3925 2872,3923 2678,3923 2677,3924 2677,3925 2677,3925 2673,3925 2672,3926 2672,3945 2671,3946 2611,3946 2610,3947 2610,3950 2608,3952 2608,3958 2608,3958 2607,3958 2606,3959 2606,3961 2606,3961 2604,3961 2603,3962 2603,3964 2601,3966 2585,3966 2584,3966 2584,3928 2584,3927 2525,3927 2523,3925 2488,3925 2487,3926 2487,3967 2487,3967"/><TextEquiv><Unicode/></TextEquiv><TextEquiv index="1"><Unicode>étoit l'objet des amours du jeune Chéri.</Unicode></TextEquiv></TextLine><TextLine id="l25"><Coords points="2059,4132 2058,4132 2058,4105 2058,4104 1959,4104 1958,4104 1958,4102 1956,4099 1950,4099 1949,4099 1949,4084 1949,4083 1863,4083 1861,4085 1826,4085 1825,4086 1825,4099 1823,4101 1821,4101 1820,4102 1820,4104 1820,4104 1813,4104 1811,4106 1804,4106 1803,4107 1802,4107 1800,4106 1800,4104 1794,4097 1765,4097 1763,4096 1763,4088 1760,4085 1760,4083 1760,4082 1723,4082 1722,4083 1722,4129 1722,4129 1704,4129 1703,4129 1703,4083 1703,4082 1691,4082 1690,4083 1678,4083 1677,4084 1677,4089 1677,4089 1622,4089 1621,4090 1621,4093 1620,4094 1618,4094 1617,4095 1617,4099 1617,4099 1610,4099 1609,4099 1609,4095 1609,4094 1608,4094 1607,4094 1607,4093 1607,4092 1605,4092 1603,4091 1603,4081 1603,4080 1515,4080 1514,4081 1514,4083 1514,4083 1510,4083 1509,4084 1509,4085 1509,4085 1476,4085 1475,4086 1475,4098 1474,4099 1472,4099 1470,4101 1464,4101 1462,4100 1462,4098 1462,4097 1453,4097 1452,4098 1452,4127 1452,4127 1433,4127 1432,4127 1432,4098 1432,4097 1422,4097 1421,4097 1421,4086 1421,4085 1405,4085 1403,4083 1376,4083 1375,4082 1369,4082 1368,4082 1368,4081 1368,4080 1299,4080 1296,4083 1273,4083 1272,4084 1272,4098 1271,4099 1266,4099 1265,4099 1265,4097 1265,4096 1226,4096 1225,4095 1223,4095 1222,4094 1218,4094 1217,4094 1217,4081 1217,4080 1137,4080 1135,4078 1067,4078 1065,4080 1063,4080 1061,4082 967,4082 964,4080 964,4072 965,4071 965,4068 967,4066 979,4066 979,4066 979,4057 980,4056 983,4056 983,4056 983,3980 983,3979 976,3979 974,3977 972,3977 969,3975 969,3969 970,3968 972,3968 974,3966 982,3966 984,3968 1027,3968 1027,3969 1027,3973 1028,3973 1060,3973 1060,3974 1060,4039 1061,4039 1069,4039 1069,4040 1069,4070 1070,4070 1132,4070 1132,4070 1132,4014 1133,4013 1135,4013 1137,4011 1161,4011 1161,4011 1161,3984 1163,3982 1163,3973 1164,3972 1172,3972 1172,3973 1172,3984 1173,3984 1174,3984 1174,3985 1174,4008 1175,4008 1213,4008 1213,4008 1213,4007 1214,4006 1215,4006 1215,4006 1215,3997 1216,3996 1261,3996 1261,3997 1261,4008 1262,4008 1292,4008 1293,4009 1297,4009 1299,4011 1304,4011 1304,4012 1304,4014 1305,4014 1370,4014 1375,4009 1395,4009 1395,4009 1395,3977 1399,3973 1401,3973 1402,3972 1403,3972 1405,3970 1440,3970 1440,3970 1440,3968 1441,3967 1461,3967 1461,3968 1461,3970 1463,3972 1463,3997 1464,3998 1464,3999 1465,3999 1466,3999 1466,4000 1466,4003 1467,4003 1499,4003 1500,4005 1500,4012 1504,4015 1577,4015 1581,4011 1591,4011 1593,4009 1603,4009 1603,4009 1603,3972 1605,3970 1662,3970 1662,3971 1662,3975 1663,3975 1664,3975 1664,3976 1664,3978 1665,3979 1665,4009 1666,4009 1731,4009 1731,4009 1731,3974 1732,3973 1736,3973 1737,3972 1740,3972 1742,3970 1748,3970 1748,3970 1748,3969 1749,3968 1760,3968 1760,3969 1760,3992 1761,3992 1813,3992 1813,3993 1813,3999 1814,3999 1815,3999 1815,4000 1815,4008 1816,4008 1863,4008 1864,4009 1990,4009 1990,4009 1990,3977 1992,3975 1994,3975 1994,3975 1994,3974 1995,3973 1996,3973 1997,3972 2009,3972 2009,3973 2009,3974 2011,3976 2011,3990 2013,3992 2013,3997 2014,3997 2057,3997 2058,3999 2058,4013 2059,4013 2138,4013 2140,4011 2231,4011 2231,4011 2231,3982 2233,3980 2233,3974 2234,3973 2235,3973 2236,3972 2277,3972 2278,3971 2278,3969 2281,3966 2291,3966 2293,3969 2293,3970 2294,3970 2436,3970 2436,3970 2436,3969 2437,3968 2438,3968 2438,3968 2438,3966 2439,3965 2441,3965 2442,3966 2446,3966 2447,3967 2488,3967 2489,3968 2494,3968 2494,3969 2494,3973 2495,3973 2496,3973 2496,3974 2496,4013 2497,4013 2585,4013 2587,4011 2592,4011 2594,4009 2618,4009 2619,4008 2701,4008 2702,4009 2771,4009 2772,4008 2885,4008 2885,4008 2885,3967 2886,3966 2901,3966 2903,3968 2905,3968 2905,3969 2905,4001 2906,4001 2935,4001 2935,4002 2935,4003 2936,4003 2942,4003 2943,4005 2943,4006 2944,4006 2945,4006 2945,4007 2945,4008 2946,4008 3062,4008 3062,4008 3062,4007 3065,4004 3070,4004 3071,4003 3097,4003 3099,4001 3177,4001 3177,4001 3177,4000 3178,3999 3179,3999 3179,3999 3179,3998 3180,3997 3229,3997 3229,3997 3229,3959 3230,3958 3246,3958 3246,3959 3246,3994 3247,3994 3277,3994 3277,3994 3277,3993 3278,3992 3285,3992 3287,3994 3290,3994 3292,3997 3292,3999 3293,3999 3294,3999 3294,4000 3294,4051 3294,4051 3293,4051 3292,4052 3292,4056 3292,4056 3290,4056 3285,4061 3283,4061 3282,4062 3282,4071 3282,4071 3261,4071 3260,4072 3260,4073 3260,4073 3256,4073 3254,4072 3254,4071 3254,4070 3187,4070 3186,4071 3184,4071 3182,4073 3175,4073 3173,4071 3082,4071 3081,4072 3081,4073 3081,4073 3072,4073 3070,4075 3049,4075 3048,4076 3048,4100 3047,4101 3003,4101 3002,4102 3001,4102 3000,4103 3000,4104 3000,4104 2999,4104 2998,4105 2998,4106 2998,4106 2994,4106 2992,4108 2991,4107 2984,4107 2983,4106 2979,4106 2978,4106 2978,4102 2978,4101 2965,4101 2964,4102 2964,4121 2964,4121 2953,4121 2952,4121 2952,4102 2952,4101 2926,4101 2924,4100 2924,4079 2924,4078 2863,4078 2862,4079 2862,4124 2862,4124 2855,4124 2854,4123 2853,4123 2852,4123 2852,4119 2852,4118 2846,4118 2845,4118 2845,4114 2845,4113 2843,4113 2842,4113 2842,4083 2842,4082 2709,4082 2708,4083 2695,4083 2694,4084 2694,4085 2694,4085 2685,4085 2684,4086 2684,4100 2683,4101 2674,4101 2673,4102 2667,4102 2666,4102 2666,4100 2666,4099 2599,4099 2598,4100 2598,4102 2598,4102 2594,4102 2592,4104 2592,4106 2592,4106 2583,4106 2581,4108 2578,4108 2572,4114 2572,4116 2572,4116 2571,4116 2570,4117 2570,4118 2570,4118 2566,4118 2565,4119 2565,4130 2565,4130 2563,4130 2562,4131 2545,4131 2544,4131 2544,4129 2544,4128 2521,4128 2520,4128 2520,4127 2520,4126 2519,4126 2518,4126 2517,4125 2517,4124 2517,4123 2513,4123 2512,4123 2512,4121 2508,4116 2507,4116 2506,4116 2506,4103 2506,4102 2454,4102 2453,4102 2453,4084 2453,4083 2408,4083 2407,4084 2407,4092 2407,4092 2404,4092 2403,4092 2403,4084 2403,4083 2375,4083 2374,4084 2374,4102 2374,4102 2341,4102 2340,4103 2340,4131 2340,4131 2328,4131 2326,4130 2326,4105 2326,4104 2320,4104 2319,4104 2319,4096 2319,4095 2291,4095 2290,4094 2253,4094 2252,4094 2252,4093 2252,4092 2251,4092 2250,4092 2250,4091 2250,4090 2177,4090 2176,4091 2176,4099 2174,4101 2174,4102 2174,4102 2172,4102 2171,4103 2171,4132 2171,4132"/><TextEquiv><Unicode/></TextEquiv><TextEquiv index="1"><Unicode>Il me dit d'abord qu'il l'ignoroit; mais</Unicode></TextEquiv></TextLine><TextLine id="l26"><Coords points="2239,4288 2238,4288 2238,4282 2238,4281 1907,4281 1906,4281 1906,4262 1906,4261 1557,4261 1555,4259 1312,4259 1311,4259 1311,4258 1311,4257 1231,4257 1230,4257 1230,4256 1230,4255 1114,4255 1113,4256 1113,4281 1114,4281 1122,4281 1122,4282 1122,4282 1106,4282 1105,4282 1105,4256 1105,4255 1082,4255 1081,4255 1081,4248 1081,4247 943,4247 941,4246 941,4235 943,4233 943,4196 944,4195 974,4195 974,4195 974,4193 979,4188 979,4184 980,4183 981,4183 981,4183 981,4181 982,4180 984,4180 984,4180 984,4178 988,4174 990,4174 991,4173 998,4173 998,4173 998,4172 999,4171 1007,4171 1007,4171 1007,4170 1009,4168 1019,4168 1019,4168 1019,4136 1020,4135 1027,4135 1029,4133 1428,4133 1428,4133 1428,4131 1432,4127 1452,4127 1452,4128 1452,4129 1453,4129 1722,4129 1722,4130 1722,4131 1723,4131 2562,4131 2563,4130 2854,4130 2854,4130 2854,4125 2855,4124 2909,4124 2910,4123 2948,4123 2950,4121 3005,4121 3005,4122 3005,4135 3006,4135 3007,4135 3007,4136 3007,4149 3008,4149 3248,4149 3248,4150 3248,4154 3249,4155 3249,4159 3250,4159 3251,4159 3251,4160 3251,4169 3252,4169 3295,4169 3298,4173 3298,4183 3299,4184 3299,4192 3299,4192 3286,4192 3285,4193 3284,4193 3282,4195 3282,4200 3282,4200 3261,4200 3260,4201 3260,4219 3260,4219 3259,4219 3258,4220 3258,4221 3258,4221 3223,4221 3221,4223 3180,4223 3177,4226 3177,4235 3177,4235 3176,4235 3174,4237 3145,4237 3144,4238 3144,4250 3144,4250 3141,4250 3139,4252 3135,4252 3134,4253 3134,4254 3134,4254 3099,4254 3098,4255 3098,4259 3098,4259 2908,4259 2907,4260 2907,4281 2907,4281 2903,4281 2902,4282 2764,4282 2763,4283 2763,4285 2763,4285 2260,4285 2259,4286 2259,4288 2259,4288"/><TextEquiv><Unicode/></TextEquiv><TextEquiv index="1"><Unicode>de maniere à me faire croire qu'il vou-</Unicode></TextEquiv></TextLine><TextLine id="l27"><Coords points="2389,4445 2388,4445 2388,4444 2388,4443 2382,4443 2381,4443 2381,4442 2381,4441 2380,4441 2379,4441 2379,4440 2379,4439 2378,4439 2377,4439 2377,4418 2377,4417 2227,4417 2226,4418 2226,4434 2226,4434 2222,4434 2221,4434 2221,4422 2221,4421 2086,4421 2085,4420 2084,4420 2083,4419 1933,4419 1932,4420 1932,4422 1932,4422 1928,4422 1926,4420 1907,4420 1906,4420 1906,4416 1905,4414 1744,4414 1741,4417 1677,4417 1675,4419 1478,4419 1474,4415 1472,4415 1471,4415 1471,4411 1471,4410 1465,4410 1464,4410 1464,4406 1464,4405 1460,4405 1459,4405 1459,4401 1459,4400 1283,4400 1282,4401 1282,4408 1282,4408 1280,4408 1278,4410 1214,4410 1213,4411 1213,4413 1212,4414 1196,4414 1194,4413 1194,4411 1194,4410 1078,4410 1077,4410 1077,4408 1077,4407 972,4407 971,4407 971,4406 971,4405 934,4405 933,4405 933,4396 936,4393 936,4391 938,4389 952,4389 952,4389 952,4384 953,4383 959,4383 959,4383 959,4356 960,4355 977,4355 977,4355 977,4288 980,4285 986,4285 986,4285 986,4284 987,4283 1104,4283 1105,4282 1122,4282 1122,4283 1122,4312 1123,4312 1266,4312 1270,4317 1270,4324 1271,4324 1442,4324 1442,4324 1442,4287 1443,4286 1449,4286 1450,4285 1461,4285 1461,4286 1461,4293 1462,4293 1464,4293 1464,4294 1464,4326 1465,4326 1622,4326 1622,4326 1622,4307 1624,4305 1631,4305 1631,4306 1631,4307 1632,4307 1782,4307 1782,4307 1782,4291 1783,4290 1787,4290 1789,4288 1793,4288 1793,4288 1793,4287 1794,4286 1803,4286 1803,4287 1803,4288 1804,4288 1806,4288 1808,4291 1808,4307 1809,4307 2064,4307 2064,4307 2064,4291 2065,4290 2069,4290 2071,4288 2260,4288 2262,4291 2262,4293 2263,4293 2265,4293 2267,4296 2267,4329 2268,4329 2419,4329 2419,4329 2419,4327 2420,4326 2468,4326 2468,4326 2468,4325 2469,4324 2469,4323 2470,4322 2470,4320 2471,4319 2472,4319 2472,4319 2472,4318 2473,4317 2587,4317 2587,4317 2587,4313 2588,4312 2591,4312 2591,4312 2591,4311 2592,4310 2593,4309 2594,4309 2594,4309 2594,4308 2595,4307 2596,4307 2596,4307 2596,4293 2598,4291 2599,4291 2599,4291 2599,4289 2600,4288 2601,4288 2601,4288 2601,4287 2602,4286 2606,4286 2608,4284 2608,4282 2609,4281 2615,4281 2615,4281 2615,4280 2616,4279 2628,4279 2630,4281 2671,4281 2675,4285 2888,4285 2888,4285 2888,4284 2889,4283 2890,4283 2891,4282 2902,4282 2903,4281 3081,4281 3081,4281 3081,4280 3082,4279 3136,4279 3136,4279 3136,4277 3139,4274 3144,4274 3145,4273 3207,4273 3210,4270 3210,4268 3211,4267 3226,4267 3232,4273 3234,4273 3234,4274 3234,4278 3235,4278 3236,4278 3236,4279 3236,4303 3237,4303 3285,4303 3285,4304 3285,4305 3286,4305 3287,4305 3287,4306 3287,4308 3291,4312 3291,4324 3292,4325 3292,4355 3293,4355 3301,4355 3301,4356 3301,4360 3303,4362 3303,4370 3302,4371 3300,4371 3297,4374 3297,4381 3297,4381 3280,4381 3279,4382 3279,4394 3279,4394 3278,4395 3276,4395 3275,4396 3275,4398 3275,4398 3273,4398 3272,4399 3272,4401 3271,4402 3261,4402 3260,4403 3260,4404 3257,4407 3254,4407 3253,4408 3252,4408 3251,4407 3096,4407 3095,4408 3095,4413 3094,4414 2958,4414 2957,4415 2941,4415 2940,4416 2940,4417 2940,4417 2817,4417 2816,4418 2816,4419 2816,4419 2814,4419 2813,4420 2811,4420 2809,4422 2807,4422 2805,4424 2803,4424 2802,4425 2802,4426 2802,4426 2679,4426 2678,4427 2678,4436 2678,4436 2619,4436 2618,4436 2618,4420 2618,4419 2594,4419 2592,4417 2442,4417 2441,4418 2441,4436 2441,4436 2420,4436 2419,4437 2419,4441 2419,4441 2416,4441 2415,4442 2415,4443 2415,4443 2396,4443 2395,4444 2395,4445 2395,4445"/><TextEquiv><Unicode/></TextEquiv><TextEquiv index="1"><Unicode>loit me le cacher. Je le preſſai; il réſiſta</Unicode></TextEquiv></TextLine><TextLine id="l28"><Coords points="2554,4601 2551,4598 2549,4598 2548,4598 2548,4597 2548,4596 2547,4596 2546,4596 2546,4594 2544,4591 2542,4591 2541,4591 2541,4576 2541,4575 2196,4575 2195,4576 2195,4577 2195,4577 2009,4577 2008,4578 2008,4600 2008,4600 2000,4600 1999,4599 1816,4599 1815,4598 1727,4598 1726,4598 1726,4597 1726,4596 1725,4596 1724,4596 1724,4590 1724,4589 1646,4589 1645,4589 1645,4569 1645,4568 1644,4568 1643,4568 1643,4566 1643,4565 1316,4565 1315,4566 1315,4588 1314,4589 1307,4589 1306,4590 1306,4591 1306,4591 1304,4591 1303,4592 1218,4592 1217,4593 1217,4594 1217,4594 1211,4594 1206,4589 1015,4589 1013,4587 953,4587 950,4585 950,4563 950,4562 948,4562 947,4561 941,4561 940,4561 940,4559 943,4556 943,4552 944,4551 969,4551 969,4551 969,4511 971,4509 971,4507 972,4506 972,4505 974,4503 974,4501 976,4499 976,4497 979,4494 981,4494 981,4494 981,4492 984,4489 986,4489 989,4486 993,4486 993,4486 993,4485 994,4484 1020,4484 1022,4482 1098,4482 1099,4481 1206,4481 1206,4481 1206,4444 1207,4443 1208,4443 1208,4443 1208,4440 1209,4439 1221,4439 1224,4443 1224,4465 1225,4465 1263,4465 1263,4466 1263,4475 1264,4475 1324,4475 1326,4477 1517,4477 1519,4479 1523,4479 1523,4480 1523,4481 1524,4481 1629,4481 1630,4482 1698,4482 1698,4483 1698,4484 1699,4484 1989,4484 1989,4484 1989,4459 1990,4458 1990,4457 1992,4455 1992,4454 1993,4453 1994,4453 1994,4453 1994,4451 1999,4446 2001,4446 2003,4444 2011,4444 2012,4443 2020,4443 2021,4444 2026,4444 2028,4446 2031,4446 2035,4450 2037,4450 2037,4451 2037,4455 2038,4455 2039,4455 2039,4456 2039,4457 2040,4458 2040,4472 2041,4472 2381,4472 2381,4472 2381,4449 2384,4446 2388,4446 2389,4445 2619,4445 2621,4443 2637,4443 2640,4446 2642,4446 2642,4447 2642,4449 2646,4453 2646,4472 2647,4472 2948,4472 2948,4472 2948,4443 2952,4439 2952,4437 2953,4436 2969,4436 2969,4437 2969,4455 2970,4455 3265,4455 3265,4455 3265,4430 3266,4429 3268,4429 3268,4430 3268,4457 3269,4457 3296,4457 3297,4458 3301,4458 3301,4459 3301,4462 3302,4462 3303,4462 3304,4464 3304,4479 3304,4479 3302,4479 3301,4480 3301,4482 3301,4482 3299,4482 3298,4483 3298,4522 3297,4523 3297,4531 3297,4531 3288,4531 3285,4534 3262,4534 3261,4535 3261,4536 3261,4536 3256,4536 3255,4537 3255,4540 3254,4541 3173,4541 3172,4542 3172,4582 3172,4582 3171,4582 3170,4583 3170,4584 3170,4584 3156,4584 3154,4586 3145,4586 3144,4587 3094,4587 3093,4588 3093,4589 3093,4589 3078,4589 3077,4590 3077,4591 3077,4591 3062,4591 3058,4588 3058,4576 3058,4575 2568,4575 2567,4576 2567,4599 2567,4599 2565,4599 2563,4601"/><TextEquiv><Unicode/></TextEquiv><TextEquiv index="1"><Unicode>quelque temps, &amp; voulut s'envelopper</Unicode></TextEquiv></TextLine><TextLine id="l29"><Coords points="2136,4752 2135,4751 2133,4751 2131,4750 2131,4748 2131,4747 2129,4747 2128,4746 1920,4746 1918,4745 1918,4726 1918,4725 1351,4725 1350,4726 1350,4751 1350,4751 1349,4750 1207,4750 1206,4750 1206,4722 1206,4721 1202,4721 1201,4721 1201,4709 1201,4708 1024,4708 1022,4706 994,4706 993,4706 993,4705 993,4704 991,4704 990,4703 986,4703 984,4701 982,4701 981,4701 981,4700 981,4699 980,4699 979,4699 979,4698 978,4696 969,4696 967,4695 967,4668 969,4666 969,4662 970,4661 971,4661 971,4661 971,4660 972,4659 972,4656 974,4654 976,4654 977,4653 977,4651 981,4647 981,4645 982,4644 983,4644 983,4644 983,4643 984,4642 990,4642 991,4641 991,4640 992,4639 1010,4639 1010,4639 1010,4638 1011,4637 1015,4637 1015,4637 1015,4601 1017,4599 1029,4599 1030,4598 1033,4598 1033,4599 1033,4601 1034,4602 1034,4618 1035,4618 1203,4618 1203,4619 1203,4632 1204,4632 1557,4632 1557,4632 1557,4626 1558,4625 1643,4625 1643,4625 1643,4600 1644,4599 1844,4599 1845,4600 2008,4600 2009,4601 2257,4601 2257,4602 2257,4603 2258,4603 2260,4603 2263,4606 2264,4606 2264,4607 2264,4618 2266,4620 2266,4641 2267,4641 2611,4641 2611,4641 2611,4640 2612,4639 2673,4639 2673,4639 2673,4632 2675,4630 2692,4630 2692,4630 2692,4602 2693,4601 2695,4601 2697,4599 2708,4599 2709,4598 2891,4598 2897,4592 2909,4592 2910,4591 2924,4591 2925,4592 2931,4592 2931,4593 2931,4594 2932,4594 2933,4594 2933,4595 2933,4597 2935,4599 2935,4606 2936,4606 2986,4606 2986,4607 2986,4615 2987,4615 3287,4615 3288,4616 3291,4616 3293,4618 3295,4618 3300,4623 3302,4623 3303,4625 3303,4629 3304,4630 3304,4642 3305,4642 3306,4642 3306,4643 3306,4647 3306,4647 3304,4647 3303,4648 3303,4674 3301,4676 3301,4680 3301,4680 3300,4680 3299,4681 3299,4684 3299,4684 3295,4684 3289,4690 3284,4690 3280,4694 3280,4696 3280,4696 3163,4696 3162,4697 3089,4697 3088,4698 3088,4702 3086,4704 3079,4704 3077,4706 3077,4709 3076,4710 3076,4712 3072,4716 3072,4725 3072,4725 3068,4725 3066,4727 2918,4727 2917,4728 2917,4732 2917,4732 2884,4732 2883,4732 2883,4731 2883,4730 2881,4730 2880,4730 2880,4729 2880,4728 2430,4728 2429,4729 2429,4732 2429,4732 2428,4732 2427,4733 2157,4733 2156,4734 2156,4736 2154,4738 2154,4745 2150,4749 2148,4749 2145,4752"/><TextEquiv><Unicode/></TextEquiv><TextEquiv index="1"><Unicode>du manteau du myſterr Enfin, me</Unicode></TextEquiv></TextLine><TextLine id="l30"><Coords points="2336,4935 2334,4934 2334,4918 2334,4917 2327,4917 2324,4915 2324,4912 2324,4911 1644,4911 1643,4912 1643,4928 1643,4928 1637,4928 1635,4930 1631,4930 1629,4928 1533,4928 1531,4927 1531,4925 1531,4924 1243,4924 1242,4923 1228,4923 1227,4923 1227,4884 1227,4883 1132,4883 1131,4883 1131,4865 1131,4864 1130,4864 1129,4864 1129,4862 1129,4861 986,4861 984,4859 958,4859 957,4859 957,4855 959,4853 959,4848 960,4847 960,4845 962,4843 962,4841 963,4840 964,4840 964,4840 964,4795 965,4794 1158,4794 1158,4794 1158,4760 1159,4759 1160,4759 1160,4759 1160,4752 1161,4751 1206,4751 1207,4750 1349,4750 1350,4751 1352,4751 1353,4752 1393,4752 1394,4754 1394,4787 1395,4788 1395,4792 1396,4792 1853,4792 1853,4792 1853,4791 1854,4790 1858,4790 1858,4790 1858,4783 1859,4782 2063,4782 2063,4782 2063,4762 2064,4761 2071,4761 2073,4759 2076,4759 2078,4757 2402,4757 2404,4759 2405,4759 2405,4760 2405,4794 2406,4794 2993,4794 2993,4794 2993,4793 2994,4792 3032,4792 3034,4790 3088,4790 3088,4790 3088,4786 3089,4785 3144,4785 3146,4783 3148,4783 3149,4782 3223,4782 3227,4778 3229,4778 3229,4778 3229,4743 3230,4742 3239,4742 3239,4743 3239,4744 3240,4744 3241,4744 3241,4745 3241,4768 3242,4768 3289,4768 3291,4770 3294,4770 3295,4771 3299,4771 3299,4772 3299,4773 3300,4773 3301,4773 3301,4774 3301,4778 3303,4780 3303,4783 3304,4784 3304,4786 3306,4788 3306,4824 3308,4826 3308,4850 3309,4850 3313,4850 3313,4851 3313,4852 3313,4852 3311,4852 3309,4854 3297,4854 3296,4855 3296,4857 3296,4857 3268,4857 3266,4859 3245,4859 3244,4860 3244,4869 3242,4871 3242,4873 3241,4874 3241,4876 3241,4876 3240,4876 3239,4877 3239,4879 3238,4880 3239,4880 3380,4880 3380,4881 3380,4881 3237,4881 3236,4882 3236,4886 3235,4887 3037,4887 3036,4888 3036,4890 3036,4890 3034,4890 3033,4891 3033,4895 3033,4895 3032,4895 3031,4896 3031,4900 3031,4900 3027,4900 3026,4899 2880,4899 2878,4898 2878,4891 2878,4890 2346,4890 2345,4891 2345,4915 2344,4916 2339,4916 2338,4917 2338,4934 2337,4935"/><TextEquiv><Unicode/></TextEquiv><TextEquiv index="1"><Unicode>dit-il, pourquoi voulez ous que je</Unicode></TextEquiv></TextLine><TextLine id="l31"><Coords points="2724,5098 2723,5098 2723,5051 2723,5050 2446,5050 2444,5049 2444,5041 2445,5040 2446,5040 2447,5039 2730,5039 2730,5039 2730,5010 2732,5008 2732,4958 2735,4955 2895,4955 2896,4954 2905,4954 2905,4954 2905,4953 2906,4952 2940,4952 2940,4952 2940,4915 2941,4914 2943,4914 2945,4912 2950,4912 2951,4911 2953,4911 2953,4911 2953,4909 2955,4907 3191,4907 3191,4907 3191,4900 3193,4898 3193,4896 3194,4895 3201,4895 3203,4893 3208,4893 3209,4892 3213,4892 3213,4893 3213,4919 3214,4919 3297,4919 3301,4923 3303,4923 3303,4924 3303,4928 3304,4928 3305,4929 3307,4929 3307,4930 3308,4931 3308,4933 3309,4933 3311,4933 3311,4934 3311,4943 3312,4943 3313,4943 3313,4944 3313,4998 3311,5000 3311,5003 3308,5006 3308,5019 3308,5019 3108,5019 3106,5021 3102,5021 3101,5022 3071,5022 3070,5023 3070,5024 3070,5024 3060,5024 3056,5028 2924,5028 2923,5029 2922,5029 2921,5030 2921,5031 2921,5031 2807,5031 2806,5032 2806,5039 2804,5041 2804,5043 2804,5043 2788,5043 2787,5044 2787,5046 2788,5046 3366,5046 3366,5047 3366,5055 3365,5056 3365,5058 3363,5060 3362,5060 3361,5061 3361,5064 3361,5064 3360,5064 3359,5065 2728,5065 2727,5066 2727,5097 2726,5098"/><TextEquiv><Unicode/></TextEquiv><TextEquiv index="1"><Unicode>che che</Unicode></TextEquiv></TextLine><TextEquiv><Unicode/></TextEquiv></TextRegion></Page></PcGts>