4266 6032
737 255 3193 453 cherche à mettre la diſſention entre
740 415 3231 612 deux amis comme Chéri & vous; on
814 572 3199 753 dit, du moins, qu'il a été votre ami. --
821 726 3199 905 Ahl ſans doute, m'écriai-je en ſoupi-
830 885 3205 1058 rant. -- Maistout le monde, ajouta-t-il,
836 1043 3210 1210 yvoit du changement. -- Le change-
843 1192 3210 1361 ment eſt viſible, répondis-je; mais
852 1351 3217 1521 j'en ignore la cauſe. Achevez, vous
859 1511 3217 1680 all peut - être me la découvrir.
864 1667 3237 1822 -- Vous voyez auſſi, reprit-il, du chan-
812 1791 3234 1985 gement dans votre Adélaide? -- Ah?
876 1978 3234 2135 m'écriai-je, c'eſt ce qui me déchire
880 2131 3241 2291 le cœur. J'en ignore auſſi la raiſon.
888 2276 3260 2447 Pourſuivez, je tremble. Voici le
893 2442 3234 2601 grand jour des révélations. -- Si je
855 2589 3239 2761 vous apprends, pourſuivit l'Abbé,
867 2750 3275 3068 duaile mnſenevosendiooeite
909 3053 3244 3227 Aces mots, il me ſembla que le cruel
912 3211 3253 3381 me lança un ſerpent qui pénétra dans
919 3366 3246 3537 mon ſein. Ah barbare, m'écriai-je,
924 3521 3248 3693 que dites-vous? Mais achevez de me
910 3640 3244 3850 percer le cœur. Dites, quelle eſt
926 3831 3253 4004 cette Maîtreſſe? -- Puiſque vous le
929 3987 3255 4164 voulez, reprit le perfide, cette
936 4133 3263 4321 Amanteaimée de Chéri qui va l'épou-
945 4291 3423 4476 ſer, ſelon le bruit public, c'eſt votre
953 4442 3260 4635 Adélaide. A ces mots, je pouſſe un
960 4594 3397 4978 éedetlſuaet lioe ſensie pane
979 4915 1574 5098 Tom. III.
