4266 6032
891 255 3258 432 dit; j'ai pu me tromper. Vous avez
888 410 3256 589 raiſon, tout cela n'eſt pas poſſible. Je
897 563 3261 743 me rétracte ſolennellement. -- Non,
898 723 3258 898 cruel, repartis-je, non, je vois votre
900 873 3253 1052 odieuſe fineſſe. Vous avez lancé
905 1036 3251 1207 le trait dans mon cœur, & vous
910 1186 3253 1358 voulez le laiſſer faire ſon effet, ſûr de
912 1339 3292 1513 m'avoir empoiſonné. Mais il ne ſera
916 1504 3315 1669 pas dit que vous aurez avancé des
916 1655 3249 1821 propos ſi odieux ſur le compte de
919 1810 3249 1972 deux infortunés honorés de l'eſtime
922 1966 3253 2128 publique, que vous les aurez cou-
921 2118 3249 2279 verts d'opprobre & d'infamie, ſans
924 2278 3246 2431 vous ſoucier de me donner aucune
886 2429 3313 2591 preuve. Je vous ſomme de me prou-
928 2586 3234 2744 ver ce que vous avez avancé, ſinon
929 2744 3236 2904 vous m'en répondrez. La vengeance
928 2895 3263 3056 ſera terrible... -- Ahl reprit l'Abbé,
905 3046 3344 3211 voilà ce que je craignois. Je ne vou-
910 3205 3237 3372 lois pas m'engager dans ces délations
931 3359 3234 3526 qui répugnoient à mon cœur; mais,
933 3512 3222 3676 puiſque vous voulez des preuves, il
936 3666 3284 3835 faut bien, pour mon honneur, que je
935 3821 3237 3991 vous en fourniſſe. Parlez donc;
935 3935 3224 4147 quelles preuves exigez-vous? quelle
941 4133 3224 4296 ſorce doivent - elles avoir? Si Adé-
945 4283 3272 4464 laide a donné ſon portrait à Chéri,
950 4434 3265 4614 ſi elle lui a ſacrifié vos lettres, croyez-
955 4598 3267 4778 vous que cela prouve quelque choſe?
960 4751 3337 4953 Et comment pouvez- vous ſavoir
2396 4917 2848 5059 I
