4266 6032
979 305 3299 508 ne pouvois me réſoudre à entrer furtive-
935 467 3301 623 ment dans un appartement, à violer
936 621 3292 776 l'aſile d'un honête homme, & à lui ra-
979 773 3282 938 vir ſes ſecrets par cette odieuſe voie:
986 928 3280 1090 mais une fatale curioſité m'entraînoit.
943 1086 3291 1241 Je ſuivis mes lâches guides. Nous trou-
986 1241 3287 1401 vâmes, dans un ſecrétaire, le portrait
990 1394 3287 1551 d'Adélaide, que j'avois fait faire moi-
986 1545 3289 1710 même, dont je lui avoit fait préſent; le
935 1698 3285 1859 mien, que la Princeſſe lui avoit donné;
983 1855 3291 2017 ne bague treſſée de mes cheveux, don
984 2013 3287 2170 ſacré de l'amour honnête, qui me pa-
947 2164 3282 2327 roiſſoit indignement trahi; une infinité
943 2321 3282 2480 d'autres petits cadeaux que j'avois faits
988 2475 3282 2637 à la cruelle; & enfin, toutes les lettres
986 2630 3284 2789 que je lui avois écrites. A cette vue, je
936 2780 3285 2976 tombai tout à coup à la renverſe ſur le
984 2935 3289 3088 lit du barbare Cheri. Mes yeux ſe voi-
984 3094 3285 3255 lerent un moment des ombres de la
938 3248 3287 3411 mort. Je les rouvris bientôt. L'Abbé
983 3402 3294 3567 voulut m'adminiſtrer des ſecours; je le
983 3559 3292 3721 repouſſai avec horreur, &, ſans lui dire
934 3717 3294 3880 unmot, je m'enſuis précipitammentchez
981 3870 3291 3997 moi. Je tremblois de tous mes mem-
934 4018 3291 4189 bres. J'eus cependant la force de me
979 4182 3292 4342 mettre ſeul au lit, mon domeſtique étant
934 4336 3292 4496 au bal. Je me couvris beaucoup, pour
969 4487 3292 4654 tranſpirer & me guérir d'un friſſon uni-
971 4642 3287 4814 verſel qui me tourmentoit. Je reſtai
969 4787 3292 4971 long-temps immobile, inſenſible, dans
