4266 6032
904 281 3289 459 Jequittai auſſi le malheureux Chéri, qui
941 443 3328 613 me tendoit les bras, & qui paroiſſoit
943 599 3299 763 foudroyé. Je lui dis en partant: uMon-
923 757 3299 921 ſieur, je vous donnerai de mes nou-
950 912 3292 1074 velles. Un ami ſurvenu le ſoutint &
909 1066 2732 1230 l'entraîna, & je partis furieux.
1072 1223 3289 1388 Je rentrai chez moi encore tourmenté
952 1382 3294 1557 des accès orageux de la plus violente
898 1531 3294 1699 colere. uC'en eſt donc fait, me diſois-
957 1688 3289 1861 je, le parti en eſt pris. L'indigne
893 1844 3294 2005 Chéri mourra de ma main, ou moi
909 1996 3306 2157 de la ſiennen. Mais bientôt le re-
900 2148 3313 2317 mords vint ſuccéder à ma colere, & me
895 2303 3296 2476 préſenta ſes couleuvres. J'étois comme
893 2463 3289 2634 un homme égaré dans une forêt, qui,
897 2615 3315 2783 après la ſoudre & la tempête, entendroit
895 2753 3313 2938 ſiffler les ſerpens, rugir les monſtres
893 2919 3316 3092 ſauvages, & ſe verroit expoſé à en être
893 3074 3299 3248 dévoré. Malheureux me diſois-je, que
945 3232 3299 3406 nvas-tu faire? Plonger la mort dans le
893 3387 3298 3559 ſein de ton ami, aſſaſſiner celui qui te
893 3539 3318 3715 fut cher, qui combattit àtes côtés pour
893 3698 3320 3868 tavie, que tout Milan admire comme
898 3865 3315 4029 un être angélique, que le Ciel ſem-
900 4006 3310 4181 bloitvoir, avec complaiſance, uniavec
893 4168 3306 4342 toil Et que dira la Princeſſe?... Ah?
893 4321 3325 4496 fût-il, à mon égard, l'homme du monde
893 4470 3323 4656 le plus coupable, il doit être ſacré pour
910 4637 3318 4826 moi, puiſqu'il eſt ſous la protection
909 4782 3332 4959 de mon adorable bienfaitrice. Et la
