4266 6032
992 293 3339 485 cruelle Adélaidel.. Ne lui porterai-
990 480 3335 649 je pas auſſi la mort dans le ſein, en
988 632 3339 802 immolant ſon nouvel Amant? Elle le
990 793 3339 961 mérite ſans doute auſſi, la perfide;
991 949 3335 1119 mais puis -je tourmenter Adélaide,
988 1100 2952 1273 quoiqu'elle ſoit coupable?
964 1246 3335 1432 Le maudit Abbé vint. Il me plaignit
986 1419 3318 1587 beaucoup de la dure néceſſité où il me
984 1573 3316 1744 voyoit de me battre contre mon ami. Je
984 1726 3323 1901 lui peignis mes remords. Il n'oſa les
959 1882 3339 2051 combattre de front. Il affecta même d'y
980 2039 3339 2223 applaudir: Mais, ô fatal honneurl
981 2193 3313 2368 s'écrioit-il, idole des braves guer-
953 2351 3332 2516 riers, faut-il que des remords ſi ver-
974 2503 3322 2676 tueux ſe taiſent devant toi, & pa-
969 2657 3297 2832 roiſſent une lâcheté révoltante, qu'on
965 2812 3313 2988 doit repouſſer avec horreur? -- Mais
965 2971 3313 3146 pourquoi, interrompis-je, immoler
959 3115 3339 3300 nun ami? Suis-je ſi ſûr de ſon crimel
960 3280 3335 3451 Il a mes lettres; qui ſait s'il ne lesa
953 3439 3339 3613 npas volées? Du moins je n'ai pas-vu
953 3592 3332 3762 les ſiennes. Il faut, pour le croite
959 3758 3335 3927 ncoupable, que je voye des preuves
948 3901 3303 4077 de ſa main, ou que j'en entende de
953 4080 1880 4238 ſa bouche.
1108 4207 3339 4410 L'odieux Abbé parut aſſez mécon-
954 4364 3339 4552 tent de mes réflexons. Il fronçoit le
948 4524 3339 4709 ſourcil & ruminoit en lui-même. Enfin,
941 4683 3339 4868 je le vis ſortir ſans me dire un mot; mais
943 4845 3339 5031 paroiſſant couver quelque deſſein.
