4266 6032
1124 262 3387 440 Je voulois me retirer ſans rien dîre;
972 423 3395 584 mais deux de ces écervelés me ſuivi-
971 580 3392 740 rent, deux autres reſterent auprès de
974 732 3387 900 Chéri. Je tâchois de me défaire d'eux;
976 891 3383 1053 mais je n'en pus venir à bout. Ils vou-
974 1048 3335 1208 loient abſolument diriger notre com-
977 1203 3318 1365 bat, s'en rendre maîtres. Nous vous
972 1359 3315 1521 ſervirons de témoins, me dirent-ils.
976 1517 3316 1710 Les deux autres rempliront le même
977 1672 3320 1834 office auprès de Cheri. Nous arran-
979 1825 3322 1991 gerons tout pour vous faire ſoigner
976 1980 3320 2144 tous deux, en cas de bleſſures,
974 2138 3334 2333 & pour vous mettre en lieu de ſu-
976 2295 3334 2459 reten. Il fallut abſolument prendre
976 2450 3316 2615 l'heure & le lieu. Le moment fut fixé
971 2609 3327 2768 au lendemain, à ſix heures du mâtin.
971 2761 3316 2922 Le lieu fut un endroit écarté dans la
972 2921 3315 3083 campagne, caché par des arbres, mais
969 3072 3315 3242 proche du grand chemin. Il fut réglé
974 3230 3320 3392 que je laiſſerois à mon adverſaire le
967 3394 3328 3552 choi des armes; & mes extravagans
965 3547 3356 3712 témoins partirent, pour lui faire part
969 3700 3323 3869 de nos arrangemens, & lui donnet
964 3855 3040 4022 l'heure & le lieu du rendez-vous.
1112 4016 3313 4183 Je paſſai la nuit la plus terrible, dans
972 4173 3320 4340 des ſonges orageux. Je me voyois,
972 4326 3323 4497 comme Oreſte, tourmenté par les Fu-
965 4482 3342 4654 ries, qui m'offroient la tête de l'infor-
967 4635 3353 4830 tuné Chéri, me reprochant de l'avoir
965 4788 3359 4973 maſſacré. J'entendois une voix qui plu-
