4266 6032
1000 252 3328 477 fougueux contre toi, pour empêche
996 407 1815 579 le crime.
1075 562 3329 773 Nous arrivons ſur la place fatale. Je
993 720 3328 931 crois ſentir que la terre tremble ſous
990 892 3328 1079 mes pas. Je vois déjà, ſur la grande
991 1050 3328 1248 route, une chaiſe de poſte pour le
995 1190 3325 1392 vainqueur, une litiere & un Chirurgien
984 1350 3327 1550 pour le vaincu. Chéri ne tarda pas à pa-
986 1505 3328 1695 roître avec ſes conducteurs. Ils étoient
993 1659 3300 1853 exactement obligés de le ſoutenir par-
993 1806 3328 2008 deſſous les bras. Il étoit pâle & mou-
984 1975 3329 2153 rant; ohl c'étoit bien lui qui avoit l'air
990 2119 3328 2309 d'être conduit au ſupplice. En le voyant,
964 2274 3303 2470 je ſentis un friſſon qui parcourut toutes
981 2442 3294 2630 mes veines. Il ne m'avoit jamais paru
979 2584 3289 2782 reſſembler, d'une maniere ſi frappante,
952 2742 3293 2935 à mon Adélaide. Il me ſembloit que
983 2898 3287 3085 c'étoit elle-même que j'allois immoler.
967 3048 3289 3215 Toute ma tendreſſe ſe réveilla dans mon
955 3220 3328 3402 cœur. Je fus tenté de voler dans les brat
943 3368 3294 3558 de mon ami. Il ſe précipita tout à coup
936 3523 3296 3714 dans les miens. Il inonda mon viſage de
972 3672 3293 3868 ſes douces larmes. Ohl comme je le
969 3837 3301 4018 plaignois, comme je devenois un mon
967 4000 1910 4157 tre à mes yeux?
1065 4150 3297 4338 Cependant j'entendois les Officiers
972 4303 3328 4492 dire, en parlant de Chéri: uCe n'el
969 4476 3328 4648 pas un homme que cela; il a la figure
974 4619 3312 4807 d'une jeune fille, il en a l'ame & la
976 4774 3323 4962 foibleſſe. -- Arrêtez, m'écriai-je,
