4266 6032
877 221 3363 423 a ſu ſe montrer mieux qu'aucun de
878 376 3224 586 vous. Si vous l'aviez vu ſur mer, dans
880 520 3225 749 les combats, vous auriez admiré ſa
878 685 3230 892 valeur. Il va vous en donner des
878 850 3237 1069 preuves. -- Qu'il ſe hâte donc un
909 986 3246 1222 peu, auſſi bien que vous, répondi-
878 1149 3248 1340 rent ces extravagans; car enfin nous
892 1312 3255 1500 ne ſavons que penſer. Nous ignorons
952 1449 3263 1663 ſi vous êtes parfaitement guéri de la
947 1607 3273 1818 maladie dont on vous a traité à l'Ié-
878 1761 3277 1987 ntel-Dieu; & ſi cette maladie n'a point
878 1913 3284 2140 remplacé la valeur qu'on vous prêtoit
904 2072 3291 2293 auparavant. Les inſolens oſoient
907 2223 3296 2438 me traiter de lâche ou de fou. uS'il ne
919 2384 3294 2596 faut que vous prouver, leur dis-je,
987 2539 3316 2756 que cette valeur n'eſt pas remplacée,
926 2687 3313 2910 je le prouverai ſans peine à celui
997 2842 3315 3067 d'entre vous qui oſera ſe préſenter,
931 3007 3318 3210 à tous les quatre l'un apres l'autre,
914 3141 3327 3375 ſivous voulez. Je ſerui plus empreſſé
878 3330 3335 3529 quand il ſera queſtion de me montrer
955 3457 3337 3678 contre vous, que contre mon ami.
946 3610 3341 3808 -Fort bien, dit avec dédain l'un de
1009 3779 3344 3992 ces Meſſieurs, voilà ce que l'on ga-
1024 3920 3354 4151 ngne à ſervir de pareilles gens. --Mon-
955 4116 3354 4302 ſieur, reprit un autre, commençez
959 4224 3365 4458 toujours par terminer l'affaire dont il
885 4389 3366 4611 eſt queſtion, & nous verrons après,
965 4539 3382 4781 qui de nous daignera ſe charger de
998 4737 2739 4927 vous apprendre à vivren.
