4266 6032
1208 241 3368 470 Allons, Chéri; mon ami, m'écriai-
1036 406 3368 642 je, il faut en découdre; il faut prou-
1033 568 3384 811 ver à ces Meſſieurs que nous avons
1026 716 3385 943 du cœur, afin de les punir d'en avoir
1006 873 3378 1101 douté. Tiens, mon ami, je te dome
1005 1017 3385 1277 le choix des armes, prends ton épée
1012 1204 3327 1392 ou ce piſtoletn. Chéri, détournant
967 1334 3373 1562 les yeux, prend lé piſtolet. uCruellt
1003 1510 3325 1724 veux donc ma mort? lui dis-je d'un
1002 1664 3327 1889 ton pénétrén. Je croyois qu'il ſe con-
895 1817 3385 2056 tenteroit de l'épée, au premier ſang.
990 1949 3385 2202 Nous tirons au ſort, & ſon arrêt me
990 2119 3385 2356 condamne à riſquer, le premier, d'in-
983 2271 3383 2512 moler mon ami. A travers la pâleur
977 2434 3385 2661 mortelle qui couvroit ſon viſage, je
976 2605 3386 2821 crus y voir percer quelque ſigne de
967 2733 3386 2969 joie, de ce que je devois tirer le pre-
965 2893 3385 3127 mier. Il ſe tint immobile, en poſition
962 3043 3385 3282 de recevoir la mort. O Ciell j'avois là
953 3217 3385 3434 mon ami devant les yeux, un des plus
959 3347 3385 3590 beaux ouvrages du Créateur, qui ſe
943 3509 3385 3897 ngeroi ilu bortle aéev elſe le o
940 3827 3386 4056 avois pas la force. L'amitié, les remords,
934 3970 3385 4209 les vertus, les Furies, tout me retenoit.
933 4125 3385 4367 Je voyois mille éclairs battre ſur mes
931 4302 3385 4523 yeux. La terre s'enfuyoit ſous mes pieds.
929 4438 3386 4678 Trois fois je ſoulevai mon bras pour
924 4630 3386 4830 commettre le crime, trois fois mon bras
910 4756 3386 5021 tremblant retomba. Enfin: Je ne ſerai
