4266 6032
1062 278 3292 474 Cependant, au lieu de perdre le
959 437 3294 613 temps à nous écouter, on nous ſoi-
957 587 3289 783 gnout. J'entrevois que pluſieurs per-
950 744 3285 929 ſonnes arrivent; déjà je ne voyois plus
960 902 3292 1074 qu'au travers d'un nuage. Il me ſem-
986 1056 3296 1238 bloit pourtant que, parmi les nou-
988 1216 3292 1391 veaux venus, je diſtinguois le Médecin
986 1352 3292 1547 delflôtel-Dieu, qui ſe vantoit de m'a-
990 1521 3313 1691 voir guéri. Je crus entendre qu'il crioit:
1002 1673 3294 1840 Je l'avois bien dit que cet homme-
990 1825 3292 2010 là n'étoit pas guéri. Je réclame ce
981 1985 3292 2162 maladen. Je ſens qu'on me tiraille
993 2135 3301 2321 en divers ſens, qu'on paroît ſe diſputer
995 2290 3291 2463 mon individu agoniſant. Je ſens mon
993 2446 3289 2613 cœur défaillir. L'ombre s'étend ſur mes
991 2601 2929 2780 paupiéres; l'Univers diſparoît...
1428 3218 2855 3415 Fin du Livre ſivieme.
