4266 6032
2039 1061 2463 1153 e
964 1279 3302 1528 L'AVENTURIER FRANÇOIS
1112 1882 3179 2076 LIVRE SEPTIEME.
972 2182 3334 2432 Je rouvre enfin les yeux. Je me vois
971 2422 3294 2608 ſur un lit, entre les bras d'une Reli-
972 2587 3294 2764 gieuſe qui fixe ſur moi ſes doux re-
967 2740 3309 3075 tuita eunite litenic ean anu
964 3049 3297 3228 bien aimé, me dit-elle, vous vivez,
965 3193 3321 3386 je reſpire. -- O, ma chere Artémiſe,
967 3359 3318 3538 lui répondis-je, c'eſt vous qui me
971 3499 3327 3686 ſauvez la vie: elle me ſeroit odieuſe
967 3655 3299 3850 de la part de tout autre; elle m'eſt
969 3809 3301 4008 précieuſe de votre main ſeule. Mais
976 3958 3306 4158 où ſuis -je? Où eſt mon Adélaide?
947 4128 3306 4314 -- Tout va bien, mon ami, reprit
972 4290 3303 4468 Artémiſe, vous êtes à l'Iôtel-Dieu.
971 4438 3334 4629 Notre premier Médecin vous a ré-
964 4591 3328 4783 clamé, comme un malade dont il n'a-
960 4744 3330 4947 voit point terminé la guériſon. La
