4266 6032
986 242 3340 439 dans les miens l'impreſſion de la dou-
984 394 3344 604 leur? Il falloit tous les ſoins d'une ſi
984 565 3345 768 charmante perſonne, pour me faire ſup-
979 723 3344 911 ter la vie, pour m'empêcher de re-
977 871 3344 1065 pouſſer avec horreur tout ce qui ten-
978 1031 3344 1232 doit à me la conſerver: que dis -je?
976 1186 3341 1371 Artémiſe me la rendoit preſque douce,
977 1346 3337 1526 malgré l'horreur de ma ſituation. Cete
976 1500 3342 1686 jeune bienfaitrice me faiſoit une ſi
979 1655 3298 1844 douce impreſſion, que je goûtois preſ-
947 1812 3328 1993 que une ſorte de plaiſir à être malade,
974 1968 3344 2156 pour avoir l'avantage d'être ſoigné par
972 2119 3344 2312 elle. Il eſt vrai que le zele & le tendre
964 2278 3340 2448 amour, qui aſſaiſonnoient ſes ſoins, les
965 2434 2355 2600 rendoient délicieux.
1014 2580 3344 2773 Cependant j'étois juſtement ſurpris
964 2747 3340 2913 de ne point voir la Princeſſe. Cete
940 2898 3344 3084 noble amie me ſavoit bleſſé dangereu-
960 3053 3337 3227 ſement, & elle ne daignoit, ni viſiter ſon
959 3214 3339 3392 protégé, ni lui donner de ſes nouvelles.
969 3366 3342 3538 Malhèureux Cataudin, en étois-tu
955 3518 3344 3700 digne? Après tant d'imprudences eu
957 3678 3339 3860 plutôt de forfaits, n'as-tu pas dû
957 3825 3315 4003 laſſer ſa patience & ſes bontés?... Et
955 3987 3339 4168 mon Adélaide, qu'eſt-elle devenue?
953 4140 3306 4310 On m'aſſure qu'elle va très-bien;
950 4301 3338 4488 mais tant que je ne l'apprends pas
952 4451 3344 4629 de ſa bouche, ou du moins de ſa
947 4611 3344 4822 main, je n'oſe me fier aux rappons
943 4763 2690 4973 les plus favorablesn.
2731 4881 3345 5075 Pout-
