<?xml version="1.0" encoding="UTF-8" standalone="no"?><PcGts xmlns="http://schema.primaresearch.org/PAGE/gts/pagecontent/2017-07-15" xmlns:xsi="http://www.w3.org/2001/XMLSchema-instance" xsi:schemaLocation="http://schema.primaresearch.org/PAGE/gts/pagecontent/2017-07-15 http://schema.primaresearch.org/PAGE/gts/pagecontent/2017-07-15/pagecontent.xsd"><Metadata><Creator/><Created>2020-10-14T10:26:37</Created><LastChange>1970-01-01T00:00:00</LastChange><Comments/></Metadata><Page imageFilename="0219.png" imageHeight="6032" imageWidth="4266"><TextRegion id="r1" orientation="-0.25" type="paragraph"><Coords points="1,1 4264,1 4264,6030 1,6030"/><TextLine id="l1"><Coords points="831,448 830,448 830,410 828,408 829,376 828,375 828,363 827,362 826,362 826,362 826,315 824,313 824,272 823,271 823,225 823,224 822,224 821,224 821,218 822,217 826,217 826,218 826,219 827,219 831,219 831,220 831,223 832,223 876,223 876,224 876,232 877,232 936,233 936,233 936,285 936,286 1580,289 1581,288 1581,276 1581,276 1582,276 1583,275 1583,274 1583,274 1584,274 1585,273 1585,271 1585,271 1674,271 1676,269 1857,270 1858,269 1859,269 1860,268 1860,267 1860,267 1862,267 1863,266 1878,266 1879,266 1879,267 1879,268 2801,272 2802,271 2802,268 2803,267 2830,267 2833,270 2833,271 2833,271 2836,271 2837,272 2837,276 2838,277 2838,281 2838,281 2839,281 2840,282 2840,307 2840,307 2879,307 2880,308 3102,309 3103,310 3103,311 3103,311 3181,312 3186,316 3186,320 3187,321 3187,333 3187,334 3212,334 3213,334 3213,335 3213,336 3226,336 3227,336 3227,337 3227,338 3228,338 3229,338 3229,354 3228,355 3224,355 3222,357 3176,357 3176,357 3175,385 3175,386 3169,385 3168,386 3166,386 3165,387 3165,388 3165,388 3120,388 3119,389 3101,389 3100,390 3100,391 3100,391 3029,391 3028,391 3028,422 3025,426 3006,426 3005,427 2922,426 2921,427 2915,427 2914,428 2914,429 2914,429 2912,429 2910,428 2910,427 2910,426 2607,425 2606,424 2546,424 2542,420 2542,418 2542,418 1878,415 1877,415 1877,422 1877,423 1677,422 1676,423 1166,421 1165,421 1165,440 1165,441 1157,441 1156,442 968,441 967,441 967,442 967,443 850,442 849,443 849,444 848,445 838,445 837,446 837,447 836,448"/><TextEquiv><Unicode/></TextEquiv><TextEquiv index="1"><Unicode>Pour comble de malheur je m'apper-</Unicode></TextEquiv></TextLine><TextLine id="l2"><Coords points="838,606 837,605 837,599 835,597 835,554 834,553 833,553 833,553 833,506 831,504 831,459 830,458 830,449 831,448 1148,450 1148,449 1148,442 1149,442 1156,442 1157,441 1583,443 1583,442 1583,431 1585,429 1585,427 1588,425 1660,425 1661,424 1663,424 1664,423 1858,424 1859,423 2607,426 2608,425 3091,427 3091,428 3091,429 3092,429 3096,429 3096,430 3098,432 3098,436 3099,436 3100,436 3100,437 3100,441 3101,442 3101,467 3102,467 3139,467 3140,468 3142,468 3146,472 3148,472 3148,473 3148,475 3153,480 3153,492 3154,492 3213,493 3214,494 3220,494 3220,494 3220,495 3221,496 3222,496 3222,496 3222,498 3224,500 3224,508 3222,510 3222,514 3221,515 3215,515 3213,517 3162,516 3162,517 3162,538 3160,539 3158,539 3158,540 3158,541 3157,541 3155,541 3154,542 3114,542 3112,544 2885,543 2884,544 2439,542 2439,543 2439,544 2438,544 2274,544 2274,544 2274,545 2273,546 1966,544 1966,545 1966,553 1965,554 1965,556 1964,556 1963,556 1963,557 1963,558 1962,558 1961,558 1961,559 1961,566 1960,567 1960,569 1956,572 1954,572 1954,573 1954,575 1953,575 1949,575 1949,576 1949,579 1948,579 1942,579 1941,580 1349,578 1349,578 1349,582 1349,583 1566,584 1567,584 1566,585 1564,584 1563,585 1336,585 1335,585 1331,585 1329,587 1223,587 1223,588 1223,595 1221,596 1062,595 1062,596 1062,601 1061,601 845,600 845,601 845,603 844,603 843,603 843,604 842,606 842,606"/><TextEquiv><Unicode/></TextEquiv><TextEquiv index="1"><Unicode>cevois que l'indigne Médecin ne m'a-</Unicode></TextEquiv></TextLine><TextLine id="l3"><Coords points="847,759 847,759 847,758 846,757 842,757 842,757 842,742 840,740 840,695 840,694 839,694 838,694 838,647 837,646 837,637 836,636 836,611 838,609 838,607 839,606 876,606 877,606 1045,606 1046,606 1046,604 1048,601 1207,602 1208,601 1208,596 1208,596 1221,596 1222,595 1316,595 1317,594 1551,595 1552,595 1552,588 1552,587 1554,587 1555,587 1555,586 1555,585 1563,585 1564,584 1569,585 1573,588 1572,617 1573,618 2324,621 2325,620 2513,621 2514,620 2611,620 2611,620 2612,609 2613,608 2613,606 2615,604 2615,600 2616,599 2616,597 2616,596 2617,596 2618,596 2618,595 2618,594 2620,594 2625,589 2627,589 2628,589 2628,585 2628,584 2651,584 2653,582 3102,584 3103,584 3103,583 3103,582 3167,582 3169,581 3169,580 3169,580 3171,580 3172,579 3186,579 3187,580 3188,580 3189,580 3189,581 3189,582 3190,582 3191,582 3191,583 3191,584 3197,584 3198,584 3198,588 3199,589 3198,648 3199,649 3227,649 3227,649 3227,663 3225,665 3225,669 3225,670 3218,670 3217,671 3176,671 3175,671 3175,696 3175,697 3172,697 3170,699 2970,698 2969,698 2969,734 2964,739 2935,738 2934,739 2922,739 2921,738 2921,736 2923,734 2923,731 2925,728 2927,728 2928,728 2928,727 2929,726 2929,721 2929,720 2831,720 2830,720 2830,719 2830,718 2829,718 2828,718 2828,702 2828,701 2251,698 2250,699 2250,735 2249,735 2238,735 2238,735 2238,699 2238,698 1708,696 1707,697 1707,731 1705,733 1705,735 1704,735 1702,735 1700,737 1676,737 1676,737 1676,739 1675,740 1659,740 1659,739 1659,715 1659,715 1105,712 1104,713 1102,713 1101,714 1096,714 1094,716 1087,716 1086,717 1086,754 1085,754 850,753 850,754 850,759 849,759"/><TextEquiv><Unicode/></TextEquiv><TextEquiv index="1"><Unicode>voit réclamé que comme un fou, puiſ-</Unicode></TextEquiv></TextLine><TextLine id="l4"><Coords points="848,920 847,920 847,881 845,879 845,836 843,833 843,788 842,787 842,764 842,763 1042,764 1045,761 1047,761 1048,761 1048,760 1048,759 1075,759 1076,759 1076,755 1076,754 1105,754 1106,754 1106,753 1107,752 1111,752 1113,750 1200,750 1201,749 1425,750 1426,749 1427,749 1428,748 1428,747 1428,747 1430,747 1435,742 1611,743 1612,742 1621,742 1623,740 1950,741 1951,740 1953,740 1955,738 1957,738 1958,737 2234,738 2237,735 2701,737 2703,735 2705,735 2706,736 2712,737 2713,738 2756,738 2759,740 2759,742 2760,744 2856,744 2857,745 2859,745 2861,747 2861,749 2862,750 2862,753 2862,753 2961,754 2963,756 2966,756 2967,757 2969,757 2971,758 2971,760 2974,763 2974,766 2976,768 2976,770 2978,772 2978,774 2979,775 2979,792 2979,793 3091,793 3093,795 3129,795 3131,797 3138,797 3139,798 3197,799 3198,800 3208,800 3210,801 3210,803 3212,806 3216,806 3219,809 3224,809 3227,811 3227,813 3229,815 3229,818 3230,819 3230,829 3229,830 3229,832 3228,833 3227,863 3227,864 3226,864 3225,864 3225,865 3225,866 3223,866 3222,866 3222,868 3222,869 3221,869 3220,869 3220,872 3220,873 3211,873 3210,874 3204,874 3203,874 3203,875 3203,876 3202,876 3201,876 3201,877 3201,878 3016,877 3015,877 3015,907 3015,908 1209,900 1208,900 1208,901 1208,902 1161,902 1160,902 1160,909 1160,910 985,909 984,909 984,913 982,916 980,916 979,917 970,917 969,917 969,918 969,919 960,919 958,921"/><TextEquiv><Unicode/></TextEquiv><TextEquiv index="1"><Unicode>qu'il faut le dire; &amp;, s'il réuſſiſſoit à me</Unicode></TextEquiv></TextLine><TextLine id="l5"><Coords points="958,1077 957,1076 948,1076 946,1074 944,1074 943,1073 943,1072 943,1072 887,1072 886,1071 887,1062 886,1062 880,1062 880,1061 880,1058 879,1058 852,1057 852,1057 852,1023 851,1022 850,1022 850,1022 850,963 849,962 849,956 848,955 848,929 847,928 847,921 848,920 854,920 855,919 1064,920 1065,919 1065,915 1066,914 1141,915 1141,914 1141,910 1142,910 1303,910 1303,910 1303,906 1304,905 1689,907 1689,907 1689,904 1691,902 1691,900 1693,898 1700,898 1701,897 1785,897 1787,895 1793,895 1794,895 1908,895 1908,895 1908,889 1909,888 1970,888 1970,889 1970,890 1971,890 1975,890 1976,891 1981,891 1984,895 1984,897 1985,897 2763,901 2763,901 2763,903 2764,904 2838,904 2839,905 2840,905 2841,906 3007,907 3008,908 3015,908 3015,908 3015,909 3016,910 3164,910 3166,912 3169,913 3173,917 3213,917 3213,917 3213,918 3214,919 3216,919 3217,920 3217,923 3218,924 3218,930 3219,931 3220,931 3220,931 3220,1014 3220,1015 3225,1015 3227,1016 3227,1023 3227,1024 3228,1024 3229,1024 3229,1028 3228,1029 3224,1029 3222,1031 2759,1029 2759,1029 2759,1057 2758,1058 1537,1052 1536,1053 1077,1051 1077,1052 1076,1068 1076,1068 1065,1068 1064,1069 975,1069 972,1071 972,1073 972,1074 967,1074 964,1077"/><TextEquiv><Unicode/></TextEquiv><TextEquiv index="1"><Unicode>guérir de ma bleſſure, ne voudroit-il</Unicode></TextEquiv></TextLine><TextLine id="l6"><Coords points="937,1234 935,1231 935,1229 934,1229 933,1229 933,1228 933,1222 932,1222 859,1221 859,1221 859,1211 858,1210 857,1210 857,1210 857,1152 857,1151 856,1151 855,1151 855,1114 854,1113 854,1070 854,1069 853,1069 852,1069 853,1063 852,1062 852,1061 852,1060 859,1060 862,1063 861,1065 862,1066 862,1079 863,1079 874,1079 875,1080 1058,1081 1058,1081 1058,1072 1061,1069 1064,1069 1065,1068 1076,1068 1077,1070 1077,1094 1078,1094 1101,1094 1101,1095 1101,1097 1102,1097 1162,1098 1162,1098 1162,1099 1163,1100 1304,1100 1304,1100 1304,1094 1305,1093 1411,1094 1411,1093 1411,1077 1412,1077 1413,1077 1413,1076 1413,1074 1414,1073 1414,1071 1421,1065 1421,1062 1421,1062 1422,1062 1423,1061 1423,1057 1423,1057 1428,1057 1432,1053 1439,1053 1441,1051 1445,1051 1447,1053 1537,1053 1538,1054 1538,1055 1538,1055 1539,1055 1540,1056 1539,1090 1540,1090 1595,1091 1595,1091 1595,1092 1596,1093 1770,1093 1772,1091 1800,1092 1801,1091 1848,1091 1848,1090 1848,1082 1849,1081 1849,1076 1851,1074 1851,1069 1853,1067 1854,1065 1855,1064 1855,1062 1858,1059 1858,1057 1858,1057 1862,1057 1863,1056 1863,1055 1863,1055 1864,1055 1865,1054 1865,1053 1865,1053 1866,1053 1867,1052 1867,1051 1868,1050 1876,1050 1877,1049 1877,1048 1877,1048 1886,1048 1888,1050 1895,1050 1898,1052 1898,1054 1899,1055 1899,1062 1900,1063 1899,1088 1900,1089 1992,1089 1993,1090 2224,1091 2226,1089 2313,1090 2314,1089 2315,1089 2316,1088 2494,1089 2494,1089 2494,1090 2495,1091 2499,1091 2501,1093 2505,1093 2506,1094 2692,1094 2693,1093 2695,1093 2699,1089 2736,1090 2736,1089 2737,1062 2739,1060 2739,1058 2740,1057 2747,1057 2748,1058 2758,1058 2759,1058 2759,1063 2760,1064 2759,1093 2760,1094 2796,1094 2797,1095 2797,1097 2798,1098 2859,1098 2859,1099 2859,1100 2860,1100 2862,1100 2863,1101 2865,1101 2867,1103 2915,1103 2917,1105 3020,1106 3022,1108 3162,1108 3162,1108 3162,1077 3163,1076 3163,1075 3164,1074 3165,1074 3165,1074 3165,1072 3168,1070 3179,1070 3180,1069 3184,1069 3187,1072 3187,1074 3189,1076 3189,1135 3190,1136 3234,1136 3234,1136 3234,1138 3236,1140 3236,1153 3234,1155 3234,1157 3234,1158 3233,1158 3232,1158 3232,1159 3232,1160 3228,1160 3226,1162 3192,1162 3191,1162 3191,1181 3191,1182 3187,1182 3185,1184 3182,1184 3179,1186 3175,1186 3174,1187 3117,1186 3117,1187 3117,1227 3116,1227 3103,1227 3103,1227 3103,1185 3100,1181 2992,1181 2991,1180 2848,1179 2847,1179 2847,1178 2847,1177 2841,1177 2840,1177 2840,1176 2840,1175 2796,1175 2795,1174 2792,1174 2791,1173 2573,1172 2572,1172 2572,1207 2571,1208 2570,1208 2570,1208 2570,1210 2569,1211 2532,1211 2530,1208 2530,1202 2534,1198 2536,1198 2537,1197 2537,1191 2537,1191 2538,1191 2539,1190 2539,1174 2541,1172 2541,1170 2541,1170 2474,1169 2472,1167 2334,1167 2333,1166 2177,1165 2176,1166 2176,1167 2176,1167 2175,1167 2174,1168 2171,1168 2169,1170 2167,1168 2146,1168 2145,1167 2133,1167 2132,1167 2132,1207 2130,1209 2114,1209 2114,1208 2114,1167 2114,1167 1967,1166 1966,1167 1966,1209 1965,1209 1948,1209 1948,1209 1948,1168 1948,1167 1928,1167 1927,1168 1918,1168 1916,1170 1912,1170 1911,1170 1911,1169 1911,1168 1905,1168 1903,1166 1751,1165 1749,1167 1747,1167 1746,1168 1739,1168 1738,1169 1738,1173 1737,1174 1653,1174 1652,1174 1652,1181 1651,1182 1512,1181 1511,1182 1509,1182 1509,1182 1509,1173 1509,1172 1489,1172 1488,1172 1488,1171 1488,1170 1350,1170 1349,1170 1349,1172 1348,1174 1336,1174 1335,1175 1195,1174 1194,1174 1194,1193 1193,1194 1191,1194 1191,1193 1191,1174 1191,1174 1180,1174 1179,1174 1179,1176 1179,1177 1178,1177 1177,1177 1177,1178 1177,1179 1163,1179 1161,1180 1127,1180 1127,1180 1127,1185 1126,1186 1029,1185 1029,1186 1029,1199 1027,1200 1007,1200 1007,1201 1007,1220 1006,1220 979,1220 979,1220 979,1233 978,1234"/><TextEquiv><Unicode/></TextEquiv><TextEquiv index="1"><Unicode>point me faire enfermer aux petites mai-</Unicode></TextEquiv></TextLine><TextLine id="l7"><Coords points="865,1381 864,1381 864,1352 862,1350 862,1304 861,1303 862,1292 861,1291 861,1258 859,1256 859,1222 859,1221 995,1222 996,1222 996,1221 996,1220 1148,1221 1149,1220 1149,1219 1150,1218 1152,1218 1153,1217 1160,1217 1162,1215 1167,1215 1169,1217 1281,1217 1282,1218 1284,1218 1285,1219 1285,1221 1286,1222 1288,1222 1289,1223 1289,1227 1291,1229 1291,1249 1291,1249 1317,1249 1318,1250 1318,1251 1318,1251 1319,1251 1320,1252 1549,1253 1550,1253 1550,1218 1556,1211 1563,1212 1564,1211 1568,1211 1569,1211 1569,1217 1571,1219 1571,1250 1571,1251 1774,1251 1776,1249 1847,1250 1848,1249 1848,1232 1849,1231 1849,1222 1849,1222 1850,1222 1851,1221 1851,1217 1853,1215 1853,1211 1853,1211 1945,1211 1947,1209 2113,1210 2114,1209 2130,1209 2131,1209 2131,1210 2131,1211 2132,1211 2133,1211 2133,1212 2133,1213 2134,1213 2135,1214 2278,1215 2280,1217 2282,1217 2283,1217 2283,1245 2283,1246 2345,1246 2346,1247 2505,1248 2506,1247 2631,1247 2632,1247 2632,1214 2632,1213 2633,1213 2634,1213 2634,1211 2636,1208 2660,1208 2663,1211 2665,1211 2666,1212 2666,1214 2666,1214 2858,1215 2859,1216 2859,1218 2859,1218 2861,1218 2864,1221 2864,1223 2869,1228 2869,1258 2869,1258 2903,1258 2904,1259 2904,1260 2904,1260 2915,1260 2916,1261 2916,1262 2916,1262 3099,1263 3100,1263 3100,1231 3101,1230 3101,1228 3101,1227 3121,1227 3124,1230 3124,1271 3124,1271 3173,1272 3177,1275 3177,1276 3177,1277 3178,1277 3179,1277 3179,1289 3179,1290 3216,1290 3218,1291 3218,1292 3219,1294 3235,1294 3237,1295 3237,1296 3238,1297 3237,1305 3238,1306 3239,1306 3239,1306 3239,1308 3237,1310 3237,1312 3235,1315 3231,1315 3230,1315 3230,1317 3230,1318 3180,1318 3179,1318 3179,1332 3177,1334 3177,1338 3177,1339 3175,1339 3172,1342 3171,1342 3170,1342 3170,1343 3170,1344 3168,1344 3167,1344 3149,1344 3148,1344 3148,1343 3148,1342 3039,1342 3038,1341 3038,1340 3038,1340 2961,1340 2960,1339 2960,1338 2960,1338 2886,1337 2885,1337 2885,1335 2885,1334 2883,1334 2881,1332 2805,1332 2804,1331 2804,1330 2804,1330 2743,1330 2741,1328 2446,1326 2445,1327 2445,1356 2444,1357 2444,1364 2444,1364 2434,1364 2432,1366 2422,1366 2420,1368 2410,1368 2408,1366 2403,1366 2402,1365 2168,1364 2167,1365 2150,1365 2149,1365 2149,1328 2149,1327 2052,1327 2051,1326 1844,1325 1843,1324 1634,1323 1633,1323 1633,1324 1633,1325 1613,1325 1612,1325 1612,1326 1612,1327 1490,1326 1488,1328 1483,1328 1479,1332 1478,1331 1355,1331 1354,1331 1354,1368 1354,1369 1352,1369 1351,1370 1341,1370 1340,1369 1340,1331 1340,1331 1319,1330 1318,1331 1318,1332 1318,1332 1262,1332 1261,1333 1261,1335 1261,1335 1238,1335 1237,1336 1237,1337 1237,1337 1156,1337 1154,1339 1097,1338 1095,1340 993,1340 989,1344 899,1344 898,1344 898,1350 899,1351 910,1351 910,1351 910,1352 910,1353 887,1353 886,1353 886,1358 886,1359 882,1359 881,1359 881,1372 881,1373 879,1373 878,1373 878,1380 877,1382"/><TextEquiv><Unicode/></TextEquiv><TextEquiv index="1"><Unicode>lons? Et ne le méritois-je pas? N'avois-</Unicode></TextEquiv></TextLine><TextLine id="l8"><Coords points="870,1537 869,1537 870,1508 869,1507 869,1491 867,1489 867,1443 866,1442 866,1397 864,1395 864,1388 865,1387 865,1382 866,1381 871,1381 871,1382 871,1388 872,1388 953,1389 953,1389 953,1390 955,1392 955,1394 957,1396 957,1422 957,1423 1062,1423 1064,1421 1071,1421 1072,1420 1104,1421 1106,1419 1118,1419 1119,1418 1119,1416 1119,1416 1124,1416 1126,1418 1231,1418 1232,1418 1232,1416 1234,1414 1234,1405 1235,1404 1235,1396 1236,1395 1236,1389 1237,1388 1239,1388 1241,1386 1241,1384 1243,1382 1244,1382 1244,1382 1244,1379 1245,1378 1247,1378 1249,1376 1251,1376 1252,1375 1254,1375 1256,1373 1259,1373 1261,1371 1335,1372 1335,1371 1335,1370 1336,1370 1352,1370 1353,1369 1354,1369 1354,1369 1354,1406 1355,1407 1452,1407 1452,1407 1452,1373 1455,1370 1493,1370 1495,1368 1507,1368 1512,1374 1512,1378 1513,1378 1514,1378 1514,1379 1514,1385 1515,1385 1610,1386 1610,1385 1610,1381 1612,1379 1612,1377 1615,1375 1617,1375 1621,1371 1634,1371 1635,1370 1641,1370 1642,1371 1648,1371 1648,1371 1648,1372 1649,1373 1655,1373 1655,1373 1655,1377 1657,1379 1657,1381 1658,1382 1660,1382 1660,1382 1660,1406 1661,1407 1704,1407 1706,1409 1808,1410 1809,1409 1824,1409 1824,1408 1824,1407 1825,1406 1825,1368 1826,1368 1834,1368 1834,1367 1834,1366 1835,1366 1844,1366 1846,1368 1846,1370 1848,1372 1848,1377 1849,1378 1849,1408 1850,1409 1975,1409 1975,1409 1975,1407 1977,1405 1977,1395 1978,1394 1978,1390 1980,1388 1980,1385 1982,1383 1982,1381 1984,1379 1984,1378 1985,1377 1986,1377 1987,1376 1987,1374 1988,1373 1989,1373 1989,1373 1989,1372 1991,1370 1992,1370 1992,1370 1992,1369 1993,1368 1994,1368 1994,1368 1994,1367 1995,1366 2009,1366 2011,1364 2021,1364 2022,1366 2149,1366 2150,1365 2168,1365 2169,1367 2169,1373 2170,1373 2171,1373 2171,1374 2171,1404 2172,1404 2295,1405 2295,1404 2295,1392 2297,1390 2297,1370 2298,1369 2298,1368 2299,1368 2301,1368 2303,1366 2310,1366 2314,1370 2314,1374 2316,1376 2316,1405 2317,1406 2480,1407 2481,1406 2518,1406 2518,1405 2518,1370 2519,1370 2520,1370 2520,1369 2520,1368 2521,1368 2527,1368 2527,1367 2527,1366 2528,1366 2537,1366 2537,1366 2537,1405 2538,1406 2611,1406 2612,1407 2614,1407 2618,1412 2618,1413 2618,1413 2763,1414 2764,1413 2849,1413 2850,1414 2937,1414 2938,1416 2939,1416 2940,1416 2940,1417 2940,1418 2975,1418 2976,1419 3088,1419 3089,1419 3089,1393 3090,1392 3093,1392 3093,1392 3093,1390 3096,1387 3096,1385 3099,1382 3113,1382 3114,1383 3115,1383 3115,1384 3115,1392 3116,1392 3117,1392 3117,1393 3117,1418 3117,1418 3211,1419 3213,1420 3213,1422 3213,1423 3215,1423 3217,1425 3219,1425 3220,1426 3225,1426 3230,1430 3230,1432 3230,1433 3232,1433 3234,1434 3234,1492 3236,1494 3235,1495 3232,1495 3232,1495 3232,1497 3229,1500 3229,1501 3228,1502 3168,1502 3167,1503 3158,1502 3158,1502 3158,1501 3157,1500 3151,1500 3150,1499 3147,1499 3145,1497 3044,1497 3044,1497 3043,1534 3043,1535 3042,1535 3041,1536 3015,1536 3014,1536 3014,1537 3014,1538 3004,1538 3003,1537 3003,1536 3002,1535 3000,1535 2998,1533 2999,1489 2998,1489 2889,1488 2889,1489 2888,1529 2888,1529 2883,1529 2882,1529 2883,1489 2882,1488 2831,1488 2830,1487 2758,1487 2756,1485 2659,1484 2658,1485 2641,1485 2639,1483 2608,1483 2606,1481 2603,1481 2602,1480 2503,1480 2503,1480 2503,1522 2502,1523 2484,1523 2483,1522 2424,1521 2424,1521 2424,1482 2423,1481 2352,1481 2351,1480 2313,1480 2233,1479 2232,1480 2221,1480 2220,1481 2209,1481 2208,1480 2061,1480 2058,1483 2052,1483 2052,1482 2052,1481 2051,1481 2042,1481 2040,1479 1918,1478 1918,1479 1918,1480 1917,1480 1915,1480 1912,1483 1886,1483 1884,1481 1726,1480 1723,1483 1721,1483 1719,1485 1712,1485 1712,1485 1712,1484 1711,1483 1710,1483 1710,1483 1710,1482 1709,1481 1707,1481 1706,1480 1564,1480 1563,1481 1543,1480 1542,1481 1402,1481 1402,1481 1402,1486 1401,1487 1309,1486 1308,1487 1307,1487 1305,1485 1184,1485 1181,1488 1171,1488 1169,1490 1167,1490 1167,1490 1167,1504 1165,1506 1164,1506 1163,1504 1163,1492 1162,1492 1073,1491 1072,1492 1070,1492 1069,1493 1066,1493 1066,1494 1065,1533 1065,1533 953,1533 952,1533 952,1534 951,1536 893,1536 892,1537 879,1537 878,1538"/><TextEquiv><Unicode/></TextEquiv><TextEquiv index="1"><Unicode>je pas fait l'acte de folie le plus complet</Unicode></TextEquiv></TextLine><TextLine id="l9"><Coords points="876,1690 876,1689 876,1673 875,1673 874,1672 874,1672 874,1632 873,1631 873,1579 873,1578 872,1578 871,1578 871,1539 871,1538 870,1538 869,1538 870,1537 879,1538 881,1540 941,1540 941,1539 941,1536 942,1536 951,1536 952,1535 1033,1535 1033,1535 1033,1534 1034,1533 1087,1533 1088,1535 1088,1538 1089,1539 1089,1572 1090,1572 1134,1573 1135,1574 1225,1574 1226,1573 1228,1573 1230,1571 1275,1571 1275,1571 1275,1532 1276,1531 1277,1531 1280,1528 1282,1528 1282,1528 1282,1527 1283,1526 1290,1526 1294,1531 1294,1565 1295,1565 1363,1566 1364,1567 1410,1567 1412,1569 1512,1569 1512,1569 1512,1531 1513,1530 1518,1530 1518,1531 1518,1566 1519,1566 1563,1567 1564,1566 1575,1566 1577,1564 1581,1564 1583,1562 1588,1562 1588,1562 1588,1563 1589,1564 1757,1564 1757,1564 1758,1524 1758,1523 1761,1523 1763,1521 1835,1522 1836,1521 1838,1521 1842,1517 1849,1517 1851,1519 1855,1519 1857,1521 1860,1521 1861,1522 1862,1522 1863,1523 1990,1523 1991,1524 1998,1524 2000,1526 2002,1526 2002,1527 2003,1528 2003,1530 2004,1531 2004,1540 2005,1540 2006,1540 2006,1541 2006,1554 2007,1554 2102,1555 2102,1554 2102,1545 2103,1545 2104,1545 2104,1544 2104,1526 2105,1526 2106,1526 2106,1525 2107,1524 2108,1523 2108,1521 2108,1521 2120,1521 2121,1522 2122,1522 2124,1523 2123,1532 2125,1534 2125,1559 2126,1560 2175,1560 2177,1562 2181,1562 2184,1565 2248,1565 2248,1565 2248,1528 2250,1526 2251,1525 2252,1524 2255,1524 2256,1523 2298,1523 2299,1524 2303,1524 2304,1524 2303,1530 2304,1531 2304,1559 2305,1560 2398,1560 2398,1560 2398,1558 2399,1557 2400,1557 2400,1557 2400,1541 2407,1534 2407,1532 2408,1531 2426,1531 2426,1531 2427,1522 2427,1521 2457,1521 2458,1522 2503,1523 2504,1523 2503,1561 2504,1562 2549,1562 2551,1564 2699,1564 2699,1564 2699,1563 2700,1562 2728,1563 2728,1562 2728,1535 2729,1535 2731,1535 2733,1533 2764,1533 2766,1530 2766,1528 2767,1528 2771,1528 2771,1527 2772,1526 2772,1526 2775,1526 2776,1525 2776,1524 2776,1524 2781,1524 2785,1528 2787,1528 2787,1528 2787,1530 2790,1533 2790,1535 2792,1537 2873,1537 2873,1537 2873,1536 2874,1535 2874,1533 2877,1530 2879,1530 2881,1528 2882,1528 2883,1529 2889,1529 2890,1530 2893,1530 2893,1531 2893,1533 2894,1533 2931,1533 2932,1534 2972,1535 2974,1537 2974,1544 2975,1545 2976,1545 2976,1545 2976,1577 2977,1578 3119,1578 3121,1580 3179,1581 3179,1581 3179,1582 3182,1585 3217,1585 3218,1586 3221,1586 3223,1588 3227,1588 3227,1588 3227,1589 3228,1590 3232,1590 3234,1592 3234,1628 3235,1629 3237,1629 3237,1629 3237,1633 3239,1635 3239,1637 3239,1638 3238,1638 3237,1638 3237,1644 3236,1645 3236,1648 3232,1652 3230,1652 3229,1653 3228,1653 3226,1655 3217,1655 3215,1657 3200,1657 3199,1656 3136,1655 3136,1655 3136,1653 3135,1652 3063,1652 3063,1653 3063,1694 3062,1694 3041,1694 3041,1693 3041,1652 3040,1652 3026,1652 3025,1653 3015,1653 3014,1651 3014,1650 3013,1650 3010,1650 3010,1649 3010,1648 3009,1648 2922,1647 2921,1646 2905,1646 2904,1645 2842,1645 2842,1645 2842,1644 2841,1643 2709,1643 2708,1644 2605,1643 2603,1641 2601,1641 2601,1640 2518,1640 2517,1639 2517,1638 2517,1638 2514,1638 2513,1637 2513,1636 2513,1636 2511,1636 2510,1635 2510,1633 2505,1628 2505,1626 2505,1626 2504,1626 2503,1625 2503,1623 2501,1621 2501,1617 2499,1615 2416,1614 2415,1615 2415,1619 2410,1624 2404,1624 2403,1625 2403,1626 2403,1626 2401,1626 2398,1629 2396,1629 2390,1635 2382,1635 2381,1636 2263,1636 2262,1636 2262,1637 2262,1638 2252,1638 2250,1639 2250,1640 2249,1640 2248,1638 2087,1638 2003,1637 1999,1640 1993,1640 1992,1638 1851,1638 1848,1640 1834,1640 1834,1639 1734,1638 1731,1640 1719,1640 1719,1641 1719,1643 1718,1643 1717,1643 1715,1641 1712,1641 1711,1640 1704,1640 1703,1638 1701,1638 1699,1636 1544,1635 1543,1636 1543,1677 1541,1678 1509,1678 1509,1679 1509,1682 1508,1682 1492,1682 1492,1682 1492,1637 1492,1636 1419,1636 1418,1636 1418,1637 1418,1638 1415,1638 1414,1638 1414,1639 1413,1640 1406,1640 1405,1641 1297,1640 1296,1641 1233,1641 1230,1645 1230,1686 1227,1688 1218,1688 1216,1690 1200,1690 1198,1688 1196,1688 1196,1687 1196,1648 1195,1648 1077,1647 1076,1648 1065,1648 1063,1646 984,1646 977,1646 976,1647 893,1647 893,1647 893,1678 892,1679 885,1679 885,1679 885,1689 884,1690"/><TextEquiv><Unicode/></TextEquiv><TextEquiv index="1"><Unicode>&amp; le plus cruel? Et la Juſtice d'ailleurs</Unicode></TextEquiv></TextLine><TextLine id="l10"><Coords points="884,1844 881,1841 881,1819 879,1817 879,1772 878,1771 879,1750 878,1749 878,1726 876,1724 876,1690 876,1690 884,1690 885,1690 885,1700 886,1701 886,1731 886,1732 946,1732 947,1731 1086,1731 1088,1729 1157,1730 1158,1729 1158,1688 1158,1688 1161,1688 1162,1688 1162,1690 1163,1691 1163,1729 1163,1730 1166,1730 1169,1727 1171,1727 1172,1726 1251,1726 1253,1724 1312,1724 1313,1724 1313,1723 1313,1722 1322,1722 1323,1722 1323,1687 1323,1686 1324,1686 1325,1686 1325,1685 1325,1684 1333,1685 1334,1684 1491,1684 1492,1684 1492,1683 1492,1682 1509,1682 1512,1685 1512,1717 1512,1717 1687,1718 1688,1718 1688,1680 1688,1679 1702,1679 1704,1681 1743,1681 1745,1683 1745,1684 1746,1685 1746,1686 1746,1686 1747,1686 1748,1687 1748,1689 1750,1691 1750,1718 1750,1718 1968,1719 1970,1717 2113,1718 2114,1717 2114,1716 2116,1714 2116,1700 2118,1698 2118,1696 2119,1695 2119,1694 2121,1692 2121,1690 2123,1688 2123,1686 2123,1686 2125,1686 2128,1683 2130,1683 2132,1681 2135,1681 2139,1677 2143,1677 2144,1676 2156,1676 2157,1676 2157,1675 2157,1674 2163,1674 2164,1675 2164,1677 2164,1677 2166,1677 2168,1679 2170,1679 2171,1680 2171,1719 2171,1719 2356,1720 2357,1719 2366,1719 2367,1720 2411,1720 2412,1720 2412,1703 2413,1702 2413,1695 2417,1691 2417,1689 2419,1686 2428,1686 2429,1687 2429,1696 2431,1698 2431,1720 2431,1720 2534,1721 2535,1720 2700,1720 2701,1720 2701,1689 2703,1686 2706,1686 2709,1684 2710,1684 2711,1683 2720,1683 2721,1684 2723,1684 2725,1685 2725,1690 2727,1692 2727,1726 2727,1727 2913,1727 2914,1727 2914,1722 2916,1720 2916,1715 2917,1714 2917,1712 2921,1708 2921,1704 2921,1703 2922,1703 2923,1703 2923,1699 2923,1698 2925,1698 2930,1693 2933,1693 2935,1691 2937,1692 2938,1691 2938,1690 2940,1688 2949,1688 2950,1687 2950,1686 2950,1686 2954,1686 2956,1684 2957,1684 2959,1686 2966,1686 2969,1688 2969,1690 2969,1691 2971,1691 2972,1691 2972,1692 2972,1693 3040,1693 3041,1694 3063,1694 3064,1695 3064,1729 3064,1729 3095,1729 3100,1734 3100,1736 3100,1736 3152,1736 3153,1737 3153,1738 3153,1738 3217,1739 3218,1739 3218,1740 3218,1741 3219,1741 3220,1741 3220,1742 3220,1743 3222,1743 3224,1745 3226,1745 3229,1747 3229,1749 3230,1750 3230,1751 3231,1752 3230,1788 3231,1789 3232,1789 3232,1789 3232,1797 3232,1798 3231,1798 3230,1798 3230,1800 3230,1801 3228,1801 3227,1801 3227,1802 3227,1803 3226,1803 3225,1803 3225,1804 3224,1806 3220,1806 3218,1808 3214,1808 3213,1808 3213,1809 3213,1810 3202,1810 3201,1810 3201,1811 3201,1812 3194,1812 3193,1813 3145,1812 3144,1813 3139,1813 3138,1812 3137,1812 3136,1812 3136,1811 3136,1810 3092,1810 3091,1810 3091,1809 3091,1808 3090,1808 3089,1807 3050,1807 3048,1805 2970,1805 2969,1804 2795,1803 2794,1803 2794,1841 2794,1842 2777,1842 2776,1841 2776,1840 2776,1840 2662,1839 2661,1839 2661,1797 2661,1796 2535,1796 2534,1796 2534,1797 2534,1798 2530,1798 2528,1796 2521,1796 2519,1794 2422,1793 2420,1791 2208,1790 2205,1793 2200,1793 2197,1796 2182,1796 2181,1796 2181,1795 2181,1794 1895,1793 1894,1793 1894,1807 1892,1809 1892,1819 1892,1820 1890,1820 1889,1821 1885,1821 1884,1822 1881,1822 1880,1823 1878,1823 1877,1824 1876,1824 1875,1825 1873,1825 1872,1826 1871,1826 1870,1827 1869,1827 1868,1828 1867,1828 1865,1830 1864,1830 1863,1831 1862,1831 1861,1830 1861,1795 1861,1795 1660,1794 1658,1796 1644,1796 1643,1796 1643,1797 1643,1798 1639,1798 1638,1797 1448,1796 1447,1797 1447,1798 1447,1798 1335,1798 1334,1799 1183,1798 1182,1798 1182,1799 1182,1800 1175,1800 1174,1801 1115,1801 1113,1802 1113,1804 1113,1805 1033,1804 1032,1805 1030,1805 1029,1806 889,1806 888,1806 888,1828 888,1829 887,1829 886,1829 886,1843 886,1844"/><TextEquiv><Unicode/></TextEquiv><TextEquiv index="1"><Unicode>ne voudroit-elle pas ſe méter des ſuites</Unicode></TextEquiv></TextLine><TextLine id="l11"><Coords points="888,1996 886,1994 887,1971 886,1970 886,1941 885,1940 885,1908 884,1908 883,1908 883,1907 883,1863 883,1863 882,1863 881,1862 881,1846 882,1846 883,1846 883,1845 883,1844 884,1844 1480,1846 1480,1846 1480,1845 1481,1844 1483,1844 1488,1839 1502,1839 1504,1837 1550,1837 1551,1836 1619,1837 1619,1836 1619,1834 1620,1834 1810,1835 1810,1834 1810,1832 1811,1832 1815,1832 1817,1830 1831,1830 1832,1829 1866,1829 1867,1828 1868,1828 1869,1827 1870,1827 1871,1826 1872,1826 1873,1825 1875,1825 1876,1824 1877,1824 1878,1823 1880,1823 1881,1822 1884,1822 1885,1821 1889,1821 1890,1820 1892,1820 1894,1822 1899,1822 1901,1824 1903,1824 1903,1824 1903,1827 1904,1828 2114,1829 2115,1830 2122,1830 2124,1832 2573,1834 2575,1836 2587,1836 2590,1839 2684,1839 2684,1840 2684,1841 2685,1841 2794,1842 2796,1844 2876,1844 2876,1845 2876,1886 2876,1886 2923,1886 2924,1887 2928,1887 2929,1888 2939,1889 2940,1889 2940,1890 2940,1891 3217,1892 3218,1892 3218,1893 3218,1894 3224,1894 3225,1894 3225,1896 3227,1898 3227,1950 3227,1951 3236,1951 3237,1951 3237,1962 3237,1963 3238,1963 3239,1963 3239,1965 3238,1966 3219,1966 3217,1968 3213,1968 3213,1968 3213,1969 3212,1970 3208,1970 3201,1977 3094,1976 3094,1977 3093,1992 3093,1992 2125,1988 2124,1988 2124,1990 2124,1991 2107,1991 2106,1990 2107,1966 2106,1966 898,1961 898,1961 897,1986 897,1987 896,1987 895,1987 895,1988 895,1989 891,1989 890,1989 890,1994 889,1996"/><TextEquiv><Unicode/></TextEquiv><TextEquiv index="1"><Unicode>de cette affaire? Aſſaſſin, ſuicide, ou</Unicode></TextEquiv></TextLine><TextLine id="l12"><Coords points="1210,2152 1208,2150 1083,2149 1082,2148 1082,2142 1081,2141 892,2141 892,2140 892,2114 891,2113 891,2100 890,2099 890,2045 890,2045 889,2045 888,2044 888,2004 889,2004 965,2004 967,2002 972,2002 973,2001 1383,2003 1383,2002 1383,1998 1386,1996 1429,1996 1431,1994 1714,1995 1719,1990 2106,1992 2107,1991 2125,1991 2125,1991 2125,1992 2126,1993 2384,1994 2386,1996 2388,1996 2389,1997 2391,1997 2391,1998 2391,1999 2392,1999 2393,1999 2393,2000 2393,2004 2395,2006 2395,2087 2396,2088 2396,2090 2397,2090 2398,2090 2398,2091 2398,2100 2396,2102 2396,2104 2395,2104 2393,2104 2391,2106 2388,2106 2387,2107 2350,2107 2350,2107 2350,2141 2350,2142 2520,2143 2524,2146 2523,2147 2518,2147 2517,2148 2102,2146 2101,2147 1636,2145 1636,2145 1636,2149 1635,2150 1359,2149 1359,2149 1359,2151 1358,2152 1227,2151 1226,2152"/><TextEquiv><Unicode/></TextEquiv><TextEquiv index="1"><Unicode>ſou, quelles alternatives</Unicode></TextEquiv></TextLine><TextLine id="l13"><Coords points="3169,2324 3168,2323 3157,2322 3156,2322 3156,2312 3156,2311 901,2302 900,2302 900,2303 900,2304 899,2304 898,2303 898,2288 897,2287 897,2236 897,2236 896,2236 895,2235 896,2205 895,2204 895,2195 894,2195 893,2195 893,2194 893,2147 891,2145 891,2141 891,2141 2507,2148 2508,2147 2995,2149 2996,2148 2996,2127 2996,2127 3014,2127 3015,2127 3015,2159 3015,2160 3288,2161 3289,2162 3289,2166 3288,2166 3286,2166 3284,2169 3284,2171 3283,2171 3015,2170 3015,2170 3015,2194 3015,2195 3042,2195 3043,2195 3043,2196 3043,2197 3145,2197 3147,2199 3149,2199 3150,2200 3150,2202 3150,2202 3152,2202 3153,2203 3153,2205 3153,2205 3155,2205 3157,2207 3162,2207 3164,2209 3166,2210 3167,2211 3168,2211 3170,2212 3169,2244 3170,2245 3220,2245 3222,2247 3222,2249 3223,2250 3225,2250 3225,2250 3225,2252 3229,2256 3229,2258 3230,2259 3230,2261 3231,2262 3232,2262 3232,2262 3232,2280 3232,2281 3230,2281 3229,2281 3229,2283 3224,2288 3224,2291 3222,2293 3222,2295 3221,2297 3218,2297 3217,2298 3215,2298 3211,2302 3202,2302 3201,2303 3171,2303 3170,2303 3170,2323 3170,2324"/><TextEquiv><Unicode/></TextEquiv><TextEquiv index="1"><Unicode>Mon inquiétude empiroit mon état,</Unicode></TextEquiv></TextLine><TextLine id="l14"><Coords points="3035,2475 3034,2474 3031,2474 3029,2472 3030,2431 3029,2431 2983,2431 2983,2430 2983,2429 2982,2429 2978,2429 2976,2427 2910,2426 2909,2427 2895,2427 2894,2426 2861,2426 2861,2426 2861,2425 2860,2424 2811,2424 2790,2424 2788,2426 2782,2426 2781,2427 2709,2427 2709,2427 2709,2429 2708,2430 2704,2429 2704,2429 2704,2427 2703,2426 2664,2426 2662,2424 2574,2424 2572,2422 2568,2422 2568,2421 2568,2420 2567,2420 2563,2420 2562,2419 2558,2419 2558,2418 2558,2415 2557,2415 2480,2415 2479,2416 2412,2415 2412,2416 2412,2417 2411,2417 2408,2417 2408,2418 2408,2419 2407,2419 2405,2419 2402,2422 2400,2422 2398,2424 2390,2424 2388,2422 2386,2422 2384,2420 2381,2420 2378,2417 2312,2417 2312,2417 2312,2418 2311,2419 2257,2419 2256,2418 2120,2417 2120,2417 2119,2459 2119,2460 2101,2460 2100,2459 2101,2419 2100,2419 2096,2419 2094,2417 2001,2416 2000,2417 1997,2417 1997,2418 1997,2419 1996,2419 1984,2419 1983,2420 1975,2420 1974,2419 1944,2419 1944,2419 1944,2418 1943,2417 1859,2417 1859,2417 1858,2459 1858,2460 1844,2460 1842,2462 1833,2462 1832,2463 1826,2463 1825,2462 1820,2462 1818,2460 1818,2458 1817,2457 1818,2421 1817,2421 1762,2420 1761,2419 1655,2419 1654,2420 1608,2420 1606,2422 1602,2422 1601,2421 1515,2420 1513,2422 1511,2422 1509,2420 1495,2420 1494,2419 1490,2419 1490,2419 1490,2418 1489,2417 1373,2417 1373,2417 1373,2418 1372,2419 1327,2418 1327,2419 1327,2422 1326,2422 1325,2422 1325,2423 1325,2424 1324,2424 1218,2424 1218,2425 1217,2461 1216,2462 1212,2462 1211,2463 1187,2463 1186,2463 1186,2464 1186,2465 1182,2465 1180,2463 1180,2462 1179,2461 1180,2436 1179,2436 1174,2436 1174,2435 1174,2429 1173,2429 1108,2429 1108,2429 1108,2435 1107,2436 1102,2436 1102,2436 1101,2461 1101,2461 1094,2461 1093,2461 1093,2440 1093,2439 1035,2439 1035,2439 1035,2438 1033,2436 1028,2436 1028,2436 1028,2435 1027,2434 1005,2434 1005,2434 1005,2421 1004,2420 937,2420 937,2420 936,2449 936,2450 920,2450 919,2451 910,2451 909,2451 909,2459 909,2460 908,2460 907,2459 907,2458 907,2458 905,2458 904,2457 905,2438 904,2437 904,2424 903,2424 902,2424 902,2423 902,2379 901,2379 900,2379 900,2378 900,2331 899,2330 899,2320 898,2319 898,2304 899,2304 900,2304 901,2305 905,2305 905,2305 905,2306 906,2307 994,2307 996,2305 998,2308 998,2310 1002,2314 1002,2316 1004,2317 1005,2317 1005,2318 1005,2332 1007,2334 1060,2334 1062,2336 1062,2347 1062,2347 1138,2348 1139,2347 1139,2329 1139,2329 1141,2329 1143,2330 1143,2338 1143,2339 1223,2339 1224,2339 1224,2337 1224,2336 1226,2336 1227,2337 1227,2339 1227,2339 1256,2339 1258,2341 1258,2346 1258,2346 1338,2347 1340,2345 1374,2345 1375,2344 1375,2338 1375,2338 1377,2338 1378,2338 1378,2342 1378,2343 1461,2343 1465,2339 1525,2339 1526,2339 1526,2317 1528,2315 1529,2315 1530,2317 1530,2339 1530,2339 1596,2340 1597,2339 1597,2314 1598,2314 1600,2314 1602,2316 1602,2340 1604,2343 1707,2343 1708,2343 1708,2309 1710,2307 1710,2306 1711,2305 1730,2305 1731,2307 1731,2340 1731,2340 1764,2340 1765,2341 1765,2343 1765,2343 1766,2343 1767,2344 1767,2345 1767,2345 1859,2346 1860,2345 1932,2345 1934,2343 1945,2343 1946,2344 1946,2345 1946,2345 1989,2345 1990,2346 2057,2347 2059,2345 2065,2345 2066,2344 2066,2343 2066,2343 2074,2343 2075,2342 2075,2341 2075,2341 2084,2341 2085,2341 2085,2342 2085,2343 2248,2344 2249,2343 2249,2313 2251,2312 2252,2312 2252,2312 2252,2342 2252,2343 2266,2343 2268,2345 2340,2345 2341,2344 2341,2343 2341,2343 2368,2343 2369,2343 2369,2334 2369,2333 2371,2333 2372,2334 2372,2345 2372,2345 2433,2345 2434,2345 2434,2344 2434,2343 2499,2344 2500,2343 2517,2343 2519,2345 2521,2345 2522,2346 2646,2346 2647,2346 2647,2339 2647,2338 2652,2338 2653,2338 2653,2334 2654,2333 2654,2315 2655,2314 2656,2314 2656,2314 2656,2313 2657,2312 2661,2312 2663,2310 2676,2310 2678,2312 2680,2312 2680,2313 2680,2331 2680,2331 2681,2331 2682,2332 2682,2349 2682,2349 2736,2350 2737,2350 2737,2351 2737,2352 2798,2352 2799,2353 2802,2353 2805,2356 2870,2356 2871,2355 2872,2355 2873,2355 2873,2354 2873,2353 2879,2353 2880,2352 2885,2352 2886,2352 2886,2319 2891,2314 2927,2314 2929,2312 2938,2313 2939,2312 2940,2312 2940,2312 2940,2313 2941,2314 2943,2314 2946,2317 2950,2317 2950,2317 2950,2319 2952,2321 2952,2323 2954,2325 2954,2330 2955,2331 2955,2354 2955,2355 3000,2355 3002,2357 3006,2357 3007,2358 3147,2358 3148,2358 3148,2348 3150,2346 3150,2335 3151,2334 3151,2332 3151,2331 3152,2331 3153,2331 3153,2329 3155,2327 3155,2323 3156,2322 3168,2323 3169,2324 3170,2324 3170,2324 3170,2364 3170,2365 3172,2365 3175,2367 3175,2369 3177,2371 3177,2374 3179,2376 3179,2383 3179,2384 3234,2384 3237,2386 3237,2390 3237,2391 3238,2391 3239,2391 3239,2399 3238,2400 3237,2400 3237,2400 3237,2402 3234,2405 3232,2405 3232,2405 3232,2406 3231,2407 3218,2407 3217,2408 3210,2408 3210,2408 3210,2409 3209,2410 3203,2410 3203,2410 3203,2411 3202,2412 3178,2412 3178,2412 3177,2470 3177,2471 3172,2471 3171,2470 3172,2435 3171,2435 3141,2434 3139,2432 3136,2432 3135,2431 3073,2431 3073,2432 3072,2472 3072,2472 3068,2472 3067,2473 3067,2474 3067,2474 3065,2474 3064,2475"/><TextEquiv><Unicode/></TextEquiv><TextEquiv index="1"><Unicode>&amp; ne permettoit pas aux remedes d'opé-</Unicode></TextEquiv></TextLine><TextLine id="l15"><Coords points="2662,2621 2661,2620 2630,2620 2630,2620 2630,2583 2629,2582 2594,2582 2594,2582 2594,2581 2593,2580 2438,2579 2436,2577 2431,2577 2430,2576 2221,2575 2221,2576 2221,2578 2219,2579 2211,2579 2209,2577 2197,2577 2197,2577 2197,2576 2196,2575 1954,2574 1954,2575 1954,2614 1953,2614 1939,2614 1939,2614 1939,2578 1938,2577 1927,2577 1927,2577 1927,2576 1926,2575 1923,2575 1922,2574 1704,2573 1702,2575 1610,2575 1610,2575 1610,2576 1610,2577 1659,2577 1660,2577 1660,2578 1659,2579 1659,2584 1656,2587 1502,2586 1502,2587 1502,2608 1501,2608 1500,2608 1500,2608 1500,2607 1499,2606 1495,2606 1495,2606 1495,2581 1494,2580 1012,2578 1012,2579 1012,2589 1011,2589 935,2589 935,2589 935,2608 933,2610 909,2610 909,2609 909,2570 908,2570 907,2570 907,2569 907,2515 907,2515 906,2515 905,2514 905,2472 904,2471 904,2463 905,2463 907,2463 907,2462 907,2460 908,2460 909,2460 910,2461 1122,2462 1124,2464 1124,2468 1125,2469 1125,2470 1127,2472 1127,2498 1128,2499 1404,2500 1404,2499 1404,2498 1406,2496 1406,2488 1407,2487 1407,2481 1408,2481 1409,2481 1409,2480 1409,2477 1410,2477 1411,2477 1411,2476 1411,2472 1412,2472 1414,2472 1416,2470 1418,2470 1421,2466 1421,2465 1422,2465 1431,2465 1433,2463 1468,2463 1468,2463 1468,2461 1471,2458 1491,2458 1493,2461 1493,2463 1494,2463 1495,2463 1495,2464 1495,2465 1496,2465 1497,2465 1497,2466 1497,2467 1498,2467 1499,2467 1499,2468 1499,2493 1500,2493 1724,2494 1726,2492 1726,2490 1727,2489 1727,2484 1731,2480 1731,2476 1732,2475 1732,2474 1734,2472 1734,2466 1735,2465 1736,2465 1738,2463 1738,2461 1739,2460 1749,2460 1751,2458 1753,2460 1755,2460 1756,2461 2097,2463 2100,2460 2171,2460 2171,2460 2171,2458 2173,2456 2186,2456 2188,2458 2193,2458 2195,2461 2195,2463 2197,2465 2197,2497 2198,2497 2336,2498 2337,2499 2456,2499 2457,2500 2565,2501 2565,2501 2565,2502 2566,2503 2806,2504 2806,2503 2806,2482 2807,2481 2807,2476 2809,2474 2809,2472 2810,2472 2811,2472 2811,2471 2811,2469 2812,2469 2874,2469 2874,2469 2874,2468 2875,2467 2876,2467 2876,2467 2876,2466 2877,2465 2881,2465 2883,2463 2900,2463 2900,2464 2900,2465 2901,2465 2903,2465 2907,2469 2909,2469 2909,2470 2909,2508 2910,2508 2936,2509 2937,2510 3163,2510 3163,2510 3163,2479 3165,2477 3165,2475 3167,2474 3168,2474 3171,2471 3177,2471 3178,2472 3180,2472 3182,2474 3184,2474 3186,2476 3186,2478 3189,2481 3189,2507 3190,2508 3218,2508 3220,2510 3223,2510 3225,2512 3225,2519 3226,2520 3237,2520 3242,2525 3242,2531 3241,2532 3241,2588 3240,2589 3239,2589 3237,2591 3113,2590 3112,2591 3052,2591 3048,2587 2917,2586 2915,2584 2914,2584 2914,2584 2914,2583 2913,2582 2675,2581 2675,2582 2675,2620 2674,2620 2672,2620 2671,2621"/><TextEquiv><Unicode/></TextEquiv><TextEquiv index="1"><Unicode>ret leur effet. Artémiſe me repréſentoit</Unicode></TextEquiv></TextLine><TextLine id="l16"><Coords points="3163,2786 3162,2786 3162,2746 3162,2745 3019,2745 3016,2747 3016,2784 3016,2785 2999,2785 2998,2784 2998,2744 2998,2744 2996,2744 2995,2743 2995,2742 2995,2742 2994,2742 2993,2741 2993,2740 2993,2740 2905,2739 2904,2740 2898,2740 2897,2741 2897,2742 2897,2742 2851,2742 2850,2743 2850,2763 2849,2764 2847,2764 2843,2768 2843,2770 2843,2770 2839,2770 2833,2776 2830,2776 2828,2778 2826,2778 2824,2780 2819,2780 2818,2781 2805,2781 2804,2780 2758,2780 2757,2779 2757,2735 2757,2735 2693,2734 2692,2735 2645,2735 2643,2733 2580,2733 2579,2732 2578,2732 2577,2731 2577,2730 2577,2730 2576,2730 2575,2729 2575,2728 2575,2728 2571,2728 2569,2726 2489,2726 2488,2727 2485,2727 2484,2727 2484,2729 2484,2730 2482,2730 2479,2733 2476,2732 2475,2733 2451,2733 2450,2732 2391,2732 2389,2730 2380,2730 2379,2730 2379,2729 2379,2728 2291,2728 2290,2728 2290,2756 2289,2758 2288,2758 2286,2756 2286,2734 2286,2734 2244,2733 2243,2732 2240,2732 2238,2730 2158,2730 2157,2730 2157,2729 2157,2728 2022,2728 2021,2729 1988,2728 1987,2729 1987,2730 1987,2730 1943,2730 1942,2731 1942,2732 1942,2732 1930,2732 1929,2732 1929,2731 1929,2730 1849,2730 1846,2733 1837,2733 1836,2733 1836,2734 1836,2735 1823,2735 1822,2734 1689,2733 1688,2734 1688,2735 1688,2735 1677,2735 1675,2733 1667,2733 1666,2733 1666,2772 1666,2773 1654,2773 1653,2772 1653,2733 1653,2733 1606,2733 1604,2731 1522,2730 1517,2735 1507,2735 1505,2733 1503,2733 1502,2732 1497,2732 1495,2730 1391,2730 1390,2730 1390,2731 1389,2733 1387,2733 1385,2735 1380,2735 1378,2737 1376,2735 1371,2735 1369,2733 1365,2733 1364,2732 1359,2732 1358,2731 1358,2729 1358,2729 1228,2728 1227,2729 1227,2730 1227,2730 1226,2730 1225,2731 1225,2732 1225,2732 1199,2732 1198,2731 1198,2730 1198,2730 1105,2730 1104,2731 1068,2730 1067,2731 1067,2737 1067,2737 1061,2737 1060,2737 1060,2731 1060,2730 980,2730 979,2730 979,2769 979,2770 977,2770 976,2769 976,2763 976,2763 917,2763 916,2762 916,2757 916,2757 915,2757 914,2756 914,2689 914,2689 913,2689 912,2688 913,2666 912,2665 912,2658 910,2656 910,2616 909,2615 909,2615 915,2615 916,2615 916,2617 916,2618 923,2618 924,2618 924,2626 924,2627 935,2627 936,2628 943,2628 945,2629 945,2650 945,2651 1038,2651 1039,2651 1039,2647 1039,2646 1047,2646 1048,2646 1048,2645 1048,2644 1069,2644 1070,2644 1070,2625 1071,2623 1114,2624 1115,2623 1115,2622 1117,2620 1117,2618 1117,2618 1128,2618 1129,2618 1129,2619 1129,2620 1131,2620 1134,2622 1134,2626 1134,2627 1135,2627 1136,2627 1136,2655 1136,2656 1178,2656 1179,2656 1179,2657 1179,2658 1282,2658 1284,2656 1376,2657 1377,2656 1492,2656 1495,2653 1503,2653 1504,2654 1506,2654 1507,2655 1507,2656 1507,2656 1508,2656 1509,2657 1509,2663 1509,2663 1597,2664 1598,2663 1599,2663 1600,2662 1600,2661 1600,2661 1606,2661 1609,2658 1611,2658 1612,2657 1612,2656 1612,2656 1623,2656 1625,2658 1719,2658 1722,2656 1722,2654 1724,2651 1773,2651 1775,2653 1848,2654 1853,2659 1933,2659 1934,2659 1934,2619 1938,2614 1953,2614 1954,2615 1954,2616 1956,2618 1956,2620 1956,2620 1957,2620 1958,2621 1958,2654 1958,2654 2055,2655 2056,2654 2056,2639 2057,2638 2057,2635 2059,2633 2059,2632 2059,2632 2060,2632 2061,2631 2061,2629 2067,2623 2069,2623 2070,2622 2070,2620 2072,2618 2079,2618 2081,2616 2120,2616 2121,2616 2121,2653 2121,2654 2192,2654 2194,2656 2197,2656 2198,2657 2319,2658 2321,2656 2332,2656 2333,2656 2333,2657 2333,2658 2473,2658 2474,2659 2480,2660 2481,2661 2483,2661 2484,2661 2484,2663 2485,2665 2486,2665 2487,2665 2487,2666 2488,2668 2489,2668 2490,2669 2569,2669 2570,2668 2570,2666 2570,2666 2574,2666 2575,2665 2575,2663 2575,2663 2576,2663 2577,2662 2577,2661 2577,2661 2590,2661 2591,2660 2591,2659 2591,2659 2593,2659 2594,2658 2596,2658 2599,2656 2599,2626 2599,2625 2600,2625 2601,2625 2601,2624 2601,2623 2629,2623 2630,2623 2630,2621 2630,2620 2661,2620 2662,2621 2670,2621 2671,2622 2671,2658 2671,2658 2752,2659 2756,2663 2846,2663 2848,2665 2935,2666 2936,2665 2936,2649 2938,2647 2940,2648 2940,2665 2940,2666 3082,2666 3083,2666 3083,2645 3083,2644 3140,2644 3141,2644 3141,2643 3141,2642 3142,2642 3143,2641 3144,2641 3146,2640 3146,2638 3146,2637 3147,2637 3148,2637 3148,2636 3148,2635 3149,2635 3151,2634 3151,2633 3151,2632 3153,2632 3155,2630 3159,2630 3161,2628 3166,2629 3167,2628 3180,2628 3182,2630 3186,2630 3191,2634 3191,2670 3191,2671 3212,2671 3214,2673 3218,2673 3222,2677 3224,2677 3225,2678 3228,2678 3229,2679 3229,2681 3235,2687 3318,2687 3320,2689 3323,2689 3323,2690 3323,2692 3323,2692 3321,2692 3319,2690 3317,2690 3316,2689 3238,2689 3237,2689 3237,2707 3236,2709 3235,2709 3234,2709 3234,2736 3234,2737 3233,2737 3230,2740 3228,2740 3227,2740 3227,2741 3227,2742 3226,2742 3225,2742 3225,2743 3224,2745 3218,2745 3217,2745 3217,2746 3217,2747 3214,2747 3213,2747 3213,2748 3213,2749 3211,2749 3209,2751 3182,2751 3181,2751 3181,2786 3181,2787"/><TextEquiv><Unicode/></TextEquiv><TextEquiv index="1"><Unicode>tendrement cette influence dangereuſe</Unicode></TextEquiv></TextLine><TextLine id="l17"><Coords points="3168,2944 3167,2943 3167,2938 3167,2938 2898,2936 2897,2936 2897,2903 2897,2902 2291,2900 2286,2904 2286,2906 2284,2909 2282,2909 2277,2914 2275,2914 2274,2914 2274,2915 2274,2916 2272,2916 2271,2917 2269,2917 2267,2919 1952,2917 1951,2918 1951,2930 1951,2930 1544,2928 1543,2929 1543,2931 1543,2931 1524,2931 1522,2933 1503,2933 1502,2933 1502,2928 1502,2927 968,2925 967,2924 922,2924 921,2923 921,2898 921,2898 920,2898 920,2897 920,2896 919,2895 919,2837 917,2835 917,2794 916,2793 916,2773 917,2773 940,2773 940,2772 940,2771 941,2771 1493,2773 1497,2769 2498,2774 2499,2773 2506,2773 2508,2771 2508,2771 2508,2773 2510,2775 2512,2775 2512,2775 2512,2778 2513,2779 2771,2780 2772,2781 2818,2781 2818,2781 2818,2783 2819,2784 3019,2785 3020,2786 3182,2787 3184,2789 3184,2820 3184,2821 3215,2821 3217,2823 3219,2823 3220,2823 3220,2827 3220,2828 3221,2828 3222,2828 3222,2832 3222,2833 3231,2833 3232,2833 3232,2834 3232,2835 3233,2835 3236,2837 3236,2889 3237,2890 3237,2897 3238,2898 3238,2899 3237,2900 3233,2900 3233,2900 3233,2901 3232,2902 3230,2902 3228,2904 3219,2904 3218,2905 3215,2905 3213,2907 3176,2907 3175,2907 3175,2943 3175,2944"/><TextEquiv><Unicode/></TextEquiv><TextEquiv index="1"><Unicode>de mon eſprit malace; lle m'invitoit</Unicode></TextEquiv></TextLine><TextLine id="l18"><Coords points="1251,3088 1251,3088 1251,3087 1250,3086 1248,3086 1246,3084 1246,3081 1245,3080 966,3079 964,3077 962,3077 962,3076 962,3072 961,3072 948,3072 948,3071 948,3060 947,3060 926,3060 926,3059 926,3029 925,3029 924,3029 924,3028 924,2979 924,2979 923,2979 922,2978 922,2931 921,2930 921,2924 922,2924 2029,2929 2030,2930 2472,2931 2472,2932 2472,2933 2473,2933 2475,2933 2476,2934 2913,2936 2914,2937 2979,2938 2982,2941 3099,2941 3101,2943 3175,2944 3175,2944 3175,2954 3176,2955 3194,2955 3194,2955 3194,2982 3195,2983 3222,2983 3225,2986 3225,2987 3226,2988 3229,2988 3229,2988 3229,2989 3230,2990 3230,2992 3231,2993 3235,2993 3237,2995 3237,2997 3238,2998 3239,2998 3239,2998 3239,3042 3239,3043 3240,3043 3241,3043 3237,3047 3237,3049 3231,3055 3229,3055 3226,3058 3222,3058 3222,3058 3222,3059 3221,3060 3215,3060 3215,3060 3215,3061 3214,3062 3160,3061 3159,3062 2542,3060 2542,3060 2542,3088 2541,3089 2248,3088 2247,3089 2219,3088 2218,3089 1282,3085 1281,3086 1258,3086 1256,3088"/><TextEquiv><Unicode/></TextEquiv><TextEquiv index="1"><Unicode>être plus tranquille, par les motifs les</Unicode></TextEquiv></TextLine><TextLine id="l19"><Coords points="1881,3265 1879,3262 1879,3260 1877,3258 1877,3256 1876,3256 1875,3256 1875,3255 1875,3250 1877,3248 1877,3246 1880,3243 1880,3243 1319,3240 1318,3240 1318,3238 1318,3237 965,3236 964,3235 964,3230 964,3230 934,3230 933,3229 933,3227 933,3227 932,3227 931,3226 931,3146 931,3146 930,3146 929,3145 930,3103 929,3103 928,3103 928,3102 928,3093 928,3093 932,3093 933,3092 933,3082 933,3082 1023,3082 1026,3079 1035,3079 1036,3080 1036,3083 1036,3083 2418,3089 2419,3089 2419,3087 2419,3086 2421,3086 2422,3086 2422,3085 2422,3084 2445,3084 2446,3085 2446,3086 2446,3086 2447,3086 2448,3087 2448,3088 2448,3088 2541,3089 2542,3090 2773,3091 2775,3093 2777,3093 2779,3095 3085,3096 3086,3097 3086,3098 3091,3103 3091,3126 3092,3127 3091,3139 3092,3139 3160,3139 3161,3140 3218,3141 3220,3143 3223,3143 3224,3144 3226,3144 3228,3146 3230,3146 3232,3148 3234,3148 3236,3150 3236,3152 3237,3153 3237,3204 3236,3206 3235,3206 3234,3206 3234,3207 3234,3208 3233,3208 3232,3208 3232,3209 3232,3210 3228,3210 3223,3215 3219,3215 3218,3215 3218,3216 3218,3217 3111,3216 3110,3217 3110,3257 3109,3257 2984,3257 2983,3258 1898,3253 1898,3253 1898,3258 1896,3260 1894,3260 1894,3260 1894,3262 1891,3265"/><TextEquiv><Unicode/></TextEquiv><TextEquiv index="1"><Unicode>plus touchans, par les ſoins les plus</Unicode></TextEquiv></TextLine><TextLine id="l20"><Coords points="2918,3409 2917,3408 2904,3408 2903,3408 2903,3366 2903,3365 2790,3365 2788,3363 2786,3363 2785,3362 2636,3361 2635,3360 2017,3358 2017,3358 2016,3361 2016,3361 2009,3361 2008,3362 2008,3367 2006,3369 2006,3373 2006,3373 2004,3373 2003,3374 2003,3376 2001,3378 1816,3378 1815,3378 1815,3397 1815,3398 1804,3398 1803,3397 1803,3396 1803,3396 1186,3393 1185,3394 1160,3394 1159,3393 1149,3393 1148,3392 1078,3391 1077,3391 1077,3389 1077,3388 939,3388 938,3387 939,3351 938,3351 937,3351 936,3349 936,3316 935,3315 935,3311 934,3310 934,3255 933,3254 933,3237 934,3237 936,3237 937,3238 1378,3240 1379,3239 1380,3239 1380,3238 1380,3237 1381,3237 1389,3237 1390,3236 1395,3236 1396,3237 1397,3237 1397,3237 1397,3238 1398,3239 1399,3239 1399,3239 1399,3240 1400,3241 1401,3241 1401,3241 1401,3245 1402,3246 1402,3271 1402,3272 2063,3275 2064,3274 2064,3248 2064,3248 2068,3248 2075,3242 2233,3242 2234,3241 2240,3241 2242,3244 2242,3246 2243,3247 2798,3250 2799,3249 2813,3249 2814,3250 2817,3250 2821,3254 2821,3255 2821,3255 3102,3256 3103,3257 3173,3258 3174,3258 3174,3302 3175,3304 3176,3304 3177,3304 3177,3308 3179,3310 3179,3317 3179,3318 3226,3318 3227,3318 3227,3319 3227,3320 3231,3320 3234,3323 3238,3323 3239,3323 3239,3324 3239,3325 3240,3325 3241,3325 3241,3341 3240,3342 3239,3342 3239,3342 3239,3343 3238,3344 3236,3344 3234,3346 3178,3346 3178,3346 3178,3360 3175,3362 3175,3364 3174,3365 3174,3366 3173,3368 3168,3368 3166,3369 3166,3370 3165,3371 3165,3373 3165,3374 3018,3373 3017,3373 3017,3393 3017,3394 2992,3394 2991,3394 2991,3403 2991,3404 2989,3404 2988,3404 2988,3405 2988,3406 2987,3406 2985,3408 2977,3408 2976,3409 2924,3408 2923,3409"/><TextEquiv><Unicode/></TextEquiv><TextEquiv index="1"><Unicode>complaiſans: mats, hélas mon inquié-</Unicode></TextEquiv></TextLine><TextLine id="l21"><Coords points="3075,3566 3075,3566 3075,3531 3074,3530 3007,3530 3007,3530 3007,3544 3006,3545 2883,3544 2883,3545 2883,3555 2882,3555 2876,3555 2874,3553 2874,3522 2873,3521 2747,3521 2746,3520 2503,3519 2503,3519 2503,3535 2501,3537 2501,3546 2500,3547 2498,3547 2498,3547 2498,3549 2497,3550 2496,3550 2496,3550 2496,3551 2495,3552 2493,3552 2490,3555 2486,3555 2486,3555 2486,3556 2485,3557 2479,3557 2478,3558 2472,3557 2472,3557 2472,3555 2470,3553 2470,3522 2469,3521 2314,3521 2314,3520 2314,3516 2313,3516 2312,3516 2311,3515 2020,3514 2019,3515 2005,3514 2003,3516 1956,3516 1954,3518 1952,3518 1950,3516 1946,3516 1944,3514 1758,3513 1753,3518 1586,3518 1586,3518 1586,3534 1585,3535 1567,3535 1567,3535 1567,3555 1566,3556 1359,3555 1358,3554 1356,3554 1355,3553 1275,3552 1275,3552 1275,3543 1274,3542 1239,3542 1239,3542 1239,3530 1238,3529 962,3528 962,3528 962,3542 961,3543 943,3543 943,3542 943,3497 942,3496 942,3486 941,3485 941,3452 940,3451 940,3415 938,3413 938,3388 939,3388 944,3388 944,3388 944,3390 945,3391 1093,3391 1094,3392 1159,3393 1160,3394 1182,3394 1182,3394 1182,3400 1183,3401 1289,3401 1289,3402 1289,3419 1290,3419 1302,3419 1303,3421 1303,3433 1304,3433 1307,3433 1309,3435 1320,3435 1321,3436 1519,3437 1519,3437 1519,3435 1521,3433 1576,3434 1577,3433 1631,3433 1631,3432 1631,3408 1633,3407 1797,3408 1798,3406 1798,3402 1799,3402 1801,3402 1803,3399 1803,3398 1804,3398 1815,3398 1816,3399 1817,3399 1817,3399 1817,3408 1818,3409 1818,3434 1819,3435 1956,3435 1957,3436 2262,3438 2262,3437 2262,3403 2265,3401 2274,3401 2274,3400 2274,3399 2275,3399 2284,3399 2286,3401 2286,3437 2287,3438 2484,3439 2484,3438 2484,3413 2485,3413 2498,3413 2498,3413 2498,3437 2499,3438 2552,3438 2555,3441 2716,3442 2716,3442 2716,3443 2717,3444 2898,3444 2898,3444 2898,3414 2899,3413 2900,3413 2900,3413 2900,3412 2901,3411 2902,3411 2902,3411 2902,3409 2903,3408 2917,3408 2918,3409 2931,3409 2932,3410 2950,3411 2950,3411 2950,3429 2951,3430 2953,3430 2953,3430 2953,3449 2954,3450 3138,3450 3140,3452 3144,3452 3145,3453 3222,3454 3222,3454 3222,3455 3223,3456 3225,3456 3226,3457 3230,3457 3230,3457 3230,3461 3233,3464 3235,3464 3236,3465 3236,3467 3237,3468 3237,3471 3239,3473 3239,3518 3237,3520 3237,3522 3235,3524 3231,3524 3227,3528 3225,3528 3225,3528 3225,3529 3224,3530 3223,3530 3222,3531 3202,3531 3200,3533 3194,3533 3194,3532 3194,3531 3193,3531 3086,3530 3086,3531 3086,3566 3085,3566"/><TextEquiv><Unicode/></TextEquiv><TextEquiv index="1"><Unicode>tude augmentoit tous les jours. Je ne</Unicode></TextEquiv></TextLine><TextLine id="l22"><Coords points="2911,3721 2911,3721 2911,3680 2911,3679 2685,3678 2683,3676 2454,3675 2453,3676 2451,3674 2234,3673 2233,3674 2233,3676 2233,3676 2224,3676 2219,3671 1960,3670 1959,3671 1893,3671 1892,3672 1885,3672 1884,3672 1884,3676 1883,3678 1879,3678 1877,3676 1875,3676 1873,3674 1863,3674 1861,3672 1565,3671 1564,3671 1564,3701 1563,3702 1507,3701 1507,3702 1507,3712 1506,3712 1378,3712 1378,3711 1378,3710 1376,3708 1376,3702 1375,3702 1341,3702 1340,3700 1340,3687 1340,3687 1259,3686 1258,3686 1258,3667 1258,3666 1052,3665 1051,3666 1051,3684 1050,3685 1015,3685 1014,3686 1014,3696 1014,3696 957,3696 956,3697 951,3697 950,3696 950,3681 950,3681 949,3681 948,3680 948,3647 947,3646 947,3600 947,3600 946,3600 945,3599 946,3583 945,3582 945,3552 944,3552 943,3552 943,3551 943,3550 943,3550 977,3550 978,3549 978,3547 978,3547 980,3547 981,3547 981,3550 981,3551 1293,3552 1294,3553 1294,3554 1294,3554 1295,3554 1296,3555 1296,3557 1296,3557 1312,3557 1313,3558 1312,3592 1313,3592 1338,3593 1340,3595 1547,3595 1547,3595 1548,3559 1551,3555 1567,3556 1569,3557 1569,3559 1571,3561 1571,3585 1571,3586 1805,3587 1806,3586 1806,3565 1807,3564 1810,3564 1813,3561 1813,3559 1813,3559 1815,3559 1817,3557 1826,3557 1827,3557 1827,3563 1827,3564 1828,3564 1829,3564 1828,3589 1829,3590 1830,3590 1831,3591 1831,3594 1832,3595 2073,3596 2074,3595 2349,3596 2349,3595 2350,3559 2350,3559 2354,3559 2355,3558 2355,3557 2355,3557 2407,3557 2408,3558 2408,3560 2410,3562 2410,3572 2410,3572 2621,3573 2622,3573 2622,3565 2624,3562 2626,3562 2627,3561 2641,3561 2642,3562 2644,3562 2646,3564 2646,3566 2647,3567 2647,3569 2647,3569 2648,3569 2649,3570 2648,3593 2649,3593 2697,3593 2697,3594 2697,3596 2698,3596 2918,3597 2918,3597 2919,3570 2919,3569 2920,3569 2923,3566 2925,3566 2926,3566 2926,3565 2926,3564 2933,3565 2935,3563 2936,3563 2937,3562 2942,3562 2943,3561 2951,3561 2952,3562 2954,3562 2955,3562 2955,3563 2955,3564 2963,3564 2964,3564 2964,3565 2964,3566 3088,3566 3091,3569 3090,3609 3091,3609 3156,3609 3157,3610 3161,3610 3165,3615 3166,3615 3167,3616 3167,3618 3169,3620 3169,3627 3170,3628 3230,3628 3230,3628 3230,3630 3231,3631 3234,3631 3234,3631 3234,3632 3235,3633 3241,3633 3241,3633 3241,3635 3242,3636 3242,3640 3244,3642 3244,3646 3245,3647 3308,3647 3308,3648 3308,3653 3308,3653 3244,3653 3238,3659 3228,3659 3227,3660 3176,3660 3175,3660 3175,3682 3175,3683 3173,3683 3172,3684 3167,3684 3166,3685 2921,3683 2920,3684 2920,3721 2919,3721"/><TextEquiv><Unicode/></TextEquiv><TextEquiv index="1"><Unicode>tecevois point de nouvelles de a Prin-</Unicode></TextEquiv></TextLine><TextLine id="l23"><Coords points="1764,3870 1763,3870 1763,3869 1763,3868 1469,3867 1468,3866 1462,3866 1461,3866 1461,3860 1461,3859 1123,3858 1122,3857 1122,3854 1122,3854 1046,3853 1044,3852 1044,3847 1044,3846 960,3846 959,3845 959,3841 959,3841 958,3841 957,3840 957,3838 953,3834 954,3806 953,3805 953,3777 952,3776 952,3742 950,3740 950,3697 951,3697 1085,3697 1086,3696 1088,3696 1089,3695 1089,3694 1090,3693 1099,3693 1100,3695 1127,3695 1130,3698 1132,3698 1134,3700 1134,3700 1134,3702 1136,3705 1781,3707 1782,3708 2130,3710 2131,3711 2278,3712 2279,3713 2583,3714 2586,3717 3218,3720 3219,3721 3228,3721 3233,3726 3235,3726 3237,3727 3237,3729 3238,3731 3240,3731 3241,3731 3241,3735 3242,3736 3242,3738 3244,3740 3244,3745 3246,3747 3246,3766 3245,3767 3244,3767 3244,3767 3244,3771 3243,3772 3236,3772 3234,3774 3230,3774 3230,3774 3230,3775 3228,3777 3227,3777 3227,3777 3227,3778 3226,3779 3223,3779 3223,3779 3222,3836 3220,3838 3220,3840 3220,3841 3216,3841 3214,3843 3114,3842 3112,3844 2807,3843 2806,3843 2806,3874 2806,3875"/><TextEquiv><Unicode/></TextEquiv><TextEquiv index="1"><Unicode>ceſſe. Etoit-elle malade elle-même?</Unicode></TextEquiv></TextLine><TextLine id="l24"><Coords points="2936,4042 2936,4040 2933,4037 2933,4035 2931,4033 1679,4028 1679,4028 1679,4015 1678,4014 1000,4011 1000,4011 1000,3986 999,3985 964,3985 964,3984 964,3958 963,3958 959,3958 959,3957 959,3911 959,3911 958,3911 957,3910 957,3863 958,3863 972,3863 972,3862 972,3852 974,3851 977,3851 979,3849 992,3849 994,3851 998,3851 998,3852 998,3853 999,3853 1015,3853 1017,3855 1024,3855 1026,3857 1137,3858 1139,3860 1556,3861 1557,3862 1593,3863 1593,3863 1593,3864 1594,3865 1598,3865 1601,3868 2026,3870 2027,3871 2799,3874 2800,3875 2809,3875 2809,3875 2809,3917 2810,3918 3230,3920 3232,3922 3236,3922 3237,3923 3237,3926 3238,3927 3241,3927 3241,3927 3241,3931 3244,3934 3244,3941 3242,3943 3242,3947 3241,3948 3239,3948 3238,3949 3233,3949 3232,3950 3232,3998 3229,4001 3068,4000 3067,4001 2981,4001 2981,4001 2981,4034 2976,4039 2957,4039 2956,4040 2952,4040 2952,4040 2952,4041 2951,4042 2937,4042 2936,4043"/><TextEquiv><Unicode/></TextEquiv><TextEquiv index="1"><Unicode>ltoit-elle aſſez irritée contre moi, pour</Unicode></TextEquiv></TextLine><TextLine id="l25"><Coords points="2376,4190 2374,4188 2372,4188 2371,4187 2369,4187 2369,4187 2369,4186 2368,4185 2366,4185 2365,4184 2365,4150 2365,4149 2184,4148 2183,4149 2183,4150 2183,4150 2179,4150 2178,4151 2175,4151 2173,4150 2173,4145 2173,4144 2028,4144 2027,4145 2025,4145 2023,4147 2021,4147 2020,4148 1969,4147 1968,4148 1968,4149 1968,4149 1963,4149 1961,4147 1959,4147 1957,4145 1844,4145 1843,4145 1843,4147 1842,4149 1828,4149 1827,4150 1823,4150 1822,4149 1820,4149 1818,4147 1816,4147 1815,4146 1815,4145 1815,4145 1626,4144 1625,4143 1555,4142 1553,4140 1436,4140 1435,4140 1435,4141 1435,4142 1355,4142 1352,4145 1351,4144 1349,4144 1346,4141 1346,4139 1345,4138 1264,4137 1263,4137 1263,4136 1263,4135 1257,4135 1256,4135 1256,4134 1256,4133 1120,4133 1119,4133 1119,4164 1117,4166 1117,4168 1116,4169 1103,4169 1102,4170 1093,4169 1092,4168 1090,4168 1088,4166 1088,4164 1086,4162 1086,4152 1086,4151 992,4151 991,4152 991,4154 991,4154 972,4154 969,4151 969,4147 969,4147 967,4147 965,4145 965,4111 964,4110 964,4087 965,4087 969,4087 969,4086 969,4077 971,4076 972,4076 972,4075 973,4034 972,4034 966,4034 966,4033 966,4028 965,4028 962,4028 962,4027 963,4026 965,4026 966,4025 966,4011 966,4011 968,4011 969,4011 969,4024 969,4025 975,4025 976,4025 976,4032 976,4033 1050,4033 1051,4034 1051,4035 1052,4036 1051,4045 1052,4045 1106,4046 1106,4045 1107,4027 1108,4026 1155,4026 1156,4025 1156,4017 1157,4016 1159,4016 1160,4015 1169,4015 1170,4015 1170,4017 1170,4018 1171,4018 1172,4018 1172,4019 1172,4020 1173,4020 1174,4020 1174,4043 1174,4044 1196,4044 1196,4044 1196,4046 1197,4047 1204,4047 1205,4048 1205,4055 1206,4056 1220,4056 1222,4058 1232,4058 1233,4059 1235,4059 1237,4061 1277,4061 1277,4062 1277,4063 1278,4063 1280,4063 1281,4064 1283,4064 1285,4066 1415,4067 1416,4066 1418,4066 1420,4064 1551,4064 1551,4064 1552,4033 1554,4031 1554,4029 1557,4026 1561,4026 1562,4025 1571,4025 1574,4027 1574,4041 1575,4042 1574,4058 1575,4059 1576,4059 1576,4059 1576,4063 1577,4064 1676,4064 1676,4064 1677,4032 1679,4030 1679,4029 1679,4028 1699,4028 1700,4029 1699,4064 1700,4064 1752,4064 1753,4066 1753,4068 1754,4068 1755,4068 1755,4069 1755,4070 1756,4070 1868,4071 1869,4070 1873,4070 1875,4068 1951,4068 1951,4068 1951,4066 1953,4064 2019,4065 2020,4064 2021,4064 2021,4064 2021,4065 2022,4066 2164,4066 2166,4064 2170,4064 2170,4064 2171,4038 2174,4035 2174,4034 2176,4032 2176,4030 2177,4028 2182,4028 2183,4027 2189,4027 2190,4028 2194,4028 2195,4029 2195,4033 2197,4035 2197,4042 2198,4043 2197,4047 2199,4049 2199,4065 2200,4065 2252,4066 2252,4066 2252,4067 2253,4068 2303,4068 2305,4070 2415,4070 2415,4070 2415,4069 2416,4068 2484,4069 2485,4068 2578,4068 2578,4067 2579,4033 2580,4032 2584,4032 2586,4030 2590,4030 2591,4030 2591,4029 2591,4028 2598,4028 2599,4029 2599,4030 2599,4030 2600,4030 2601,4031 2601,4033 2603,4035 2603,4040 2604,4041 2604,4043 2605,4044 2604,4068 2605,4068 2656,4068 2657,4069 2801,4070 2801,4069 2802,4037 2802,4037 2803,4037 2804,4036 2804,4035 2804,4035 2805,4035 2806,4034 2806,4032 2806,4032 2809,4032 2811,4030 2816,4030 2818,4032 2820,4032 2823,4035 2827,4035 2828,4036 2828,4042 2829,4043 2830,4043 2831,4044 2830,4075 2831,4075 2895,4075 2896,4076 3001,4077 3002,4076 3153,4076 3153,4076 3153,4067 3154,4066 3155,4066 3155,4066 3155,4050 3156,4049 3157,4045 3157,4044 3159,4044 3160,4044 3160,4043 3162,4041 3164,4041 3166,4039 3171,4039 3174,4041 3174,4043 3174,4044 3175,4044 3176,4044 3175,4101 3176,4102 3208,4102 3208,4102 3208,4103 3209,4104 3237,4104 3237,4104 3237,4106 3239,4108 3239,4120 3241,4122 3241,4123 3240,4123 3239,4123 3239,4127 3239,4128 3238,4128 3237,4128 3237,4130 3235,4133 3182,4133 3181,4133 3181,4154 3179,4157 3166,4157 3165,4158 3092,4157 3091,4156 3050,4156 3046,4152 2908,4151 2907,4152 2860,4152 2858,4150 2812,4150 2811,4149 2783,4149 2782,4148 2657,4147 2656,4148 2656,4149 2656,4149 2640,4149 2639,4149 2639,4148 2639,4147 2479,4147 2478,4148 2415,4147 2414,4148 2414,4186 2411,4188 2386,4188 2386,4189 2386,4190 2385,4190"/><TextEquiv><Unicode/></TextEquiv><TextEquiv index="1"><Unicode>e plus vouloir entendre parler du mal-</Unicode></TextEquiv></TextLine><TextLine id="l26"><Coords points="2981,4352 2980,4351 2237,4347 2235,4345 2222,4345 2221,4345 2221,4344 2221,4343 2220,4343 2219,4343 2219,4342 2219,4341 2217,4341 2216,4341 2216,4337 2217,4336 2217,4325 2217,4324 2079,4324 2078,4323 1075,4318 1074,4319 1074,4321 1074,4321 1061,4321 1060,4321 1060,4299 1060,4298 1004,4298 1003,4298 1003,4287 1003,4286 972,4286 971,4285 972,4259 971,4258 971,4238 970,4238 969,4238 969,4237 969,4206 967,4204 967,4175 967,4175 971,4175 972,4174 972,4161 972,4161 974,4161 976,4159 982,4159 983,4158 983,4157 984,4157 986,4157 986,4158 986,4159 986,4159 987,4159 988,4160 988,4164 990,4166 990,4174 990,4174 1005,4174 1007,4176 1458,4178 1459,4179 1645,4180 1646,4181 1652,4181 1653,4181 1653,4183 1657,4187 1657,4189 1659,4191 1659,4198 1660,4199 1660,4219 1660,4220 2977,4226 2978,4225 2978,4207 2979,4206 2979,4202 2979,4202 2980,4202 2981,4201 2981,4200 2981,4200 2995,4200 2997,4201 2997,4203 2998,4205 3000,4205 3002,4206 3002,4230 3002,4231 3100,4231 3101,4232 3238,4233 3239,4233 3239,4235 3239,4236 3241,4236 3242,4236 3242,4240 3244,4242 3244,4258 3243,4259 3242,4259 3242,4259 3242,4261 3241,4262 3238,4262 3238,4262 3237,4311 3233,4316 3112,4315 3111,4316 3052,4316 3051,4317 3003,4317 3002,4317 3002,4330 3002,4331 3001,4331 3000,4331 3000,4335 2998,4337 2998,4339 2997,4340 2997,4343 2993,4347 2993,4349 2993,4350 2989,4350 2987,4352"/><TextEquiv><Unicode/></TextEquiv><TextEquiv index="1"><Unicode>lureux Roſamene, pour me rejeter</Unicode></TextEquiv></TextLine><TextLine id="l27"><Coords points="2851,4508 2850,4508 2851,4473 2850,4472 2840,4472 2840,4473 2840,4489 2839,4489 2254,4487 2254,4487 2254,4499 2253,4500 2086,4499 2085,4500 1657,4498 1657,4497 1657,4480 1656,4480 1511,4479 1509,4477 1507,4477 1507,4477 1507,4459 1506,4458 1428,4458 1428,4457 1428,4456 1427,4456 1301,4455 1301,4455 1301,4454 1300,4453 1296,4453 1291,4448 1287,4448 1287,4448 1287,4446 1286,4445 1207,4445 1203,4441 1198,4441 1196,4439 1124,4439 1123,4438 1116,4438 1115,4437 1089,4436 1089,4436 1089,4434 1088,4433 1065,4433 1064,4432 1063,4432 1062,4431 1021,4431 1017,4427 1015,4427 1014,4426 983,4426 983,4425 983,4424 982,4424 978,4424 978,4423 978,4421 976,4419 976,4391 975,4391 974,4391 974,4390 975,4389 980,4389 981,4388 981,4372 982,4372 983,4372 983,4371 983,4318 987,4314 995,4314 995,4315 995,4319 998,4321 1074,4321 1076,4324 1076,4330 1077,4330 1258,4331 1258,4332 1258,4333 1259,4333 2401,4338 2403,4340 2410,4340 2410,4341 2410,4343 2411,4343 2412,4343 2412,4344 2412,4345 2413,4345 2687,4346 2687,4347 2687,4348 2689,4350 2689,4351 2690,4351 3015,4353 3015,4353 3015,4357 3019,4361 3019,4392 3019,4393 3066,4393 3067,4394 3171,4395 3174,4397 3174,4399 3175,4400 3175,4403 3177,4405 3177,4418 3177,4419 3240,4419 3241,4419 3241,4421 3242,4422 3242,4464 3242,4465 3274,4465 3275,4465 3275,4471 3272,4474 2874,4472 2874,4473 2873,4508 2873,4508"/><TextEquiv><Unicode/></TextEquiv><TextEquiv index="1"><Unicode>loin d'elle, malgré ma ſituation dou-</Unicode></TextEquiv></TextLine><TextLine id="l28"><Coords points="2852,4665 2851,4664 2837,4664 2837,4664 2837,4663 2836,4662 2682,4661 2681,4660 2478,4660 2477,4659 2317,4658 2317,4657 2317,4656 2316,4656 1504,4652 1503,4651 1497,4651 1497,4651 1497,4637 1496,4636 1325,4635 1325,4635 1325,4631 1324,4630 1004,4629 1003,4628 984,4628 984,4628 984,4619 983,4618 983,4585 983,4584 982,4584 981,4583 981,4517 982,4516 983,4474 984,4474 984,4472 985,4470 987,4470 988,4469 992,4469 995,4472 995,4486 995,4486 1302,4487 1304,4489 1312,4489 1313,4490 1313,4493 1313,4493 1314,4493 1315,4494 1315,4495 1315,4495 2501,4501 2502,4501 2502,4503 2504,4505 2503,4506 2504,4507 2874,4508 2874,4509 2874,4510 2875,4510 3184,4512 3185,4513 3192,4513 3196,4517 3198,4517 3198,4517 3198,4547 3199,4548 3211,4548 3214,4551 3215,4551 3215,4551 3215,4552 3216,4553 3223,4553 3225,4555 3225,4557 3226,4558 3227,4558 3227,4558 3227,4559 3228,4560 3229,4560 3229,4560 3229,4603 3230,4604 3235,4604 3236,4605 3236,4607 3237,4608 3237,4619 3236,4620 3236,4622 3235,4623 3234,4623 3234,4623 3234,4624 3233,4625 3229,4625 3227,4627 3225,4627 3222,4630 3148,4629 3148,4630 3148,4646 3147,4646 3052,4646 3051,4647 3042,4647 3040,4649 2858,4648 2858,4649 2858,4665 2857,4665"/><TextEquiv><Unicode/></TextEquiv><TextEquiv index="1"><Unicode>oureuſe, qui ſollicitoit, du moins, ſa</Unicode></TextEquiv></TextLine><TextLine id="l29"><Coords points="3048,4983 3046,4982 3046,4981 3046,4980 2863,4979 2862,4979 2862,4975 2861,4974 2861,4973 2861,4972 2218,4969 2217,4970 2217,4973 2216,4974 2216,4976 2216,4976 2215,4976 2214,4977 2214,4978 2214,4978 2188,4978 2186,4976 2097,4976 2092,4971 2090,4971 2087,4968 2088,4960 2087,4960 1513,4957 1513,4958 1512,4969 1512,4969 1505,4969 1504,4969 1504,4965 1504,4964 1477,4964 1476,4963 1475,4963 1474,4963 1475,4959 1474,4958 1200,4957 1199,4955 1199,4954 1198,4954 1181,4954 1177,4949 1177,4944 1176,4944 1076,4943 1076,4943 1076,4934 1075,4933 1010,4933 1010,4933 1010,4917 1009,4916 993,4916 993,4916 993,4869 991,4867 991,4822 989,4820 989,4776 988,4775 989,4730 988,4729 988,4728 986,4726 986,4681 985,4680 984,4680 984,4680 984,4629 984,4628 1056,4628 1057,4629 1103,4630 1105,4632 1107,4632 1108,4632 1108,4633 1108,4634 1265,4634 1266,4635 1326,4636 1327,4636 1327,4645 1327,4646 1437,4646 1438,4646 1438,4650 1438,4651 2408,4655 2409,4654 2417,4654 2419,4656 2419,4658 2420,4659 2483,4660 2484,4661 2689,4661 2691,4663 3215,4666 3220,4671 3227,4671 3233,4677 3235,4677 3236,4677 3236,4684 3237,4685 3237,4712 3237,4713 3243,4713 3244,4713 3244,4717 3244,4718 3245,4718 3246,4718 3245,4922 3246,4923 3246,4928 3244,4930 3244,4932 3241,4935 3239,4935 3239,4935 3239,4939 3238,4940 3230,4940 3230,4940 3230,4941 3229,4942 3223,4942 3222,4943 3219,4943 3217,4945 3203,4945 3201,4947 3092,4946 3092,4947 3091,4981 3091,4981 3077,4981 3075,4983"/><TextEquiv><Unicode/></TextEquiv><TextEquiv index="1"><Unicode>leluet ie nampenoi nies me</Unicode></TextEquiv></TextLine><TextLine id="l30"><Coords points="1093,5138 1093,5132 1092,5131 1033,5131 1033,5131 1033,5065 1033,5064 1022,5064 1021,5064 1021,5063 1022,5062 1022,4984 1023,4983 1057,4983 1057,4983 1057,4977 1058,4976 1071,4976 1071,4976 1072,4957 1074,4955 1074,4953 1077,4950 1077,4948 1077,4947 1090,4947 1091,4947 1091,4946 1091,4945 1093,4945 1095,4947 1136,4948 1141,4952 1141,4956 1141,4957 1183,4957 1185,4959 1395,4960 1396,4960 1396,4961 1396,4962 1474,4962 1475,4963 1476,4963 1476,4964 1476,4967 1477,4967 1483,4967 1483,4968 1483,4969 1484,4969 1524,4969 1526,4971 1535,4971 1536,4972 1537,4972 1539,4974 1540,4974 1540,4975 1540,4976 1541,4976 1543,4976 1543,4977 1543,5050 1544,5050 1557,5051 1558,5052 1567,5052 1568,5053 1569,5053 1569,5053 1569,5054 1570,5055 1571,5055 1571,5055 1571,5056 1572,5057 1573,5057 1573,5057 1573,5061 1574,5062 1574,5075 1573,5076 1573,5077 1571,5079 1571,5081 1569,5083 1569,5092 1568,5093 1566,5093 1566,5093 1566,5095 1565,5096 1564,5096 1564,5096 1564,5099 1563,5100 1561,5100 1560,5101 1096,5099 1096,5099 1096,5136 1093,5138"/><TextEquiv><Unicode/></TextEquiv><TextEquiv index="1"><Unicode>Ton. III.</Unicode></TextEquiv></TextLine><TextEquiv><Unicode/></TextEquiv></TextRegion></Page></PcGts>