4266 6032
971 236 3349 424 de vague de mon Adélaide. On me di-
960 407 3349 584 ſoit froidement qu'elle alloit bien, mais
959 571 3349 741 je ne ſavois où elle étoit; mais je ne
967 721 3349 924 voyois venir perſonne de ſa part, per-
969 886 3349 1052 ſonne qui l'eut vue. Pas une ame ne me
971 1036 3349 1210 viſitoit. Mon inquiétude horrible enve
978 1196 3349 1392 nimoit ma bleſſure, & me menaçoit
984 1358 2369 1520 d'une mort prochaine.
1134 1490 3349 1670 Nouvelle ſcene d'horreur Le déteſ-
981 1662 3349 1822 table Abbé Baſile vint me viſiter. Le
979 1820 3349 1996 regardant comme un ſcélérat qui avoit
984 1977 3349 2150 beaucoup contribué à mes malheurs,
988 2130 3349 2463 ains, e ne tuiſoi pau levuit aiut
994 2437 3349 2615 fuis, m'écriai-je, malheureux, con-
998 2596 3349 2772 tente - toi de m'avoir donné la mon,
998 2747 3349 2930 auſſi bien qu'à mon Amante. Le
998 2904 3349 3092 lâche ſe mit à genoux, d'un air hypo-
1008 3059 3349 3245 crite, auprès de mon lit. uMon cher
1005 3212 3349 3400 Chevalier, me dit-il, daignez m'é-
1007 3363 3349 3559 couter; je viens de la part de la Prin-
1010 3518 3349 3702 ceſſe Cémelli. -- De la part de la
1012 3681 3349 3862 Princeſſe? eſt - il vrai, lui dis- je,
1011 3832 3349 4034 quelle preuve en offres-tu? Donne-
1017 3987 3349 4188 moi ſa lettre. -- Je n'en ai point, ré
1020 4148 3349 4348 pondit- il. --Fuis donc, ſcélérat, re-
1020 4301 3349 4506 pliquai-je. -- Monſieur le Chevalier,
1024 4462 3349 4661 reprit l'hypocrite, encore un coup.
1033 4610 3349 4816 daignez m'écouter. Je n'ai point e
1029 4757 3349 4976 nlettre de ſa main, parce qu'elle n
