4266 6032
964 292 3328 484 donc, vit - elle encore?n Enfin,
964 448 3329 636 paroiſſant ſe déchirer la poitrine, eu
965 606 3329 793 ſe frappant le ſein, le ſcélérat prononoa
971 766 3328 946 ces mots terribles: uElle nous con-
967 919 3328 1090 temple à préſent du haut des Cieux. --
972 1076 3329 1254 Ah barbare, lui dis-je en déſaillant:
977 1235 3329 1409 tu as conſommé ton ouvrage. Fuis,
976 1392 3329 1557 tu m'as donné la mortn. A ces mou,
972 1548 3329 1750 je tombai dans le plus profond éva-
976 1705 1774 1868 nouiſſement.
1122 1860 3329 2031 Je ne revins à moi qu'au bout de
974 2020 3329 2183 pluſieurs jours; & je me retrouvai tou-
976 2173 3329 2339 jours ſous ies regards touchans de l
976 2327 3328 2498 tendre Artémiſe. Je repenſai à la lete
981 2484 3328 2647 de ma chere Adélaide. Je me ſentis la
976 2632 3275 2806 vue moins nébuleuſe, & j'eus la force
972 2799 3327 2961 de lire cette lettre chérie; je la meu,
981 2953 3282 3107 arroſée de mes larmes, ſous les veux
984 3114 1699 3240 du Lecteur.
1319 3429 3044 3625 Lettre d'Adélaide à Caraudin.
1131 3727 3292 3903 O mon cher Cataudin, le premier
993 3889 3294 4060 choix de mon enfance, l'éternel objel
998 4056 3296 4219 de mes vœux & de mes ſoupirs, pour-
995 4202 3296 4393 quoi l'amour le plus tendre, pourquoi
995 4364 3303 4532 ce ſentiment qui doit faire le bonheur
998 4523 3311 4687 des Amans, quand il eſt réciproque
998 4683 3310 4844 comme le nôtre, a-t-il fait toujours notre
995 4833 3320 5026 malheur, & va-t-il nous conduite tous
