4266 6032
914 243 3277 438 ſais qu'on vous a tiré le bras, & qu'on
936 412 3280 585 a changé la direction du coup que vous
940 573 3273 748 ne vouliez pas m'adreſſer. C'eſt le ha-
940 726 3273 904 ſard ſeul qui a fait mon malheur, ou
938 881 3203 1061 plutôt c'eſt le Ciel qui m'a punie.
991 1032 3275 1202 La Princeſſe, notre chere bienfai-
945 1194 3349 1373 trice, ſe trouve auſſi enveloppée dans
953 1351 3349 1520 notre infortune. Il lui eſt ſurvenu tout
952 1507 3280 1673 à coup une diſgrace qui lui a été ſuſ-
953 1664 3279 1836 citée par des ennemis. Comment une
936 1821 3282 1986 ame ſi aimante peut - elle avoir des
959 1963 3298 2150 ennemis? Mais cette diſgrace ne peut
964 2128 3285 2297 durer: la vérité percera. Tâchez de
955 2284 3280 2453 vivre, mon bon ami, pour la conſoler,
960 2439 3292 2613 pour faire ſon bonheur, & pour vous
964 2599 3306 2758 entretenir quelquefois, avec elle, de
941 2744 2255 2918 l'infortunée Adélaide.
943 2887 3299 3079 Vous pouvez avoir encore de beaux
967 3058 3341 3234 jours. Vous avez été élevé à l'école du
969 3216 3310 3394 malheur; il y a là de quoi être ſage &
960 3358 3304 3542 heureux. Les infortunes qui ont déchiré
928 3524 3311 3709 votre cœur, y entretiendront une douce
936 3672 3315 3867 ſenſibilité, un attendriſſement perpé-
965 3833 2501 4013 tuel, qui a ſes charmes.
991 3984 3308 4173 Ahl mon bon ami, je me berce du
965 4142 3310 4328 doux eſpoir que vous allez me ſurvivre;
934 4306 3316 4488 mais qui ſait ſi ce ne ſera pas moi plu-
941 4455 3325 4643 tôt qui aurai le malheur de recueillir
914 4625 3323 4796 vos cendres? Cette idée me fait frémir.
938 4756 3325 4971 La plume me tombe des mains ... Mon
2783 4955 3022 5105 l
