4266 6032
883 247 3268 453 mille fois. Vous preniez plaiſir à le
892 410 3263 599 dire. Vous avez meme penſé à l'élever
885 568 3373 763 juſqu'à votre perſonne; c'étoit votre
880 716 3275 924 projet chéri. Vous avez daigné ſacrifier
911 876 3277 1057 ce vœu ſecret de votre cœur au bon-
909 1031 3280 1205 heur de l'infortunée Adélade. Une
936 1189 3299 1380 grande Princeſſe s'eſt immolée à une
921 1340 3296 1538 petite particuliere, ſa protégée. Le
936 1497 3304 1682 trait étoit digne de vous, & vos bien-
936 1655 3287 1833 faits continuels ont, depuis, égalé un
936 1815 3289 2012 ſi généreux ſacrifice. Vous avez con-
907 1959 3316 2152 quis, par ce procédé, la perſonne à la-
892 2114 3299 2303 quelle vous vouliez vous ſacrifier. Elle
929 2281 3305 2453 eſt à vous ſans réſerve; & vous pouvez
948 2419 3323 2615 en diſpoſer comme de vos propres facul-
952 2577 3304 2767 tés; mais c'eſt à cette heureuſe favorite
957 2730 3323 2922 à faire à préſent ſon devoir. Vous
959 2886 3327 3073 aimez, ma belle Princeſſe, & vous ne
936 3039 3316 3232 me le dites plus. Vous aviez d'abord
878 3205 3334 3384 donné votre cœur au Chevalier, parce
947 3351 3334 3538 qu'il vous avoit ſauvé la vie au milieu de
899 3504 3325 3684 l'onde écumante. Il vient de vous la
948 3665 3337 3859 ſauver peut-être une ſeconde fois, par
971 3817 3340 4013 les juſtes ſoins qu'il vous a rendus dans
972 3982 3346 4165 une maladie mortelle. Votre ame
976 4127 3371 4304 aimante & reconnoiſſante s'eſt attachée
909 4282 3342 4478 avec une nouvelle force à celui par qui
886 4443 3349 4642 vous reſpiriez. Vous n'êtes plus maî-
897 4596 3353 4789 treſſe préſent d'un ſentiment ſi im-
923 4751 3363 4947 périeux. Il ſaut que vous viviez ayecle
