4266 6032
976 271 3356 470 Chevalier, ou que vous renonciez à
972 437 1375 558 la vie.
962 585 3346 754 Mon tour eſt à préſent venu, ma
967 745 3333 912 chere Princeſſe, & je vais remplir mon
962 905 3332 1063 devoir d'auſſi bonne grace que vous.
962 1057 3341 1223 La généroſité eſt bien moindre de ma
967 1213 3344 1377 part que de la vôtre. Vous ne me de-
964 1371 3358 1532 viez rien, & je vous dois tout. Que
967 1521 3332 1686 dis-je? eſt-ce un ſacriſice que je fais?
959 1681 3327 1839 Non, c'eſt une nouvelle grace que je
960 1836 3327 1996 vous demande. Je n'ai pas la baſſeſſe
962 1994 3373 2151 d'aimer comme les ames vulgaires,
957 2145 3365 2307 que leur intérêt ſeul anime. J'aime Ca-
953 2303 3337 2462 taudin pour lui-même, & non pour
955 2444 3320 2620 moi. N'eſt-il pas naturel, voulant ſon
957 2613 3334 2771 bonheur, que je cherche à lui procurer
952 2768 3322 2929 le ſort le plus heureux & le plus glo-
947 2919 3325 3085 rieux qu'il puiſſe déſirer? Quoil je
950 3079 3322 3237 vois un moyen de lui faire la fortune
950 3234 3337 3396 la plus brillante, de lui obtenir le parti
940 3383 3335 3550 le plus cher, le plus beau qu'il puiſſe
941 3543 3340 3707 enviſager, & je l'attacherois à un hum-
936 3698 3316 3861 ble parti comme moi, à un ſort obſcur
940 3849 3316 4021 comme le mien Je m'oppoſerois à ſa
938 4008 3316 4176 fortune, à ſa gloire, à ſon bonheurl
934 4168 2795 4331 Ne ſerois-je pas un monſtre?
1081 4319 3322 4483 J'aime mon Cataudin; lui ſeul eſt
931 4481 3354 4643 l'objet de mes vœux, de ma complai-
912 4622 3323 4795 ſance. C'eſt mon idole. Je veux le pla-
933 4781 3365 4967 cer ſur un Trône, ſur un Autel, & l'y
