<?xml version="1.0" encoding="UTF-8" standalone="no"?><PcGts xmlns="http://schema.primaresearch.org/PAGE/gts/pagecontent/2017-07-15" xmlns:xsi="http://www.w3.org/2001/XMLSchema-instance" xsi:schemaLocation="http://schema.primaresearch.org/PAGE/gts/pagecontent/2017-07-15 http://schema.primaresearch.org/PAGE/gts/pagecontent/2017-07-15/pagecontent.xsd"><Metadata><Creator/><Created>2020-10-14T10:30:33</Created><LastChange>1970-01-01T00:00:00</LastChange><Comments/></Metadata><Page imageFilename="0233.png" imageHeight="6032" imageWidth="4266"><TextRegion id="r1" orientation="0.375" type="paragraph"><Coords points="1,1 4264,1 4264,6030 1,6030"/><TextLine id="l1"><Coords points="2740,422 2738,420 2738,419 2738,419 1116,430 1115,429 1082,429 1081,428 934,429 933,428 933,427 934,427 936,427 936,426 936,373 937,372 936,335 938,333 938,331 941,328 941,326 942,326 943,326 943,325 943,324 944,324 946,324 948,322 950,322 951,321 955,321 955,320 955,319 956,319 1022,318 1022,318 1022,289 1023,288 1024,288 1024,288 1024,284 1030,278 1113,278 1113,277 1113,268 1114,267 1226,266 1227,265 1227,260 1227,260 1517,258 1518,257 1518,253 1518,253 1599,252 1600,252 1600,251 1600,250 1601,250 1602,249 1603,249 1604,250 1604,253 1604,253 1807,252 1808,253 1808,256 1808,256 2036,255 2037,256 2552,252 2553,253 2553,256 2553,256 3017,253 3018,254 3258,253 3260,254 3260,280 3261,281 3265,281 3265,281 3265,302 3266,303 3268,303 3269,304 3278,303 3280,306 3281,364 3282,365 3282,367 3282,367 3283,367 3284,368 3284,375 3282,376 3280,376 3280,377 3280,379 3277,381 3273,381 3273,382 3273,386 3272,386 3218,387 3218,387 3218,414 3218,415 2942,417 2941,417 2941,418 2941,419 2809,420 2808,420 2808,421 2808,422"/><TextEquiv><Unicode/></TextEquiv><TextEquiv index="1"><Unicode>adorer en ſilence, dans un reſpectueux</Unicode></TextEquiv></TextLine><TextLine id="l2"><Coords points="1165,584 1163,583 1163,581 1163,580 1161,580 1160,579 1158,579 1156,577 1154,577 1153,577 1153,576 1153,575 1152,575 1151,575 1151,574 1150,573 1149,573 1148,572 961,574 960,572 960,553 959,552 959,546 958,546 957,546 957,545 957,544 956,544 955,544 955,543 955,541 953,539 953,536 952,536 951,536 950,534 950,532 949,532 948,532 948,531 948,529 947,528 947,527 946,527 897,527 897,527 896,440 896,439 887,439 886,439 888,437 1115,436 1115,435 1115,430 1116,430 1229,429 1229,428 1229,427 1230,427 1731,424 1731,423 1731,422 1732,422 1734,422 1734,421 1734,419 1734,419 1736,419 1738,417 1740,417 1741,418 1745,417 1748,419 2158,417 2161,419 2161,420 2162,421 2680,417 2682,419 2810,419 2811,420 2811,426 2812,426 3041,425 3041,425 3041,427 3042,428 3125,427 3125,428 3125,456 3126,456 3163,456 3163,457 3163,458 3164,458 3258,458 3258,458 3258,459 3259,460 3260,460 3260,460 3260,461 3261,462 3263,462 3264,463 3266,463 3268,465 3268,467 3269,468 3269,469 3271,470 3287,470 3287,471 3287,472 3287,472 3279,472 3278,473 3279,526 3277,528 3277,530 3276,530 3256,531 3255,532 3167,532 3165,534 2970,535 2969,536 2955,537 2955,537 2955,540 2952,543 2952,545 2951,546 2950,546 2950,546 2950,548 2947,551 2945,551 2945,551 2945,552 2944,553 2940,553 2938,555 2866,555 2866,556 2866,572 2866,572 1924,578 1923,579"/><TextEquiv><Unicode/></TextEquiv><TextEquiv index="1"><Unicode>éloignement. Je puiſerai, de loin, mon</Unicode></TextEquiv></TextLine><TextLine id="l3"><Coords points="2669,729 2668,729 2668,722 2668,721 2660,721 2654,716 2654,714 2653,713 2653,696 2652,696 2355,697 2355,698 2355,699 2354,699 2353,700 2352,701 2350,701 2350,701 2350,705 2349,706 2347,706 2344,709 2343,709 2343,709 2343,710 2342,711 2329,711 2329,710 2329,708 2327,706 2327,696 2326,696 2049,697 2049,698 2049,700 2048,700 2047,701 2047,701 2047,703 2044,706 2044,710 2043,711 2042,711 2042,711 2042,712 2041,713 2040,713 2040,713 2040,715 2037,718 2037,720 2036,721 2032,721 2032,721 2032,722 2031,723 2028,723 2028,723 2028,724 2028,725 1999,725 1998,725 1998,731 1998,732 1982,732 1981,731 1981,695 1980,695 1691,697 1691,697 1691,731 1691,732 1689,732 1688,731 1552,732 1551,731 1551,699 1550,699 1521,699 1521,698 1521,696 1520,696 1496,696 1495,695 1256,697 1256,697 1256,700 1255,701 1254,701 1254,701 1254,717 1253,718 1019,719 1019,720 1019,725 1018,725 1016,725 1015,724 1015,719 1014,718 991,718 991,718 991,711 990,710 960,711 960,710 960,706 959,706 955,706 955,705 955,702 954,702 953,702 953,701 953,677 952,677 925,677 924,675 923,608 923,608 889,608 888,608 888,607 889,606 897,606 897,606 897,592 899,590 900,592 900,606 901,606 947,606 947,605 947,597 949,596 950,596 950,595 950,594 951,594 952,594 952,593 952,592 953,592 968,592 969,593 1156,591 1157,592 1168,592 1168,593 1168,597 1170,599 1170,602 1171,602 1495,600 1495,600 1495,580 1498,577 1514,577 1514,577 1514,578 1515,579 1822,577 1822,576 1822,575 1823,575 1824,575 1824,574 1824,573 1825,573 1827,573 1828,572 1833,572 1834,570 1836,570 1838,568 1842,568 1843,567 1843,566 1843,566 1848,566 1849,566 1849,567 1849,568 1852,568 1853,568 1853,571 1854,572 1855,572 1856,573 1856,575 1858,577 1858,580 1859,581 1911,580 1911,581 1911,592 1912,592 1928,592 1929,594 1929,615 1930,615 1939,615 1940,616 1942,616 1942,617 1942,618 1943,618 2154,617 2155,616 2187,616 2188,614 2188,613 2189,613 2195,613 2197,615 2200,615 2201,615 2481,614 2482,613 2500,613 2500,612 2500,587 2501,587 2503,587 2503,587 2503,598 2504,599 2728,597 2728,597 2728,592 2730,590 2806,590 2806,589 2806,577 2807,577 2816,576 2817,575 2818,575 2818,575 2818,574 2819,573 2854,573 2855,572 2912,572 2912,571 2912,570 2913,570 2915,570 2917,568 2935,568 2938,570 2940,570 2940,570 2940,571 2941,572 2943,572 2947,576 2947,585 2948,586 3179,584 3179,584 3179,581 3181,579 3181,578 3182,577 3184,577 3184,577 3184,576 3185,575 3194,575 3196,577 3198,577 3198,577 3198,612 3199,613 3220,613 3220,613 3220,614 3221,615 3260,615 3261,616 3263,616 3263,616 3263,617 3264,618 3268,618 3269,619 3269,620 3273,623 3275,623 3275,624 3275,628 3277,630 3277,634 3278,634 3279,634 3279,635 3279,639 3278,640 3278,641 3276,643 3277,680 3276,680 3272,680 3270,683 3267,683 3265,685 3262,685 3260,687 3258,687 3256,689 3254,689 3253,690 3253,691 3252,692 3227,692 3227,692 3227,705 3226,706 3222,706 3222,705 3222,689 3221,689 2995,690 2995,691 2995,694 2994,694 2983,694 2981,696 2806,698 2806,698 2806,728 2806,729"/><TextEquiv><Unicode/></TextEquiv><TextEquiv index="1"><Unicode>bonheur dans ſes yeux, en y liſant le</Unicode></TextEquiv></TextLine><TextLine id="l4"><Coords points="1842,896 1842,887 1842,887 1755,887 1754,886 1751,886 1750,886 1750,885 1750,884 1693,885 1691,883 1627,883 1626,883 1626,880 1626,879 1470,880 1469,881 1469,883 1469,883 1403,884 1402,884 1402,888 1402,889 1302,889 1301,890 1297,890 1296,889 1182,890 1181,889 1061,890 1060,889 1060,874 1059,874 1022,874 1022,874 1022,869 1021,868 1014,868 1014,868 1014,867 1013,866 1000,866 999,865 954,866 954,865 954,861 953,861 951,861 950,860 950,859 950,857 949,857 948,857 948,856 948,855 947,854 947,840 946,840 916,840 916,839 916,831 915,831 909,831 909,830 909,808 906,806 878,806 878,806 878,805 878,804 912,804 912,803 912,787 913,787 947,787 947,786 947,775 949,774 953,774 953,773 953,770 957,766 957,763 959,761 959,759 962,756 962,752 963,752 965,752 968,749 969,749 969,748 969,747 970,747 974,747 977,744 979,744 980,742 993,742 995,744 1206,743 1206,743 1206,740 1209,737 1263,737 1263,736 1263,735 1264,735 1265,735 1265,734 1265,733 1267,732 1277,732 1278,733 1280,733 1280,733 1280,734 1281,735 1282,735 1282,735 1282,736 1283,737 1284,737 1287,740 1287,771 1288,771 1463,770 1463,770 1463,758 1464,757 1548,757 1548,756 1548,732 1549,732 1573,732 1573,732 1573,773 1574,774 1767,772 1768,771 1798,771 1798,771 1798,758 1799,757 1939,756 1939,756 1939,738 1941,736 1941,734 1943,732 1999,732 2001,734 2001,771 2002,772 2161,771 2161,770 2161,754 2162,754 2166,754 2166,754 2166,771 2167,772 2396,770 2396,770 2396,738 2397,737 2398,737 2398,737 2398,734 2399,733 2401,733 2402,732 2406,732 2408,730 2415,730 2417,732 2419,732 2419,733 2419,735 2420,736 2420,757 2421,757 2453,757 2453,757 2453,768 2454,769 2666,767 2666,767 2666,731 2667,730 2668,730 2669,729 2883,728 2885,726 2930,726 2931,727 2931,728 2932,729 2989,728 2993,733 2993,752 2994,752 3022,752 3022,753 3022,756 3023,756 3096,756 3096,756 3096,765 3097,766 3117,766 3120,768 3251,768 3251,767 3251,732 3252,732 3254,732 3256,730 3258,730 3258,729 3258,728 3259,728 3270,728 3275,733 3275,743 3277,745 3277,747 3278,747 3283,747 3285,750 3285,753 3287,754 3289,754 3289,755 3289,759 3289,759 3282,759 3281,760 3282,833 3276,838 3274,838 3272,840 3263,841 3262,842 3255,842 3255,842 3255,869 3253,871 3120,871 3120,872 3120,874 3120,874 3075,875 3074,876 3072,876 3067,881 3060,881 3058,883 3056,883 3055,883 3055,885 3055,886 3023,886 3022,886 3022,885 3022,884 2930,885 2929,884 2929,847 2928,847 2797,848 2797,848 2797,884 2797,885 2795,885 2794,884 2794,869 2793,869 2716,869 2716,869 2716,866 2715,865 2539,866 2539,867 2539,879 2538,880 2537,880 2536,880 2536,874 2535,873 2372,874 2372,874 2372,862 2371,861 2201,862 2201,863 2201,887 2201,888 2182,888 2181,887 2048,888 2047,887 2047,874 2046,874 1906,874 1906,875 1906,890 1906,890 1877,891 1876,892 1851,892 1850,892 1850,894 1849,895 1849,896 1849,897 1847,897 1845,899"/><TextEquiv><Unicode/></TextEquiv><TextEquiv index="1"><Unicode>ſien. J'aurai rempli mon devoir à l'égard</Unicode></TextEquiv></TextLine><TextLine id="l5"><Coords points="2887,1038 2886,1038 2886,1014 2885,1013 2606,1015 2606,1015 2606,1038 2606,1039 2588,1039 2587,1038 2587,1037 2587,1037 2480,1038 2479,1037 2479,1028 2479,1028 2443,1028 2441,1027 2163,1029 2162,1029 2162,1037 2162,1038 2160,1038 2159,1037 2159,1034 2159,1034 1943,1035 1942,1036 1942,1044 1942,1044 1931,1044 1930,1043 1844,1044 1843,1043 1722,1044 1721,1043 1574,1044 1573,1043 1364,1044 1363,1043 1363,1028 1362,1028 1305,1028 1304,1027 1038,1029 1038,1030 1038,1048 1038,1048 1037,1048 1036,1049 1034,1049 1033,1049 1033,1046 1033,1045 906,1046 905,1045 907,1044 911,1044 911,1043 910,923 912,922 957,922 957,921 957,897 958,897 969,897 970,898 1132,897 1133,897 1389,896 1389,895 1389,889 1390,889 1449,888 1449,888 1449,887 1450,886 1455,886 1456,887 1680,886 1681,887 1754,886 1755,887 1966,886 1967,885 1977,885 1978,886 1983,886 1985,888 2066,887 2067,888 2202,887 2202,888 2202,904 2203,904 2230,904 2230,905 2230,907 2231,907 2462,906 2462,905 2462,888 2465,886 2475,886 2476,885 2507,885 2508,885 2515,885 2515,886 2515,897 2516,897 2544,897 2545,898 2697,897 2698,898 2928,897 2928,896 2928,885 2929,885 2960,885 2963,888 2964,888 2965,889 3069,888 3069,888 3069,917 3070,918 3199,917 3201,919 3201,921 3202,922 3269,922 3270,923 3270,925 3272,927 3272,928 3273,928 3275,928 3275,929 3275,931 3276,931 3277,931 3277,932 3277,933 3279,935 3279,938 3280,939 3280,943 3281,943 3282,943 3282,944 3281,945 3282,952 3281,952 3280,952 3280,953 3280,957 3279,958 3279,989 3277,990 3275,990 3271,995 3265,995 3262,998 3256,998 3256,998 3256,1001 3255,1002 3125,1002 3125,1003 3125,1027 3124,1028 3122,1027 3122,1013 3121,1012 2904,1014 2904,1014 2904,1037 2904,1038"/><TextEquiv><Unicode/></TextEquiv><TextEquiv index="1"><Unicode>de ma noble bienfaitrice. Je verrai cette</Unicode></TextEquiv></TextLine><TextLine id="l6"><Coords points="981,1211 980,1211 963,1211 962,1210 962,1208 959,1205 959,1189 959,1189 941,1189 940,1188 940,1179 940,1179 949,1179 950,1178 950,1115 949,1115 902,1115 902,1115 902,1114 902,1113 953,1113 954,1112 953,1108 954,1108 960,1108 960,1107 960,1102 962,1100 962,1098 963,1098 990,1097 993,1094 995,1094 996,1093 1033,1093 1033,1093 1033,1050 1034,1049 1117,1049 1118,1048 1152,1047 1153,1046 1158,1046 1159,1045 1179,1045 1180,1046 1182,1046 1182,1047 1182,1049 1184,1051 1184,1057 1185,1057 1363,1056 1363,1055 1363,1044 1364,1044 1366,1044 1366,1044 1366,1045 1367,1046 1572,1045 1573,1044 1585,1044 1586,1045 1730,1044 1731,1045 1850,1044 1851,1045 2064,1043 2066,1041 2071,1041 2073,1044 2073,1046 2075,1048 2075,1067 2076,1067 2250,1066 2250,1066 2250,1065 2252,1063 2310,1063 2310,1062 2310,1052 2312,1050 2312,1048 2313,1048 2314,1048 2314,1047 2314,1046 2315,1045 2315,1044 2319,1041 2329,1041 2331,1043 2495,1042 2496,1041 2503,1041 2505,1039 2508,1038 2509,1039 2607,1039 2609,1041 2620,1041 2620,1041 2620,1044 2621,1045 2785,1044 2785,1043 2785,1041 2786,1041 2792,1041 2795,1037 2795,1036 2796,1036 2813,1036 2814,1036 2817,1036 2819,1038 2905,1038 2905,1038 2905,1043 2906,1044 3070,1043 3072,1041 3074,1041 3079,1036 3082,1036 3084,1034 3096,1034 3096,1034 3096,1035 3097,1036 3100,1036 3100,1036 3100,1037 3101,1038 3101,1040 3102,1041 3103,1041 3103,1041 3103,1072 3104,1073 3270,1072 3270,1072 3270,1073 3272,1075 3272,1077 3273,1078 3273,1080 3275,1081 3282,1081 3283,1082 3286,1082 3287,1084 3287,1089 3286,1090 3287,1143 3286,1143 3285,1143 3284,1145 3284,1149 3282,1150 3277,1150 3276,1151 3274,1151 3272,1153 3118,1155 3118,1155 3118,1159 3117,1160 3069,1160 3069,1160 3069,1191 3069,1192 3051,1192 3050,1191 3050,1170 3049,1170 2998,1170 2998,1170 2998,1156 2997,1155 2969,1155 2969,1155 2969,1153 2968,1152 2938,1153 2937,1152 2750,1153 2750,1153 2750,1159 2749,1160 2747,1160 2746,1159 2546,1160 2546,1161 2546,1182 2546,1182 2538,1182 2537,1181 2501,1182 2500,1181 2500,1165 2499,1165 2253,1166 2253,1167 2253,1172 2252,1172 2190,1173 2190,1173 2190,1188 2190,1189 2188,1189 2187,1188 2187,1170 2186,1170 1999,1171 1998,1172 1978,1172 1978,1172 1978,1173 1976,1175 1974,1175 1968,1181 1846,1182 1846,1182 1846,1188 1844,1191 1842,1191 1840,1193 1837,1193 1836,1193 1836,1200 1836,1201 1816,1201 1815,1201 1815,1190 1815,1189 1775,1189 1774,1189 1774,1182 1773,1181 1604,1182 1604,1183 1604,1194 1604,1194 1601,1194 1600,1194 1600,1182 1599,1181 1478,1182 1478,1182 1478,1177 1477,1176 1254,1178 1254,1178 1254,1202 1254,1203 1236,1203 1235,1202 1235,1170 1234,1170 1184,1170 1183,1169 995,1170 995,1171 995,1206 995,1206 993,1206 989,1210 987,1210 986,1211"/><TextEquiv><Unicode/></TextEquiv><TextEquiv index="1"><Unicode>perſonne révérée, dont les bienfaits font</Unicode></TextEquiv></TextLine><TextLine id="l7"><Coords points="2357,1387 2356,1387 2353,1387 2352,1386 2352,1384 2346,1378 2346,1377 2346,1377 2338,1377 2336,1375 2336,1366 2336,1366 2335,1366 2334,1365 2334,1363 2333,1362 2333,1358 2333,1358 2308,1358 2307,1357 2307,1353 2307,1353 2162,1354 2161,1353 2161,1323 2160,1323 2140,1323 2140,1322 2140,1317 2139,1317 1973,1318 1972,1317 1686,1319 1686,1319 1686,1354 1686,1355 1670,1355 1669,1354 1669,1341 1669,1341 1579,1342 1578,1341 1578,1338 1578,1338 1356,1339 1354,1337 1333,1337 1332,1337 1332,1336 1331,1335 1018,1337 1018,1338 1018,1360 1018,1360 968,1361 967,1362 949,1362 948,1361 948,1337 947,1337 926,1337 926,1336 926,1296 925,1296 921,1296 921,1295 921,1294 921,1294 957,1294 958,1293 957,1253 958,1253 965,1253 965,1252 965,1250 967,1249 994,1248 995,1247 1070,1247 1071,1246 1074,1246 1074,1245 1074,1244 1075,1244 1084,1244 1086,1242 1093,1242 1093,1241 1093,1225 1094,1225 1234,1224 1234,1223 1234,1205 1237,1203 1254,1203 1256,1205 1256,1241 1257,1242 1537,1240 1537,1239 1537,1230 1538,1230 1548,1230 1548,1229 1548,1207 1550,1205 1550,1203 1551,1203 1552,1203 1552,1202 1552,1201 1553,1201 1557,1201 1559,1199 1570,1199 1572,1201 1576,1201 1576,1201 1576,1202 1577,1203 1837,1201 1837,1201 1837,1213 1838,1214 2101,1212 2102,1211 2102,1209 2103,1208 2104,1208 2104,1208 2104,1207 2105,1206 2107,1206 2107,1206 2107,1204 2108,1203 2111,1203 2111,1203 2111,1202 2112,1201 2119,1201 2122,1198 2124,1198 2126,1196 2149,1196 2149,1196 2149,1197 2153,1201 2154,1201 2154,1201 2154,1235 2155,1236 2451,1234 2451,1233 2451,1212 2453,1211 2520,1210 2520,1210 2520,1199 2521,1198 2523,1198 2525,1196 2539,1196 2539,1197 2539,1199 2541,1201 2541,1204 2542,1204 2916,1202 2916,1201 2916,1199 2917,1198 2917,1196 2918,1196 2921,1196 2921,1195 2921,1194 2922,1194 2924,1194 2926,1192 2928,1192 2929,1191 2941,1191 2943,1193 3070,1192 3070,1192 3070,1230 3071,1231 3185,1230 3187,1232 3203,1232 3203,1232 3203,1233 3204,1234 3205,1234 3206,1235 3207,1235 3211,1239 3211,1241 3212,1242 3213,1242 3213,1242 3214,1257 3214,1258 3272,1258 3273,1258 3276,1258 3280,1262 3280,1263 3280,1263 3281,1263 3282,1264 3282,1273 3282,1273 3293,1273 3294,1274 3294,1278 3292,1280 3292,1287 3291,1287 3222,1288 3222,1288 3222,1293 3221,1294 3220,1294 3220,1294 3220,1298 3219,1299 3217,1299 3215,1301 3215,1303 3214,1304 3155,1304 3155,1305 3155,1330 3154,1330 3153,1330 3153,1331 3153,1335 3148,1340 3144,1340 3143,1341 3143,1342 3143,1342 3142,1342 3141,1343 3141,1344 3141,1344 3140,1344 3139,1345 3139,1346 3139,1346 3133,1346 3132,1347 3130,1347 3129,1348 3106,1349 3104,1347 3102,1347 3101,1346 3094,1346 3093,1345 3093,1344 3093,1344 3091,1344 3086,1339 3086,1337 3086,1337 3085,1337 3084,1336 3084,1335 3082,1333 3082,1330 3081,1329 3081,1314 3080,1314 2720,1316 2720,1317 2720,1337 2720,1337 2638,1338 2637,1338 2637,1344 2636,1346 2633,1346 2632,1347 2626,1347 2625,1347 2625,1348 2625,1349 2618,1349 2616,1351 2365,1352 2364,1353 2364,1386 2363,1387"/><TextEquiv><Unicode/></TextEquiv><TextEquiv index="1"><Unicode>ma vie, m'avoir enfin quelque obliga-</Unicode></TextEquiv></TextLine><TextLine id="l8"><Coords points="2186,1509 2185,1508 2185,1479 2184,1479 1986,1480 1984,1478 1583,1481 1583,1481 1583,1491 1583,1492 1486,1492 1485,1493 1485,1510 1485,1510 1467,1510 1466,1510 1466,1507 1466,1506 1376,1507 1375,1506 1375,1500 1375,1500 1046,1502 1045,1502 1045,1481 1044,1480 982,1480 981,1479 976,1480 976,1479 976,1478 975,1478 971,1478 965,1471 965,1469 964,1468 964,1433 963,1433 959,1433 959,1432 958,1365 958,1365 950,1365 948,1363 948,1362 949,1362 1007,1361 1008,1360 1285,1359 1286,1358 1473,1356 1473,1356 1473,1355 1476,1352 1480,1352 1481,1351 1487,1351 1488,1352 1489,1352 1491,1354 1493,1354 1495,1356 1777,1354 1777,1355 1777,1357 1778,1357 2161,1355 2162,1354 2195,1354 2195,1354 2195,1355 2196,1356 2197,1356 2200,1359 2202,1359 2202,1359 2202,1360 2204,1362 2204,1392 2205,1392 2579,1390 2579,1390 2579,1377 2580,1376 2581,1376 2582,1378 2582,1389 2583,1389 3120,1385 3120,1385 3120,1349 3121,1348 3129,1348 3129,1349 3129,1385 3130,1385 3163,1385 3163,1385 3163,1352 3164,1351 3172,1351 3172,1351 3172,1350 3173,1349 3201,1349 3203,1351 3213,1351 3213,1351 3213,1388 3214,1389 3256,1389 3256,1389 3256,1391 3257,1392 3271,1392 3272,1393 3272,1394 3273,1394 3276,1397 3277,1397 3277,1398 3277,1399 3279,1401 3279,1402 3280,1402 3282,1402 3282,1403 3282,1404 3283,1405 3284,1416 3283,1416 3282,1416 3282,1417 3282,1418 3281,1418 3280,1418 3280,1419 3280,1449 3279,1450 3279,1457 3278,1457 3277,1457 3277,1458 3277,1459 3276,1459 3274,1459 3273,1460 3268,1461 3267,1462 3266,1462 3264,1464 3251,1464 3247,1460 2853,1462 2852,1463 2850,1463 2849,1464 2842,1464 2842,1465 2842,1466 2841,1466 2788,1467 2787,1468 2768,1468 2766,1470 2766,1473 2764,1475 2764,1479 2763,1480 2763,1483 2761,1485 2761,1487 2757,1491 2757,1494 2757,1495 2755,1495 2754,1495 2754,1496 2754,1497 2743,1497 2742,1496 2742,1495 2742,1495 2738,1495 2735,1493 2735,1491 2733,1489 2733,1468 2732,1467 2594,1468 2593,1467 2209,1469 2209,1470 2209,1508 2209,1508"/><TextEquiv><Unicode/></TextEquiv><TextEquiv index="1"><Unicode>tion. Je ſerai ennoblie a mes yeux. Je</Unicode></TextEquiv></TextLine><TextLine id="l9"><Coords points="1837,1669 1834,1666 1685,1667 1684,1666 1684,1624 1683,1624 1605,1624 1604,1623 1353,1625 1353,1626 1353,1627 1351,1628 1155,1629 1155,1630 1155,1667 1155,1667 1152,1667 1151,1667 1151,1630 1150,1629 1096,1630 1095,1631 1091,1631 1091,1631 1091,1632 1090,1633 1053,1633 1053,1634 1053,1645 1053,1645 1048,1645 1047,1644 968,1645 967,1644 967,1628 966,1628 964,1628 964,1627 964,1573 963,1573 961,1573 960,1571 959,1523 959,1523 958,1523 957,1522 957,1521 958,1521 960,1521 961,1522 1046,1521 1046,1522 1046,1554 1047,1554 1244,1553 1244,1552 1244,1540 1245,1540 1353,1539 1353,1539 1353,1532 1354,1531 1462,1530 1462,1530 1462,1516 1464,1514 1464,1512 1466,1510 1485,1510 1486,1511 1578,1511 1579,1512 1746,1510 1747,1511 1751,1511 1752,1512 1816,1512 1819,1516 1819,1524 1820,1524 2004,1523 2004,1522 2004,1506 2006,1505 2046,1505 2048,1507 2050,1507 2051,1508 2051,1509 2052,1509 2209,1508 2209,1509 2209,1511 2210,1511 2211,1511 2211,1512 2211,1547 2212,1547 2422,1546 2422,1546 2422,1512 2423,1511 2430,1511 2432,1509 2434,1509 2438,1505 2445,1505 2446,1506 2614,1505 2616,1507 2616,1542 2617,1543 2828,1541 2828,1541 2828,1512 2833,1507 2835,1507 2837,1505 2851,1505 2851,1506 2852,1507 2852,1521 2853,1521 2962,1521 2962,1521 2962,1540 2963,1541 3174,1539 3174,1539 3174,1506 3175,1505 3184,1505 3187,1502 3192,1502 3196,1507 3196,1540 3197,1540 3273,1540 3274,1540 3275,1540 3277,1542 3279,1542 3279,1543 3280,1574 3280,1574 3286,1574 3287,1575 3287,1609 3286,1609 3285,1609 3284,1610 3272,1611 3272,1611 3272,1654 3272,1655 3269,1655 3268,1654 3262,1654 3261,1653 3261,1614 3260,1614 3184,1614 3183,1613 2954,1615 2952,1617 2949,1617 2947,1619 2819,1619 2819,1620 2819,1656 2819,1656 2803,1657 2802,1656 2802,1621 2801,1621 2618,1622 2617,1621 2317,1623 2316,1624 2312,1624 2312,1624 2312,1625 2311,1626 2309,1626 2307,1628 2301,1628 2299,1626 2295,1626 2295,1625 2295,1624 2294,1624 2290,1624 2289,1623 2073,1624 2073,1625 2073,1665 2073,1665 2052,1665 2051,1665 2051,1664 2051,1664 1867,1665 1865,1667 1851,1667 1849,1669"/><TextEquiv><Unicode/></TextEquiv><TextEquiv index="1"><Unicode>me verrai la dépoſitaire du bonheur du</Unicode></TextEquiv></TextLine><TextLine id="l10"><Coords points="1152,1825 1151,1825 1151,1824 1151,1823 961,1825 960,1824 960,1822 961,1822 962,1822 962,1821 962,1741 962,1741 963,1741 964,1740 964,1733 967,1730 967,1728 969,1726 969,1724 972,1721 971,1719 972,1719 974,1719 974,1718 974,1717 975,1717 981,1717 981,1716 981,1715 982,1714 984,1714 986,1712 1039,1712 1043,1708 1051,1708 1051,1708 1051,1696 1052,1695 1235,1694 1235,1693 1235,1673 1240,1669 1244,1669 1244,1668 1244,1667 1245,1667 1251,1667 1251,1667 1251,1668 1252,1669 1502,1667 1503,1668 2539,1661 2540,1660 2729,1659 2731,1657 3268,1654 3269,1655 3272,1655 3272,1655 3272,1699 3273,1700 3274,1699 3277,1702 3280,1702 3281,1703 3285,1703 3287,1706 3287,1708 3286,1709 3287,1758 3286,1758 3284,1758 3284,1759 3284,1761 3280,1764 3277,1764 3276,1765 3275,1765 3274,1766 3273,1767 3273,1767 3273,1768 3272,1769 3227,1769 3227,1769 3227,1771 3226,1772 3225,1772 3225,1772 3225,1773 3224,1774 2785,1777 2785,1777 2785,1797 2785,1798 2784,1798 2783,1798 2783,1799 2782,1801 2780,1801 2778,1803 2763,1803 2762,1803 2762,1813 2762,1814 2749,1814 2748,1813 1186,1823 1185,1824 1171,1824 1170,1825"/><TextEquiv><Unicode/></TextEquiv><TextEquiv index="1"><Unicode>couple chéri, qui le réfléchira dans</Unicode></TextEquiv></TextLine><TextLine id="l11"><Coords points="2512,1975 2511,1974 2408,1975 2407,1974 2098,1976 2097,1976 2097,1968 2097,1967 1923,1968 1922,1968 1922,1941 1921,1940 1667,1942 1667,1942 1667,1937 1666,1936 1549,1937 1548,1936 979,1940 978,1941 970,1941 968,1939 964,1939 962,1936 961,1825 962,1825 967,1825 967,1825 967,1851 968,1852 1086,1851 1086,1851 1086,1860 1087,1861 1370,1859 1370,1858 1370,1839 1371,1839 1373,1839 1373,1839 1373,1859 1374,1860 1387,1860 1388,1861 1653,1859 1653,1859 1653,1858 1657,1854 1657,1847 1659,1845 1659,1842 1660,1841 1660,1839 1664,1835 1664,1830 1665,1829 1665,1827 1667,1825 1669,1825 1669,1825 1669,1823 1672,1820 1682,1820 1683,1821 1683,1822 1684,1823 1870,1822 1875,1827 1875,1829 1876,1830 1886,1830 1888,1832 1889,1832 1889,1832 1889,1856 1890,1857 2125,1855 2126,1856 2129,1856 2130,1857 2130,1858 2131,1859 2457,1857 2458,1855 2458,1850 2460,1848 2460,1841 2462,1839 2462,1837 2464,1836 2465,1836 2465,1835 2465,1832 2466,1832 2467,1832 2469,1829 2469,1825 2470,1824 2470,1821 2472,1820 2475,1820 2475,1819 2475,1817 2476,1817 2480,1817 2482,1815 2489,1815 2491,1813 2506,1813 2508,1815 2511,1814 2512,1815 2763,1814 2764,1815 2766,1815 2766,1815 2766,1817 2768,1819 2768,1851 2769,1852 3077,1850 3077,1849 3077,1822 3078,1822 3079,1822 3079,1821 3079,1817 3084,1813 3086,1813 3087,1812 3100,1812 3101,1813 3103,1813 3103,1813 3103,1814 3104,1815 3106,1815 3108,1817 3108,1821 3109,1822 3110,1822 3110,1822 3110,1835 3111,1836 3122,1835 3123,1836 3124,1836 3124,1837 3124,1849 3125,1849 3230,1849 3230,1849 3230,1850 3231,1851 3237,1851 3237,1851 3237,1853 3239,1855 3239,1857 3240,1858 3241,1858 3241,1858 3242,1872 3242,1873 3288,1872 3291,1875 3291,1877 3292,1878 3292,1882 3292,1882 3293,1882 3294,1883 3294,1892 3293,1892 3291,1892 3289,1894 3279,1894 3277,1896 3248,1897 3248,1897 3248,1917 3247,1918 3244,1918 3244,1918 3244,1919 3243,1920 3225,1920 3225,1920 3225,1921 3224,1922 3163,1922 3162,1923 3159,1923 3157,1925 3155,1925 3153,1927 3150,1927 3150,1928 3150,1947 3150,1947 3149,1947 3148,1948 2989,1949 2988,1950 2988,1966 2988,1966 2973,1966 2972,1966 2972,1929 2971,1928 2620,1931 2619,1932 2615,1932 2613,1934 2553,1934 2553,1935 2553,1975 2553,1975"/><TextEquiv><Unicode/></TextEquiv><TextEquiv index="1"><Unicode>mon cœur. Ahl cette perſpective m'en-</Unicode></TextEquiv></TextLine><TextLine id="l12"><Coords points="3276,2122 3271,2123 3270,2122 3270,2076 3269,2076 3217,2076 3217,2076 3217,2123 3217,2124 3206,2124 3205,2123 3205,2081 3204,2081 3203,2082 3201,2082 3200,2083 3184,2083 3183,2082 3181,2082 3179,2080 3179,2079 3178,2078 3100,2079 3093,2079 3093,2079 3093,2082 3092,2083 3077,2083 3077,2083 3077,2103 3076,2104 3076,2106 3074,2109 3073,2109 3072,2109 3072,2110 3069,2114 3067,2114 3062,2119 3057,2119 3055,2121 3053,2121 3051,2123 3049,2123 3047,2125 3036,2125 3034,2123 3025,2123 3024,2123 3024,2122 3024,2121 3020,2121 3018,2119 3015,2119 3014,2118 3013,2118 3012,2118 3012,2117 3012,2116 3011,2116 3010,2116 3010,2115 3007,2112 3007,2110 3007,2109 3006,2109 3005,2109 3005,2105 3003,2103 3003,2100 3003,2099 2996,2099 2995,2099 2995,2082 2994,2081 2964,2082 2963,2081 2908,2081 2907,2082 2878,2082 2877,2083 2869,2083 2868,2082 2844,2082 2840,2078 2833,2078 2831,2076 2830,2076 2830,2076 2830,2074 2829,2073 2826,2073 2826,2073 2826,2072 2822,2068 2821,2068 2821,2068 2821,2067 2820,2066 2819,2066 2819,2066 2819,2064 2818,2063 2818,2058 2816,2057 2764,2057 2764,2057 2764,2060 2763,2061 2761,2061 2761,2061 2761,2079 2760,2080 2759,2080 2759,2080 2759,2087 2757,2089 2757,2093 2756,2094 2756,2096 2756,2097 2755,2097 2754,2097 2754,2098 2754,2099 2752,2099 2751,2099 2751,2101 2751,2102 2750,2102 2749,2102 2749,2103 2749,2104 2743,2104 2740,2107 2731,2107 2730,2107 2730,2086 2729,2085 2679,2085 2677,2087 2675,2087 2673,2089 2672,2088 2636,2089 2620,2089 2619,2090 2548,2090 2548,2091 2548,2093 2546,2094 2545,2094 2544,2093 2460,2094 2460,2094 2460,2103 2460,2104 2458,2104 2457,2103 2457,2094 2456,2094 2391,2094 2391,2095 2391,2101 2391,2101 2378,2101 2377,2102 2377,2121 2377,2121 2375,2121 2374,2121 2374,2103 2374,2102 2366,2102 2365,2102 2365,2099 2365,2098 2277,2099 2276,2100 2276,2129 2276,2129 2257,2129 2256,2129 2256,2088 2255,2087 2190,2088 2190,2088 2190,2120 2190,2121 2167,2121 2166,2120 2166,2111 2166,2111 2152,2111 2151,2110 2151,2094 2150,2094 2107,2094 2107,2095 2107,2106 2107,2106 2105,2106 2104,2106 2104,2091 2103,2090 2052,2091 2051,2092 2014,2092 2014,2092 2014,2098 2014,2099 2012,2099 2011,2098 2011,2088 2010,2088 1960,2088 1959,2089 1953,2089 1952,2090 1951,2090 1951,2091 1951,2092 1950,2092 1936,2092 1934,2090 1929,2090 1928,2089 1922,2089 1922,2090 1922,2119 1921,2120 1920,2120 1918,2119 1918,2090 1917,2089 1884,2090 1884,2090 1884,2105 1884,2106 1847,2106 1846,2106 1846,2110 1846,2111 1837,2111 1835,2113 1834,2113 1832,2111 1832,2094 1831,2094 1810,2094 1810,2094 1810,2093 1809,2092 1808,2092 1808,2092 1808,2091 1806,2089 1726,2090 1726,2090 1726,2099 1725,2101 1723,2101 1722,2101 1722,2103 1722,2104 1720,2104 1719,2103 1719,2099 1718,2099 1695,2099 1695,2098 1695,2094 1694,2094 1666,2094 1662,2090 1660,2090 1659,2089 1644,2089 1643,2088 1643,2083 1642,2082 1607,2082 1607,2083 1607,2121 1607,2121 1605,2121 1604,2121 1604,2083 1603,2082 1585,2083 1585,2083 1585,2087 1583,2089 1583,2098 1582,2099 1547,2099 1547,2099 1547,2104 1545,2106 1545,2112 1545,2113 1541,2113 1540,2113 1540,2125 1540,2126 1537,2126 1536,2125 1536,2113 1536,2113 1522,2113 1521,2113 1521,2120 1521,2121 1519,2121 1518,2120 1518,2111 1518,2111 1512,2111 1511,2111 1511,2096 1510,2095 1504,2095 1504,2096 1504,2128 1504,2128 1501,2128 1500,2128 1500,2096 1499,2095 1474,2095 1474,2095 1474,2093 1473,2092 1421,2093 1421,2093 1421,2098 1420,2099 1406,2099 1406,2099 1406,2110 1406,2111 1403,2111 1402,2110 1402,2102 1402,2102 1400,2102 1399,2101 1397,2101 1395,2099 1395,2092 1394,2092 1366,2092 1366,2092 1366,2125 1366,2126 1364,2126 1363,2126 1363,2093 1362,2092 1352,2092 1352,2093 1352,2133 1352,2133 1350,2133 1349,2133 1349,2093 1348,2092 1334,2092 1332,2094 1292,2094 1290,2096 1286,2097 1284,2099 1268,2099 1268,2099 1268,2105 1268,2106 1255,2106 1254,2106 1254,2112 1254,2113 1252,2113 1251,2112 1251,2104 1251,2104 1230,2104 1229,2103 1229,2101 1228,2101 1221,2101 1220,2099 1220,2094 1219,2094 1144,2094 1144,2095 1144,2099 1143,2099 1113,2100 1112,2101 1065,2101 1065,2101 1065,2105 1065,2106 1061,2106 1060,2106 1060,2120 1060,2121 1058,2121 1057,2121 1057,2117 1057,2116 1008,2116 1007,2117 1007,2131 1006,2132 1005,2132 1003,2131 1003,2105 1002,2104 1002,2098 1001,2097 991,2097 991,2097 991,2096 990,2095 986,2095 985,2094 984,2094 983,2093 983,2092 982,2092 979,2092 979,2091 979,2089 977,2088 976,2088 969,2080 969,2078 968,2078 967,2078 967,2077 967,2073 965,2071 965,2070 964,2069 964,2047 963,2047 955,2047 955,2046 955,2041 956,2040 968,2040 969,2039 969,2037 972,2034 972,2032 972,2032 973,2032 974,2031 974,2030 974,2030 975,2030 976,2029 976,2028 976,2028 977,2028 978,2027 981,2027 984,2023 986,2023 988,2021 991,2021 992,2020 1022,2020 1022,2020 1022,1987 1024,1985 1026,1985 1027,1984 1029,1984 1029,1984 1029,1983 1030,1982 1041,1982 1043,1985 1043,1992 1045,1994 1045,2016 1046,2016 1120,2016 1120,2016 1120,2017 1121,2018 1174,2017 1175,2016 1220,2016 1223,2013 1232,2013 1237,2018 1237,2019 1238,2020 1289,2019 1290,2020 1291,2020 1292,2021 1297,2021 1297,2022 1298,2025 1300,2027 1302,2027 1304,2029 1304,2031 1306,2033 1306,2037 1306,2037 1307,2037 1308,2038 1308,2040 1308,2040 1397,2040 1398,2039 1397,2003 1399,2002 1411,2002 1411,2001 1411,1980 1412,1980 1413,1980 1413,1979 1413,1978 1415,1977 1419,1977 1421,1975 1442,1974 1443,1975 1517,1975 1519,1977 1519,1979 1520,1980 1522,1980 1524,1982 1526,1982 1526,1982 1526,2015 1527,2016 1569,2016 1569,2016 1569,2017 1570,2018 1571,2018 1571,2018 1571,2019 1572,2020 1573,2020 1574,2021 1575,2021 1575,2021 1575,2022 1578,2024 1578,2026 1579,2027 1579,2028 1581,2030 1581,2040 1581,2041 1640,2040 1643,2037 1644,2037 1645,2037 1645,2033 1646,2032 1646,2029 1647,2027 1650,2027 1654,2023 1656,2023 1656,2023 1656,2022 1657,2021 1662,2021 1663,2020 1665,2020 1667,2018 1669,2018 1669,2018 1669,2017 1670,2016 1708,2016 1708,2015 1708,1984 1711,1982 1712,1982 1712,1981 1712,1980 1713,1980 1724,1980 1726,1978 1734,1978 1734,1978 1734,1979 1735,1980 1736,1980 1736,1980 1736,2015 1737,2016 1747,2015 1748,2016 1761,2016 1763,2018 1820,2018 1822,2016 1900,2015 1901,2016 1949,2016 1949,2017 1949,2018 1950,2018 1954,2018 1955,2020 1955,2021 1956,2021 1958,2021 1962,2025 2006,2025 2007,2024 2006,1982 2009,1980 2011,1980 2016,1975 2033,1975 2033,1975 2033,1977 2035,1979 2035,2015 2036,2016 2053,2015 2054,2016 2097,2016 2097,2016 2097,1977 2098,1976 2132,1976 2132,1976 2132,2013 2133,2014 2238,2013 2238,2013 2238,2012 2239,2011 2283,2011 2283,2010 2283,2008 2285,2006 2285,2002 2286,2001 2286,1996 2287,1996 2289,1996 2290,1994 2290,1990 2291,1989 2291,1988 2300,1980 2302,1980 2302,1979 2302,1977 2305,1975 2333,1975 2333,1975 2333,1976 2334,1977 2334,2012 2335,2013 2395,2012 2395,2012 2395,1976 2397,1974 2407,1974 2408,1975 2420,1975 2420,1976 2420,2008 2421,2008 2450,2008 2451,2009 2454,2009 2458,2013 2532,2012 2532,2012 2532,1980 2534,1978 2534,1976 2535,1975 2554,1975 2555,1977 2555,1978 2556,1978 2561,1978 2563,1980 2565,1980 2565,1981 2565,2014 2566,2014 2603,2014 2604,2013 2657,2013 2659,2011 2664,2010 2665,2011 2678,2011 2680,2013 2683,2013 2686,2016 2687,2016 2696,2025 2696,2027 2696,2027 2698,2027 2699,2028 2699,2032 2699,2032 2700,2032 2701,2033 2701,2040 2701,2040 2710,2040 2711,2041 2711,2052 2711,2052 2760,2052 2761,2051 2761,2047 2761,2047 2813,2047 2814,2046 2814,2037 2814,2037 2815,2037 2816,2036 2816,2032 2818,2030 2818,2029 2821,2025 2822,2025 2823,2025 2823,2022 2823,2021 2824,2021 2826,2020 2825,2018 2827,2016 2830,2016 2831,2015 2832,2015 2834,2013 2835,2013 2835,2013 2835,2012 2836,2011 2847,2011 2847,2011 2847,2010 2848,2009 2849,2009 2850,2008 2857,2008 2857,2008 2857,1976 2858,1975 2860,1975 2865,1970 2881,1970 2882,1971 2894,1971 2897,1974 2897,2005 2898,2006 2969,2006 2969,2005 2969,1970 2970,1969 2972,1969 2972,1969 2972,1967 2973,1966 2988,1966 2988,1967 2988,1968 2991,1970 3003,1970 3005,1973 3005,2006 3006,2006 3072,2006 3073,2007 3139,2006 3141,2008 3208,2008 3211,2011 3275,2010 3276,2011 3285,2011 3285,2012 3286,2052 3286,2052 3287,2052 3289,2054 3307,2054 3308,2055 3308,2056 3307,2056 3306,2056 3304,2058 3291,2058 3291,2059 3291,2071 3290,2071 3289,2071 3289,2072 3289,2073 3288,2073 3284,2073 3282,2075 3280,2075 3279,2076 3278,2076 3277,2075 3277,2076 3277,2123 3277,2123"/><TextEquiv><Unicode/></TextEquiv><TextEquiv index="1"><Unicode>chante. Ma chere bienfaitrice, daignez</Unicode></TextEquiv></TextLine><TextLine id="l13"><Coords points="2315,2288 2313,2286 2308,2286 2307,2285 2302,2285 2293,2276 2217,2276 2216,2275 2041,2277 2039,2279 2009,2279 2008,2280 2006,2278 2006,2274 2006,2274 2000,2274 1997,2271 1997,2266 1997,2266 1988,2266 1987,2265 1987,2258 1987,2258 1876,2259 1875,2259 1875,2287 1875,2288 1849,2288 1847,2290 1837,2290 1836,2289 1836,2288 1836,2288 1835,2288 1834,2287 1834,2286 1834,2286 1833,2286 1832,2285 1832,2280 1832,2280 1826,2280 1824,2278 1824,2275 1824,2275 1708,2276 1707,2276 1707,2287 1707,2288 1623,2288 1622,2288 1622,2254 1622,2253 1482,2254 1481,2255 1481,2285 1481,2285 1480,2285 1478,2284 1478,2261 1478,2260 1326,2261 1325,2262 1325,2288 1325,2288 1312,2288 1311,2288 1311,2281 1311,2280 1212,2281 1211,2281 1211,2275 1211,2274 1077,2275 1076,2275 1076,2276 1074,2279 1072,2279 1070,2280 1070,2284 1069,2286 1067,2286 1063,2290 1041,2290 1039,2288 1037,2288 1036,2288 1036,2286 1034,2284 1034,2280 1034,2279 1023,2279 1022,2278 980,2279 979,2278 979,2248 978,2248 971,2248 971,2247 971,2245 970,2245 969,2245 969,2244 969,2243 968,2243 967,2243 967,2242 967,2240 965,2238 965,2236 964,2235 964,2221 963,2221 955,2221 955,2220 955,2209 955,2209 964,2209 965,2208 965,2182 969,2177 969,2157 970,2157 983,2157 983,2156 983,2142 984,2141 985,2142 986,2142 986,2143 986,2149 987,2149 1003,2149 1004,2150 1115,2150 1116,2149 1153,2148 1153,2148 1153,2146 1154,2145 1155,2145 1155,2145 1155,2143 1156,2142 1156,2140 1161,2135 1170,2135 1172,2138 1172,2140 1173,2140 1211,2140 1211,2141 1211,2143 1212,2143 1290,2142 1291,2143 1293,2143 1294,2145 1294,2149 1295,2149 1306,2149 1307,2150 1414,2150 1414,2149 1414,2140 1415,2140 1418,2140 1419,2141 1581,2140 1581,2139 1581,2135 1582,2135 1583,2135 1583,2135 1583,2150 1584,2151 1726,2150 1727,2149 1817,2148 1817,2148 1817,2144 1818,2143 1843,2143 1843,2142 1843,2140 1844,2140 1846,2140 1848,2138 1858,2138 1858,2138 1858,2139 1859,2140 1861,2140 1862,2141 1862,2149 1863,2150 1946,2149 1946,2150 1946,2155 1947,2155 1966,2155 1966,2156 1966,2170 1968,2172 1968,2173 1969,2173 2118,2172 2118,2172 2118,2146 2119,2145 2133,2145 2133,2144 2133,2140 2134,2140 2143,2140 2143,2139 2143,2136 2145,2135 2147,2135 2147,2134 2147,2133 2148,2133 2150,2133 2152,2131 2154,2131 2155,2130 2276,2129 2277,2130 2278,2130 2279,2131 2313,2131 2314,2132 2314,2138 2315,2139 2370,2138 2371,2140 2371,2142 2372,2142 2412,2142 2412,2143 2412,2150 2413,2150 2480,2150 2481,2151 2481,2158 2482,2159 2596,2158 2596,2157 2596,2152 2597,2152 2601,2152 2601,2151 2601,2144 2603,2143 2670,2142 2670,2142 2670,2141 2671,2140 2673,2140 2673,2141 2673,2155 2674,2155 2717,2155 2718,2157 2718,2161 2719,2161 2828,2160 2828,2160 2828,2143 2829,2142 2831,2142 2831,2143 2831,2154 2832,2154 2880,2154 2881,2155 2966,2155 2967,2156 2967,2162 2968,2163 3033,2162 3033,2162 3033,2144 3034,2143 3035,2143 3036,2145 3036,2162 3037,2162 3081,2162 3082,2161 3194,2160 3194,2160 3194,2143 3195,2142 3196,2142 3196,2142 3196,2141 3197,2140 3198,2140 3198,2140 3198,2136 3199,2134 3199,2130 3200,2130 3201,2130 3201,2129 3201,2128 3202,2128 3203,2128 3203,2127 3203,2125 3205,2124 3217,2124 3217,2124 3217,2125 3218,2126 3218,2141 3219,2142 3225,2142 3225,2142 3225,2144 3226,2145 3227,2145 3227,2145 3227,2146 3228,2147 3229,2147 3229,2147 3229,2165 3230,2166 3230,2167 3236,2172 3236,2174 3237,2175 3237,2177 3237,2178 3238,2178 3239,2178 3239,2183 3239,2184 3286,2183 3289,2186 3292,2186 3294,2188 3294,2190 3294,2190 3305,2190 3307,2192 3308,2192 3310,2194 3310,2196 3306,2199 3304,2199 3303,2200 3293,2200 3291,2202 3289,2202 3287,2204 3280,2204 3280,2205 3280,2271 3280,2271 3274,2272 3273,2271 3273,2205 3272,2205 3260,2205 3260,2205 3260,2206 3259,2207 3234,2207 3234,2207 3234,2220 3233,2221 3232,2221 3229,2224 3229,2226 3227,2228 3225,2228 3225,2228 3225,2230 3224,2231 3220,2231 3220,2231 3220,2232 3219,2233 3083,2234 3083,2234 3083,2272 3082,2274 3080,2274 3079,2274 3079,2275 3079,2276 3066,2276 3065,2276 3065,2277 3065,2278 3043,2278 3041,2277 3041,2272 3041,2271 2946,2272 2945,2271 2943,2271 2941,2269 2939,2269 2936,2266 2936,2238 2935,2238 2790,2239 2790,2239 2790,2242 2789,2243 2735,2243 2735,2244 2735,2245 2734,2245 2732,2245 2732,2245 2732,2242 2731,2241 2622,2242 2622,2242 2622,2257 2621,2259 2619,2259 2618,2258 2618,2243 2617,2243 2491,2244 2490,2245 2486,2245 2484,2247 2458,2247 2458,2247 2458,2251 2458,2252 2373,2252 2372,2253 2372,2273 2372,2273 2356,2274 2355,2274 2355,2277 2355,2278 2354,2278 2353,2279 2350,2279 2344,2285 2339,2285 2338,2286 2336,2286 2334,2288"/><TextEquiv><Unicode/></TextEquiv><TextEquiv index="1"><Unicode>agréer mon projet; daignez vous y pré-</Unicode></TextEquiv></TextLine><TextLine id="l14"><Coords points="1564,2445 1563,2444 1563,2428 1563,2428 1433,2429 1432,2428 1432,2423 1432,2423 1233,2424 1232,2423 1232,2410 1232,2410 1176,2410 1175,2410 1175,2408 1175,2407 1101,2408 1099,2407 988,2407 988,2407 988,2406 987,2405 986,2405 983,2403 976,2403 974,2400 974,2398 973,2398 971,2398 971,2397 971,2390 969,2388 969,2348 968,2348 967,2348 965,2345 965,2337 967,2335 967,2333 968,2332 969,2331 971,2331 972,2329 972,2326 973,2326 976,2326 976,2325 976,2324 977,2324 1000,2323 1000,2323 1000,2322 1001,2321 1045,2321 1045,2321 1045,2306 1046,2305 1046,2294 1047,2293 1148,2292 1149,2291 1150,2291 1151,2290 1154,2290 1156,2288 1168,2288 1170,2286 1192,2286 1194,2288 1206,2288 1207,2289 1325,2288 1325,2289 1325,2290 1326,2290 1327,2290 1328,2291 1622,2289 1623,2288 1708,2288 1710,2290 1710,2293 1711,2294 1977,2292 1977,2291 1977,2290 1978,2290 1980,2290 1980,2289 1980,2288 1981,2288 1983,2288 1985,2286 2098,2285 2099,2284 2120,2284 2121,2283 2126,2283 2128,2281 2133,2281 2135,2283 2137,2283 2137,2283 2137,2284 2138,2285 2140,2285 2147,2292 2147,2293 2148,2294 2450,2292 2451,2291 2585,2290 2585,2290 2585,2288 2589,2284 2596,2284 2597,2283 2626,2283 2628,2281 2853,2279 2856,2283 2856,2285 2857,2286 2857,2304 2858,2304 2996,2303 2998,2305 3274,2304 3274,2303 3274,2272 3275,2272 3279,2271 3279,2272 3279,2319 3280,2319 3281,2319 3281,2320 3281,2321 3282,2321 3286,2321 3286,2322 3287,2324 3287,2324 3288,2324 3289,2325 3289,2326 3289,2326 3291,2326 3294,2329 3294,2331 3294,2331 3295,2331 3296,2332 3296,2336 3298,2338 3298,2344 3295,2346 3294,2346 3294,2347 3294,2381 3293,2381 3291,2381 3289,2384 3289,2386 3288,2386 3287,2386 3287,2387 3287,2388 3286,2388 3285,2388 3285,2389 3285,2424 3285,2424 3207,2425 3206,2425 3206,2429 3206,2430 3194,2430 3193,2430 3193,2389 3192,2388 2952,2390 2951,2391 2888,2391 2888,2392 2888,2424 2888,2424 2886,2424 2885,2424 2885,2393 2884,2392 2614,2394 2612,2396 2610,2396 2608,2398 2441,2399 2441,2399 2441,2423 2441,2424 2370,2424 2369,2424 2369,2415 2369,2414 2279,2415 2278,2415 2278,2400 2276,2398 2064,2399 2063,2400 2049,2401 2049,2401 2049,2402 2048,2403 1984,2403 1984,2403 1984,2407 1984,2408 1913,2408 1910,2411 1910,2413 1906,2417 1906,2419 1906,2419 1904,2419 1903,2420 1902,2420 1901,2421 1901,2423 1901,2424 1820,2424 1819,2424 1819,2409 1819,2408 1587,2410 1586,2410 1586,2444 1586,2445"/><TextEquiv><Unicode/></TextEquiv><TextEquiv index="1"><Unicode>ter. Faites le ſort, la fortune d'un homme</Unicode></TextEquiv></TextLine><TextLine id="l15"><Coords points="1964,2597 1963,2597 1963,2595 1963,2594 1388,2598 1387,2597 1280,2598 1279,2597 1090,2598 1089,2597 1089,2596 1089,2596 1006,2596 1005,2596 1005,2595 1005,2594 1003,2594 1002,2594 1002,2559 1001,2558 988,2558 985,2555 984,2556 983,2555 925,2555 924,2553 924,2534 923,2534 912,2534 912,2533 912,2532 912,2532 959,2532 960,2531 960,2484 960,2484 1075,2483 1076,2482 1260,2481 1261,2480 1437,2479 1437,2478 1437,2465 1438,2465 1559,2464 1559,2463 1559,2450 1560,2449 1560,2447 1563,2445 1586,2445 1586,2445 1586,2459 1587,2460 1875,2458 1875,2458 1875,2459 1876,2460 1877,2460 1877,2460 1877,2462 1878,2463 1880,2463 1880,2463 1880,2470 1881,2471 2045,2470 2045,2470 2045,2472 2046,2473 2826,2467 2826,2467 2826,2444 2827,2443 3187,2441 3187,2441 3187,2437 3188,2436 3189,2436 3189,2436 3189,2435 3190,2434 3191,2434 3191,2434 3191,2432 3193,2430 3206,2430 3206,2430 3206,2435 3207,2436 3275,2436 3275,2436 3275,2439 3276,2440 3295,2439 3296,2441 3297,2520 3298,2521 3298,2532 3298,2532 3300,2532 3301,2533 3301,2544 3299,2546 3299,2548 3298,2548 3297,2548 3297,2549 3297,2556 3296,2557 3296,2558 3296,2558 3290,2558 3289,2559 3289,2575 3289,2575 3238,2576 3237,2577 3235,2577 3234,2577 3234,2579 3232,2582 3230,2582 3229,2581 3229,2554 3229,2554 2132,2561 2131,2561 2131,2585 2131,2586 2017,2587 2016,2587 2016,2588 2015,2589 2015,2591 2015,2592 2014,2592 2013,2592 2013,2593 2013,2594 1981,2594 1980,2594 1980,2596 1980,2597"/><TextEquiv><Unicode/></TextEquiv><TextEquiv index="1"><Unicode>que vous aimez, que vous avez trouvé,</Unicode></TextEquiv></TextLine><TextLine id="l16"><Coords points="3282,2899 3280,2898 3280,2897 3280,2896 2352,2903 2351,2904 2314,2904 2312,2902 2312,2872 2312,2872 1505,2877 1504,2878 1504,2910 1504,2910 1482,2910 1481,2910 1481,2908 1481,2907 1131,2910 1130,2909 1119,2909 1118,2908 1118,2878 1118,2878 1077,2878 1076,2877 1076,2873 1076,2873 1072,2873 1070,2871 1070,2868 1070,2868 1026,2868 1024,2866 989,2866 987,2865 978,2866 974,2862 969,2862 969,2861 969,2816 968,2816 966,2816 965,2814 964,2759 964,2759 939,2759 938,2758 938,2757 939,2757 964,2757 964,2756 964,2671 965,2670 965,2645 970,2640 969,2606 970,2606 971,2606 971,2605 971,2604 972,2604 976,2604 977,2603 1081,2602 1084,2599 1088,2599 1089,2598 1636,2594 1640,2598 2361,2593 2362,2594 2379,2594 2379,2595 2379,2597 2382,2599 2936,2596 2936,2596 2936,2603 2937,2604 2938,2604 2938,2604 2938,2623 2939,2624 3098,2623 3099,2624 3245,2623 3247,2625 3251,2625 3251,2625 3251,2626 3252,2627 3253,2665 3253,2666 3278,2665 3279,2666 3284,2666 3291,2673 3291,2680 3291,2680 3300,2680 3301,2681 3301,2687 3300,2687 3296,2687 3296,2688 3297,2869 3297,2869 3289,2869 3285,2873 3285,2898 3284,2899"/><TextEquiv><Unicode/></TextEquiv><TextEquiv index="1"><Unicode>lutcetle ce diens qui vout parle,</Unicode></TextEquiv></TextLine><TextLine id="l17"><Coords points="2389,3064 2388,3064 2388,3061 2388,3060 2382,3060 2381,3060 2381,3059 2381,3058 2177,3060 2176,3059 2176,3027 2176,3027 1972,3028 1970,3026 1463,3029 1462,3030 1462,3068 1462,3068 1390,3069 1387,3066 1387,3057 1387,3057 1166,3058 1165,3057 1003,3058 1002,3058 1002,3022 1002,3021 989,3021 988,3021 988,3019 987,3018 986,3018 986,3018 986,3017 985,3017 983,3017 981,3014 981,3012 980,3012 979,3012 979,3011 979,3010 978,3009 978,3008 976,3006 976,3004 974,3002 974,2998 973,2998 972,2998 972,2997 972,2990 971,2989 971,2981 972,2980 972,2975 974,2973 974,2966 976,2964 976,2962 981,2957 981,2955 981,2955 985,2955 987,2952 988,2952 990,2950 995,2950 998,2947 1024,2947 1026,2945 1117,2945 1118,2944 1117,2909 1118,2909 1237,2908 1238,2907 1239,2907 1239,2906 1239,2905 1240,2905 1252,2905 1254,2907 1256,2907 1256,2907 1256,2908 1257,2909 1259,2909 1262,2912 1504,2910 1504,2911 1504,2924 1505,2924 1517,2924 1517,2925 1518,2950 1518,2950 1805,2948 1806,2947 1907,2946 1908,2946 1908,2941 1909,2939 1909,2937 1910,2936 1910,2932 1911,2931 1911,2926 1913,2924 1913,2920 1914,2919 1915,2919 1915,2919 1915,2918 1916,2917 1917,2917 1918,2916 1918,2915 1919,2914 1920,2914 1920,2914 1920,2913 1921,2912 1922,2912 1923,2911 1923,2910 1924,2909 1928,2909 1933,2904 1954,2904 1955,2905 1957,2905 1959,2907 1961,2907 1965,2912 1965,2926 1966,2926 2215,2924 2216,2926 2217,2945 2217,2945 2218,2945 2219,2946 2505,2945 2508,2942 2508,2940 2508,2940 2515,2939 2516,2940 2519,2940 2520,2941 2831,2939 2832,2938 2917,2938 2918,2937 2917,2902 2918,2902 2921,2902 2921,2902 2921,2935 2922,2936 3064,2935 3065,2936 3209,2935 3210,2936 3279,2935 3280,2936 3282,2936 3284,2938 3286,2938 3289,2941 3289,2979 3289,2979 3291,2979 3292,2980 3292,2981 3292,2981 3293,2981 3294,2982 3294,2983 3294,2983 3295,2983 3296,2984 3296,2991 3297,2992 3297,2998 3298,2999 3294,3002 3292,3002 3291,3003 3289,3003 3289,3004 3289,3020 3288,3021 3287,3021 3285,3020 3285,3014 3285,3013 3118,3015 3117,3014 3117,3012 3116,3012 2843,3013 2842,3014 2842,3027 2842,3027 2698,3028 2697,3029 2697,3056 2697,3056 2456,3058 2455,3058 2455,3059 2455,3060 2397,3060 2396,3061 2396,3062 2394,3064"/><TextEquiv><Unicode/></TextEquiv><TextEquiv index="1"><Unicode>qui ſoupire en ſecret, que vous avez</Unicode></TextEquiv></TextLine><TextLine id="l18"><Coords points="1839,3222 1837,3220 1210,3224 1206,3221 1206,3177 1206,3176 990,3177 988,3176 988,3174 985,3172 983,3172 983,3171 983,3169 977,3163 977,3160 976,3159 976,3157 974,3155 974,3151 973,3151 972,3151 972,3150 972,3131 972,3131 973,3131 974,3130 974,3126 976,3124 976,3122 979,3119 979,3116 981,3114 981,3112 988,3104 1002,3104 1003,3104 1002,3090 1003,3089 1008,3089 1008,3089 1008,3071 1010,3069 1010,3068 1011,3067 1012,3067 1012,3067 1012,3065 1013,3064 1024,3064 1025,3065 1512,3062 1514,3064 1524,3064 1525,3065 1526,3065 1527,3066 2680,3058 2680,3058 2680,3057 2681,3056 2976,3054 2977,3053 3017,3053 3017,3053 3017,3049 3018,3048 3262,3047 3263,3046 3268,3046 3268,3046 3268,3047 3269,3048 3280,3047 3280,3048 3280,3049 3282,3050 3346,3050 3347,3051 3384,3051 3385,3052 3385,3068 3385,3069 3301,3069 3300,3070 3301,3154 3298,3156 3295,3156 3293,3158 3284,3158 3282,3160 3280,3160 3279,3161 3206,3162 3204,3165 3202,3165 3201,3166 3201,3167 3201,3167 2891,3169 2890,3170 2890,3204 2888,3206 2886,3206 2885,3207 2885,3208 2885,3208 2865,3208 2864,3209 2861,3209 2860,3210 2279,3214 2278,3215 2278,3218 2278,3218 2074,3219 2073,3220"/><TextEquiv><Unicode/></TextEquiv><TextEquiv index="1"><Unicode>dompté ſi long - temps, mais qu'il eſt</Unicode></TextEquiv></TextLine><TextLine id="l19"><Coords points="1651,3376 1650,3376 1650,3373 1650,3372 1170,3375 1168,3373 1164,3373 1163,3373 1163,3339 1163,3338 1006,3339 1005,3339 1005,3333 1005,3332 991,3332 990,3331 987,3332 986,3331 986,3327 986,3327 981,3327 977,3323 977,3318 976,3318 957,3318 957,3317 957,3316 957,3316 970,3316 971,3315 971,3260 971,3260 973,3260 974,3259 974,3258 974,3258 975,3258 976,3257 976,3256 979,3253 980,3253 981,3252 981,3251 981,3251 982,3251 983,3250 983,3249 983,3249 1487,3245 1488,3244 1488,3240 1489,3239 1490,3239 1490,3239 1490,3237 1493,3234 1493,3232 1497,3228 1497,3226 1498,3225 1499,3225 1500,3224 1501,3224 1503,3222 1505,3222 1509,3218 1516,3218 1517,3217 2592,3210 2593,3211 3020,3208 3025,3213 3031,3213 3031,3214 3031,3218 3032,3218 3039,3218 3041,3221 3042,3245 3042,3245 3280,3243 3281,3244 3288,3244 3289,3245 3289,3246 3289,3246 3290,3246 3291,3247 3291,3249 3291,3249 3294,3249 3296,3251 3296,3254 3296,3254 3297,3254 3299,3256 3299,3259 3300,3260 3321,3260 3322,3261 3322,3263 3323,3264 3323,3270 3322,3270 3303,3270 3303,3271 3303,3307 3298,3311 3294,3311 3294,3312 3294,3313 3293,3313 3292,3313 3292,3314 3292,3315 3291,3315 3289,3315 3288,3316 3284,3316 3284,3317 3284,3318 3284,3318 3281,3318 3280,3319 3271,3320 3270,3320 3270,3360 3270,3361 1672,3371 1671,3372 1671,3376 1671,3376"/><TextEquiv><Unicode/></TextEquiv><TextEquiv index="1"><Unicode>temps enfin de ſatisfaire. Adélaide ne</Unicode></TextEquiv></TextLine><TextLine id="l20"><Coords points="1765,3529 1481,3531 1480,3531 1480,3518 1480,3517 1438,3518 1437,3517 1437,3516 1437,3516 1311,3516 1310,3516 1310,3515 1310,3514 1042,3516 1041,3516 1041,3510 1041,3509 1018,3509 1017,3509 1017,3496 1017,3495 997,3495 996,3495 996,3494 995,3492 993,3492 991,3491 991,3477 990,3476 990,3465 988,3463 988,3461 987,3461 986,3461 986,3460 986,3457 985,3457 984,3457 984,3456 984,3444 983,3443 983,3435 982,3435 981,3435 981,3434 981,3430 980,3430 978,3430 976,3428 948,3428 948,3427 947,3384 947,3384 894,3384 891,3382 893,3380 940,3380 940,3379 940,3378 941,3378 2825,3365 2827,3363 3024,3362 3025,3361 3038,3361 3039,3362 3270,3361 3270,3361 3270,3362 3271,3363 3272,3363 3272,3363 3272,3364 3273,3365 3273,3366 3275,3368 3277,3368 3277,3368 3277,3370 3281,3374 3281,3375 3282,3376 3282,3378 3284,3380 3285,3399 3285,3399 3289,3399 3291,3401 3291,3402 3292,3403 3292,3404 3292,3404 3293,3404 3294,3405 3294,3406 3294,3406 3295,3406 3299,3410 3299,3449 3299,3449 3308,3449 3310,3451 3310,3455 3308,3457 3308,3460 3304,3464 3304,3466 3303,3466 3301,3466 3301,3467 3301,3469 3299,3471 3174,3472 3173,3473 3171,3473 3170,3474 3170,3475 3170,3475 3168,3475 3167,3476 2992,3477 2991,3478 2991,3509 2991,3509 2972,3510 2971,3510 2971,3514 2967,3519 2965,3519 2964,3519 2964,3520 2964,3521 1767,3528 1766,3529 1766,3530 1766,3530"/><TextEquiv><Unicode/></TextEquiv><TextEquiv index="1"><Unicode>vous cede rien. Son Amant eſt plus à</Unicode></TextEquiv></TextLine><TextLine id="l21"><Coords points="2367,3683 2366,3682 1690,3687 1689,3686 1687,3686 1686,3685 1686,3684 1686,3684 1317,3686 1316,3686 1316,3681 1316,3680 1290,3681 1289,3680 1289,3673 1289,3673 1035,3674 1034,3674 1034,3644 1034,3643 999,3643 998,3643 998,3642 998,3641 997,3641 996,3641 996,3637 995,3636 995,3631 991,3627 991,3624 990,3623 990,3618 988,3616 988,3609 986,3607 986,3604 984,3602 984,3598 983,3597 983,3594 981,3592 981,3585 980,3585 975,3585 974,3583 974,3569 974,3569 975,3569 977,3567 1062,3566 1064,3564 1107,3564 1108,3563 1107,3538 1108,3538 1437,3536 1438,3535 1440,3535 1440,3534 1440,3533 1441,3533 1443,3533 1445,3531 2322,3525 2322,3524 2322,3523 2323,3523 2327,3523 2329,3521 2754,3518 2755,3519 2762,3519 2763,3520 2895,3519 2895,3520 2895,3523 2896,3523 2897,3523 2898,3524 3079,3523 3079,3523 3079,3529 3080,3530 3112,3530 3113,3531 3279,3530 3279,3530 3279,3532 3280,3533 3281,3551 3282,3552 3286,3552 3288,3554 3293,3554 3294,3555 3296,3555 3299,3558 3299,3559 3299,3559 3302,3559 3303,3560 3303,3561 3304,3562 3305,3562 3306,3563 3306,3564 3306,3564 3307,3564 3308,3565 3308,3567 3311,3570 3311,3616 3310,3617 3310,3618 3306,3621 3304,3621 3303,3623 3303,3624 3303,3624 3302,3624 3301,3625 3301,3626 3301,3626 3297,3626 3295,3628 3293,3628 3292,3629 3188,3630 3187,3631 3032,3632 3031,3633 3030,3633 3028,3635 2734,3637 2733,3638 2733,3675 2733,3675 2727,3675 2726,3676 2384,3678 2383,3679 2382,3679 2381,3680 2381,3681 2381,3681 2380,3681 2379,3682 2379,3683 2379,3683"/><TextEquiv><Unicode/></TextEquiv><TextEquiv index="1"><Unicode>vous qu'à elle. Le reſpect dû à votre</Unicode></TextEquiv></TextLine><TextLine id="l22"><Coords points="1773,3996 1772,3995 1364,3998 1363,3997 1307,3997 1306,3997 1306,3995 1306,3994 1305,3994 1304,3993 1193,3994 1192,3994 1192,3993 1192,3992 1190,3992 1189,3992 1189,3961 1189,3960 1133,3961 1132,3960 1132,3958 1132,3958 1013,3958 1012,3958 1012,3949 1012,3948 973,3949 971,3947 971,3946 971,3946 970,3946 969,3945 969,3889 968,3889 967,3889 967,3888 966,3757 965,3757 928,3757 928,3756 928,3750 928,3750 966,3750 967,3749 967,3724 967,3724 969,3724 971,3722 973,3722 975,3720 1112,3719 1113,3718 1112,3688 1113,3688 1234,3687 1238,3683 1253,3683 1253,3683 1253,3687 1255,3689 2718,3679 2718,3679 2718,3677 2719,3676 2726,3676 2727,3675 2982,3673 2983,3672 2984,3672 2985,3671 3042,3671 3046,3667 3058,3667 3060,3665 3066,3665 3068,3667 3074,3667 3074,3667 3074,3670 3075,3671 3076,3671 3076,3671 3077,3672 3077,3673 3078,3674 3079,3674 3079,3674 3080,3702 3080,3703 3226,3702 3227,3703 3231,3703 3232,3703 3232,3707 3232,3708 3282,3707 3283,3708 3283,3709 3284,3710 3288,3710 3289,3711 3289,3712 3289,3712 3291,3712 3293,3714 3295,3714 3296,3715 3296,3717 3297,3718 3297,3719 3297,3719 3314,3719 3315,3720 3315,3721 3316,3722 3316,3734 3316,3734 3356,3734 3358,3736 3360,3736 3361,3736 3361,3743 3359,3745 3320,3745 3320,3746 3320,3780 3319,3781 3320,3925 3319,3925 3318,3925 3318,3926 3318,3927 3317,3927 3316,3927 3316,3928 3316,3929 3315,3930 3309,3930 3308,3931 3308,3932 3308,3932 3307,3932 3306,3933 3306,3934 3306,3934 3279,3935 3278,3936 3206,3936 3205,3937 3197,3937 3196,3938 3196,3939 3196,3939 3135,3939 3134,3940 3134,3977 3134,3977 3131,3977 3128,3981 2509,3985 2508,3985 2508,3989 2508,3990 1787,3994 1786,3995 1786,3996 1786,3996"/><TextEquiv><Unicode/></TextEquiv><TextEquiv index="1"><Unicode>alt aouamt oud ſarte dlevenuſni</Unicode></TextEquiv></TextLine><TextLine id="l23"><Coords points="2080,4151 2078,4150 2078,4114 2078,4113 2038,4114 2035,4111 1935,4111 1934,4110 1692,4112 1691,4112 1691,4134 1691,4135 1690,4135 1689,4135 1689,4143 1689,4144 1688,4144 1686,4142 1686,4112 1686,4112 1655,4112 1652,4115 1652,4116 1652,4116 1534,4117 1533,4118 1463,4118 1462,4119 1462,4121 1461,4122 1461,4126 1461,4126 1429,4127 1428,4127 1428,4134 1428,4135 1426,4135 1425,4135 1425,4142 1424,4144 1423,4144 1421,4142 1421,4135 1420,4134 1420,4116 1420,4116 1317,4116 1316,4117 1316,4152 1316,4152 1305,4152 1304,4152 1304,4117 1304,4116 1276,4117 1275,4117 1275,4118 1273,4121 1271,4121 1270,4121 1270,4125 1270,4126 1268,4126 1266,4127 1266,4129 1264,4132 1261,4132 1260,4133 1171,4133 1170,4134 1170,4144 1170,4144 1168,4144 1167,4144 1167,4112 1167,4111 1061,4112 1060,4113 1060,4133 1060,4133 1058,4133 1057,4133 1057,4122 1057,4121 1032,4121 1031,4121 1031,4110 1031,4109 998,4109 996,4108 996,4107 995,4106 995,4102 993,4100 993,4096 991,4094 991,4090 988,4087 988,4085 987,4085 986,4085 986,4084 986,4077 984,4075 984,4073 983,4072 983,4070 980,4068 979,4068 979,4067 979,4065 978,4064 978,4055 976,4053 976,4049 975,4049 971,4049 969,4046 969,4028 969,4028 970,4028 971,4027 971,4025 971,4025 1040,4024 1041,4023 1045,4023 1046,4024 1046,4028 1046,4028 1047,4028 1048,4029 1048,4030 1048,4030 1192,4029 1193,4029 1192,3995 1193,3994 1194,3994 1194,3995 1195,4016 1195,4016 1208,4016 1210,4018 1210,4040 1211,4041 1211,4043 1215,4047 1215,4049 1217,4051 1217,4080 1217,4080 1363,4079 1364,4079 1363,3999 1364,3998 1472,3997 1475,4001 1475,4003 1476,4004 1477,4016 1477,4016 1501,4016 1502,4017 1502,4018 1502,4018 1504,4018 1506,4020 1508,4020 1509,4021 1509,4039 1509,4039 1539,4039 1540,4040 1740,4039 1741,4038 1741,4037 1741,4037 1768,4036 1769,4036 1768,4007 1769,4006 1769,3998 1771,3996 1825,3996 1826,3997 1828,3997 1829,3999 1829,4002 1831,4003 1832,4022 1832,4023 1976,4022 1977,4022 1976,4007 1977,4006 1977,4004 1980,4001 1980,3999 1982,3997 1985,3997 1988,3994 1997,3994 1999,3996 2001,3996 2002,3997 2060,3996 2061,3998 2061,4002 2062,4002 2083,4002 2083,4003 2084,4032 2084,4032 2253,4031 2254,4031 2254,4017 2254,4016 2259,4016 2260,4017 2475,4016 2476,4015 2475,3990 2476,3990 2508,3990 2508,3990 2509,4016 2509,4017 2533,4016 2534,4017 2534,4025 2534,4025 2600,4025 2603,4028 2605,4028 2606,4029 2647,4029 2648,4028 2647,3991 2649,3990 2650,3990 2651,3991 2652,4028 2652,4029 2803,4028 2804,4027 2806,4027 2807,4026 2806,3985 2807,3984 2807,3983 2808,3983 2869,3982 2869,3983 2869,3985 2870,3985 3020,3984 3022,3982 3024,3982 3024,3982 3024,3981 3025,3980 3120,3980 3121,3981 3127,3981 3127,3981 3128,4012 3128,4013 3131,4012 3132,4013 3176,4013 3178,4015 3180,4015 3181,4016 3234,4016 3236,4018 3240,4018 3241,4018 3241,4019 3241,4020 3243,4020 3248,4024 3248,4027 3249,4028 3249,4040 3249,4041 3308,4040 3312,4044 3314,4044 3315,4045 3315,4062 3312,4064 3310,4064 3308,4066 3306,4066 3306,4067 3306,4068 3305,4068 3294,4068 3294,4069 3294,4102 3292,4104 3292,4107 3290,4109 3275,4110 3274,4110 3274,4136 3274,4137 3129,4137 3128,4137 3124,4137 3123,4136 3123,4126 3123,4126 3116,4126 3115,4125 3115,4099 3115,4099 3001,4099 3000,4099 3000,4098 3000,4097 2980,4097 2979,4096 2806,4098 2805,4099 2707,4099 2706,4100 2706,4109 2706,4109 2705,4109 2704,4110 2704,4113 2704,4113 2703,4113 2702,4114 2702,4116 2699,4119 2699,4121 2699,4121 2690,4121 2689,4122 2689,4126 2687,4128 2686,4128 2685,4129 2685,4130 2683,4132 2674,4132 2673,4131 2670,4132 2664,4126 2663,4126 2663,4142 2662,4144 2661,4144 2659,4142 2659,4104 2659,4104 2452,4105 2451,4106 2441,4106 2440,4105 2218,4106 2217,4107 2217,4109 2216,4110 2120,4111 2119,4112 2119,4116 2118,4117 2118,4145 2118,4145 2117,4145 2116,4146 2116,4150 2116,4150 2114,4150 2113,4151"/><TextEquiv><Unicode/></TextEquiv><TextEquiv index="1"><Unicode>vous, alors il s'épanouira; il s'atta-</Unicode></TextEquiv></TextLine><TextLine id="l24"><Coords points="1728,4312 1727,4311 1727,4310 1727,4310 1721,4310 1719,4308 1719,4307 1719,4307 1713,4307 1712,4306 1712,4304 1710,4302 1708,4302 1707,4301 1707,4297 1705,4295 1704,4295 1703,4294 1703,4271 1703,4271 1660,4271 1659,4270 1312,4272 1311,4273 1311,4278 1311,4278 1214,4279 1213,4280 1213,4306 1213,4306 1211,4306 1210,4306 1210,4271 1210,4270 1082,4271 1081,4270 1081,4266 1081,4266 1029,4266 1027,4265 1027,4262 1027,4261 997,4261 995,4259 994,4259 993,4259 993,4257 993,4256 991,4256 989,4255 987,4255 986,4254 984,4252 984,4250 984,4250 982,4250 981,4249 981,4247 978,4244 978,4242 978,4242 977,4242 976,4241 976,4240 975,4240 974,4240 974,4239 974,4235 972,4233 972,4230 971,4229 971,4219 972,4218 972,4211 972,4211 973,4211 974,4210 974,4206 978,4202 978,4200 990,4187 1000,4187 1002,4185 1005,4185 1007,4183 1029,4183 1030,4183 1029,4153 1030,4152 1031,4152 1031,4152 1031,4150 1034,4147 1051,4147 1051,4148 1051,4150 1054,4152 1055,4152 1055,4153 1055,4154 1056,4154 1425,4152 1425,4151 1425,4147 1426,4147 1428,4147 1428,4147 1428,4149 1431,4152 1448,4152 1449,4153 1449,4155 1450,4156 1450,4157 1451,4157 1860,4155 1861,4154 1865,4154 1865,4153 1865,4152 1866,4152 2116,4150 2116,4151 2116,4152 2117,4152 2143,4152 2144,4153 2235,4152 2235,4153 2235,4158 2236,4158 2397,4157 2397,4158 2398,4163 2398,4163 2584,4162 2587,4165 2587,4169 2589,4171 2589,4179 2589,4179 2903,4177 2904,4176 3112,4175 3113,4174 3112,4154 3113,4153 3113,4151 3115,4149 3115,4142 3116,4142 3117,4142 3117,4141 3117,4139 3120,4137 3128,4137 3129,4137 3277,4137 3277,4137 3278,4195 3278,4196 3296,4195 3298,4197 3300,4197 3301,4198 3301,4199 3301,4199 3315,4199 3316,4200 3317,4200 3318,4201 3318,4204 3318,4204 3319,4204 3320,4205 3320,4207 3322,4209 3322,4213 3320,4215 3320,4219 3319,4219 3317,4219 3315,4222 3315,4224 3314,4224 3280,4225 3280,4225 3280,4244 3280,4245 3260,4245 3259,4245 3259,4286 3259,4287 3249,4287 3248,4286 3248,4277 3248,4277 3118,4278 3117,4277 3117,4254 3117,4254 3032,4254 3031,4253 2655,4256 2654,4257 2650,4257 2649,4257 2649,4294 2649,4295 2635,4295 2634,4295 2634,4298 2634,4299 2602,4299 2601,4298 2601,4273 2601,4273 2311,4275 2310,4275 2310,4289 2310,4290 2239,4290 2238,4291 2238,4303 2237,4304 2236,4304 2235,4305 2224,4305 2223,4305 2223,4303 2223,4302 2220,4302 2219,4302 2219,4298 2218,4296 1773,4299 1772,4300 1772,4302 1772,4302 1770,4302 1767,4305 1765,4305 1763,4307 1751,4308 1750,4308 1750,4311 1750,4312"/><TextEquiv><Unicode/></TextEquiv><TextEquiv index="1"><Unicode>chera à ſon égale; &amp; votre amour réci-</Unicode></TextEquiv></TextLine><TextLine id="l25"><Coords points="2217,4467 2216,4466 2213,4467 2209,4463 2209,4434 2209,4434 2170,4434 2169,4433 2169,4425 2169,4425 1742,4428 1741,4429 1584,4430 1583,4431 1563,4431 1562,4431 1562,4432 1562,4433 1433,4434 1432,4434 1432,4466 1431,4468 1378,4468 1377,4467 1377,4461 1377,4461 1194,4462 1192,4460 1190,4460 1189,4460 1189,4459 1189,4458 1188,4458 1187,4457 995,4458 994,4457 991,4457 990,4457 974,4457 972,4455 972,4453 971,4452 970,4309 970,4309 951,4309 950,4308 950,4307 951,4307 977,4307 978,4308 1213,4306 1213,4307 1213,4308 1214,4308 1452,4306 1453,4307 1461,4307 1461,4308 1461,4309 1463,4310 1464,4310 1464,4311 1464,4312 1465,4312 1467,4312 1468,4313 1750,4312 1751,4313 1788,4312 1792,4316 1793,4316 1794,4317 1797,4317 1798,4318 1798,4344 1798,4344 2224,4341 2225,4341 2224,4306 2225,4305 2300,4305 2303,4302 2601,4300 2602,4299 2721,4298 2722,4297 2729,4297 2731,4295 2733,4295 2733,4295 2733,4293 2735,4291 2736,4291 2739,4295 2739,4297 2742,4300 2743,4329 2743,4329 3198,4326 3199,4326 3198,4307 3199,4306 3199,4298 3200,4297 3201,4297 3201,4297 3201,4294 3202,4293 3203,4293 3205,4291 3206,4291 3207,4290 3208,4290 3208,4289 3208,4288 3209,4288 3247,4288 3248,4287 3259,4287 3260,4286 3261,4286 3262,4287 3304,4286 3304,4287 3304,4291 3306,4293 3306,4296 3308,4298 3309,4356 3310,4357 3310,4384 3310,4384 3313,4384 3316,4387 3316,4389 3317,4389 3328,4389 3328,4390 3328,4391 3329,4391 3330,4391 3330,4392 3330,4398 3330,4398 3317,4398 3316,4399 3316,4400 3316,4400 3314,4400 3311,4403 3247,4404 3246,4405 3125,4406 3124,4406 3124,4421 3124,4422 3121,4422 3120,4422 3120,4444 3119,4446 3113,4446 3112,4446 3112,4447 3112,4448 2963,4449 2962,4449 2962,4452 2962,4453 2927,4453 2926,4452 2926,4414 2926,4414 2550,4416 2549,4417 2549,4419 2549,4419 2378,4420 2377,4421 2377,4434 2377,4434 2253,4435 2252,4436 2252,4460 2252,4460 2251,4460 2250,4461 2250,4462 2250,4462 2231,4462 2230,4463 2228,4463 2227,4464 2227,4465 2227,4465 2223,4465 2221,4467"/><TextEquiv><Unicode/></TextEquiv><TextEquiv index="1"><Unicode>proque ſera d'autant plus violent, qu'il</Unicode></TextEquiv></TextLine><TextLine id="l26"><Coords points="1464,4632 1464,4632 1464,4623 1463,4622 971,4626 971,4625 970,4553 969,4552 969,4524 968,4524 950,4524 950,4523 950,4519 949,4519 927,4519 926,4517 926,4517 973,4517 974,4516 974,4500 976,4498 980,4498 981,4497 981,4496 981,4496 983,4496 986,4493 1269,4491 1270,4490 1270,4488 1272,4486 1272,4482 1273,4481 1273,4472 1273,4472 1276,4472 1277,4471 1276,4467 1277,4467 2924,4456 2924,4455 2924,4454 2926,4453 2962,4453 2962,4453 2963,4472 2963,4473 3059,4472 3060,4472 3060,4483 3060,4484 3062,4484 3064,4485 3064,4486 3064,4487 3065,4487 3067,4488 3067,4492 3067,4493 3080,4493 3081,4493 3081,4495 3083,4497 3083,4523 3083,4524 3099,4524 3100,4524 3100,4528 3100,4529 3107,4529 3112,4534 3114,4534 3115,4534 3115,4536 3117,4539 3129,4539 3132,4541 3132,4544 3133,4545 3133,4546 3134,4547 3134,4549 3135,4549 3137,4549 3138,4551 3138,4560 3139,4560 3141,4560 3141,4561 3141,4565 3142,4565 3143,4565 3143,4566 3143,4573 3142,4574 3070,4575 3069,4575 3069,4605 3069,4606 2377,4610 2376,4611 2376,4614 2375,4615 2374,4615 2372,4617 2370,4617 2369,4618 2370,4621 2369,4621 2352,4622 2351,4623 1471,4628 1471,4629 1471,4632 1470,4632"/><TextEquiv><Unicode/></TextEquiv><TextEquiv index="1"><Unicode>aura été plus long-temps contraint.</Unicode></TextEquiv></TextLine><TextLine id="l27"><Coords points="1793,4778 1793,4778 1793,4775 1792,4774 1468,4776 1468,4776 1468,4775 1467,4774 1354,4775 1354,4775 1353,4771 1353,4770 1304,4770 1303,4769 1254,4770 1253,4769 1253,4762 1253,4762 1134,4763 1132,4761 1132,4759 1132,4759 1059,4759 1058,4759 1058,4758 1058,4757 972,4758 971,4757 971,4737 971,4737 913,4737 912,4737 912,4736 913,4735 959,4735 959,4734 959,4678 959,4678 964,4678 965,4677 965,4629 967,4627 969,4627 970,4626 1093,4625 1094,4624 1093,4621 1094,4620 1094,4617 1096,4615 1096,4613 1097,4613 1098,4613 1098,4612 1098,4611 1099,4611 1147,4610 1148,4611 1185,4611 1187,4613 1223,4613 1223,4613 1223,4615 1224,4616 1313,4615 1314,4616 1446,4616 1448,4618 1448,4619 1451,4621 1453,4621 1454,4622 3026,4612 3027,4611 3031,4611 3036,4606 3072,4606 3072,4606 3072,4609 3073,4610 3174,4609 3176,4611 3210,4611 3210,4611 3210,4614 3211,4615 3238,4615 3241,4617 3241,4636 3241,4637 3245,4637 3246,4637 3246,4638 3246,4639 3252,4639 3253,4639 3253,4640 3253,4641 3255,4641 3256,4642 3262,4642 3263,4642 3263,4643 3263,4644 3264,4644 3265,4644 3265,4646 3267,4648 3267,4658 3267,4659 3305,4658 3306,4659 3318,4659 3322,4663 3338,4663 3339,4664 3339,4665 3339,4665 3341,4665 3344,4668 3346,4668 3347,4669 3347,4677 3343,4680 3341,4680 3339,4682 3325,4682 3323,4684 3320,4684 3319,4685 3317,4685 3315,4687 3267,4688 3267,4688 3267,4702 3265,4704 3265,4705 3265,4706 3264,4706 3263,4706 3263,4708 3263,4709 3259,4709 3258,4709 3258,4710 3258,4711 3257,4711 3256,4711 3256,4712 3256,4713 3254,4713 3251,4715 3251,4729 3251,4730 3142,4730 3141,4731 3141,4757 3141,4757 3092,4758 3091,4759 3069,4759 3068,4760 2894,4761 2893,4762 2183,4767 2182,4767 2183,4775 2182,4776"/><TextEquiv><Unicode/></TextEquiv><TextEquiv index="1"><Unicode>Tel ſont mes ſentimens, ma reſpec-</Unicode></TextEquiv></TextLine><TextLine id="l28"><Coords points="1449,4962 1332,4962 1332,4962 1332,4949 1331,4948 1219,4949 1218,4948 1218,4943 1217,4942 1162,4942 1162,4942 1162,4937 1161,4936 974,4938 974,4937 973,4885 973,4885 965,4885 964,4884 964,4883 964,4883 963,4883 962,4882 962,4813 961,4813 942,4813 941,4811 941,4811 959,4811 960,4810 960,4809 960,4809 961,4809 962,4808 961,4775 961,4775 887,4775 886,4775 886,4774 887,4773 1022,4772 1022,4772 1022,4762 1023,4761 1058,4761 1058,4761 1058,4760 1059,4759 1072,4759 1072,4759 1072,4760 1073,4761 1079,4761 1079,4761 1079,4763 1081,4765 1081,4769 1082,4770 1148,4769 1149,4770 1151,4770 1152,4771 1165,4771 1165,4772 1166,4776 1166,4776 1362,4775 1363,4776 1363,4777 1363,4777 1744,4775 1745,4775 1745,4781 1745,4782 1854,4781 1855,4782 2180,4780 2181,4779 2181,4776 2181,4776 2290,4775 2291,4776 2528,4774 2529,4774 2528,4769 2529,4768 2594,4768 2595,4767 2596,4767 2597,4766 2736,4765 2736,4765 2736,4762 2737,4761 2804,4761 2805,4762 3068,4760 3069,4759 3138,4758 3139,4757 3229,4757 3230,4756 3278,4756 3280,4754 3292,4753 3292,4753 3292,4736 3293,4735 3296,4735 3296,4736 3296,4754 3297,4754 3301,4754 3301,4755 3301,4756 3302,4756 3309,4756 3312,4759 3318,4759 3318,4760 3318,4761 3319,4761 3325,4761 3325,4762 3325,4767 3326,4768 3327,4856 3328,4857 3328,4864 3328,4864 3319,4864 3318,4865 3318,4867 3316,4869 3313,4869 3311,4871 3307,4871 3306,4872 3306,4873 3306,4873 3287,4873 3285,4875 3278,4876 3277,4876 3277,4878 3276,4880 3167,4880 3166,4881 3167,4936 3166,4936 3151,4936 3151,4936 3150,4882 3150,4881 2920,4883 2919,4883 2919,4884 2919,4885 2647,4887 2646,4888 2590,4888 2589,4889 2589,4890 2589,4890 2559,4890 2557,4892 2556,4892 2555,4893 2555,4900 2555,4900 2495,4901 2494,4901 2494,4915 2494,4916 2492,4916 2491,4915 2491,4910 2491,4910 2274,4911 2273,4912 2273,4921 2272,4922 2273,4927 2269,4930 2262,4930 2261,4931 2244,4931 2242,4933 2240,4933 2238,4935 2230,4935 2229,4936 2227,4936 2225,4938 2223,4938 2221,4940 2221,4940 2221,4939 2220,4938 2219,4938 2216,4935 2214,4936 2212,4933 2212,4930 2211,4929 2210,4922 2210,4922 2010,4923 2009,4922 2009,4913 2009,4913 1592,4916 1591,4916 1591,4918 1591,4919 1588,4919 1587,4919 1588,4947 1586,4949 1452,4949 1452,4950 1452,4963 1451,4963"/><TextEquiv><Unicode/></TextEquiv><TextEquiv index="1"><Unicode>tble amie. Avouez que tels ſont auſſi</Unicode></TextEquiv></TextLine><TextEquiv><Unicode/></TextEquiv></TextRegion></Page></PcGts>