4266 6032
878 267 3255 467 rter par quelques infidélités: mais
886 424 3260 613 comment vouliez-vous qu'il s'en diſ-
878 584 3259 809 penſât? Eſt-ce lui qui a jamis cherché
878 723 3258 934 à porter ailleurs ſon hommage? N'a-t-il
892 903 3265 1093 pas ſui, par une vertu peu commnune,
928 1050 3268 1239 toutes les conquêtes que les plus fiers
881 1206 3277 1397 triomphateurs ſe font gloire de recher-
881 1361 3280 1550 cher? Les autres femmes ont des yeux
946 1512 3287 1681 comme nous, ma chere; & ce mortel eſt
950 1645 3282 1853 enſorcelant. N'avons - nous pas vu des
886 1828 3285 2016 Beautés, fieres avec tous les autres
905 1982 3296 2168 hommes, lui offrir, juſques devant
916 2126 3294 2331 nous, un cœur qui n'étoit pas accepté?
957 2290 3301 2472 Il eût fallu, pour réſiſter à tant d'atta-
926 2446 3294 2635 ques & à l'aſcendant des circonſtances,
966 2600 3306 2933 anue hunaine d mous auns oé
974 2904 3310 3106 le vexer, & nous donner des airs de le
938 3094 3315 3405 ademnoiſelle, je me ſuis trop long-
964 3376 3322 3568 temps prêtée à vos caprices romaneſ-
943 3531 3322 3719 ques. Je vous ai permis d'abord d'en-
941 3683 3316 3874 doſſer l'habit d'homme vis -à-vis de
965 3837 3323 4027 vote Amant. En vérité, il faut que la
893 4001 3334 4185 nature vous ait douée d'un charme inex-
924 4142 3327 4343 plicable. Comment donc, ma belle?
883 4317 3322 4500 ce jeune homme ne vous a bien vue
898 4470 3385 4655 que dans votre enfance. Depuis que
969 4630 3351 4810 vous êtes avec moi, vous avez toujours
904 4780 3351 4953 ſu vous voiler & vous déguiſer devant
