4266 6032
878 274 3242 492 rands ne ſont pas faits pour être heu-
883 439 3239 635 reux, mais pour faire des heureux.
878 585 3242 801 Laiſſez-moi remplir à votre égard, &
916 738 3246 950 à celui de votre ami, une ſi haute deſ-
909 922 2018 1082 tination, &c...n.
929 1058 3260 1242 rand Dieu quelle impreſſion me
926 1210 3256 1402 ſit la lecture de ces deux lettresl mais
924 1368 3265 1573 quelle impreſſion tardive Je les lus
931 1521 3268 1710 cent fois, je les baiſai mille, en les
886 1686 3277 1879 atroſant de mes pleurs. O femmes no-
880 1827 3277 2035 bles, ſublimes, que je me ſentois petit
941 1987 3282 2179 devant vous Mais combien j'avois été
950 2138 3291 2323 mbécille Quoi j'avois pu vivre ſi
948 2297 3291 2500 long-temps avec mon Adélaide ſans la
952 2448 3299 2651 reconnoître; & j'avois pouſſé la mépriſe
957 2608 3299 2813 juſqu'à la réſolution cruelle d'immoler
959 2765 3306 2960 celle que j'aimois, tandis que je devois
965 2940 2068 3122 ſonger à l'épouſer.
888 3067 3303 3278 Je m'étois laiſſé abuſer, je ne ſais
963 3231 3313 3425 comment ni pourquoi, par un malheu-
928 3383 3311 3588 reux, payé ſans doute pour me trahir.
886 3540 3323 3742 N'étoit-ce point un ſecret émiſſaire de
940 3700 3323 3918 l'indigne Spinacuta? Il m'a fait voir que
983 3853 3328 4037 Chéri avoit mes lettres, mon portrait,
986 4006 3332 4212 celui d'Adélaide. Rien de plus ſimple.
981 4174 3055 4367 Chéri n'étoit autre qu'Adélaide.
945 4321 3342 4524 O Dieul j'étois ſi aimé, & en même
971 4475 3349 4683 temps ſt malheureux Et celles qui m'ai-
902 4630 3356 4837 moient, que ſont-elles devenues? La
888 4788 3363 5024 chere Princeſſe Cémelli languit dansles
