4266 6032
965 291 3333 475 horreurs de la captivité. Pour qui? Pour
965 453 3335 632 moi ſeul. Ce ſera encore le noir Spina-
967 607 3327 792 cuta qui aura ſemé des calomnies ſur ſon
971 770 3328 947 compte, pour la punir de la préférence
969 926 3301 1100 dont elle ſembloit m'honorer. Et pour
891 1079 3304 1250 Adélaide, ô Ciell un monſtre oſe aſſu-
974 1237 3298 1408 rer qu'elle n'eſt plus. Nouvelle affreuſel
983 1395 3341 1564 coup terrible de la main du ſort, qui me
984 1548 3339 1719 frappe ſur la poitrine, en me jetant hors
984 1708 3341 1875 de la terre des vivansl Non, je ne puis
988 1862 3340 2029 croire, ſur la foi d'un ſcélérat, cette ef-
983 2020 3341 2180 frayante nouvelle uNon, mon ami,
981 2178 3358 2338 nne le croyez pas, me dit la tendre
983 2331 3313 2495 Artémiſe; mais en attendant que vous
981 2493 3327 2649 retrouviez vos deux cheres amies, qui
984 2642 3320 2807 les remplacera pour vous? car vous
977 2797 3316 2962 voilà ſeul à préſent dans les déſerts
983 2959 3311 3119 du monde. Permettrez - vous à la ti-
983 3107 3373 3277 mide Artémiſe de chercher, par ſes
898 3263 3373 3430 ſoins, à vous tenir lieu, tant qu'il
984 3428 3342 3618 ſera poſſible, des objets céleſtes que
988 3583 2654 3745 vous avez perdus?
1132 3731 3382 3905 -- Oui, mon Artémiſe, lui répondis-
977 3893 3325 4060 je; vous ſeule me reſtez dans l'uni-
976 4049 3316 4218 vers. Il n'y avoit que vous ſous le
976 4209 3320 4376 Ciel qui fuſſiez digne de remplacer
977 4364 3323 4529 de ſi cheres perſonnes, & ſa bonté a
972 4522 3341 4685 daigné vous amener dans mes bras.
967 4673 3383 4874 Il proportionne ſes faveurs aux coups
976 4836 2475 5022 qu'il me porten.
