4266 6032
904 174 3263 388 Cette chere Artémiſe paroiſſoit pren-
943 365 3268 546 dre, dans mes bras, la figure même
893 525 3273 692 de mon Adélaide. Un amour du plus
893 678 3270 862 grand caractere ſe peignoit dans ſon œil
900 836 3268 1010 virginal. En la voyant, un doux rayon
917 994 3270 1165 de plaiſir pénétroit dans mon cœur,
984 1144 3275 1313 comme un beau jour ſourit dans les ri-
905 1304 3268 1480 gueurs de la ſaiſon glaciale. Mais, hélas?
983 1457 3279 1635 je voyois s'altérer la ſanté de cette belle
974 1609 3284 1787 perſonne. Il lui ſurvenoit quelquefois
986 1772 3282 1951 des défaillances qui faiſoient craindre
893 1923 3285 2099 pour ſa vie. C'étoit moi ſans doute qui
924 2082 3299 2247 étois la cauſe de ſa triſte ſituation. Elle
923 2238 3361 2402 la devoit à trop de fatigue qu'elle avoit
998 2378 3280 2555 piſe pour me ſoigner. J'étois l'aſſaſſin
991 2542 3353 2713 d'Adélaide, de la Princeſſe, & même
1003 2701 1927 2866 d'Artémiſe....
1007 2834 3296 3026 Quelle défaillance affreuſevient m'aſ-
1005 3017 3296 3180 ſaillir moi-même. Je n'ai jamais rien
1010 3172 3303 3338 ſenti de pareil. Ahl la mort, de ſa main
909 3327 3304 3495 de glace, vient preſſer mon cœur. C'en
943 3481 3306 3647 eſt fait.... O mon Adélaidel.... ô
893 3641 3316 3803 mon Artémiſe? ... Je me meurs. Lu-
955 3795 3316 3962 nivers s'efface. Mon Dieu, pardonne-
1005 3949 2998 4150 moi; reçois-moi dans tes bras ....
