4266 6032
988 383 3316 573 Lettre de Orégoire Merveil, Marqgu
979 561 3349 727 d'Erbeuil, pere du Chevalier, à Jule
988 729 1746 900 ſon épouſe.
1620 1018 2762 1189 Milan, i6 Févier.
1003 1340 3313 1519 Ma chere Julie, je ſuis déſeſpéré.
979 1488 3308 1690 Je ſuis arrivé trop tard. Tu ſais pourtant,
979 1659 3310 1819 ma bonne amie, que je n'ai pas perdu
984 1813 3310 1994 de temps; que dès que j'ai appris le
977 1966 3339 2134 malheur de mon fils, j'ai pris la poſte
976 2121 3332 2302 ſur le champ. Je l'ai trouvé ſur ſon lit,
973 2276 3306 2453 ſans mouvement. On me ſoutient qu'il
972 2432 3303 2605 eſt mort; mais moi, qui ſais que je ſuis
969 2590 3323 2781 tombé en léthargie à Caſalmaggiore,
974 2738 3301 2931 moi, qui ſais que la léthargie reſſemble
967 2904 3296 3095 à la mort, je me flatte qu'on ſe trompe,
965 3064 3298 3252 & que je ramenerai mon fils des portes
959 3251 1562 3401 du trépas.
960 3373 3304 3538 On lui a ſuſcité des chagrins de toute
959 3519 3299 3728 eſpece. C'eſt ce damnable Spinacuta qui
962 3683 3301 3884 le perſécute éternellement. Le malheu-
950 3827 3298 4030 reuxeſt enfermé à Naples; mais, du fond
950 3982 3299 4210 de ſa priſon, il lui ſuſcite des tracaſſe-
957 4152 3304 4336 ries diaboliques. Il a envoyé un Agent
962 4295 3303 4508 ſecret, que j'ai découvert. Ci-devant il
962 4478 3303 4665 s'étoit ſervi d'un certain Figaro, mau-
958 4638 3306 4837 vais ſujet qu'on a produit, avec avan-
964 4781 3318 4983 tage, ſur nos Théâtres. Ce fripon ne
