4266 6032
945 235 3275 426 la pas été aſſez au gré de l'odieux per-
957 400 3279 582 ſécuteur. Il en a choiſi un plus méchant,
935 556 3276 733 de la même ſociété, un ſcélérat décidé,
936 716 3327 889 un organiſte hypocrite, nommé Baſile.
959 866 3284 1039 Ce vil poliſſon eſt venu s'établir à Mi-
941 1026 3328 1216 lan, pour remplacer le Comte & deve-
960 1185 3291 1377 nit la Furie perſécutrice de mon fils. Il
983 1340 3291 1516 apris le coſtume d'un petit Abbé pim-
984 1495 3289 1657 pant. Il a conduit Cataudin, d'abord
986 1648 3289 1831 chez des Médecins Magnétiques, pour le
984 1805 3294 1990 ſaire aſſaſſiner à la ſourdine; enſuite il
934 1956 3289 2161 l'a fait paſſer pour fou. Il l'a précipité
935 2119 3295 2301 dans le combat malheureux qui occa-
983 2269 3289 2464 ſionne ſa mort. Enfin, il lui a appris,
938 2429 3292 2615 pour lui donner le coup de grace, que
986 2580 3296 2771 la maîtreſſe étoit morte. Je ne ſais pas ſi
995 2733 3291 2917 cela eſt vrai. Je ne puis déterrer cette in-
990 2888 3292 3074 ſonunée Adélaide. Quoi qu'il en ſoit,
991 3045 3296 3236 j'aifaitmourir ſous le bâton le déteſtable
935 3196 3287 3390 Baſile; & que n'ai-je pu rendre le même
941 3347 3320 3561 ſenvice à ſon indigne maîtrel On a
988 3519 3289 3700 trouvé, dans la poche du coquin ſubal-
984 3672 3285 3860 teme, une leure qu'il écrivoitau coquin
989 3820 3290 4021 tité qui le ſoudoyoit. Ieureuſement,
936 3973 3285 4188 il n'avoit pas eu le temps de la faire
984 4136 3288 4329 partir. Je t'en envoie copre. Pour moi,
986 4288 3292 4481 jeprodigue mes ſoins au cadavre de mon
938 4443 3301 4643 fils; tar on jure que c'eſt un oadavre.
935 4596 1509 4759 Soins ſup
1655 4628 3294 4803 usl Je ne perds cependant
938 4745 3329 4938 par l'eſpoir. Je t'écrirai bientôt plus au
935 4912 1766 5086 Tom. ,
