4266 6032
976 200 3287 378 long. Réponds - moi, ma chere amie;
974 362 3294 505 ſoutiens - moi dans cet horrible mal-
976 521 1400 647 heurn.
1020 830 3296 996 Lettre de Bafile au Comte Spinaeutae,
1179 984 2943 1143 incluſe dans la précédente.
1103 1247 3294 1466 uMon très-cher & très-honoré Maîte,
975 1456 3291 1624 à qui je donne bien plus volontiers ce
974 1612 3287 1779 nom qu'à ce pauvre Comte Almaviva,
969 1763 3292 1944 ruiné depuis qu'il a pris, pour ſon Inten-
974 1923 3327 2086 dant, ce coquin de Figaro, la prudence
972 2076 3337 2246 ma forcé de quitter ce Maître pour un
977 2232 3289 2404 meilleur. Vous allez voir que je ſaurai
977 2389 3291 2556 mieux répondre à votre confiance, que
979 2541 3291 2710 le malheureux Barbier de Séville. J'ai
981 2691 3289 2871 ſu, je crois, vous défaire de l'étemel
983 2850 3287 3017 Chevalier de Roſamene; mais il faut
979 3000 3292 3187 vous donner des détails qui puiſſent ſa-
972 3160 3292 3333 tisfaire votre cœur noble, & vous faire
986 3311 3291 3507 goûter le plaiſir, plus que noble, de la
981 3499 1671 3655 veigeance.
1070 3616 3344 3807 Je n'ai pas eu de peine à m'inſinuer
983 3781 3291 3962 dans la confiance de ce jeune indiſcret.
979 3937 3298 4120 D'abord, je lui ai perſuadé qu'il étoit
984 4095 3296 4274 malade, afin qu'il n'eût pas l'inſolence
971 4245 3301 4441 de ſe parer d'une ſanté floriſſante, tandis
967 4410 3304 4594 que mon très-honoré Maître, ſon en-
990 4555 3344 4751 nemi, ne jouiſſoit pas de la ſienne. En-
984 4709 3328 4917 ſuite, pour lui procurer une maladis
