4266 6032
953 247 3337 414 dit: Le jeune ami tuera le Chevalier,
957 405 3345 571 & nous en ſerons ainſi débarraſſés; ou
955 563 3349 728 bien le Chevalier le tuera, & il mounra
960 718 3349 879 de douleur, ou ſe brûlera la cervelle de
962 876 3267 1039 déſeſpoir d'avoir tué ſon Amante, ou
962 1029 3282 1198 du moins il ſera obligé de ſe ſauver. De
967 1192 3269 1352 cette maniere nous l'écarterons, & je
965 1348 3268 1507 ſaurai bien le retrouver tôt ou tard,
965 1502 3273 1667 pour lui procurer l'honneur d'être im-
972 1658 3277 1781 molé à la ſatisfactionde mon très-honoré
976 1820 1544 1942 Maîtren.
1137 1953 3334 2133 Ce que j'avois imaginé n'a pas man-
976 2119 3282 2436 aunt uonie a uenſea one bi n
976 2434 3275 2604 tendu jeune homme a choiſi le piſtolet:
971 2592 3285 2917 oointi rouit ipanetſoraunin pi
976 2898 3282 3070 lui a fait paſſer deux balles dans le ſein.
972 3050 3287 3228 Alors s'eſt fait la reconnoiſſance. Le
981 3213 3327 3385 malheureux avoit bleſſé ſon, Amante.
983 3366 3291 3540 Figurez-vous ſon déſeſpoir. Il n'a pas
983 3518 3298 3727 manqué, ſur le champ, de ſe paſſer une
965 3665 3291 3858 épée au travers du corps. On a emporté
993 3824 3296 4012 les deux moribonds chacun de leur
996 3978 3299 4170 côté. Il falloit envenimer les plaies du
938 4140 3301 4327 Chevalier; car, ſans cette précaution,
995 4289 3304 4485 avec un tempérament de fer, il auroit
1005 4438 3328 4798 aataſueſee, pae lavuene eue nb
1022 4739 3335 4955 cille déceloit que ſon déguiſement &
