4266 6032
953 195 3292 408 la fauſſe nouvelle qu'elle ſemoit de la
919 394 3292 568 prétendue réſolution où étoit Adélaîde
935 555 3292 730 d'entrer dans le Cloître, n'avoit pour
909 711 3289 884 but que d'amener le ſieur Cataudin à
914 864 3294 1034 épouſer la Princeſſe émelli. C'étoit
926 1020 3291 1192 un de ces beaux ſacrifices d'héroîne
959 1180 3282 1339 de Roman, un de ces efforts de vertu,
955 1332 3289 1499 faits pour nous amuſer, nous autres
974 1491 3289 1655 gens ſans préjugés. Elle proteſtoit qu'elle
922 1645 3291 1807 aimoit toujours ſon Chevalier. Vous
976 1798 3289 1963 ſentez bien que celui-ci a été double-
941 1949 3282 2115 ment déſeſpéré de l'avoir immolée. Je
969 2108 3289 2279 n'ai pas manqué de lui apprendre, avec
974 2260 3289 2434 le cœur bien ſerré, qu'elle n'étoit plus.
967 2415 3279 2593 Je n'en ſais rien, dans le fond, parce
976 2573 3289 2737 que j'ignore ce qu'elle eſt devenue;
909 2727 3183 2890 mais je préſume qu'elle eſt morte.
933 2864 3268 3051 Vous ſentez qu'un redoublement de
909 3024 3282 3206 déſeſpoir a repris le Chevalier; qu'il
964 3184 3277 3363 s'eſtjugé indigne de vivre; qu'il n'a plus
967 3342 3291 3517 voulu ſouffrir aucun remede. D'ailleurs
910 3466 3285 3673 ſon ſang un peu infecté, puiſqu'il faut
910 3647 3316 3830 ledire, par la ſecrete incommodité dont
933 3806 3279 3987 jevous ai parlé, a envenimé la plaie;
960 3956 3273 4137 de ſorte que jamais Médecin n'a ſi bien
959 4118 3270 4293 péré que moi, pour expédier les ma-
959 4268 3304 4455 lades; & l'on m'aſſure en effet que le
928 4403 3280 4605 ſeur Cataudin, avec tout ſon mérite,
923 4580 2781 4761 arendu ſon dernier ſoupir.
948 4716 3311 4947 Pour comble de bonheur, la Prin-
