4266 6032
1007 225 3353 426 ceſſe émelli a été arrêtée à cette épo-
998 396 3346 580 que, par un effet de nos ſages meſures;
996 546 3346 720 de ſorte qu'elle n'a pu n voir ni ſe-
991 706 3328 880 courir le Chevalier, qui s'eſt trouvé
990 861 3341 1043 ſeul & abandonné. Elle eſt à préſent
991 1026 3340 1190 avec vous; c'eſt-à-dire, au moins, dans
988 1177 3330 1340 la même priſon. Vous voilà au comble
986 1336 3325 1514 de vos vœux. Vous êtes débarraſſé de
986 1498 3332 1664 votre ennemi; vous n'avez plus qu'à
983 1643 3334 1815 ſortir de priſon, en faire ſortir votre
984 1804 3313 1977 Amante, & l'engager à vous épouſer.
1043 1959 3328 2129 Il y a un revers à cette médaille ſi
974 2116 3322 2290 riante. Le Marquis d'Erbeuil, pere du
981 2271 3330 2438 Chevalier, eſt arrivé pour voir mourir
977 2424 3327 2601 ſon fils. On dit que ſa figure enchante
971 2587 3327 2751 toutes les femmes. Pour moi, elle me
952 2743 3320 2904 glace & me pétrifie. Quel homme il
967 2900 3323 3070 veut m'exterminer; & ce ne ſera pour
957 3053 3365 3225 lui qu'un jeu. Il vous en prépare au-
959 3213 3311 3383 tant qu'à moi, mon très-honoré Maître.
945 3366 3316 3542 Vous êtes bien heureux d'être enfermé;
957 3521 3318 3683 votre priſon vous met du moins en ſû-
947 3678 3318 3852 reté contre ſes coups. Je tremble. J'ai
947 3832 3365 4011 un preſſentiment. Je veux partir inceſ-
928 3992 3330 4166 ſamment de Milan. Vous croyez peut-
950 4141 3328 4320 être que c'eſt pour la peur? Non. C'eſt
945 4309 3316 4476 pour aller le braver juſques dans Paris
940 4467 3308 4639 même. La fortune m'y attend, je crois.
943 4611 3315 4794 Vous y avez envoyé Figaro; il y a fait
941 4771 3322 4981 une ſenſation ſinguliere. Je me flatte
