4266 6032
1005 253 3347 424 plus, à leurs auteurs, le titre meſquin de
1007 407 3334 573 méchant. Il faut des noirceurs, morbleu
1002 568 3335 745 pour prétendre au noble titre deſcélérat.
998 723 3335 895 Je vois cependant des diſpoſitions. Déjà
996 876 3337 1048 ce nom a perdu de ſon horreur. On s'eſt
993 1039 3330 1202 même accoutumé à un autre, qui ſem-
991 1191 3327 1361 bleroit devoir encore plus répugner,
988 1349 3325 1667 lppieauéceiſtte a tut oivrodi
991 1662 3322 1848 gue a Paris de tous côtés, & l'on répete
986 1818 3304 1978 a l'envi l'élégante épithete de roué.
981 1970 3318 2131 Vous ſentez que quand l'horreur du
981 2125 3315 2286 ſupplice a diſparu, celle du crime ne
984 2285 2634 2445 doit pas durer long-temps.
1065 2432 3315 2599 Je voudrois voir cet Auteur, pour l'inſ-
974 2591 3310 2754 piter. J'eſpere que j'en ferois quelque
979 2747 3313 2911 choſe. Son éloge de la calomnie m'a
969 2905 3304 3064 prévenu en ſa faveur. Je lui appren-
972 3062 3304 3220 drois à me peindre à fond dans la nou-
964 3211 3298 3377 velle piece qu'il médite. On dit qu'elle
969 3364 3299 3535 eſt de mauvaiſes mœurs. Bravo L'Au-
962 3518 3311 3685 teur fera ſon chemin; il a des diſpoſi-
955 3677 3311 3856 tions. Ce n'eſt pas que je prétende vous
952 3837 3289 4003 le donner pour un ſcélérat, ni pour un
955 3975 3304 4157 roué: il en eſt ſûrement bien loin. Il
952 4150 3313 4316 connoît même ſi peu le mérite de ces
947 4298 3303 4486 noms, qu'il s'offenſeroit ſi on les lui
947 4458 3315 4628 donnoit. Cela écrit inconſidérément
941 4615 3306 4784 tout ce qui lui vient ſous ſa plume.
935 4766 3313 4952 N'a-t-il pas fait des Drames où il peint
