4266 6032
955 290 3284 464 la vertu? Ne veut-il pas ſe mêler auſſi
952 448 3291 620 de bienfaiſance? Ce n'eſt pas là encore
960 611 3291 775 un homme. Je crois appercevoir dans
969 763 3292 924 lui de la ſuffiſance, de la vanité, ſi com-
967 919 3294 1089 mune à la Nation, du vent, en un mot.
972 1070 3296 1243 C'eſt un ballon rempli d'air, ſi vous
972 1229 3303 1377 voulez, une bulle d'eau de ſavon, bril-
928 1382 3303 1552 lante & formée d'un ſouſſle, qu'un au-
974 1536 3335 1708 tre ſouffle fait évanouir. Je dis tout
979 1689 3306 1863 cela au haſard; car je ne le connois pas
977 1846 3306 2018 perſonnellement. Mais il a du moins
981 2001 3311 2169 eu la gloire de mettre dans ſa Piece,
983 2164 3313 2326 contre la coutume générale, un ſcélérat
983 2318 1414 2464 impuni.
998 2462 3310 2634 Ah Monſieur le Comte, on ne ſent
904 2630 3313 2791 pas tout le mérite d'un ſcélérat. On
972 2778 3320 2944 s'obſtine à faire cas d'un honnête hom-
986 2938 3316 3103 me. On ne veut pas ſentir qu'un bourru
991 3089 3328 3260 de cette eſpece eſt roide & ne ſait jamais
986 3242 3325 3578 ouple e praeaeou,: q'onſerſ
941 3552 3325 3723 de lui, qu'on lui fera faire tout ce qu'on
990 3712 3317 3881 voudra, tant qu'on aura de l'argent.
988 3858 3330 4029 Chaſſez le vice, vous ôtez le liant de
986 4015 3325 4194 la ſociété; plus de brillant, plus de
976 4171 3334 4504 tem omoue aeauieve, uateoni-
928 4475 3328 4694 ſore; & le monde aſſoupi rentre dans
904 4632 1813 4825 le néant....
