<?xml version="1.0" encoding="UTF-8" standalone="no"?><PcGts xmlns="http://schema.primaresearch.org/PAGE/gts/pagecontent/2017-07-15" xmlns:xsi="http://www.w3.org/2001/XMLSchema-instance" xsi:schemaLocation="http://schema.primaresearch.org/PAGE/gts/pagecontent/2017-07-15 http://schema.primaresearch.org/PAGE/gts/pagecontent/2017-07-15/pagecontent.xsd"><Metadata><Creator/><Created>2020-10-14T10:27:55</Created><LastChange>1970-01-01T00:00:00</LastChange><Comments/></Metadata><Page imageFilename="0252.png" imageHeight="6032" imageWidth="4266"><TextRegion id="r1" orientation="0.0" type="paragraph"><Coords points="1,1 4264,1 4264,6030 1,6030"/><TextLine id="l1"><Coords points="1056,469 3276,469 3276,667 1056,667"/><TextEquiv><Unicode/></TextEquiv><TextEquiv index="1"><Unicode>Suite de la lettre du Marquis d'Erbeuil.</Unicode></TextEquiv></TextLine><TextLine id="l2"><Coords points="3158,976 3156,975 3156,961 3156,960 3154,960 3153,960 3153,955 3153,954 2736,954 2735,953 2721,953 2720,952 2706,952 2704,950 2700,950 2699,949 1556,949 1555,949 1555,910 1555,909 1147,909 1146,909 1146,905 1149,902 1151,902 1151,902 1151,853 1152,852 1153,852 1153,852 1153,848 1155,846 1155,844 1156,843 1156,841 1157,840 1163,840 1163,840 1163,838 1166,835 1168,835 1170,833 1172,833 1172,833 1172,831 1172,830 1130,830 1129,830 1129,827 1130,826 1285,826 1285,826 1285,793 1286,792 1289,792 1289,792 1289,789 1290,788 1437,788 1438,787 1440,787 1440,787 1440,786 1441,785 1442,785 1442,785 1442,784 1443,783 1610,783 1610,783 1610,781 1611,780 1616,780 1616,781 1616,783 1617,783 1648,783 1648,784 1648,785 1649,785 1951,785 1951,786 1951,787 1952,787 1958,787 1958,788 1958,792 1960,794 1960,823 1961,823 2555,823 2555,824 2555,833 2556,833 2608,833 2608,834 2608,835 2609,835 2611,835 2612,836 2891,836 2893,838 3099,838 3101,841 3101,848 3103,849 3205,849 3208,852 3259,852 3261,854 3318,854 3320,857 3320,859 3325,864 3325,893 3326,893 3330,893 3330,894 3330,902 3328,904 3326,904 3323,907 3323,910 3323,910 3322,910 3320,912 3320,917 3318,919 3318,921 3318,921 3314,921 3313,922 3313,924 3313,924 3307,924 3306,925 3306,926 3306,926 3273,926 3271,928 3221,928 3220,929 3220,948 3220,948 3190,948 3189,949 3189,960 3187,962 3171,962 3170,963 3170,972 3166,976"/><TextEquiv><Unicode/></TextEquiv><TextEquiv index="1"><Unicode>uL'indignation ne me permet pas</Unicode></TextEquiv></TextLine><TextLine id="l3"><Coords points="1792,1103 1787,1099 1787,1063 1787,1062 1617,1062 1615,1064 1498,1064 1497,1065 1497,1103 1497,1103 1460,1103 1457,1101 1457,1066 1457,1065 1420,1065 1419,1064 1340,1064 1339,1064 1339,1063 1339,1062 1139,1062 1137,1064 1126,1064 1124,1062 1120,1062 1118,1060 1037,1060 1036,1060 1036,1059 1036,1058 1018,1058 1017,1057 1005,1057 1003,1055 1001,1055 1000,1055 1000,1054 1000,1053 999,1053 998,1052 995,1052 993,1051 993,1049 993,1048 992,1048 991,1048 991,1047 990,1045 989,1045 988,1045 988,1042 988,1041 987,1041 986,1041 986,1039 983,1036 983,1032 983,1031 982,1031 981,1031 981,1022 983,1020 983,1015 984,1014 984,1008 985,1007 986,1007 986,1007 986,1006 987,1005 988,1005 988,1005 988,1003 991,1000 991,998 995,994 995,992 996,991 998,991 999,990 1008,990 1010,988 1022,988 1024,986 1024,953 1026,951 1026,948 1027,947 1030,947 1032,945 1036,945 1036,945 1036,944 1037,943 1043,943 1046,940 1046,939 1047,938 1055,938 1055,939 1055,947 1056,947 1086,947 1086,948 1086,950 1087,950 1089,950 1091,953 1091,986 1092,986 1215,986 1215,987 1215,988 1218,990 1407,990 1409,988 1554,988 1554,988 1554,951 1556,949 1576,949 1576,950 1576,984 1577,984 1690,984 1691,983 1700,983 1700,984 1700,986 1703,988 1884,988 1884,988 1884,975 1886,973 1886,951 1889,948 1901,948 1901,949 1901,957 1902,957 1903,957 1903,958 1903,976 1904,976 1966,976 1968,979 1968,986 1969,986 1973,986 1975,988 2138,988 2138,988 2138,955 2140,953 2142,953 2142,953 2142,951 2143,950 2143,948 2144,947 2145,947 2145,947 2145,946 2146,945 2152,945 2154,948 2154,950 2156,952 2156,986 2157,986 2303,986 2305,988 2398,988 2398,989 2398,990 2399,990 2559,990 2561,988 2561,986 2563,984 2563,980 2564,979 2567,979 2567,979 2567,977 2570,974 2570,972 2573,969 2575,969 2577,967 2577,965 2582,960 2584,960 2585,959 2588,959 2590,957 2592,957 2594,955 2596,955 2599,952 2604,952 2604,952 2604,948 2605,947 2627,947 2630,950 2632,950 2632,951 2632,952 2633,952 2640,952 2643,955 2644,955 2644,956 2644,957 2645,957 2649,957 2656,965 2656,967 2658,969 2658,971 2660,972 2662,972 2663,974 2663,977 2665,978 2666,978 2666,979 2666,982 2668,984 2668,988 2669,988 2670,988 2670,989 2670,990 2671,990 2783,990 2784,991 2816,991 2816,992 2816,993 2817,993 2976,993 2976,993 2976,963 2977,962 2979,962 2979,962 2979,955 2981,953 3013,953 3014,955 3014,957 3017,959 3026,959 3027,960 3130,960 3131,962 3131,967 3132,967 3302,967 3303,969 3303,978 3304,979 3304,1055 3305,1055 3308,1055 3308,1056 3308,1057 3309,1057 3311,1057 3311,1058 3311,1060 3311,1060 3309,1060 3306,1063 3306,1070 3304,1072 3304,1076 3303,1077 3302,1077 3301,1078 3301,1079 3301,1079 3300,1079 3299,1080 3299,1081 3299,1081 3292,1081 3290,1079 3202,1079 3201,1079 3201,1077 3197,1072 3123,1072 3121,1070 3108,1070 3107,1069 2965,1069 2964,1070 2964,1082 2963,1083 2960,1083 2959,1083 2959,1071 2959,1070 2889,1070 2888,1070 2888,1068 2886,1065 2860,1065 2859,1064 2613,1064 2611,1062 2594,1062 2592,1060 2432,1060 2430,1062 2421,1062 2420,1063 2420,1096 2420,1096 2393,1096 2392,1097 2392,1102 2392,1102 2340,1102 2338,1100 2336,1100 2334,1098 2332,1098 2331,1098 2331,1096 2327,1092 2327,1066 2327,1065 2200,1065 2199,1064 2193,1064 2192,1064 2192,1063 2192,1062 2138,1062 2136,1060 1927,1060 1926,1061 1926,1102 1926,1102 1831,1102 1830,1103"/><TextEquiv><Unicode/></TextEquiv><TextEquiv index="1"><Unicode>d'en copier plus long. O ma Juliel</Unicode></TextEquiv></TextLine><TextLine id="l4"><Coords points="3006,1266 3005,1265 2958,1265 2957,1265 2957,1264 2957,1263 2956,1263 2955,1263 2955,1225 2955,1224 2904,1224 2902,1222 2769,1222 2768,1222 2768,1221 2768,1220 2766,1220 2764,1218 2401,1218 2400,1219 2400,1220 2400,1220 2377,1220 2375,1222 2169,1222 2168,1223 2168,1240 2167,1241 2164,1241 2162,1240 2162,1238 2162,1237 2143,1237 2142,1237 2142,1221 2142,1220 2127,1220 2126,1220 2126,1219 2126,1218 1923,1218 1920,1221 1920,1222 1920,1222 1913,1222 1911,1220 1909,1220 1907,1218 1553,1218 1552,1219 1552,1220 1552,1220 1551,1220 1550,1221 1550,1222 1550,1222 1546,1222 1543,1225 1520,1225 1518,1224 1518,1223 1518,1222 1153,1222 1152,1223 1152,1258 1152,1258 1148,1258 1147,1259 1138,1259 1137,1259 1137,1223 1137,1222 1059,1222 1058,1223 1058,1254 1058,1254 1020,1254 1015,1250 1015,1218 1015,1217 1007,1217 1005,1215 1003,1215 1001,1213 999,1213 998,1213 998,1212 998,1211 996,1211 995,1210 994,1210 993,1210 993,1207 993,1206 991,1206 990,1206 990,1204 990,1203 989,1203 988,1203 988,1202 988,1201 987,1201 986,1201 986,1197 983,1194 983,1192 983,1191 982,1191 981,1191 981,1176 982,1175 983,1175 983,1175 983,1166 984,1165 984,1161 985,1160 986,1160 986,1160 986,1156 987,1155 989,1155 991,1153 991,1151 995,1147 995,1145 996,1144 1002,1144 1003,1143 1005,1143 1005,1143 1005,1142 1006,1141 1007,1141 1007,1141 1007,1140 1008,1139 1010,1139 1012,1137 1012,1133 1013,1132 1034,1132 1034,1133 1034,1134 1035,1134 1036,1134 1036,1135 1036,1136 1037,1136 1038,1136 1039,1137 1040,1137 1042,1139 1043,1139 1043,1140 1043,1141 1044,1141 1222,1141 1222,1141 1222,1106 1225,1103 1244,1103 1244,1104 1244,1143 1245,1143 1423,1143 1423,1143 1423,1109 1424,1108 1425,1108 1426,1107 1426,1106 1427,1105 1483,1105 1484,1106 1487,1106 1488,1108 1488,1143 1489,1143 1613,1143 1615,1141 1774,1141 1774,1141 1774,1137 1775,1136 1775,1122 1777,1120 1777,1118 1778,1117 1779,1117 1779,1117 1779,1113 1787,1105 1791,1105 1791,1105 1791,1104 1792,1103 1920,1103 1921,1102 1963,1102 1964,1101 1973,1101 1973,1102 1973,1103 1974,1103 2037,1103 2037,1104 2037,1105 2038,1105 2040,1105 2040,1106 2040,1141 2041,1141 2181,1141 2185,1137 2243,1137 2243,1137 2243,1113 2245,1111 2245,1109 2246,1108 2247,1108 2248,1107 2248,1106 2249,1105 2340,1105 2340,1105 2340,1103 2341,1102 2393,1102 2394,1103 2400,1103 2400,1104 2400,1106 2401,1106 2416,1106 2419,1110 2419,1115 2420,1116 2420,1141 2421,1141 2558,1141 2561,1144 2904,1144 2904,1144 2904,1142 2905,1141 2909,1141 2909,1142 2909,1143 2910,1143 2911,1143 2911,1144 2911,1146 2912,1147 2912,1151 2913,1151 2982,1151 2984,1153 3182,1153 3182,1153 3182,1151 3184,1149 3258,1149 3258,1149 3258,1125 3259,1124 3261,1124 3261,1124 3261,1122 3265,1118 3265,1116 3268,1113 3273,1113 3273,1114 3273,1115 3274,1115 3275,1115 3275,1116 3275,1118 3277,1119 3308,1119 3310,1122 3310,1124 3311,1125 3311,1201 3312,1201 3323,1201 3327,1205 3328,1205 3328,1206 3328,1207 3330,1209 3330,1218 3330,1218 3321,1218 3320,1219 3320,1230 3320,1230 3318,1230 3316,1232 3192,1232 3189,1229 3027,1229 3026,1230 3026,1266 3026,1266"/><TextEquiv><Unicode/></TextEquiv><TextEquiv index="1"><Unicode>quel odieux ſcélératl Comment peut-il</Unicode></TextEquiv></TextLine><TextLine id="l5"><Coords points="1117,1415 1116,1415 1116,1374 1116,1373 1025,1373 1024,1374 1024,1375 1024,1375 1018,1375 1016,1377 1002,1377 996,1371 992,1371 990,1370 990,1368 986,1364 986,1362 986,1361 984,1361 983,1361 983,1357 983,1356 982,1356 981,1356 981,1354 979,1352 979,1348 976,1345 976,1338 978,1336 978,1334 979,1333 979,1321 980,1320 981,1320 981,1320 981,1317 982,1316 983,1316 984,1315 984,1313 988,1309 991,1309 991,1309 991,1306 994,1303 996,1303 998,1301 1003,1301 1005,1299 1051,1299 1053,1297 1136,1297 1136,1297 1136,1261 1138,1259 1147,1259 1148,1258 1223,1258 1225,1260 1227,1260 1227,1261 1227,1263 1230,1266 1230,1268 1231,1268 1232,1268 1232,1269 1232,1273 1234,1275 1234,1297 1235,1297 1411,1297 1411,1297 1411,1292 1413,1290 1413,1288 1414,1287 1414,1280 1416,1278 1416,1275 1419,1272 1419,1270 1421,1268 1423,1268 1423,1268 1423,1266 1431,1258 1440,1258 1440,1258 1440,1257 1441,1256 1447,1256 1449,1254 1453,1254 1455,1256 1457,1256 1459,1258 1638,1258 1640,1261 1640,1290 1641,1290 1788,1290 1790,1292 1791,1292 1791,1293 1791,1297 1792,1297 1969,1297 1971,1299 2285,1299 2285,1299 2285,1267 2287,1265 2289,1265 2291,1263 2293,1263 2295,1261 2300,1261 2301,1260 2309,1260 2309,1261 2309,1265 2310,1266 2310,1299 2311,1299 2486,1299 2486,1299 2486,1298 2487,1297 2612,1297 2614,1299 2616,1299 2618,1301 2940,1301 2940,1301 2940,1292 2941,1291 2941,1287 2943,1285 2943,1281 2944,1280 2947,1280 2947,1280 2947,1279 2948,1278 2948,1277 2950,1275 2960,1275 2960,1275 2960,1271 2961,1270 2965,1270 2967,1268 2967,1266 2968,1265 2983,1265 2984,1266 3026,1266 3026,1267 3026,1268 3027,1268 3160,1268 3160,1269 3160,1270 3161,1270 3162,1270 3162,1271 3162,1309 3163,1309 3252,1309 3254,1311 3256,1311 3256,1312 3256,1313 3257,1313 3260,1313 3260,1314 3260,1315 3261,1315 3263,1315 3263,1316 3263,1318 3264,1318 3266,1318 3268,1321 3268,1325 3269,1325 3270,1325 3270,1326 3270,1330 3272,1332 3272,1337 3273,1337 3297,1337 3299,1339 3318,1339 3320,1342 3320,1344 3322,1346 3322,1352 3320,1354 3320,1359 3318,1361 3271,1361 3270,1362 3270,1366 3266,1370 3266,1371 3265,1372 3265,1373 3265,1373 3264,1373 3263,1374 3263,1376 3260,1379 3260,1381 3259,1382 3255,1382 3253,1384 3253,1385 3253,1385 3251,1385 3249,1387 3242,1387 3240,1385 3163,1385 3161,1383 3147,1383 3146,1382 3113,1382 3112,1382 3112,1381 3112,1380 3082,1380 3081,1380 3081,1379 3081,1378 2910,1378 2909,1379 2909,1380 2909,1380 2903,1380 2902,1380 2902,1379 2902,1378 2712,1378 2709,1375 2707,1375 2706,1375 2706,1374 2706,1373 2420,1373 2418,1375 2205,1375 2203,1373 2024,1373 2023,1374 2023,1375 2023,1375 2021,1375 2019,1377 1837,1377 1836,1378 1836,1412 1836,1412 1821,1412 1820,1412 1820,1378 1820,1377 1666,1377 1664,1375 1382,1375 1297,1375 1295,1377 1279,1377 1277,1375 1270,1375 1268,1373 1135,1373 1134,1374 1134,1415 1134,1415"/><TextEquiv><Unicode/></TextEquiv><TextEquiv index="1"><Unicode>exiſter ſur la terre un homme auſſi abo-</Unicode></TextEquiv></TextLine><TextLine id="l6"><Coords points="2935,1576 2934,1576 2934,1534 2934,1533 2888,1533 2886,1531 2690,1531 2689,1532 2689,1533 2689,1533 2686,1533 2685,1534 2685,1535 2685,1535 2668,1535 2666,1533 2664,1533 2662,1531 2604,1531 2603,1532 2603,1550 2603,1550 2600,1550 2599,1550 2599,1532 2599,1531 2501,1531 2499,1533 2483,1533 2482,1533 2482,1532 2482,1531 1981,1531 1980,1532 1980,1571 1980,1571 1897,1571 1896,1571 1896,1570 1896,1569 1895,1569 1894,1569 1894,1531 1894,1530 1668,1530 1667,1531 1455,1531 1454,1532 1454,1533 1454,1533 1452,1533 1450,1535 1436,1535 1435,1535 1435,1534 1435,1533 1433,1533 1431,1531 1235,1531 1232,1528 1104,1528 1103,1528 1103,1527 1103,1526 979,1526 977,1525 977,1461 979,1459 981,1459 981,1459 981,1457 984,1454 1027,1454 1029,1456 1113,1456 1113,1456 1113,1418 1116,1415 1134,1415 1134,1416 1134,1419 1136,1420 1294,1420 1294,1420 1294,1419 1297,1416 1301,1416 1301,1416 1301,1415 1302,1414 1533,1414 1533,1414 1533,1412 1534,1411 1548,1411 1550,1409 1555,1409 1557,1412 1557,1414 1558,1414 1717,1414 1718,1413 1820,1413 1821,1412 1836,1412 1838,1414 1840,1414 1841,1416 1841,1419 1843,1421 1843,1454 1844,1454 1941,1454 1941,1454 1941,1453 1942,1452 1947,1452 1949,1454 2193,1454 2198,1449 2202,1449 2203,1450 2206,1450 2208,1452 2210,1452 2212,1455 2212,1456 2213,1456 2376,1456 2376,1456 2376,1453 2377,1452 2381,1452 2383,1450 2387,1450 2389,1452 2393,1452 2393,1453 2393,1454 2394,1454 2613,1454 2613,1454 2613,1452 2615,1450 2616,1450 2617,1449 2625,1449 2625,1450 2625,1452 2626,1452 2628,1452 2630,1454 2831,1454 2831,1454 2831,1430 2833,1428 2833,1424 2834,1423 2835,1423 2835,1423 2835,1421 2836,1420 2837,1420 2839,1418 2840,1418 2840,1418 2840,1417 2841,1416 2852,1416 2852,1417 2852,1421 2854,1423 2854,1461 2855,1461 3194,1461 3194,1461 3194,1431 3195,1430 3197,1430 3198,1429 3198,1427 3199,1426 3201,1426 3202,1425 3210,1425 3210,1426 3210,1431 3211,1432 3211,1433 3212,1434 3212,1464 3213,1464 3258,1464 3258,1465 3258,1466 3259,1466 3316,1466 3318,1468 3320,1468 3320,1469 3320,1473 3322,1475 3322,1488 3322,1488 3321,1488 3320,1489 3320,1490 3320,1490 3319,1490 3318,1491 3318,1492 3318,1492 3312,1492 3311,1493 3311,1540 3311,1540 3292,1540 3290,1542 3247,1542 3246,1542 3246,1541 3246,1540 3244,1540 3242,1538 3188,1538 3187,1538 3187,1537 3187,1536 3039,1536 3038,1537 3038,1572 3037,1573 3035,1573 3034,1574 3022,1574 3020,1576"/><TextEquiv><Unicode/></TextEquiv><TextEquiv index="1"><Unicode>minable? J'ai pourtant entendu parler</Unicode></TextEquiv></TextLine><TextLine id="l7"><Coords points="3182,1735 3181,1735 3183,1733 3183,1696 3183,1695 3034,1695 3033,1696 3033,1711 3031,1713 3031,1715 3029,1717 3025,1717 3024,1718 3024,1722 3022,1724 3022,1726 3021,1727 3017,1727 3015,1729 3011,1729 3010,1730 3010,1731 3010,1731 3001,1731 2999,1733 2988,1733 2986,1731 2984,1731 2983,1731 2983,1730 2983,1729 2979,1729 2976,1726 2974,1726 2972,1724 2970,1724 2969,1724 2969,1722 2966,1719 2966,1715 2964,1713 2964,1694 2964,1693 2886,1693 2883,1690 2876,1690 2874,1688 2817,1688 2816,1688 2816,1687 2816,1686 2394,1686 2393,1687 2393,1724 2394,1724 2400,1724 2400,1725 2400,1725 2340,1725 2339,1724 2337,1724 2336,1724 2336,1723 2336,1722 2332,1722 2326,1717 2326,1713 2326,1712 2325,1712 2324,1712 2324,1691 2324,1690 2218,1690 2216,1688 2080,1688 2045,1688 2043,1690 2035,1690 2033,1688 2028,1688 2026,1686 1758,1686 1757,1687 1757,1725 1756,1726 1752,1726 1751,1727 1742,1727 1741,1726 1722,1726 1720,1724 1718,1724 1717,1724 1717,1687 1717,1686 1543,1686 1541,1688 1261,1688 1259,1686 1218,1686 1217,1687 1217,1727 1217,1727 1214,1727 1213,1727 1213,1687 1213,1686 1108,1686 1106,1684 1085,1684 1084,1683 1081,1683 1079,1681 986,1681 984,1679 980,1679 978,1678 978,1672 979,1671 979,1670 980,1669 981,1669 981,1669 981,1617 979,1615 979,1613 980,1612 983,1612 983,1612 983,1611 984,1610 986,1610 988,1608 988,1599 989,1598 990,1598 990,1598 990,1591 991,1590 991,1586 995,1582 995,1580 997,1578 999,1578 1001,1576 1003,1576 1005,1574 1007,1574 1010,1571 1010,1570 1011,1569 1014,1569 1014,1569 1014,1568 1015,1567 1022,1567 1023,1566 1034,1566 1039,1571 1041,1571 1041,1572 1041,1610 1042,1610 1149,1610 1151,1613 1151,1614 1152,1614 1332,1614 1332,1614 1332,1613 1333,1612 1462,1612 1465,1609 1480,1609 1481,1610 1630,1610 1632,1612 1810,1612 1810,1612 1810,1574 1813,1571 1818,1571 1820,1569 1832,1569 1834,1571 1985,1571 1990,1576 1992,1576 1992,1577 1992,1612 1993,1612 2126,1612 2128,1610 2134,1610 2136,1612 2198,1612 2200,1614 2382,1614 2384,1612 2462,1612 2462,1612 2462,1611 2463,1610 2469,1610 2470,1609 2478,1609 2480,1607 2642,1607 2642,1607 2642,1577 2643,1576 2645,1576 2648,1573 2652,1573 2654,1571 2812,1571 2814,1569 2821,1569 2821,1570 2821,1571 2822,1571 2826,1571 2828,1573 2840,1573 2843,1576 2953,1576 2954,1578 2954,1614 2955,1614 3007,1614 3009,1616 3088,1616 3089,1617 3149,1617 3151,1619 3280,1619 3280,1620 3280,1622 3281,1622 3319,1622 3322,1626 3322,1628 3325,1631 3325,1669 3326,1669 3327,1669 3327,1670 3327,1674 3328,1675 3328,1683 3327,1684 3325,1684 3323,1686 3323,1689 3322,1690 3319,1690 3316,1693 3307,1693 3306,1694 3306,1695 3306,1695 3200,1695 3199,1696 3199,1735 3199,1735"/><TextEquiv><Unicode/></TextEquiv><TextEquiv index="1"><Unicode>ſur ce ton pluſieurs grands Seigneurs</Unicode></TextEquiv></TextLine><TextLine id="l8"><Coords points="1896,1886 1894,1884 1797,1884 1796,1884 1796,1840 1796,1839 1737,1839 1736,1840 1736,1841 1736,1841 1627,1841 1625,1843 1493,1843 1492,1844 1446,1844 1445,1845 1445,1868 1444,1869 1444,1871 1443,1872 1441,1872 1438,1875 1438,1877 1438,1877 1436,1877 1435,1878 1435,1879 1435,1879 1431,1879 1428,1882 1421,1882 1419,1884 1392,1884 1388,1880 1386,1880 1385,1879 1383,1879 1382,1879 1382,1877 1375,1870 1375,1845 1375,1844 1243,1844 1242,1843 1241,1843 1239,1841 1171,1841 1170,1841 1170,1840 1170,1839 1164,1839 1163,1839 1163,1838 1163,1837 1011,1837 1010,1836 996,1836 995,1836 995,1834 993,1831 991,1831 988,1829 988,1828 988,1827 987,1827 986,1827 986,1826 986,1825 985,1825 983,1824 983,1822 981,1820 981,1790 982,1789 983,1789 983,1789 983,1785 984,1784 986,1784 988,1782 988,1780 989,1779 991,1779 993,1777 993,1739 994,1738 1001,1738 1007,1732 1010,1732 1010,1732 1010,1730 1011,1729 1012,1729 1012,1729 1012,1728 1013,1727 1026,1727 1027,1726 1041,1726 1042,1727 1207,1727 1211,1731 1215,1731 1215,1732 1215,1769 1216,1769 1481,1769 1483,1767 1758,1767 1758,1767 1758,1763 1759,1762 1762,1762 1763,1763 1814,1763 1816,1765 1823,1765 1825,1767 1977,1767 1977,1767 1977,1734 1978,1733 1978,1732 1979,1731 2001,1731 2001,1732 2001,1769 2002,1769 2190,1769 2191,1770 2195,1770 2195,1771 2195,1772 2196,1772 2200,1772 2202,1775 2202,1777 2204,1778 2340,1778 2340,1778 2340,1726 2341,1725 2400,1725 2401,1726 2405,1726 2406,1727 2458,1727 2458,1728 2458,1729 2459,1729 2460,1729 2460,1730 2460,1731 2461,1731 2462,1731 2462,1732 2462,1763 2463,1763 2593,1763 2595,1765 2800,1765 2800,1765 2800,1734 2802,1732 2804,1732 2805,1731 2821,1731 2823,1734 2823,1767 2824,1767 2876,1767 2878,1769 3036,1769 3039,1772 3139,1772 3141,1774 3180,1774 3180,1774 3180,1736 3181,1735 3199,1735 3199,1736 3199,1779 3200,1779 3258,1779 3258,1780 3258,1781 3259,1781 3260,1781 3260,1782 3260,1784 3261,1785 3261,1789 3262,1789 3263,1789 3263,1790 3263,1817 3264,1817 3303,1817 3304,1818 3307,1818 3310,1822 3310,1824 3313,1827 3313,1829 3314,1829 3316,1829 3316,1830 3316,1833 3320,1837 3320,1849 3320,1849 3315,1849 3313,1851 3312,1851 3311,1852 3311,1855 3311,1855 3310,1855 3308,1857 3308,1858 3308,1858 3307,1858 3306,1859 3306,1865 3306,1865 3302,1865 3299,1868 3299,1872 3299,1872 3295,1872 3293,1874 3289,1874 3287,1873 3287,1850 3287,1849 3233,1849 3232,1848 3230,1848 3228,1846 3225,1846 3223,1844 3139,1844 3138,1843 2930,1843 2928,1845 2928,1846 2928,1846 2925,1846 2924,1847 2924,1848 2924,1848 2920,1848 2919,1849 2913,1849 2912,1848 2907,1848 2905,1846 2795,1846 2794,1847 2794,1857 2793,1858 2791,1858 2790,1858 2790,1845 2790,1844 2595,1844 2594,1843 2243,1843 2242,1844 2242,1884 2242,1884 2241,1884 2240,1885 2225,1885 2224,1885 2224,1845 2224,1844 2170,1844 2169,1843 1933,1843 1932,1844 1932,1858 1932,1858 1931,1858 1930,1859 1930,1860 1929,1861 1929,1881 1928,1882 1925,1882 1923,1884 1907,1884 1906,1885 1906,1886 1906,1886"/><TextEquiv><Unicode/></TextEquiv><TextEquiv index="1"><Unicode>&amp; des gens en place. Ma tendre amie,</Unicode></TextEquiv></TextLine><TextLine id="l9"><Coords points="1973,2044 1968,2040 1968,2000 1968,1999 1904,1999 1902,1997 1596,1997 1595,1998 1595,1999 1595,1999 1593,1999 1591,2001 1448,2001 1447,2002 1447,2038 1447,2038 1436,2038 1435,2038 1435,2002 1435,2001 1424,2001 1423,2001 1423,1998 1423,1997 1285,1997 1284,1996 1070,1996 1069,1997 1069,1999 1069,1999 1046,1999 1043,1996 977,1996 976,1996 976,1995 976,1994 975,1994 974,1994 974,1990 972,1988 972,1983 973,1982 974,1982 974,1982 974,1981 975,1980 983,1980 983,1980 983,1979 984,1978 984,1885 985,1884 986,1884 986,1884 986,1883 987,1882 998,1882 998,1882 998,1880 1000,1878 1001,1877 1003,1877 1005,1875 1010,1875 1010,1876 1010,1922 1011,1922 1067,1922 1068,1923 1401,1923 1401,1923 1401,1885 1402,1884 1408,1884 1408,1885 1408,1886 1409,1886 1471,1886 1472,1887 1476,1887 1476,1888 1476,1890 1479,1892 1481,1892 1483,1895 1483,1925 1484,1925 1665,1925 1667,1923 1688,1923 1689,1922 1699,1922 1701,1920 1787,1920 1787,1920 1787,1906 1789,1904 1789,1892 1790,1891 1791,1891 1791,1891 1791,1885 1792,1884 1808,1884 1808,1885 1808,1891 1809,1891 1915,1891 1916,1892 1918,1892 1918,1893 1918,1925 1919,1925 2092,1925 2092,1925 2092,1924 2093,1923 2221,1923 2221,1923 2221,1888 2222,1887 2223,1887 2225,1885 2240,1885 2241,1884 2243,1884 2243,1885 2243,1966 2244,1966 2398,1966 2398,1966 2398,1954 2401,1951 2401,1949 2403,1947 2403,1944 2407,1940 2407,1938 2408,1937 2410,1937 2412,1935 2412,1933 2413,1932 2417,1932 2417,1932 2417,1902 2418,1901 2419,1901 2419,1901 2419,1897 2422,1894 2422,1892 2423,1891 2425,1891 2430,1886 2435,1886 2437,1884 2441,1884 2441,1884 2441,1883 2442,1882 2444,1882 2446,1880 2452,1880 2454,1882 2618,1882 2620,1880 2690,1880 2691,1879 2692,1879 2692,1879 2692,1878 2693,1877 2699,1877 2699,1878 2699,1879 2700,1879 2706,1879 2706,1880 2706,1882 2709,1885 2709,1886 2710,1886 2991,1886 2991,1886 2991,1885 2992,1884 2996,1884 2998,1882 3034,1882 3034,1882 3034,1878 3035,1877 3038,1877 3038,1877 3038,1876 3041,1873 3044,1873 3045,1875 3045,1877 3046,1878 3046,1885 3048,1886 3050,1886 3051,1887 3058,1887 3063,1892 3065,1892 3065,1893 3065,1897 3069,1901 3069,1927 3070,1927 3120,1927 3121,1928 3246,1928 3247,1929 3260,1929 3261,1931 3261,1953 3262,1953 3318,1953 3318,1954 3318,1958 3319,1958 3320,1958 3320,1959 3320,1970 3320,1970 3319,1970 3318,1971 3318,1973 3314,1977 3302,1977 3301,1978 3268,1978 3267,1979 3267,1998 3264,2001 3192,2001 3190,2003 3103,2003 3099,1999 3096,1999 3095,1999 3095,1998 3095,1997 2933,1997 2931,1999 2929,1999 2927,2001 2924,2001 2922,2003 2839,2003 2838,2004 2838,2041 2838,2041 2833,2041 2832,2041 2832,2000 2832,1999 2671,1999 2669,1997 2590,1997 2589,1996 2585,1996 2584,1996 2584,1995 2584,1994 2413,1994 2412,1995 2412,2038 2412,2038 2402,2038 2401,2038 2401,1995 2401,1994 2323,1994 2322,1995 2322,1999 2319,2002 2319,2009 2314,2014 2314,2018 2314,2018 2310,2018 2308,2020 2306,2020 2305,2021 2296,2021 2295,2021 2295,2000 2295,1999 2215,1999 2213,1997 2016,1997 2014,1999 2012,1999 2011,2000 2011,2038 2008,2041 2008,2042 2008,2042 1990,2042 1988,2044"/><TextEquiv><Unicode/></TextEquiv><TextEquiv index="1"><Unicode>le monſtre a été puni, &amp; M. de Beau-</Unicode></TextEquiv></TextLine><TextLine id="l10"><Coords points="1988,2200 1987,2199 1985,2199 1982,2197 1982,2157 1982,2156 1899,2156 1898,2156 1898,2154 1897,2152 1771,2152 1770,2153 1770,2186 1769,2187 1764,2187 1762,2186 1762,2151 1762,2150 1740,2150 1739,2151 1739,2193 1739,2193 1737,2193 1736,2193 1736,2151 1736,2150 1700,2150 1698,2152 1685,2152 1684,2152 1684,2151 1684,2150 1529,2150 1528,2151 1528,2152 1528,2152 1490,2152 1488,2154 1446,2154 1445,2155 1445,2156 1444,2157 1444,2160 1442,2162 1438,2162 1437,2163 1437,2164 1437,2164 1433,2164 1430,2162 1430,2153 1430,2152 1314,2152 1313,2153 1313,2195 1313,2195 1295,2195 1294,2195 1294,2153 1294,2152 1104,2152 1102,2150 989,2150 988,2151 988,2176 988,2176 980,2176 979,2176 979,2151 979,2150 973,2150 972,2150 972,2142 974,2140 974,2096 974,2095 886,2095 885,2095 885,2091 886,2090 890,2090 893,2087 893,2086 894,2085 907,2085 910,2082 976,2082 976,2082 976,2081 977,2080 979,2080 981,2078 1000,2078 1000,2078 1000,2048 1001,2047 1005,2047 1005,2048 1005,2078 1006,2078 1278,2078 1278,2078 1278,2047 1281,2044 1283,2044 1285,2042 1290,2042 1292,2040 1302,2040 1303,2042 1303,2066 1304,2067 1304,2078 1305,2078 1328,2078 1330,2080 1431,2080 1431,2080 1431,2044 1433,2042 1433,2040 1435,2038 1448,2038 1450,2041 1450,2045 1452,2047 1452,2082 1453,2082 1564,2082 1564,2082 1564,2081 1566,2079 1566,2077 1567,2076 1641,2076 1641,2076 1641,2044 1646,2039 1648,2039 1648,2039 1648,2038 1649,2037 1660,2037 1663,2040 1665,2040 1667,2042 1670,2042 1672,2045 1672,2076 1673,2076 1798,2076 1799,2075 1803,2075 1803,2076 1803,2078 1804,2078 1914,2078 1919,2083 2025,2083 2026,2082 2081,2082 2083,2080 2093,2080 2095,2078 2105,2078 2107,2080 2109,2080 2111,2082 2235,2082 2235,2082 2235,2045 2238,2042 2241,2042 2244,2039 2257,2039 2257,2040 2257,2063 2258,2063 2259,2063 2259,2064 2259,2075 2260,2075 2310,2075 2310,2076 2310,2079 2312,2080 2324,2080 2324,2081 2324,2082 2325,2082 2401,2082 2401,2082 2401,2039 2402,2038 2411,2038 2411,2039 2411,2082 2412,2082 2432,2082 2434,2080 2446,2080 2446,2080 2446,2045 2447,2044 2448,2044 2448,2044 2448,2043 2451,2040 2525,2040 2526,2039 2581,2039 2583,2037 2615,2037 2615,2038 2615,2039 2616,2040 2616,2041 2618,2043 2618,2076 2619,2076 2635,2076 2635,2077 2635,2078 2636,2078 2639,2078 2639,2079 2639,2080 2640,2080 2774,2080 2776,2078 2821,2078 2821,2078 2821,2057 2823,2055 2823,2048 2824,2047 2824,2044 2826,2042 2831,2042 2832,2041 2838,2041 2839,2042 2842,2042 2842,2043 2842,2082 2843,2082 2999,2082 3001,2080 3118,2080 3119,2079 3119,2077 3120,2076 3128,2076 3130,2078 3132,2078 3132,2079 3132,2081 3135,2083 3232,2083 3232,2083 3232,2050 3233,2049 3234,2049 3234,2049 3234,2048 3235,2047 3237,2047 3239,2045 3250,2045 3253,2049 3253,2082 3254,2082 3327,2082 3327,2083 3327,2092 3327,2092 3317,2092 3316,2093 3316,2111 3315,2112 3315,2117 3313,2119 3313,2185 3314,2185 3321,2185 3322,2187 3320,2189 3320,2190 3320,2190 3312,2190 3311,2191 3311,2196 3311,2196 3300,2196 3299,2196 3299,2162 3299,2161 3289,2161 3287,2159 3283,2159 3282,2159 3282,2158 3282,2157 3139,2157 3137,2159 3130,2159 3129,2159 3129,2158 3129,2157 3123,2157 3122,2156 3003,2156 3002,2157 2992,2157 2990,2156 2990,2155 2990,2154 2858,2154 2857,2155 2857,2190 2855,2192 2853,2192 2852,2193 2846,2193 2845,2194 2845,2196 2845,2196 2829,2196 2828,2196 2828,2157 2828,2156 2733,2156 2732,2157 2732,2174 2730,2176 2730,2178 2730,2178 2729,2178 2728,2179 2728,2181 2723,2186 2723,2188 2723,2188 2719,2188 2718,2189 2718,2190 2718,2190 2717,2190 2716,2191 2716,2192 2716,2192 2715,2192 2714,2193 2709,2193 2707,2195 2704,2195 2703,2196 2664,2196 2663,2196 2663,2181 2661,2179 2661,2155 2661,2154 2609,2154 2608,2154 2608,2153 2608,2152 2528,2152 2527,2153 2527,2195 2527,2195 2523,2195 2522,2194 2499,2194 2498,2194 2498,2155 2498,2154 2456,2154 2455,2154 2455,2153 2455,2152 2428,2152 2427,2152 2427,2151 2427,2150 2322,2150 2321,2151 2321,2152 2321,2152 2320,2152 2319,2153 2319,2154 2319,2154 2318,2154 2317,2155 2317,2156 2317,2156 2315,2156 2314,2157 2296,2157 2295,2156 2293,2156 2291,2154 2173,2154 2172,2155 2172,2196 2172,2196 2155,2196 2154,2196 2154,2157 2154,2156 2028,2156 2027,2157 2027,2167 2025,2169 2025,2193 2019,2199 2000,2199 1999,2200"/><TextEquiv><Unicode/></TextEquiv><TextEquiv index="1"><Unicode>marchais n'aura pas le déſagrément de</Unicode></TextEquiv></TextLine><TextLine id="l11"><Coords points="1126,2353 1124,2351 1078,2351 1077,2350 1068,2350 1067,2350 1067,2310 1067,2309 977,2309 976,2309 976,2308 976,2307 974,2307 971,2305 971,2296 972,2295 974,2295 974,2295 974,2294 975,2293 977,2293 977,2293 977,2199 979,2197 979,2196 980,2195 986,2195 988,2193 995,2193 996,2192 1002,2192 1002,2193 1002,2195 1003,2196 1003,2203 1005,2205 1005,2207 1006,2207 1007,2207 1007,2208 1007,2235 1008,2235 1048,2235 1049,2236 1163,2236 1164,2235 1182,2235 1183,2236 1289,2236 1289,2236 1289,2200 1291,2198 1291,2196 1292,2195 1313,2195 1313,2196 1313,2236 1314,2236 1340,2236 1341,2235 1442,2235 1442,2235 1442,2203 1443,2202 1445,2202 1449,2198 1452,2198 1453,2197 1462,2197 1464,2200 1464,2202 1465,2202 1466,2202 1466,2203 1466,2214 1468,2216 1468,2235 1469,2235 1658,2235 1660,2233 1727,2233 1727,2233 1727,2198 1728,2197 1734,2197 1734,2197 1734,2195 1736,2193 1882,2193 1883,2192 1899,2192 1899,2192 1899,2191 1900,2190 1901,2190 1901,2190 1901,2188 1903,2186 1905,2186 1906,2188 1906,2238 1907,2238 1985,2238 1987,2236 2021,2236 2022,2235 2152,2235 2152,2235 2152,2198 2153,2197 2154,2197 2155,2196 2173,2196 2175,2199 2175,2235 2176,2235 2229,2235 2230,2236 2372,2236 2373,2235 2425,2235 2427,2233 2462,2233 2462,2233 2462,2201 2465,2198 2465,2196 2466,2195 2470,2195 2472,2193 2474,2193 2475,2192 2481,2192 2482,2193 2564,2193 2565,2195 2565,2196 2566,2196 2702,2196 2702,2197 2702,2229 2703,2229 2717,2229 2720,2233 2720,2235 2721,2235 2824,2235 2824,2235 2824,2211 2825,2210 2825,2199 2827,2197 2828,2197 2829,2196 2845,2196 2846,2197 2847,2197 2849,2200 2849,2231 2850,2231 2871,2231 2873,2229 2880,2229 2882,2231 2883,2231 2883,2232 2883,2236 2885,2238 2885,2240 2886,2240 2892,2240 2892,2241 2892,2242 2893,2242 2895,2242 2895,2243 2895,2271 2896,2271 3005,2271 3005,2271 3005,2198 3006,2197 3055,2197 3057,2200 3057,2236 3058,2236 3172,2236 3173,2235 3201,2235 3201,2235 3201,2205 3203,2203 3203,2201 3204,2200 3205,2200 3206,2199 3220,2199 3221,2198 3298,2198 3300,2196 3312,2196 3313,2198 3313,2290 3314,2290 3315,2290 3315,2291 3315,2293 3316,2293 3318,2293 3318,2294 3318,2295 3319,2295 3320,2295 3320,2296 3320,2301 3316,2305 3316,2307 3314,2309 3309,2309 3308,2310 3197,2310 3196,2311 3196,2312 3196,2312 3176,2312 3175,2312 3175,2311 3175,2310 2919,2310 2917,2312 2877,2312 2876,2312 2876,2311 2876,2310 2714,2310 2713,2309 2672,2309 2671,2310 2671,2326 2671,2326 2666,2326 2665,2326 2665,2310 2665,2309 2651,2309 2649,2307 2463,2307 2462,2308 2462,2350 2462,2350 2360,2350 2358,2348 2348,2348 2346,2346 2341,2346 2340,2346 2340,2311 2340,2310 2323,2310 2322,2309 2112,2309 2111,2310 2088,2310 2087,2309 2019,2309 2018,2310 2018,2350 2018,2350 2000,2350 1999,2350 1999,2310 1999,2309 1985,2309 1983,2307 1778,2307 1777,2308 1777,2309 1777,2309 1754,2309 1753,2310 1753,2350 1753,2350 1752,2350 1751,2349 1737,2349 1736,2349 1736,2310 1736,2309 1703,2309 1702,2310 1692,2310 1691,2309 1689,2309 1688,2309 1688,2308 1688,2307 1574,2307 1572,2309 1568,2309 1566,2311 1566,2312 1566,2312 1553,2312 1551,2310 1455,2310 1454,2309 1254,2309 1253,2310 1190,2310 1189,2311 1189,2322 1189,2322 1187,2322 1186,2323 1186,2325 1185,2326 1168,2326 1167,2327 1167,2348 1167,2348 1166,2348 1165,2349 1165,2351 1164,2352 1142,2352 1141,2353"/><TextEquiv><Unicode/></TextEquiv><TextEquiv index="1"><Unicode>le peindre auſſi noir qu'il étoit. Je t'ai</Unicode></TextEquiv></TextLine><TextLine id="l12"><Coords points="1218,2527 1217,2527 1217,2507 1217,2506 1214,2506 1210,2503 1210,2464 1210,2463 1043,2463 1041,2465 1025,2465 1023,2463 997,2463 996,2462 994,2462 993,2462 993,2461 993,2460 989,2460 986,2458 986,2456 986,2455 982,2455 981,2455 981,2454 981,2453 980,2453 979,2453 979,2451 976,2448 976,2446 974,2444 974,2440 974,2439 973,2439 971,2438 971,2430 971,2429 970,2429 969,2429 969,2415 971,2413 971,2409 973,2407 974,2407 974,2407 974,2404 975,2403 976,2403 976,2403 979,2400 979,2399 980,2398 981,2398 981,2398 981,2397 982,2396 983,2396 984,2395 986,2395 986,2395 986,2394 987,2393 993,2393 993,2393 993,2392 994,2391 996,2391 997,2390 997,2368 998,2367 1014,2367 1014,2367 1014,2354 1015,2353 1017,2353 1018,2352 1063,2352 1065,2350 1077,2350 1078,2351 1082,2351 1082,2352 1082,2384 1083,2384 1120,2384 1120,2385 1120,2389 1123,2391 1294,2391 1296,2389 1442,2389 1442,2389 1442,2363 1445,2360 1473,2360 1476,2357 1476,2353 1477,2352 1479,2352 1481,2350 1483,2350 1483,2350 1483,2349 1484,2348 1495,2348 1495,2349 1495,2350 1496,2350 1497,2350 1497,2351 1497,2355 1500,2358 1500,2361 1502,2363 1502,2389 1503,2389 1734,2389 1734,2389 1734,2351 1735,2350 1736,2350 1737,2349 1898,2349 1901,2346 1918,2346 1918,2347 1918,2348 1919,2348 1920,2348 1920,2349 1920,2350 1921,2350 2009,2350 2009,2351 2009,2353 2010,2353 2011,2353 2011,2354 2011,2384 2012,2384 2043,2384 2048,2389 2303,2389 2303,2389 2303,2360 2305,2358 2444,2358 2444,2358 2444,2357 2446,2355 2446,2351 2447,2350 2599,2350 2603,2346 2626,2346 2630,2350 2632,2350 2632,2351 2632,2386 2633,2386 2651,2386 2651,2387 2651,2388 2652,2388 2656,2388 2657,2389 2876,2389 2876,2389 2876,2355 2881,2350 3033,2350 3033,2351 3033,2352 3035,2353 3120,2353 3120,2354 3120,2355 3121,2355 3122,2355 3122,2356 3122,2358 3126,2362 3126,2364 3127,2365 3127,2367 3128,2367 3129,2367 3129,2368 3129,2372 3130,2372 3132,2372 3132,2373 3132,2384 3133,2384 3166,2384 3168,2387 3168,2388 3169,2388 3270,2388 3271,2389 3302,2389 3306,2393 3308,2393 3308,2394 3308,2395 3309,2395 3310,2395 3310,2396 3310,2398 3311,2399 3311,2401 3313,2403 3313,2438 3314,2438 3316,2438 3317,2439 3318,2439 3318,2440 3318,2453 3316,2455 3316,2458 3313,2461 3313,2463 3313,2463 3225,2463 3223,2465 2953,2465 2952,2466 2952,2498 2952,2498 2943,2498 2942,2499 2942,2505 2941,2506 2920,2506 2919,2506 2919,2466 2919,2465 2786,2465 2784,2463 2636,2463 2635,2462 2471,2462 2470,2463 2394,2463 2393,2464 2393,2465 2393,2465 2385,2465 2384,2465 2384,2464 2384,2463 2056,2463 2054,2465 1925,2465 1923,2463 1833,2463 1832,2464 1832,2503 1832,2503 1831,2503 1831,2464 1831,2463 1698,2463 1696,2465 1603,2465 1601,2467 1464,2467 1463,2468 1463,2490 1461,2492 1461,2496 1461,2496 1460,2496 1459,2497 1459,2499 1455,2503 1453,2503 1452,2504 1452,2505 1452,2505 1422,2505 1421,2505 1421,2468 1421,2467 1254,2467 1253,2468 1253,2499 1251,2501 1245,2501 1244,2502 1244,2503 1244,2503 1242,2503 1241,2504 1241,2521 1240,2522 1238,2522 1234,2526 1234,2527 1234,2527"/><TextEquiv><Unicode/></TextEquiv><TextEquiv index="1"><Unicode>dit que j'avois fait mourir ſous le bâton</Unicode></TextEquiv></TextLine><TextLine id="l13"><Coords points="2511,2672 2510,2672 2510,2664 2510,2663 2473,2663 2472,2663 2472,2662 2472,2661 2470,2661 2469,2661 2469,2626 2469,2625 2349,2625 2348,2625 2348,2624 2348,2623 2196,2623 2195,2622 2044,2622 2042,2620 1909,2620 1908,2620 1908,2619 1908,2618 1653,2618 1649,2622 1642,2622 1641,2623 1532,2623 1531,2624 1531,2634 1531,2634 1522,2634 1521,2635 1521,2640 1519,2642 1519,2644 1518,2645 1518,2648 1514,2652 1514,2654 1514,2654 1510,2654 1509,2655 1509,2656 1509,2656 1508,2656 1507,2657 1507,2658 1507,2658 1505,2658 1504,2659 1502,2659 1500,2661 1498,2661 1497,2662 1497,2663 1497,2663 1495,2663 1493,2665 1476,2665 1474,2663 1472,2663 1471,2663 1471,2662 1471,2661 1464,2661 1462,2660 1462,2659 1461,2658 1461,2657 1461,2656 1457,2656 1456,2656 1456,2654 1454,2652 1454,2649 1450,2645 1450,2643 1449,2642 1449,2623 1449,2622 1383,2622 1382,2622 1382,2621 1382,2620 1147,2620 1145,2622 1070,2622 1069,2622 1069,2621 1069,2620 996,2620 995,2620 995,2618 993,2615 991,2615 990,2615 990,2613 988,2610 984,2610 983,2610 983,2609 983,2608 982,2608 981,2608 981,2606 979,2604 979,2602 976,2599 976,2595 976,2594 975,2594 974,2594 974,2590 972,2588 972,2578 973,2577 974,2577 974,2577 974,2571 975,2570 976,2570 976,2570 976,2564 978,2562 978,2561 979,2560 979,2559 980,2558 983,2558 983,2558 983,2554 984,2553 986,2553 986,2553 986,2552 987,2551 988,2551 988,2551 988,2550 989,2549 990,2549 991,2548 998,2548 998,2548 998,2547 999,2546 1001,2546 1003,2544 1005,2544 1007,2542 1122,2542 1122,2542 1122,2540 1123,2539 1137,2539 1139,2542 1139,2544 1140,2544 1142,2544 1144,2546 1361,2546 1361,2546 1361,2545 1362,2544 1371,2544 1371,2544 1371,2511 1372,2510 1373,2510 1373,2510 1373,2509 1374,2508 1382,2508 1382,2508 1382,2507 1383,2506 1421,2506 1422,2505 1437,2505 1438,2507 1438,2544 1439,2544 1581,2544 1581,2545 1581,2547 1583,2548 1736,2548 1736,2548 1736,2506 1741,2501 1743,2501 1745,2499 1751,2499 1751,2500 1751,2501 1752,2501 1831,2501 1831,2502 1831,2505 1832,2505 1959,2505 1960,2506 2004,2506 2004,2507 2004,2508 2005,2508 2006,2508 2006,2509 2006,2515 2007,2515 2008,2515 2008,2516 2008,2530 2009,2531 2009,2546 2010,2546 2204,2546 2204,2546 2204,2511 2205,2510 2205,2508 2207,2506 2209,2506 2210,2505 2307,2505 2308,2506 2312,2506 2312,2507 2312,2508 2313,2508 2315,2508 2317,2511 2317,2548 2318,2548 2537,2548 2537,2548 2537,2547 2538,2546 2544,2546 2546,2544 2668,2544 2668,2545 2668,2546 2669,2546 2713,2546 2713,2547 2713,2548 2714,2548 2917,2548 2917,2548 2917,2510 2919,2508 2919,2507 2920,2506 2941,2506 2941,2507 2941,2511 2942,2512 2942,2544 2943,2544 3055,2544 3057,2542 3064,2542 3066,2544 3291,2544 3291,2544 3291,2543 3293,2541 3294,2541 3294,2541 3294,2538 3295,2537 3300,2537 3303,2541 3303,2542 3304,2542 3307,2542 3308,2544 3308,2546 3312,2549 3316,2549 3316,2550 3316,2551 3317,2551 3320,2551 3320,2552 3320,2558 3320,2558 3319,2558 3318,2559 3318,2613 3316,2615 3316,2616 3315,2617 3315,2619 3314,2620 3311,2620 3309,2622 3276,2622 3275,2623 3275,2658 3275,2658 3274,2658 3272,2660 3270,2659 3270,2623 3270,2622 3180,2622 3179,2622 3179,2621 3179,2620 3178,2620 3177,2620 3177,2619 3177,2618 3002,2618 2996,2618 2992,2622 2869,2622 2868,2623 2862,2623 2860,2625 2858,2625 2857,2625 2857,2623 2857,2622 2629,2622 2628,2623 2583,2623 2582,2624 2582,2637 2580,2639 2580,2642 2579,2643 2579,2645 2577,2647 2577,2649 2577,2649 2576,2649 2575,2650 2575,2651 2575,2651 2573,2651 2572,2652 2572,2654 2572,2654 2571,2654 2570,2655 2570,2656 2570,2656 2568,2656 2566,2658 2564,2658 2563,2659 2563,2661 2563,2661 2561,2661 2560,2662 2560,2664 2559,2665 2558,2666 2556,2666 2555,2667 2555,2671 2555,2671 2552,2671 2551,2672"/><TextEquiv><Unicode/></TextEquiv><TextEquiv index="1"><Unicode>cet mdigne Baſile. Mes gens viennent</Unicode></TextEquiv></TextLine><TextLine id="l14"><Coords points="2330,2821 2329,2821 2329,2781 2329,2780 2317,2780 2315,2782 2315,2783 2314,2784 2314,2786 2312,2788 2312,2790 2309,2793 2309,2795 2309,2795 2308,2795 2307,2796 2307,2797 2307,2797 2303,2797 2301,2799 2299,2799 2298,2800 2291,2800 2290,2799 2289,2799 2288,2799 2288,2781 2288,2780 2107,2780 2106,2781 2106,2814 2106,2814 2105,2814 2104,2815 2104,2817 2103,2818 2096,2818 2095,2819 2087,2819 2085,2821 2084,2821 2083,2821 2083,2820 2083,2819 2081,2819 2080,2818 2066,2818 2064,2817 2064,2781 2064,2780 1925,2780 1923,2778 1919,2778 1918,2778 1918,2777 1918,2776 1821,2776 1820,2775 1795,2775 1794,2776 1794,2818 1794,2818 1785,2818 1784,2817 1777,2817 1776,2817 1776,2776 1776,2775 1665,2775 1664,2776 1657,2776 1655,2778 1655,2780 1655,2780 1618,2780 1617,2781 1617,2817 1617,2817 1611,2817 1610,2818 1527,2818 1526,2819 1418,2819 1417,2818 1402,2818 1401,2818 1401,2800 1401,2799 1381,2799 1380,2799 1380,2777 1380,2776 1378,2776 1377,2775 1199,2775 1198,2776 1198,2815 1198,2815 1096,2815 1095,2815 1095,2779 1095,2778 1077,2778 1075,2776 1030,2776 1029,2775 1000,2775 998,2773 996,2773 994,2771 992,2771 991,2770 990,2770 988,2768 987,2768 986,2768 986,2765 986,2764 984,2764 983,2764 983,2761 979,2757 979,2755 977,2753 977,2750 976,2749 976,2745 974,2743 974,2741 974,2740 973,2740 972,2740 972,2731 973,2730 974,2730 974,2730 974,2724 975,2723 976,2723 976,2723 976,2719 978,2717 978,2715 980,2713 982,2713 987,2708 989,2708 995,2702 1000,2702 1003,2699 1012,2699 1012,2699 1012,2698 1013,2697 1019,2697 1019,2697 1019,2666 1024,2661 1043,2661 1043,2662 1043,2666 1045,2668 1045,2692 1046,2693 1046,2702 1047,2702 1304,2702 1304,2702 1304,2675 1306,2673 1306,2671 1308,2669 1308,2666 1309,2665 1312,2665 1314,2663 1316,2663 1318,2661 1330,2661 1332,2659 1336,2659 1337,2661 1337,2682 1338,2682 1339,2682 1339,2683 1339,2699 1340,2699 1373,2699 1373,2700 1373,2701 1374,2701 1596,2701 1598,2699 1731,2699 1731,2699 1731,2698 1732,2697 1808,2697 1808,2697 1808,2664 1809,2663 1813,2663 1815,2661 1818,2661 1820,2659 1828,2659 1834,2666 1834,2670 1835,2670 1836,2670 1837,2671 1839,2671 1839,2672 1839,2697 1840,2697 1890,2697 1891,2699 1891,2701 1895,2704 2118,2704 2118,2704 2118,2703 2119,2702 2150,2702 2151,2701 2169,2701 2170,2702 2231,2702 2231,2703 2231,2704 2232,2704 2234,2704 2236,2706 2241,2706 2243,2709 2243,2711 2244,2711 2398,2711 2401,2708 2408,2708 2408,2708 2408,2707 2409,2706 2410,2706 2410,2706 2410,2705 2411,2704 2412,2704 2412,2704 2412,2703 2413,2702 2439,2702 2439,2702 2439,2671 2440,2670 2441,2670 2441,2670 2441,2666 2442,2665 2446,2665 2446,2665 2446,2664 2447,2663 2448,2663 2448,2663 2448,2662 2449,2661 2472,2661 2472,2662 2472,2672 2473,2672 2524,2672 2524,2673 2524,2697 2525,2697 2571,2697 2573,2699 2738,2699 2739,2698 2739,2697 2740,2696 2747,2696 2748,2695 2750,2697 2752,2697 2752,2698 2752,2699 2753,2699 2847,2699 2847,2700 2847,2701 2848,2701 3258,2701 3259,2702 3309,2702 3310,2704 3310,2706 3313,2709 3313,2713 3314,2713 3315,2713 3315,2714 3315,2749 3318,2752 3318,2761 3318,2761 3317,2761 3316,2762 3316,2764 3313,2767 3313,2769 3312,2770 3309,2770 3308,2771 3304,2771 3302,2773 3197,2773 3196,2774 3196,2797 3196,2797 3195,2797 3194,2798 3194,2802 3191,2805 3191,2807 3189,2809 3182,2809 3180,2811 3178,2811 3176,2813 3139,2813 3138,2814 3138,2816 3138,2816 3126,2816 3125,2817 2843,2817 2842,2817 2842,2779 2842,2778 2636,2778 2635,2779 2635,2780 2635,2780 2614,2780 2613,2781 2613,2819 2613,2819 2592,2819 2591,2819 2591,2781 2591,2780 2334,2780 2333,2781 2333,2821 2333,2821"/><TextEquiv><Unicode/></TextEquiv><TextEquiv index="1"><Unicode>de m'apprendre que, s'étant apperçus</Unicode></TextEquiv></TextLine><TextLine id="l15"><Coords points="2411,2975 2410,2975 2410,2937 2410,2936 2335,2936 2334,2935 2022,2935 2021,2936 2019,2936 2018,2937 2018,2938 2018,2938 2009,2938 2007,2936 2000,2936 1999,2935 1992,2935 1990,2933 1985,2933 1984,2933 1984,2932 1984,2931 1736,2931 1732,2935 1715,2935 1712,2933 1712,2932 1712,2931 1551,2931 1550,2932 1550,2974 1550,2974 1519,2974 1518,2973 1509,2973 1507,2972 1507,2937 1507,2936 1421,2936 1420,2935 1419,2935 1418,2935 1418,2934 1418,2933 1220,2933 1218,2931 1053,2931 1052,2932 1052,2970 1051,2971 1020,2971 1019,2971 1019,2970 1019,2969 1013,2969 1012,2969 1012,2968 1012,2967 1010,2967 1008,2966 1008,2965 1007,2964 1007,2932 1007,2931 996,2931 994,2929 989,2929 988,2928 986,2928 984,2927 984,2925 984,2924 982,2924 979,2922 979,2920 979,2919 975,2919 971,2916 971,2912 969,2910 969,2907 967,2905 967,2900 969,2898 969,2891 971,2889 971,2881 972,2880 972,2876 974,2874 976,2874 976,2874 976,2872 978,2870 978,2869 979,2868 980,2868 984,2864 986,2864 988,2862 990,2862 991,2861 992,2861 994,2859 996,2859 998,2857 1058,2857 1060,2855 1095,2855 1095,2855 1095,2816 1096,2815 1198,2815 1199,2816 1241,2816 1241,2817 1241,2818 1242,2818 1417,2818 1418,2819 1598,2819 1599,2818 1610,2818 1611,2817 1784,2817 1785,2818 1794,2818 1795,2819 1796,2819 1796,2820 1796,2849 1797,2849 1832,2849 1834,2852 1834,2854 1835,2854 1836,2854 1836,2855 1836,2859 1837,2859 2210,2859 2212,2857 2329,2857 2329,2857 2329,2822 2330,2821 2333,2821 2333,2822 2333,2840 2336,2843 2336,2847 2337,2847 2338,2847 2338,2848 2338,2855 2339,2855 2353,2855 2353,2856 2353,2857 2354,2857 2360,2857 2360,2858 2360,2859 2361,2859 2364,2859 2364,2860 2364,2862 2365,2862 2368,2862 2369,2864 2369,2866 2372,2868 2374,2868 2376,2871 2376,2873 2377,2874 2377,2877 2379,2879 2379,2900 2380,2900 2584,2900 2584,2900 2584,2865 2587,2862 2589,2862 2591,2860 2591,2820 2592,2819 2641,2819 2642,2818 2643,2818 2645,2816 2651,2816 2651,2817 2651,2818 2652,2818 2653,2818 2653,2819 2653,2859 2654,2859 2835,2859 2835,2859 2835,2820 2836,2819 2838,2819 2839,2818 2841,2818 2842,2817 3125,2817 3126,2816 3138,2816 3138,2817 3138,2819 3139,2820 3139,2855 3140,2855 3266,2855 3266,2855 3266,2854 3268,2852 3285,2852 3285,2852 3285,2850 3286,2849 3309,2849 3309,2849 3309,2840 3311,2838 3314,2838 3315,2840 3315,2922 3313,2924 3311,2924 3310,2925 3310,2929 3310,2929 3198,2929 3196,2931 3192,2931 3191,2932 3191,2933 3191,2933 3188,2933 3187,2934 3187,2935 3187,2935 3180,2935 3179,2935 3179,2934 3179,2933 3177,2933 3175,2931 3166,2931 3165,2931 3165,2930 3165,2929 2999,2929 2998,2930 2998,2931 2997,2932 2997,2934 2996,2935 2989,2935 2988,2935 2988,2934 2988,2933 2939,2933 2938,2933 2938,2932 2938,2931 2705,2931 2704,2932 2704,2933 2704,2933 2480,2933 2479,2934 2479,2938 2479,2938 2478,2938 2477,2939 2477,2943 2474,2946 2474,2948 2474,2948 2472,2948 2466,2954 2463,2954 2462,2955 2452,2955 2451,2954 2450,2954 2448,2953 2448,2937 2448,2936 2428,2936 2427,2937 2427,2975 2427,2975"/><TextEquiv><Unicode/></TextEquiv><TextEquiv index="1"><Unicode>qu'il reſpiroit encore, ils l'avoient</Unicode></TextEquiv></TextLine><TextLine id="l16"><Coords points="2547,3129 2546,3129 2546,3094 2546,3093 2475,3093 2473,3091 2465,3091 2463,3089 2066,3089 2064,3091 2050,3091 2048,3089 2034,3089 2033,3088 2031,3088 2030,3088 2030,3087 2030,3086 1744,3086 1743,3087 1743,3127 1743,3127 1742,3127 1741,3128 1718,3128 1717,3128 1717,3090 1717,3089 1704,3089 1703,3088 1394,3088 1393,3089 1393,3128 1393,3128 1376,3128 1375,3128 1375,3089 1375,3088 1354,3088 1352,3086 1133,3086 1132,3087 1132,3088 1132,3088 1075,3088 1074,3089 1003,3089 1002,3088 1000,3088 996,3084 992,3084 991,3084 991,3082 989,3079 986,3079 984,3078 984,3077 983,3076 983,3075 983,3074 980,3074 979,3074 979,3071 978,3070 978,3067 976,3065 976,3061 976,3060 973,3060 972,3060 972,3051 973,3050 974,3050 974,3050 974,3041 977,3038 977,3036 979,3034 979,3029 981,3027 981,3025 982,3024 983,3024 983,3024 983,3023 984,3022 986,3022 993,3015 993,3013 994,3012 1002,3012 1002,3012 1002,3001 1003,3000 1003,2998 1005,2996 1005,2993 1007,2991 1007,2987 1008,2986 1008,2981 1010,2979 1010,2977 1011,2976 1024,2976 1027,2980 1027,2986 1028,2986 1261,2986 1261,2986 1261,2984 1262,2983 1263,2983 1263,2983 1263,2982 1264,2981 1266,2981 1271,2976 1280,2976 1284,2972 1327,2972 1328,2971 1344,2971 1347,2974 1509,2974 1510,2973 1518,2973 1519,2974 1528,2974 1528,2975 1528,2979 1530,2981 1530,3010 1531,3010 1570,3010 1572,3012 1621,3012 1621,3013 1621,3014 1622,3014 1811,3014 1813,3012 1849,3012 1851,3010 1923,3010 1923,3010 1923,2983 1925,2981 2020,2981 2020,2981 2020,2980 2021,2979 2023,2979 2024,2978 2026,2978 2030,2974 2039,2974 2039,2974 2039,2973 2040,2972 2048,2972 2049,2974 2049,3012 2050,3012 2312,3012 2312,3012 2312,2981 2317,2976 2319,2976 2319,2976 2319,2975 2320,2974 2324,2974 2326,2972 2335,2972 2337,2974 2338,2974 2339,2975 2427,2975 2427,2976 2427,3014 2428,3014 2555,3014 2555,3015 2555,3017 2556,3018 2556,3023 2557,3023 2715,3023 2717,3021 2719,3021 2720,3020 2720,3018 2724,3014 2730,3014 2730,3014 2730,3013 2731,3012 3201,3012 3203,3010 3205,3010 3206,3009 3257,3009 3258,3008 3279,3008 3280,3007 3297,3007 3299,3010 3299,3012 3300,3012 3302,3012 3303,3014 3303,3017 3304,3018 3304,3060 3305,3060 3318,3060 3318,3061 3318,3065 3313,3070 3313,3072 3311,3074 3311,3079 3309,3081 3221,3081 3218,3084 3121,3084 3120,3085 3120,3086 3120,3086 3118,3086 3116,3088 3096,3088 3094,3086 2876,3086 2874,3088 2750,3088 2749,3089 2749,3093 2749,3093 2617,3093 2616,3094 2616,3095 2615,3096 2615,3099 2611,3103 2611,3105 2611,3105 2607,3105 2603,3109 2603,3110 2603,3110 2592,3110 2591,3110 2591,3094 2591,3093 2578,3093 2577,3094 2577,3129 2577,3129"/><TextEquiv><Unicode/></TextEquiv><TextEquiv index="1"><Unicode>étouffé dans un bourbier, comme on</Unicode></TextEquiv></TextLine><TextLine id="l17"><Coords points="2161,3286 2160,3286 2160,3249 2160,3248 2153,3248 2152,3249 2152,3285 2152,3285 2146,3285 2145,3285 2145,3281 2145,3280 2089,3280 2088,3280 2088,3249 2088,3248 1997,3248 1996,3248 1996,3247 1996,3246 1995,3246 1994,3246 1994,3245 1994,3244 1993,3244 1992,3244 1992,3243 1992,3242 1911,3242 1910,3243 1910,3285 1910,3285 1895,3285 1894,3285 1894,3243 1894,3242 1798,3242 1796,3244 1792,3244 1791,3245 1791,3246 1791,3246 1660,3246 1658,3244 1493,3244 1439,3244 1438,3245 1438,3246 1438,3246 1422,3246 1421,3246 1421,3245 1421,3244 1317,3244 1316,3244 1316,3243 1316,3242 1310,3242 1309,3241 1095,3241 1094,3242 1027,3242 1026,3243 1026,3244 1026,3244 999,3244 998,3244 998,3243 998,3242 996,3242 995,3241 994,3241 993,3241 993,3240 993,3239 991,3239 989,3237 987,3237 986,3236 983,3236 978,3232 978,3230 978,3229 977,3229 976,3229 976,3227 974,3225 974,3223 972,3221 972,3211 971,3210 971,3195 972,3194 972,3191 974,3189 974,3185 975,3184 977,3184 984,3177 986,3177 991,3172 996,3172 998,3170 998,3168 999,3167 1005,3167 1005,3167 1005,3166 1006,3165 1015,3165 1017,3167 1249,3167 1249,3167 1249,3163 1251,3161 1251,3152 1252,3151 1253,3151 1253,3151 1253,3147 1254,3146 1254,3143 1258,3139 1258,3137 1261,3134 1261,3132 1262,3131 1264,3131 1268,3127 1270,3127 1272,3125 1279,3125 1280,3124 1299,3124 1301,3127 1301,3128 1302,3128 1394,3128 1395,3130 1395,3165 1396,3165 1428,3165 1430,3167 1712,3167 1712,3167 1712,3132 1713,3131 1715,3131 1715,3131 1715,3130 1716,3129 1717,3129 1718,3128 1741,3128 1741,3129 1741,3167 1742,3167 1920,3167 1921,3168 1948,3168 1950,3170 2238,3170 2240,3168 2269,3168 2270,3167 2313,3167 2317,3163 2391,3163 2391,3163 2391,3132 2392,3131 2394,3131 2396,3129 2515,3129 2515,3129 2515,3128 2516,3127 2522,3127 2522,3128 2522,3129 2523,3129 2577,3129 2577,3130 2577,3131 2578,3131 2622,3131 2623,3133 2623,3165 2624,3165 2671,3165 2673,3167 2874,3167 2874,3167 2874,3134 2879,3129 3003,3129 3005,3127 3017,3127 3019,3125 3020,3125 3022,3127 3182,3127 3184,3125 3193,3125 3195,3127 3242,3127 3244,3130 3244,3134 3245,3134 3246,3134 3246,3135 3246,3137 3248,3139 3248,3143 3251,3146 3251,3168 3253,3170 3253,3182 3254,3182 3292,3182 3292,3183 3292,3187 3293,3187 3307,3187 3310,3191 3310,3202 3308,3204 3308,3206 3304,3210 3286,3210 3284,3212 3278,3212 3277,3213 3277,3266 3276,3267 3275,3267 3272,3265 3272,3213 3272,3212 3259,3212 3258,3213 3258,3228 3256,3230 3256,3234 3254,3236 3226,3236 3225,3237 3122,3237 3120,3239 3072,3239 3069,3242 3067,3242 3065,3244 2712,3244 2711,3245 2711,3261 2709,3263 2709,3266 2708,3267 2708,3273 2708,3273 2707,3273 2706,3274 2706,3275 2706,3275 2705,3275 2704,3276 2704,3278 2703,3279 2702,3279 2701,3280 2700,3280 2699,3281 2699,3282 2699,3282 2697,3282 2695,3284 2691,3284 2690,3285 2647,3285 2646,3285 2646,3280 2644,3278 2644,3276 2644,3275 2642,3275 2641,3275 2641,3273 2641,3272 2640,3272 2639,3272 2639,3271 2639,3270 2638,3270 2637,3270 2637,3266 2637,3265 2515,3265 2511,3262 2511,3243 2511,3242 2411,3242 2410,3243 2410,3244 2410,3244 2404,3244 2403,3245 2403,3246 2403,3246 2196,3246 2194,3248 2168,3248 2167,3249 2167,3286 2167,3286"/><TextEquiv><Unicode/></TextEquiv><TextEquiv index="1"><Unicode>en uſoit anciennement à l'égard des lâ-</Unicode></TextEquiv></TextLine><TextLine id="l18"><Coords points="1579,3439 1578,3439 1578,3398 1578,3397 1464,3397 1462,3399 1458,3399 1457,3400 1457,3401 1457,3401 1452,3401 1450,3399 1216,3399 1211,3404 1210,3404 1210,3403 1210,3402 1154,3402 1153,3401 1142,3401 1141,3401 1141,3398 1141,3397 1137,3397 1136,3396 1028,3396 1025,3399 1005,3399 1003,3397 1001,3397 1000,3396 998,3396 996,3394 986,3394 984,3393 984,3391 983,3390 983,3388 983,3387 982,3387 981,3387 981,3385 980,3383 979,3383 978,3383 978,3382 976,3380 976,3378 972,3374 972,3352 973,3351 974,3351 974,3351 974,3349 976,3347 976,3345 979,3342 979,3340 980,3339 982,3339 984,3337 984,3335 987,3332 993,3332 993,3332 993,3331 994,3330 996,3330 998,3328 1000,3328 1001,3327 1008,3327 1010,3325 1041,3325 1041,3325 1041,3292 1046,3287 1050,3287 1050,3287 1050,3286 1051,3285 1066,3285 1067,3287 1067,3289 1068,3289 1069,3289 1069,3290 1069,3320 1070,3320 1091,3320 1091,3321 1091,3323 1094,3325 1165,3325 1165,3326 1165,3327 1166,3327 1235,3327 1236,3328 1237,3328 1237,3329 1237,3332 1238,3332 1239,3332 1239,3333 1239,3368 1240,3368 1345,3368 1347,3366 1366,3366 1368,3364 1368,3302 1368,3301 1359,3301 1357,3299 1354,3299 1351,3297 1351,3290 1356,3285 1364,3285 1365,3284 1390,3284 1391,3285 1400,3285 1402,3287 1406,3287 1406,3288 1406,3292 1408,3294 1408,3321 1409,3321 1448,3321 1452,3325 1571,3325 1571,3325 1571,3295 1573,3293 1573,3292 1574,3291 1574,3290 1575,3289 1576,3289 1576,3289 1576,3288 1577,3287 1578,3287 1578,3287 1578,3286 1580,3284 1591,3284 1593,3282 1595,3282 1595,3282 1595,3281 1596,3280 1601,3280 1602,3282 1602,3323 1603,3323 1713,3323 1714,3324 1743,3324 1743,3324 1743,3321 1744,3320 1746,3320 1747,3321 1843,3321 1845,3323 1851,3323 1851,3324 1851,3325 1852,3325 1889,3325 1889,3325 1889,3293 1890,3292 1891,3292 1891,3292 1891,3288 1892,3287 1894,3287 1894,3287 1894,3286 1895,3285 1912,3285 1913,3287 1913,3327 1914,3327 2024,3327 2026,3325 2082,3325 2082,3325 2082,3324 2083,3323 2083,3313 2085,3311 2085,3304 2088,3301 2088,3281 2089,3280 2128,3280 2128,3281 2128,3282 2129,3282 2131,3282 2134,3285 2136,3285 2137,3286 2168,3286 2171,3290 2171,3327 2172,3327 2243,3327 2243,3327 2243,3326 2244,3325 2255,3325 2257,3327 2398,3327 2398,3327 2398,3323 2399,3322 2401,3322 2403,3320 2455,3320 2455,3321 2455,3323 2456,3323 2622,3323 2622,3323 2622,3317 2623,3316 2623,3311 2625,3309 2625,3307 2626,3306 2627,3306 2627,3306 2627,3302 2628,3301 2628,3299 2631,3296 2632,3296 2632,3296 2632,3293 2633,3292 2634,3292 2634,3292 2635,3291 2635,3290 2636,3289 2637,3289 2637,3289 2637,3288 2638,3287 2639,3287 2639,3287 2639,3286 2640,3285 2676,3285 2676,3286 2676,3289 2677,3290 2677,3323 2678,3323 2888,3323 2888,3323 2888,3321 2889,3320 2890,3320 2890,3320 2890,3319 2893,3316 2895,3316 2896,3315 2902,3315 2905,3319 2905,3323 2906,3323 3053,3323 3055,3321 3105,3321 3106,3320 3167,3320 3167,3320 3167,3305 3169,3303 3170,3303 3170,3303 3170,3302 3171,3301 3174,3301 3174,3302 3174,3303 3176,3304 3177,3304 3177,3305 3177,3318 3178,3318 3261,3318 3263,3316 3311,3316 3311,3317 3311,3318 3312,3318 3313,3318 3313,3319 3313,3326 3309,3330 3307,3330 3306,3331 3306,3332 3306,3332 3302,3332 3301,3333 3301,3373 3302,3373 3309,3373 3310,3375 3310,3377 3311,3378 3311,3389 3311,3389 3309,3389 3308,3390 3306,3390 3304,3392 3278,3392 3277,3393 3277,3425 3277,3425 3276,3425 3275,3426 3275,3428 3275,3428 3262,3428 3261,3429 3261,3434 3261,3434 3240,3434 3239,3434 3239,3433 3241,3431 3241,3391 3241,3390 3172,3390 3170,3392 3165,3392 3163,3394 3161,3394 3159,3396 3085,3396 3084,3397 3084,3404 3083,3405 3083,3407 3081,3409 3080,3409 3079,3410 3079,3413 3079,3413 3078,3413 3076,3415 3076,3419 3074,3421 3074,3425 3074,3425 3071,3425 3069,3427 3069,3428 3069,3428 3068,3428 3067,3429 3067,3430 3067,3430 3056,3430 3055,3430 3055,3421 3053,3419 3053,3400 3053,3399 2963,3399 2962,3400 2962,3401 2962,3401 2956,3401 2955,3402 2944,3402 2943,3401 2941,3401 2940,3401 2940,3400 2940,3399 2700,3399 2698,3401 2590,3401 2589,3402 2589,3413 2589,3413 2587,3413 2586,3413 2586,3403 2586,3402 2347,3402 2346,3401 2341,3401 2340,3401 2340,3400 2340,3399 2282,3399 2281,3400 2281,3430 2281,3430 2279,3430 2278,3430 2278,3398 2278,3397 2171,3397 2169,3399 2162,3399 2160,3401 2043,3401 2042,3402 2033,3402 2032,3401 1912,3401 1911,3402 1911,3438 1911,3438 1897,3438 1896,3438 1896,3400 1896,3399 1887,3399 1885,3397 1830,3397 1829,3398 1829,3418 1829,3418 1827,3418 1826,3418 1826,3412 1826,3411 1815,3411 1810,3407 1810,3398 1810,3397 1663,3397 1662,3398 1662,3406 1662,3406 1660,3406 1659,3406 1659,3402 1659,3401 1639,3401 1638,3401 1638,3400 1638,3399 1615,3399 1614,3399 1614,3398 1614,3397 1589,3397 1588,3398 1588,3437 1589,3437 1591,3437 1592,3438 1596,3438 1596,3439 1596,3439"/><TextEquiv><Unicode/></TextEquiv><TextEquiv index="1"><Unicode>ches. Je n'aurois oſé mettre ſoustes yeux</Unicode></TextEquiv></TextLine><TextLine id="l19"><Coords points="2315,3600 2313,3598 2172,3598 2169,3595 2164,3595 2161,3593 2161,3591 2161,3590 2159,3590 2157,3589 2157,3586 2157,3585 2155,3585 2154,3585 2154,3584 2154,3583 2153,3583 2152,3583 2152,3581 2151,3579 2150,3579 2149,3579 2149,3558 2149,3557 2021,3557 2019,3555 1967,3555 1966,3554 1806,3554 1805,3555 1799,3555 1798,3556 1798,3557 1798,3557 1782,3557 1780,3555 1778,3555 1777,3554 1582,3554 1581,3555 1335,3555 1333,3557 1322,3557 1321,3558 1321,3574 1321,3574 1295,3574 1294,3575 1294,3596 1294,3596 1273,3596 1272,3596 1272,3555 1272,3554 1237,3554 1235,3552 1143,3552 1068,3552 1067,3553 1067,3554 1067,3554 1061,3554 1060,3555 1052,3555 1051,3554 982,3554 981,3554 981,3553 981,3552 979,3552 977,3550 972,3550 971,3550 971,3548 971,3547 970,3547 969,3547 969,3484 970,3483 971,3483 971,3483 971,3482 973,3480 975,3480 977,3478 981,3478 981,3478 981,3474 983,3472 983,3460 984,3459 984,3457 985,3456 986,3456 986,3456 986,3448 987,3447 989,3447 990,3446 990,3445 991,3444 991,3443 992,3442 993,3442 993,3442 993,3441 994,3440 996,3440 998,3438 1000,3438 1000,3438 1000,3436 1001,3435 1008,3435 1011,3432 1019,3432 1020,3433 1027,3433 1029,3435 1032,3435 1037,3440 1039,3440 1039,3441 1039,3478 1040,3478 1247,3478 1249,3476 1287,3476 1287,3476 1287,3447 1289,3445 1289,3443 1294,3438 1314,3438 1320,3444 1321,3444 1322,3445 1323,3445 1323,3446 1323,3478 1324,3478 1409,3478 1411,3480 1569,3480 1569,3480 1569,3445 1570,3444 1575,3444 1576,3443 1576,3441 1577,3440 1578,3440 1579,3439 1754,3439 1755,3438 1848,3438 1849,3437 1863,3437 1864,3438 1991,3438 1993,3440 1994,3440 1994,3441 1994,3444 1995,3444 1996,3444 1996,3445 1996,3480 1997,3480 2266,3480 2267,3481 2544,3481 2544,3481 2544,3472 2545,3471 2546,3471 2546,3471 2546,3465 2547,3464 2548,3464 2549,3463 2549,3459 2553,3455 2553,3453 2554,3452 2554,3449 2556,3447 2558,3447 2558,3447 2558,3445 2561,3442 2563,3442 2563,3442 2563,3441 2564,3440 2566,3440 2569,3437 2577,3437 2577,3437 2577,3434 2578,3433 2585,3433 2587,3435 2596,3435 2596,3436 2596,3437 2597,3437 2599,3437 2603,3442 2603,3444 2604,3444 2673,3444 2675,3447 2675,3449 2676,3449 2677,3449 2677,3450 2677,3478 2678,3479 2678,3480 2679,3480 2896,3480 2898,3478 2900,3478 2902,3476 2969,3476 2969,3476 2969,3474 2972,3471 3002,3471 3002,3471 3002,3448 3003,3447 3003,3443 3004,3442 3005,3442 3005,3442 3005,3441 3006,3440 3007,3440 3007,3440 3007,3438 3010,3435 3026,3435 3026,3435 3026,3431 3027,3430 3027,3428 3029,3426 3031,3426 3032,3425 3038,3425 3038,3426 3038,3428 3040,3430 3040,3473 3041,3473 3191,3473 3191,3473 3191,3472 3192,3471 3239,3471 3239,3471 3239,3435 3240,3434 3261,3434 3261,3435 3261,3436 3263,3438 3263,3471 3264,3471 3323,3471 3323,3472 3323,3473 3322,3474 3322,3476 3322,3476 3319,3476 3318,3477 3318,3526 3316,3528 3316,3531 3315,3532 3315,3533 3315,3533 3312,3533 3311,3534 3311,3535 3309,3537 3309,3538 3309,3538 3307,3538 3306,3539 3306,3540 3306,3540 3305,3540 3304,3541 3304,3542 3303,3543 3301,3543 3299,3545 3297,3545 3295,3547 3293,3547 3292,3548 3292,3549 3292,3549 3125,3549 3124,3550 3124,3552 3124,3552 3123,3552 3122,3553 3122,3554 3122,3554 3117,3554 3115,3552 2995,3552 2994,3553 2994,3592 2994,3592 2976,3592 2975,3592 2975,3555 2975,3554 2808,3554 2807,3555 2735,3555 2731,3559 2724,3559 2723,3560 2723,3561 2723,3561 2681,3561 2680,3562 2680,3567 2678,3569 2678,3576 2675,3579 2675,3586 2668,3593 2666,3593 2664,3595 2652,3595 2651,3595 2651,3556 2651,3555 2483,3555 2482,3556 2482,3559 2481,3560 2481,3562 2481,3562 2480,3562 2479,3563 2479,3565 2474,3570 2474,3572 2473,3573 2471,3573 2469,3575 2469,3577 2468,3578 2360,3578 2357,3581 2357,3583 2357,3583 2356,3583 2355,3584 2355,3590 2355,3590 2354,3590 2353,3591 2353,3592 2353,3592 2349,3592 2346,3595 2346,3597 2346,3597 2341,3597 2340,3598 2334,3598 2333,3599 2333,3600 2333,3600"/><TextEquiv><Unicode/></TextEquiv><TextEquiv index="1"><Unicode>ſon abominable langage, ſi je ne t'avois</Unicode></TextEquiv></TextLine><TextLine id="l20"><Coords points="2260,3757 2259,3757 2259,3756 2259,3755 2257,3755 2255,3753 2253,3753 2252,3753 2252,3715 2252,3714 1993,3714 1992,3715 1992,3752 1992,3752 1975,3752 1974,3752 1974,3715 1974,3714 1964,3714 1963,3714 1963,3713 1963,3712 1961,3712 1958,3709 1592,3709 1591,3710 1502,3710 1500,3712 1412,3712 1411,3713 1411,3715 1407,3719 1407,3721 1406,3722 1406,3725 1405,3726 1402,3726 1399,3729 1398,3729 1397,3730 1397,3731 1397,3731 1393,3731 1391,3733 1390,3733 1389,3734 1383,3734 1378,3730 1378,3711 1378,3710 1166,3710 1165,3711 1165,3744 1163,3746 1163,3748 1159,3752 1149,3752 1148,3753 1013,3753 1012,3752 1009,3752 1008,3752 1008,3711 1008,3710 985,3710 984,3710 984,3708 982,3705 979,3705 976,3703 976,3701 976,3700 974,3700 972,3699 972,3686 974,3684 974,3680 975,3679 976,3679 976,3679 976,3639 977,3638 981,3638 981,3638 981,3637 982,3636 986,3636 988,3634 991,3634 992,3633 993,3633 993,3633 993,3632 994,3631 1015,3631 1015,3632 1015,3634 1016,3634 1222,3634 1223,3633 1270,3633 1270,3633 1270,3601 1271,3600 1272,3600 1272,3600 1272,3597 1273,3596 1294,3596 1294,3597 1294,3636 1295,3636 1524,3636 1526,3634 1530,3634 1530,3634 1530,3625 1531,3624 1533,3624 1533,3625 1533,3634 1534,3634 1767,3634 1767,3634 1767,3622 1772,3617 1772,3615 1773,3614 1775,3614 1775,3614 1775,3611 1777,3609 1777,3605 1781,3601 1781,3599 1782,3598 1786,3598 1787,3597 1796,3597 1797,3598 1799,3598 1800,3600 1800,3604 1801,3605 1801,3607 1802,3607 1803,3607 1803,3608 1803,3609 1804,3609 1805,3609 1805,3610 1805,3614 1806,3615 1806,3634 1807,3634 2039,3634 2040,3633 2054,3633 2054,3634 2054,3636 2055,3636 2223,3636 2225,3634 2226,3635 2230,3635 2231,3636 2491,3636 2493,3634 2493,3627 2494,3626 2494,3622 2495,3621 2496,3621 2496,3621 2496,3613 2497,3612 2498,3612 2498,3612 2498,3610 2501,3607 2501,3605 2502,3604 2504,3604 2505,3603 2505,3601 2506,3600 2506,3598 2507,3597 2509,3597 2511,3595 2513,3595 2515,3593 2517,3593 2519,3591 2524,3591 2525,3590 2532,3590 2533,3591 2543,3591 2545,3593 2546,3593 2546,3594 2546,3595 2549,3598 2549,3633 2550,3633 2782,3633 2782,3633 2782,3603 2783,3602 2785,3602 2785,3602 2785,3601 2786,3600 2788,3600 2790,3598 2794,3598 2795,3597 2886,3597 2890,3593 2974,3593 2975,3592 2995,3592 2995,3593 2995,3629 2996,3629 3187,3629 3188,3628 3251,3628 3251,3628 3251,3627 3252,3626 3253,3626 3253,3626 3253,3624 3255,3622 3264,3622 3268,3627 3268,3632 3270,3633 3278,3633 3280,3636 3280,3667 3281,3667 3299,3667 3299,3668 3299,3669 3300,3669 3301,3669 3301,3670 3301,3672 3302,3672 3304,3672 3304,3673 3304,3677 3308,3681 3308,3683 3310,3684 3311,3684 3311,3685 3311,3689 3308,3692 3308,3693 3308,3693 3307,3693 3306,3694 3306,3695 3306,3695 3305,3695 3304,3696 3304,3698 3303,3699 3303,3701 3301,3703 3276,3703 3275,3704 3275,3738 3275,3738 3262,3738 3261,3739 3261,3744 3261,3744 3243,3744 3242,3744 3242,3708 3242,3707 2956,3707 2955,3708 2955,3710 2955,3710 2948,3710 2946,3712 2908,3712 2907,3713 2907,3748 2907,3748 2903,3748 2902,3748 2902,3711 2902,3710 2616,3710 2615,3711 2615,3751 2615,3751 2593,3751 2592,3751 2592,3718 2592,3717 2440,3717 2439,3718 2439,3720 2438,3721 2438,3722 2438,3722 2435,3722 2434,3723 2434,3726 2434,3726 2433,3726 2432,3727 2432,3729 2432,3729 2430,3729 2429,3730 2429,3731 2429,3731 2428,3731 2427,3732 2427,3734 2427,3734 2296,3734 2295,3735 2295,3748 2295,3748 2294,3748 2293,3749 2293,3751 2287,3757"/><TextEquiv><Unicode/></TextEquiv><TextEquiv index="1"><Unicode>appris, en même temps, ſon châtiment.</Unicode></TextEquiv></TextLine><TextLine id="l21"><Coords points="2649,3910 2648,3909 2317,3909 2316,3908 1674,3908 1673,3907 1155,3907 1154,3906 1151,3906 1149,3905 1149,3902 1149,3901 868,3901 867,3901 867,3899 866,3898 866,3897 866,3896 865,3896 864,3896 864,3894 862,3892 862,3890 863,3889 1149,3889 1149,3889 1149,3869 1149,3868 1032,3868 1031,3867 1024,3867 1022,3865 1020,3865 1018,3863 1015,3863 1014,3862 1012,3862 1010,3860 1008,3860 1007,3860 1007,3859 1007,3858 1001,3858 999,3856 997,3856 996,3855 994,3855 993,3855 993,3852 993,3851 992,3851 991,3850 990,3850 986,3847 986,3845 986,3844 985,3844 984,3844 984,3842 983,3841 983,3837 983,3836 982,3836 981,3836 981,3830 979,3828 979,3825 977,3823 977,3819 976,3818 976,3789 979,3786 979,3784 981,3782 981,3780 984,3777 984,3775 985,3774 986,3774 986,3774 986,3772 988,3770 988,3768 991,3765 991,3763 992,3762 996,3762 996,3762 996,3760 1001,3755 1003,3755 1005,3753 1007,3753 1008,3752 1429,3752 1430,3751 2467,3751 2468,3750 2888,3750 2888,3750 2888,3749 2889,3748 3242,3748 3242,3748 3242,3745 3243,3744 3261,3744 3261,3745 3261,3781 3262,3781 3311,3781 3311,3782 3311,3786 3312,3786 3313,3786 3313,3787 3313,3796 3311,3798 3311,3801 3311,3801 3307,3801 3306,3802 3306,3848 3306,3848 3292,3848 3290,3850 3288,3850 3287,3851 3287,3853 3287,3853 3262,3853 3261,3854 3261,3855 3261,3855 3225,3855 3224,3856 3177,3856 3175,3858 3164,3858 3163,3859 3163,3901 3163,3901 3078,3901 3076,3903 3025,3903 3024,3904 2680,3904 2678,3906 2676,3906 2675,3907 2675,3908 2675,3908 2666,3908 2664,3910"/><TextEquiv><Unicode/></TextEquiv><TextEquiv index="1"><Unicode>Cependant je vais être obligé de partir</Unicode></TextEquiv></TextLine><TextLine id="l22"><Coords points="1682,4083 1681,4082 1677,4082 1676,4082 1676,4080 1674,4078 1674,4067 1674,4066 1654,4066 1653,4066 1653,4062 1652,4061 1652,4024 1652,4023 1369,4023 1368,4024 1368,4025 1368,4025 1250,4025 1249,4025 1249,4024 1249,4023 979,4023 978,4022 973,4022 971,4020 970,4020 969,4020 969,4019 969,4018 968,4018 967,4018 967,4006 969,4004 972,4004 972,4004 972,3959 967,3954 967,3904 967,3903 869,3903 867,3902 868,3901 1022,3901 1024,3903 1026,3903 1027,3904 1032,3904 1035,3907 1210,3907 1210,3908 1210,3911 1211,3912 1211,3947 1212,3947 1397,3947 1397,3947 1397,3913 1399,3911 1404,3911 1405,3910 1407,3910 1409,3908 1419,3908 1421,3911 1421,3946 1422,3946 1512,3946 1513,3947 1709,3947 1711,3949 1765,3949 1765,3949 1765,3914 1766,3913 1772,3913 1772,3914 1772,3949 1773,3949 1877,3949 1879,3947 2188,3947 2188,3947 2188,3932 2190,3930 2190,3926 2191,3925 2192,3925 2192,3925 2192,3916 2193,3915 2195,3915 2195,3915 2195,3913 2198,3910 2315,3910 2316,3909 2333,3909 2333,3910 2333,3911 2334,3912 2334,3944 2335,3944 2367,3944 2367,3945 2367,3946 2368,3946 2370,3946 2371,3947 2546,3947 2546,3947 2546,3914 2547,3913 2548,3913 2548,3913 2548,3912 2549,3911 2551,3911 2552,3910 2558,3910 2558,3910 2558,3909 2559,3908 2568,3908 2568,3909 2568,3911 2570,3913 2570,3947 2571,3947 2845,3947 2846,3946 2929,3946 2931,3944 3000,3944 3000,3944 3000,3943 3001,3942 3013,3942 3013,3942 3013,3905 3014,3904 3024,3904 3025,3903 3076,3903 3077,3902 3146,3902 3147,3901 3163,3901 3163,3902 3163,3935 3164,3935 3300,3935 3306,3941 3308,3941 3310,3944 3310,3946 3311,3946 3313,3946 3313,3947 3313,3954 3315,3956 3315,3961 3316,3962 3316,3969 3318,3971 3318,3978 3316,3980 3316,3989 3315,3990 3315,3993 3313,3995 3313,4001 3313,4001 3312,4001 3310,4003 3308,4005 3308,4006 3308,4006 3307,4006 3306,4007 3306,4008 3306,4008 3300,4008 3299,4009 3297,4009 3296,4010 3296,4011 3296,4011 3278,4011 3277,4012 3277,4052 3277,4052 3274,4052 3273,4052 3273,4016 3273,4015 3170,4015 3169,4016 3169,4056 3168,4057 3156,4057 3155,4057 3155,4016 3155,4015 3035,4015 3034,4016 2991,4016 2989,4018 2956,4018 2955,4019 2955,4020 2955,4020 2869,4020 2866,4023 2772,4023 2771,4024 2771,4061 2769,4063 2767,4063 2765,4065 2757,4065 2756,4066 2745,4066 2743,4068 2733,4068 2732,4068 2732,4028 2732,4027 2618,4027 2616,4025 2263,4025 2262,4026 2262,4027 2262,4027 2201,4027 2200,4028 2189,4028 2188,4027 2185,4027 2183,4025 2086,4025 2085,4025 2085,4024 2085,4023 1876,4023 1875,4024 1875,4066 1875,4066 1703,4066 1702,4067 1702,4069 1701,4070 1699,4070 1698,4071 1698,4073 1696,4075 1694,4075 1693,4076 1691,4078 1691,4080 1691,4080 1685,4080 1684,4081 1684,4083 1684,4083"/><TextEquiv><Unicode/></TextEquiv><TextEquiv index="1"><Unicode>ſur le champ, pour éviter les pourſuites</Unicode></TextEquiv></TextLine><TextLine id="l23"><Coords points="2200,4224 2199,4223 2198,4223 2197,4223 2197,4222 2197,4221 2196,4221 2195,4221 2195,4182 2195,4181 2169,4181 2168,4180 2005,4180 2004,4181 1799,4181 1798,4182 1798,4183 1798,4183 1792,4183 1790,4181 1785,4181 1784,4180 1431,4180 1430,4181 1430,4192 1430,4192 1427,4192 1425,4194 1423,4193 1423,4181 1423,4180 1410,4180 1409,4181 1409,4183 1407,4185 1400,4185 1399,4185 1399,4184 1399,4183 1398,4183 1397,4183 1397,4179 1397,4178 1219,4178 1218,4179 1218,4180 1218,4180 1203,4180 1201,4178 1053,4178 1052,4179 1052,4213 1046,4219 1037,4219 1036,4218 991,4218 990,4218 991,4217 993,4217 993,4217 993,4179 990,4175 988,4175 979,4167 979,4165 977,4163 977,4160 976,4159 976,4155 976,4154 975,4154 974,4154 974,4150 972,4148 972,4145 972,4144 933,4144 931,4143 931,4141 932,4140 972,4140 974,4138 974,4133 976,4131 976,4129 977,4128 977,4125 981,4121 981,4119 982,4118 984,4118 989,4113 991,4113 991,4113 991,4112 992,4111 993,4111 993,4111 993,4110 994,4109 996,4109 998,4107 1005,4107 1006,4106 1091,4106 1091,4106 1091,4105 1092,4104 1094,4104 1096,4102 1134,4102 1134,4102 1134,4071 1141,4064 1144,4064 1145,4063 1153,4063 1154,4064 1157,4064 1159,4066 1161,4066 1163,4069 1163,4071 1166,4073 1167,4073 1167,4074 1167,4102 1168,4102 1300,4102 1302,4104 1466,4104 1466,4104 1466,4103 1467,4102 1495,4102 1495,4102 1495,4092 1497,4090 1566,4090 1566,4090 1566,4081 1571,4076 1571,4074 1572,4073 1574,4073 1576,4071 1576,4069 1577,4068 1579,4068 1583,4064 1585,4064 1586,4063 1589,4063 1591,4061 1593,4061 1595,4059 1598,4059 1599,4058 1607,4058 1607,4059 1607,4061 1608,4061 1610,4061 1610,4062 1610,4066 1611,4066 1612,4066 1612,4067 1612,4101 1613,4101 1748,4101 1751,4104 2080,4104 2080,4104 2080,4098 2081,4097 2082,4097 2082,4097 2082,4090 2083,4089 2083,4087 2085,4085 2085,4081 2086,4080 2087,4080 2087,4080 2087,4078 2090,4075 2090,4073 2094,4069 2094,4067 2095,4066 2099,4066 2101,4064 2102,4064 2103,4063 2105,4063 2107,4061 2131,4061 2131,4061 2131,4058 2133,4056 2137,4056 2137,4057 2137,4071 2138,4071 2210,4071 2212,4073 2219,4073 2219,4074 2219,4102 2220,4102 2307,4102 2308,4101 2419,4101 2419,4101 2419,4071 2420,4070 2422,4070 2422,4070 2422,4069 2423,4068 2425,4068 2427,4066 2429,4066 2431,4064 2444,4064 2445,4063 2448,4063 2450,4066 2450,4104 2451,4104 2498,4104 2498,4105 2498,4106 2499,4106 2673,4106 2673,4106 2673,4105 2674,4104 2725,4104 2725,4104 2725,4100 2726,4099 2764,4099 2766,4097 2780,4097 2780,4098 2780,4099 2782,4101 2782,4102 2783,4102 2785,4102 2785,4103 2785,4104 2786,4104 2950,4104 2950,4104 2950,4085 2952,4083 2952,4074 2953,4073 2953,4070 2960,4063 2971,4063 2971,4064 2971,4102 2972,4102 3046,4102 3047,4101 3101,4101 3101,4101 3101,4097 3103,4095 3151,4095 3151,4095 3151,4061 3155,4057 3169,4057 3170,4059 3170,4088 3171,4088 3193,4088 3194,4089 3199,4089 3199,4090 3199,4091 3201,4092 3254,4092 3256,4095 3256,4097 3257,4097 3259,4097 3260,4099 3260,4101 3262,4102 3263,4102 3263,4103 3263,4111 3264,4111 3313,4111 3313,4112 3313,4114 3316,4117 3316,4166 3317,4166 3413,4166 3413,4167 3413,4171 3413,4171 3409,4171 3407,4169 3193,4169 3161,4169 3160,4170 3160,4171 3160,4171 3061,4171 3060,4172 3060,4211 3060,4211 3059,4211 3058,4212 3058,4214 3058,4214 3051,4214 3049,4216 3031,4216 3027,4213 3027,4177 3027,4176 2848,4176 2847,4177 2847,4178 2847,4178 2843,4178 2841,4180 2839,4180 2838,4181 2836,4181 2835,4182 2835,4183 2835,4183 2824,4183 2822,4181 2501,4181 2499,4183 2337,4183 2336,4184 2336,4185 2334,4187 2222,4187 2221,4188 2221,4205 2219,4207 2219,4212 2218,4213 2218,4215 2216,4217 2216,4219 2216,4219 2212,4219 2207,4224"/><TextEquiv><Unicode/></TextEquiv><TextEquiv index="1"><Unicode>qu'on va faire au ſujet de cette équita-</Unicode></TextEquiv></TextLine><TextLine id="l24"><Coords points="1479,4379 1476,4376 1462,4376 1461,4376 1461,4374 1459,4371 1457,4371 1456,4371 1456,4370 1456,4369 1455,4369 1454,4369 1454,4368 1454,4367 1453,4367 1452,4367 1452,4366 1452,4365 1451,4365 1450,4365 1450,4361 1449,4360 1449,4339 1449,4338 1194,4338 1193,4339 1193,4376 1193,4376 1025,4376 1024,4377 1013,4377 1012,4377 1012,4341 1012,4340 986,4340 980,4334 978,4334 976,4333 976,4274 974,4272 974,4238 973,4236 972,4236 971,4236 971,4224 974,4221 986,4221 986,4221 986,4220 987,4219 990,4219 991,4218 1024,4218 1025,4219 1077,4219 1077,4220 1077,4221 1078,4221 1079,4221 1079,4222 1079,4224 1081,4226 1081,4259 1082,4259 1137,4259 1138,4260 1335,4260 1336,4259 1387,4259 1387,4259 1387,4258 1388,4257 1425,4257 1425,4257 1425,4256 1426,4255 1429,4255 1433,4259 1614,4259 1614,4259 1614,4258 1615,4257 1698,4257 1698,4257 1698,4246 1699,4245 1701,4245 1701,4246 1701,4257 1702,4257 1708,4257 1710,4259 1782,4259 1783,4260 1992,4260 1993,4259 1994,4259 1994,4259 1994,4258 1995,4257 1996,4257 1996,4257 1996,4249 1997,4248 1999,4248 1999,4248 1999,4246 2000,4245 2001,4245 2001,4245 2001,4244 2003,4242 2004,4242 2004,4242 2004,4239 2005,4238 2008,4238 2008,4238 2008,4236 2011,4233 2013,4233 2013,4233 2013,4232 2014,4231 2015,4231 2015,4231 2015,4229 2016,4228 2021,4228 2023,4226 2025,4226 2025,4226 2025,4225 2026,4224 2028,4224 2029,4223 2035,4223 2035,4223 2035,4222 2036,4221 2038,4221 2040,4219 2052,4219 2054,4221 2069,4221 2070,4223 2070,4224 2071,4224 2072,4224 2074,4226 2078,4226 2078,4227 2078,4229 2081,4231 2083,4231 2088,4236 2090,4236 2090,4237 2090,4240 2091,4240 2092,4240 2094,4243 2094,4245 2097,4248 2097,4252 2098,4252 2099,4252 2099,4253 2099,4254 2100,4254 2102,4254 2102,4255 2102,4257 2103,4257 2104,4257 2104,4258 2104,4259 2105,4259 2106,4259 2107,4260 2267,4260 2267,4260 2267,4248 2268,4247 2269,4247 2269,4247 2269,4241 2270,4240 2271,4240 2271,4240 2271,4237 2272,4236 2272,4235 2279,4228 2281,4228 2281,4228 2281,4227 2282,4226 2283,4226 2283,4226 2283,4224 2284,4223 2291,4223 2291,4223 2291,4221 2293,4219 2293,4217 2294,4216 2314,4216 2317,4220 2317,4221 2318,4221 2319,4221 2319,4222 2319,4223 2320,4223 2321,4223 2321,4224 2321,4255 2322,4255 2466,4255 2468,4257 2470,4257 2473,4260 2673,4260 2674,4259 2694,4259 2694,4259 2694,4253 2695,4252 2823,4252 2823,4252 2823,4225 2824,4224 2825,4224 2825,4224 2825,4222 2828,4219 2835,4219 2837,4217 2911,4217 2912,4219 2912,4222 2914,4224 2914,4255 2915,4255 3156,4255 3157,4254 3183,4254 3185,4252 3223,4252 3225,4250 3285,4250 3287,4248 3298,4248 3300,4250 3304,4250 3309,4255 3311,4255 3311,4256 3311,4257 3312,4257 3313,4257 3313,4258 3313,4259 3314,4259 3315,4259 3315,4260 3315,4279 3313,4281 3313,4312 3313,4312 3311,4312 3306,4317 3304,4317 3303,4318 3303,4322 3303,4322 3299,4322 3297,4324 3166,4324 3165,4325 3165,4326 3165,4326 3053,4326 3051,4328 3010,4328 3009,4329 2992,4329 2991,4330 2991,4369 2991,4369 2984,4369 2983,4369 2983,4334 2983,4333 2750,4333 2749,4334 2749,4336 2749,4336 2745,4336 2743,4338 2611,4338 2610,4339 2610,4372 2610,4372 2609,4372 2608,4373 2608,4374 2608,4374 2600,4374 2599,4375 2599,4376 2599,4376 2597,4376 2595,4378 2577,4378 2576,4377 2409,4377 2408,4377 2408,4341 2408,4340 2326,4340 2324,4338 2320,4338 2319,4338 2319,4337 2319,4336 2073,4336 2061,4336 2059,4338 2057,4338 2055,4340 2038,4340 2037,4340 2037,4339 2037,4338 1957,4338 1842,4338 1840,4340 1830,4340 1829,4340 1829,4339 1829,4338 1825,4338 1823,4336 1821,4336 1820,4335 1644,4335 1643,4336 1642,4336 1641,4337 1641,4372 1641,4372 1510,4372 1509,4373 1509,4374 1509,4374 1508,4374 1507,4375 1507,4376 1504,4379"/><TextEquiv><Unicode/></TextEquiv><TextEquiv index="1"><Unicode>ble vengeance. On ſent que l'homme</Unicode></TextEquiv></TextLine><TextLine id="l25"><Coords points="2265,4536 2264,4536 2264,4533 2264,4532 2241,4532 2238,4530 2238,4494 2238,4493 2229,4493 2228,4493 2228,4492 2228,4491 2117,4491 2116,4492 2116,4493 2116,4493 2115,4493 2114,4494 2114,4500 2113,4501 2112,4501 2111,4502 2111,4535 2111,4535 2064,4535 2063,4535 2063,4533 2063,4532 2059,4532 2057,4531 2057,4495 2057,4494 1993,4494 1992,4493 1830,4493 1829,4494 1819,4494 1818,4493 1728,4493 1658,4493 1657,4494 1647,4494 1646,4493 1645,4493 1643,4491 1636,4491 1634,4489 1623,4489 1622,4490 1622,4531 1622,4531 1620,4531 1619,4532 1619,4534 1619,4534 1584,4534 1583,4534 1583,4528 1583,4527 1579,4527 1577,4525 1575,4525 1574,4525 1574,4490 1574,4489 1572,4489 1571,4488 1467,4488 1466,4489 1387,4489 1385,4491 1374,4491 1373,4491 1373,4490 1373,4489 1250,4489 1249,4490 1249,4531 1249,4531 1229,4531 1228,4531 1228,4523 1228,4522 1226,4522 1225,4522 1225,4521 1225,4520 1223,4520 1220,4518 1220,4492 1220,4491 1015,4491 1012,4494 1004,4494 1003,4493 1001,4493 1000,4493 1000,4492 1000,4491 994,4491 993,4491 993,4490 993,4489 991,4489 990,4489 990,4486 988,4484 988,4482 987,4481 986,4479 982,4479 981,4479 981,4477 977,4473 977,4471 976,4470 976,4468 976,4467 975,4467 974,4467 974,4441 976,4439 976,4437 983,4430 983,4428 984,4427 986,4427 986,4427 986,4425 987,4424 988,4424 988,4424 988,4423 989,4422 993,4422 998,4417 1003,4417 1003,4417 1003,4393 1005,4391 1005,4387 1006,4386 1007,4386 1007,4386 1007,4385 1008,4384 1008,4383 1010,4381 1010,4379 1012,4377 1024,4377 1024,4378 1024,4410 1025,4410 1063,4410 1065,4412 1067,4412 1067,4413 1067,4414 1068,4414 1175,4414 1175,4414 1175,4377 1176,4376 1196,4376 1196,4377 1196,4379 1198,4381 1198,4412 1199,4412 1234,4412 1234,4413 1234,4414 1235,4414 1236,4414 1237,4415 1442,4415 1443,4414 1456,4414 1457,4415 1459,4415 1459,4416 1459,4417 1460,4417 1464,4417 1464,4418 1464,4422 1465,4422 1466,4422 1466,4423 1466,4424 1467,4424 1468,4424 1468,4425 1468,4472 1472,4475 1573,4475 1573,4475 1573,4423 1574,4422 1574,4420 1575,4419 1576,4419 1576,4419 1576,4415 1578,4413 1578,4399 1579,4398 1579,4395 1583,4391 1583,4389 1586,4386 1586,4384 1589,4381 1590,4381 1590,4381 1590,4378 1591,4377 1597,4377 1598,4376 1598,4374 1600,4372 1616,4372 1617,4371 1626,4371 1626,4372 1626,4374 1630,4377 1763,4377 1764,4376 1767,4376 1767,4376 1767,4373 1768,4372 1772,4372 1772,4373 1772,4374 1773,4374 1774,4374 1774,4375 1774,4377 1775,4377 1840,4377 1841,4379 1841,4383 1842,4383 1844,4383 1844,4384 1844,4417 1845,4417 1934,4417 1934,4417 1934,4416 1935,4415 1987,4415 1988,4414 2003,4414 2003,4415 2003,4419 2004,4419 2006,4419 2006,4420 2006,4422 2007,4422 2011,4422 2011,4423 2011,4424 2012,4424 2016,4424 2016,4425 2016,4460 2017,4460 2205,4460 2205,4460 2205,4455 2207,4453 2207,4442 2208,4441 2209,4441 2209,4441 2209,4439 2214,4434 2214,4432 2215,4431 2217,4431 2217,4431 2217,4429 2220,4426 2222,4426 2224,4424 2228,4424 2228,4424 2228,4423 2229,4422 2231,4422 2233,4420 2255,4420 2256,4419 2324,4419 2324,4419 2324,4418 2325,4417 2364,4417 2364,4417 2364,4387 2365,4386 2365,4384 2368,4381 2370,4381 2375,4376 2381,4376 2382,4377 2464,4377 2465,4379 2465,4381 2466,4381 2467,4381 2467,4382 2467,4426 2468,4426 2569,4426 2570,4425 2570,4423 2571,4422 2587,4422 2589,4420 2632,4420 2632,4420 2632,4416 2633,4415 2634,4415 2634,4415 2634,4401 2635,4400 2635,4396 2636,4395 2637,4395 2637,4395 2637,4394 2638,4393 2639,4393 2639,4393 2639,4391 2641,4389 2642,4389 2643,4388 2644,4388 2644,4388 2644,4387 2645,4386 2646,4386 2646,4386 2646,4385 2647,4384 2647,4381 2649,4379 2659,4379 2661,4377 2665,4377 2666,4376 2680,4376 2681,4377 2683,4377 2685,4380 2685,4381 2686,4381 2800,4381 2800,4382 2800,4384 2801,4384 2802,4384 2802,4385 2802,4415 2803,4415 2857,4415 2858,4414 2902,4414 2902,4414 2902,4413 2904,4411 2904,4399 2905,4398 2905,4396 2906,4395 2907,4395 2907,4395 2907,4392 2908,4391 2909,4391 2909,4391 2909,4389 2912,4386 2912,4384 2913,4383 2915,4383 2916,4382 2916,4380 2917,4379 2919,4379 2926,4372 2946,4372 2951,4377 2953,4377 2954,4379 2954,4381 2955,4382 2955,4387 2957,4389 2957,4412 2958,4412 3070,4412 3072,4410 3113,4410 3113,4410 3113,4401 3114,4400 3117,4400 3119,4403 3119,4405 3120,4405 3242,4405 3244,4403 3284,4403 3284,4403 3284,4401 3287,4398 3287,4396 3288,4395 3292,4395 3293,4396 3295,4396 3297,4398 3299,4398 3301,4401 3301,4405 3302,4405 3306,4405 3308,4407 3311,4407 3313,4410 3313,4472 3313,4472 3309,4472 3304,4477 3280,4477 3279,4478 3279,4516 3278,4517 3276,4517 3275,4517 3275,4516 3273,4514 3273,4513 3272,4512 3272,4511 3272,4510 3271,4510 3270,4510 3270,4478 3270,4477 3196,4477 3192,4481 3190,4481 3189,4482 3114,4482 3113,4483 3113,4525 3113,4525 3104,4525 3103,4526 3018,4526 3016,4528 2999,4528 2998,4528 2998,4487 2998,4486 2905,4486 2903,4488 2841,4488 2840,4489 2840,4531 2840,4531 2683,4531 2682,4532 2682,4534 2682,4534 2664,4534 2663,4534 2663,4532 2663,4531 2651,4531 2649,4530 2649,4490 2649,4489 2608,4489 2604,4493 2602,4493 2601,4494 2592,4494 2591,4495 2591,4523 2590,4524 2589,4524 2587,4523 2587,4495 2587,4494 2574,4494 2572,4493 2572,4492 2572,4491 2571,4491 2570,4491 2570,4490 2570,4489 2466,4489 2465,4490 2465,4491 2465,4491 2432,4491 2430,4493 2427,4493 2426,4494 2402,4494 2401,4493 2398,4493 2396,4491 2394,4491 2393,4492 2393,4527 2393,4527 2390,4527 2389,4527 2389,4492 2389,4491 2286,4491 2285,4492 2285,4536 2285,4536"/><TextEquiv><Unicode/></TextEquiv><TextEquiv index="1"><Unicode>étoit un ſcélérat, qu'il eſt juſtement</Unicode></TextEquiv></TextLine><TextLine id="l26"><Coords points="2740,4857 2739,4857 2739,4856 2737,4854 2737,4852 2735,4850 2735,4845 2735,4844 2486,4844 2485,4844 2485,4807 2485,4806 1479,4806 1478,4807 1478,4843 1478,4843 1457,4843 1456,4843 1456,4803 1456,4802 1197,4802 1194,4799 972,4799 971,4799 971,4682 970,4680 968,4680 967,4680 967,4676 968,4675 969,4675 969,4675 969,4578 972,4575 974,4575 976,4573 1014,4573 1017,4570 1094,4570 1096,4568 1225,4568 1225,4568 1225,4534 1228,4531 1249,4531 1249,4532 1249,4534 1250,4534 2037,4534 2037,4534 2037,4533 2038,4532 2063,4532 2063,4533 2063,4534 2064,4534 2835,4534 2835,4534 2835,4532 2836,4531 2997,4531 2998,4530 2998,4529 2999,4528 3016,4528 3017,4527 3096,4527 3097,4526 3103,4526 3104,4525 3222,4525 3227,4520 3232,4520 3234,4518 3238,4518 3239,4520 3239,4532 3240,4532 3270,4532 3270,4533 3270,4556 3271,4556 3292,4556 3292,4557 3292,4558 3293,4558 3296,4558 3296,4559 3296,4560 3297,4560 3299,4560 3301,4563 3301,4565 3302,4565 3308,4565 3308,4566 3308,4567 3310,4569 3310,4574 3311,4575 3311,4620 3312,4620 3337,4620 3337,4621 3337,4622 3337,4622 3314,4622 3313,4623 3313,4780 3313,4780 3305,4780 3304,4781 3304,4787 3304,4787 3302,4787 3301,4788 3301,4799 3301,4799 3300,4799 3298,4801 3297,4801 3296,4802 3292,4802 3291,4803 3291,4805 3290,4806 2869,4806 2868,4807 2868,4814 2868,4814 2791,4814 2790,4815 2790,4833 2790,4833 2788,4833 2787,4834 2787,4838 2785,4840 2764,4840 2761,4843 2761,4845 2759,4847 2757,4847 2755,4849 2752,4849 2751,4850 2751,4857 2751,4857"/><TextEquiv><Unicode/></TextEquiv><TextEquiv index="1"><Unicode>rve aiie ou a ais ptienit,</Unicode></TextEquiv></TextLine><TextLine id="l27"><Coords points="958,5026 957,5026 957,5025 957,5024 956,5024 955,5024 955,4929 955,4928 917,4928 914,4926 914,4920 915,4919 921,4919 921,4919 921,4917 922,4916 972,4916 972,4916 972,4881 973,4880 975,4880 976,4879 976,4877 977,4876 979,4876 979,4876 979,4867 980,4866 981,4866 981,4866 981,4858 982,4857 983,4857 984,4856 985,4856 987,4854 988,4854 988,4854 988,4851 989,4850 990,4850 991,4849 991,4847 993,4845 996,4845 996,4845 996,4843 997,4842 998,4842 998,4842 998,4841 999,4840 1007,4840 1007,4840 1007,4839 1008,4838 1012,4838 1013,4837 1018,4837 1020,4835 1029,4835 1029,4835 1029,4834 1030,4833 3120,4833 3120,4834 3120,4852 3121,4852 3155,4852 3155,4853 3155,4864 3156,4864 3192,4864 3194,4866 3270,4866 3270,4867 3270,4885 3271,4885 3318,4885 3318,4886 3318,4890 3319,4890 3320,4890 3320,4891 3320,4892 3321,4892 3322,4892 3323,4894 3323,4895 3324,4895 3327,4895 3327,4896 3327,4898 3325,4900 3323,4900 3322,4901 3322,4910 3320,4912 3318,4912 3316,4914 3288,4914 3287,4915 3287,4916 3287,4916 3268,4916 3267,4917 3267,4937 3266,4938 3264,4938 3263,4939 3263,4941 3262,4942 3254,4942 3253,4943 3240,4943 3239,4944 3239,4945 3239,4945 3214,4945 3213,4946 3213,4947 3213,4947 3209,4947 3208,4948 3168,4948 3167,4949 3167,5007 3167,5007 2387,5007 2386,5007 2386,4999 2386,4998 1986,4998 1985,4997 1598,4997 1597,4997 1597,4996 1597,4995 1596,4995 1595,4995 1595,4994 1595,4993 1594,4993 1593,4993 1593,4992 1593,4991 1592,4991 1591,4991 1591,4989 1590,4988 1590,4960 1590,4959 1421,4959 1419,4957 1046,4957 1044,4955 975,4955 974,4954 969,4954 965,4951 965,4941 965,4940 963,4940 962,4941 962,5026 962,5026"/><TextEquiv><Unicode/></TextEquiv><TextEquiv index="1"><Unicode>ſous main, de me ſouſtraire aux recher-</Unicode></TextEquiv></TextLine><TextEquiv><Unicode/></TextEquiv></TextRegion></Page></PcGts>