4266 6032
964 257 3322 431 ches de la Juſtice. Ainſi, je pars ſur le
965 426 3292 591 champ. Je ne pourrai rendre à mon fils
967 579 3303 739 les derniers devoirs, ni m'aſſurer s'il
967 732 3301 897 ne reſte pas un ſouffle de vie caché dans
971 892 3301 1055 ſon ſein. Je recommande qu'on l'exa-
955 1045 3303 1208 mine auſſi ſcrupuleuſement que j'aurois
974 1203 3299 1371 pu le faire, avant de le dépoſer dans la
964 1356 3299 1521 ſépulture. O mon cher filsl en quelles
971 1511 3297 1671 mains étois-tu tombé? O que n'as-tu vu
972 1669 3301 1829 la lettre abominable où ce ſcélérat ſe
974 1826 3301 1992 peint avec tant d'impudencel Quels
972 1980 3298 2139 malheurs tu aurois évité Mais où ſoup-
974 2116 3335 2293 çconner des ames ſi diaboliques? C'eſt
974 2290 3304 2451 le ton du ſiecle. Il ya des gens qui ado-
974 2444 3301 2603 rent le Dieu du mal, c'eſt-à-dire, le Dia-
964 2599 3296 2775 ble, puiſqu'il faut le nommer par ſon
971 2754 3296 2915 nom, qui ſe dévouent à ſon ſervice.
972 2909 3303 3071 Auſſi voit-on ces gens-là renverſer les
964 3065 3304 3227 notions du juſte & de l'injuſte, confon-
972 3220 3303 3383 dre & détruire toute morale, & prêcher
969 3373 3339 3542 la méchanceté par principes. Il en eſt
948 3528 3303 3697 d'autres qui mettent ces abominables
964 3687 3304 3872 principes en pratique. On vit la même
959 3839 3304 4010 choſe en Itale, du temps de Machia-
960 3997 3303 4157 vel: mais détournons les yeux de cet
921 4150 3303 4323 affreux tableau. Nous avons tant de mal-
931 4303 3303 4481 heurs particuliers à déplorerl Mon fils,
935 4462 3304 4637 doué par la nature de tant de brillantes
933 4622 3320 4794 qualités, va être mis au tombeau. Son
936 4778 3313 4962 perſécuteur, ame infernale du même
