4266 7611
139 769 3268 973 e
826 1024 2928 1391 TBLE
560 1416 3114 1610 DESCHAPITRES
689 1669 2980 1826 Contenus dans la troiſieme Partie.
411 1923 3264 2258 Cmion d boor oat ſe art,
549 2251 3260 2421 qui le jette dans un triſte embarras. Il eſt
546 2415 3242 2585 arrêté & conduit à Spunging-Houſe. Com-
523 2575 3227 2750 ment il y eſt traité. Il ſe fait transférer à
542 2746 3220 2914 la Flotte. Les raiſons qu'il en eut. pager
105 2887 3234 3078 Chap. XXXVII. Thompſon eſt peint dans
516 3067 3224 3237 le caffé. Il va à l'auberge. Deſcription des
312 3227 3234 3555 l' e des oo aaee pu le ee i
527 3550 3213 3705 cription de ce lier, & de la priſon en géné-
535 3701 2094 3858 ral. Diverſes réflexions.
3068 3749 3210 3833 II
97 3842 3216 4033 Chap. XXXVIIl. Thompſon prend un au-
513 4025 3209 4193 tre apartement, rencontre Spéculiſte, faie
185 4189 3202 4353 des extravagances, perd ſon argent, a
502 4349 3191 4512 du bruit, renverſe ſon ennemi & le bat,
462 4512 3202 4683 ſe trouve dans un grand beſoin, vend
470 4670 1992 4838 ſes habits piece à piece.
2791 4677 3187 4837 rr
72 4815 3191 5006 Chap. XXXIX. Digreſion. Spéculiſte
491 4998 3176 5169 tombe malade. Comment il ſe comporta à
352 5166 3183 5336 la mort. Il arrive à Thompſon une viſite
356 5318 3169 5498 imprévue. Son pere, ſa mere, & M. Dia-
451 5492 3165 5822 reavéong e e atr pueoprſlena j ſ
341 5850 1314 5993 compagnons.
39 5957 3158 6142 Chap. XL. Hiſtoire de Sir Villiam Fai-
466 6136 685 6256 ler.
2991 6150 3385 6307 6
474 6292 1235 6428 III. Partie.
