4266 7754
1709 668 2904 759 AL
987 785 4206 976 Chap. XLI. Thompſon perſiſte dans ſon
1163 957 3922 1142 deſſein d'aller ſur mer. Prig arrive: il le
1212 1126 3911 1309 conſulte. Il juge à propos d'employer M.
1163 1290 3922 1477 Goodvill. Arrivée de ce Gentilhomme chez
1155 1444 3910 1643 M. Diaper. Il perſuade M. Thompſon à
1159 1620 3907 1801 laiſſer aller ſon fils aux Indes orientales.
1155 1784 3914 1964 M. Goodvill lui fait obtenir un comptoir
1159 1956 3955 2132 au Fort Saint George. Il prend congé des
1163 2117 3914 2297 Directeurs, & fait ſes préparatifs pour
1167 2289 2061 2469 le voyage.
3581 2342 3914 2474 A
987 2447 3974 2631 Chap. XLII. M. Thompſon donne à ſon
1118 2623 3910 2800 fils un papier contenant des inſtructions
1043 2780 3906 2967 pour le gouvernement de ſa conduite. M.
1148 2956 3906 3130 Diaper conſent d'aller avec ſon épouſe
1122 3123 3906 3300 paſſer quelques tems au pays d'York. Prig
1144 3286 3903 3458 obtient un emploi avantageux par le moyen
1140 3446 3906 3626 de M. Goodvill. Ils accompagnent
976 3607 3936 3775 Thompſom à Douvres. Leur ſéparation
1148 3757 3895 3944 tendre. Il s'embarque à bord du Haſtings,
1051 3932 3906 4105 qui leve l'ancre, & met à la voile pour
1155 4101 3251 4281 le voyage des Indes orientales.
987 4265 3888 4448 Chap. XLIII. Il ouvre la lettre de ſa mere,
1159 4430 3899 4616 & il trouve le portrait de ſa chere Louiſe.
1152 4591 3895 4773 Tempête furieuſe. Ils aperçoivent un vaiſ-
1133 4760 3903 4936 ſeau tout en feu qui ſaute en l'air à leurs
1125 4932 3914 5100 yeux. Ils en prennent l'équipage ſur leur
1152 5091 3900 5267 bord. Thompſon y trouve un ancien ami.
3520 5271 3903 5439 6
1153 5261 2717 5425 Recit de leur infortune.
983 5422 3892 5558 Chap. Xuv. Aventure de M. William
1163 5594 1542 5723 Prim.
3726 5604 3907 5777 o
991 5755 3899 5933 Chap. Lv. ſhompſon contente la curio-
1111 5924 3891 6099 té de Prim. Les amitiés qu'ils ſe font ré-
1069 6092 3899 6269 ciproquement. Ils touchent à une des Iſles
1047 6248 3903 6485 du Cap verd. Il y arrive un vaiſſeau chargé
