4266 7754
841 553 3289 824 DEs CHAPITRES.
212 785 3285 991 pour Glaſcou en Ecoſſe, qui ſe trouve
470 950 3281 1156 frété par l'Agent de Prim. Il paſſe ſur ſon
493 1119 3263 1317 bord, régale tout l'équipage du Haſtings.
321 1290 3285 1492 Ils ſe quittent pour continuer chacun leur
500 1511 1028 1653 voyage.
9 1621 3278 1835 Chap. XLVI. Ils ſont en danger de péru
313 1797 3274 2001 par une colonne d'eau. Il eſt délivré d'un
310 1952 3270 2189 grand péril par ſon domeſtique. Mort du
311 2125 3308 2312 Capitaine Social. Une tempête les jette hors
306 2301 3296 2478 de leur route vers le Sud. Ils ſe trouvent
504 2472 3263 2653 dans un grand beſoin. Ils prennent terre,
485 2634 3285 2820 & abordent au Cap de Bonne-Eſpérance.
171 2802 3278 2986 Ils y radoubent leur vaiſſeau, & conti-
504 2993 1762 3154 nuent leur voyage.
9 3139 3308 3329 Chap. XLVII. Ils ſont obligés de relâcher
9 3310 3300 3490 dans l'Iſle de Java. Ils remettent à la
489 3472 3289 3645 voile, & arrivent au Fort Saint George
9 3641 3289 3870 ſur la côte de Coromandel. Tompſon y eſt
321 3798 3289 3974 fort bien reçu. Il tombe malade; ſe réta-
321 3953 3278 4132 blit, & s'aplique fortement aux devoirs
328 4123 3281 4296 de ſon emploi. Il reçoit des lettres d'n-
3046 4310 3294 4447 O
324 4303 1189 4464 glererre.
10 4438 3285 4642 Chap. XLVIII. Il envoie Truman en cam-
474 4632 3263 4846 pagne pour trafiquer, & en tire de grands
493 4797 3285 4983 avantages. Il l envoie aux mines de dia-
486 4968 3274 5143 mans. Ilreçoit ordre d'aller à Surate pour
485 5130 3274 5323 les affaires de la Compagnie. Remplit ſa
485 5295 3274 5658 ſiv e eo ſéſs n gnaar neer
447 5612 3270 5958 aeue ee oeoe e d o sie eo-
496 6002 681 6122 ge.
3023 6035 3256 6162 LE
9 6023 3282 6352 Cfap. XLIX. Is reçoivent des nouvelles
485 6294 3282 6515 de Truman, qui demande ſon rapel. Il
