4266 7589
649 809 2879 1014 DE Joseph Thomson.
60 926 2864 1161 La mort d'un ſi digne homme, qui avoit
151 1154 2871 1336 our mon pere une eſpece d'adoration, &
155 1317 2871 1489 ui, par cette raiſon, avoit été pour moi
57 1473 2871 1649 ntrès-bon ami, m'affligea beaucoup; mais
50 1644 2871 1804 e ne fus pas long-tems ſans me convaincre
39 1802 2879 1974 mes dépens, que mon imprudence alloit
195 1963 2868 2134 e rendre les ſuites de cette mort beaucoup
50 2130 965 2299 lus ſenſibles.
46 2285 3075 2459 Il y avoit deux mois que M. Deacon
46 2446 2871 2585 'étoit trouvé hors d'état de faire face à un
57 2613 2868 2784 aiement conſidérable. Il lui manquoit ſix
140 2773 2871 2948 ens livres ſterlings pour ſatisfaire à une
89 2937 2868 3111 ette dont on demandoit le paiement. Son
82 3096 2882 3272 mitié pour mon pere & pour moi ne me
82 3260 2879 3433 ermit pas d'ignorer ſon embarras; je lui
97 3420 2879 3596 ffris ſottement de répondre pour lui de
72 3583 2875 3752 ette ſomme. Comme on ſçavoit que je
79 3739 2871 3908 evois bientôt être établi, & que mon
79 3899 2875 4048 ere étoit un homme fort en état, il ne lui
86 4048 2875 4243 ut pas difficile de trouver cette ſomme à
86 4218 2875 4388 mprunter ſous ma caution. De pareils
90 4385 2879 4551 rrangemens, quoique fort délicats par eux-
111 4542 2864 4711 êmes, ſe faiſoient communément à Lon-
108 4709 2871 4882 res, & je ne doutai point que M. Dea-
101 4868 2868 5049 on, qui étoit riche, ne fit honneur à cette
108 5024 2871 5202 ette avant l'échéance; c'eſt pourquoi je
104 5188 2871 5364 e pris aucune ſûreté avec lui, & plein de
162 5340 2871 5524 onfiance dans ſa probité, j'oubliai les ex-
104 5509 2878 5698 ellentes maximes que j'avois apriſes pen-
108 5674 2875 5848 ant mon aprentiſſage, qui ſont de ne rien
119 5841 2868 6010 onner au hazard, & de prévoir tous les
115 5998 2879 6166 ccidens. M. Deacon étoit un parfaitement
133 6161 2879 6333 onnête homme, j'en ſuis ſûr; mais ne ſe
195 6328 2893 6492 ouvant point en état de retirer mon billet
2083 6488 2328 6623 LA
