4266 7693
587 613 2945 802 Joseph Thonpson.
76 773 2978 971 ois pas y compter. La perſonne qui avoit
73 954 3000 1141 mon billet demandoit de l'argent à grands
62 1127 2971 1301 cris; je réſolus donc de l'éviter, & je gar-
51 1287 2971 1465 dai mon apartement pendant près de quinze
84 1460 2985 1629 jours; mais le malheur voulut qu'un matin
95 1620 2978 1792 j'attendois un commiſſionnaire qui devoit
99 1783 2989 1962 m'aporter quelques prefens de la part de
88 1949 3222 2130 M. Goodvill, & que je ne pouvois pas
65 2116 2982 2292 poliment me diſpenſer de recevoir. Une
40 2278 2985 2453 fervante de la maiſon vint m'avertir qu'un
91 2441 2963 2616 homme me demandoit avec une lettre &
43 2611 2989 2787 quelque choſe dans une corbeille, je deſcen-
55 2774 2978 2948 dis à l'inſtant, mais le ſang me glaça dans
40 2937 2996 3115 les veines, lorſque cet homme me déclara
103 3100 2978 3273 qu'il avoit un ordre de m'arrêter à la requête
43 3266 2989 3441 de M. Vautour banquier, & à l'inſtant trois
91 3437 2982 3610 ou quatre autres gens de mauvaiſe mine
28 3599 2982 3768 entrerent ſans cérémonie dans mon aparte-
29 3755 2967 3934 ment. Je ſentis qu'il étoit auſſi inutile qu'im-
69 3918 2982 4099 prudent de réſiſter; & prenant un air tran-
103 4088 3309 4263 quille, je leur demandai où ils ſe propo-
99 4247 2982 4428 ſoient de me mener. M. me dit le plus
99 4414 2978 4595 aparent de la troupe, ma maiſon eſt à
106 4576 2952 4756 Grays-inn- Lane, où vous ſerez auſſi bien
103 4747 2982 4919 que chez vous. Enſuite il envoya chercher
40 4902 2993 5079 un caroſſe, & ayant donné à mon hôte les
102 5069 2982 5251 inſtructions néceſſaires, en cas que quel-
10 5231 2989 5414 qu'un vint me demander, je me laiſſai con-
10 5391 3037 5568 duire dans ce lieu de dépôt. Je fus mis à
10 5564 2993 5748 mon arrivée dans une chambre avec plu-
10 5720 2982 5911 fieurs autres priſonniers de l'un & de l'au-
9 5886 2989 6072 tre ſexe, dont les uns s'amuſoient à chanter
10 6037 2985 6227 & à rire, & les autres étoient déſeſpérés
9 6212 3037 6423 dans l'abattement; mais tous en aparence
2090 6401 2353 6565 A
