4266 7651
998 565 3891 930 nui cg muinſi t mame oun a
1002 903 3865 1100 rêté; cela ſoutint un peu mon courage;
1010 1076 3861 1260 & maintenant que j'avois pris ma réſolu-
998 1239 3839 1414 tion, je me ſentois tout ſoulagé, lorſque
1002 1401 3854 1582 je vis entrer dans mon apartement l'Offi-
1010 1564 3880 1745 cier, à qui je dis ce que j'avois fait. Il en
1006 1733 3851 1903 parut un peu chagrin, & de mauvaiſe hu-
1010 1894 3869 2072 meur; il s'attendoit, ſans doute, que pour
1017 2050 3858 2232 éviter d'aller en priſon, & obtenir de de-
1013 2219 3869 2395 meurer où j'étois, il pourroit tirer de moi
1017 2380 3883 2557 quelque argent: il me dit que le plaignant
1013 2542 3862 2721 ſe contenteroit d'une caution, & me mar-
719 2704 3894 3046 os ae a lo e, do, do de i le oor-
1020 3032 3880 3206 trait avec les couleurs les plus propres à
1020 3189 3895 3374 m'en dégoûter; mais j'étois prévenu, & les
1010 3358 3887 3534 vingt quatre heures n'étant point expirées,
1013 3520 3884 3692 je ſçavois qu'il ne pourroit pas me conduire
1020 3680 3887 3858 à Newgate, ainſi j'étois à couvert de ſa
1013 3843 3861 4019 mauvaiſe volonté. Cependant j'eus aſſez de
1021 4008 3865 4176 bonté pour lui donner une demi-guinée qui
1021 4173 3865 4343 lui fit dérider le front; & alors prenant un
1024 4332 3887 4506 autre ton, il me dit qu'il feroit tout au
1021 4497 3865 4667 monde pour me ſervir: que j'étois fort heu-
1020 4658 3887 4830 reux d'être tombé entre ſes mains; qu'il
1024 4820 3865 4992 étoit de bonne famille, & que la miſere
1020 4986 3898 5152 ſeule l'avoit réduit à accepter cet emploi;
1028 5144 3873 5319 que bien de ſes confreres m'auroient con-
1032 5309 3894 5482 duit ſur le champ à Newgate; que pour lui
1028 5467 3898 5644 il n'étoit pas homme à profiter du malheur
1035 5633 3891 5804 des autres. Le geolier appuya tout ce qu'il
1032 5794 3917 5970 venoit de dire, & je ne pus me diſpenſer
1032 5953 3895 6305 ooaole leut hoiné lelee e oui
