4266 7754
740 590 2709 820 ne Joson.
21 777 3154 984 ſur les dix heures du ſoir, mais je ne dor-
10 968 3158 1150 mis guere: le lendemain matin M. Brisl
10 1137 3150 1317 vint me dire que mon ordre ſeroit expédié
10 1308 3143 1491 pour le ſoir; j'en fus charmé, car il me tar-
10 1473 3143 1639 doit de me voir dans un état plus libre. Si-
235 1634 3143 1812 tôt qu'il fut parti, l'Officier entra, & me
235 1799 3136 1979 tirant à l'écart, il me dit que mon adver-
231 1967 3135 2145 ſaire étoit un coquin; que ſi je voulois ſa-
242 2136 3139 2310 crifier cinq guinées, il me feroit donner
10 2301 3132 2475 une caution, & qu'ainſi je pourrois vâquer
10 2465 3132 2642 à mes affaires: que ſi j'étois obligé de reſter
22 2634 3128 2810 publiquement dans Londres, je pourrois
18 2798 3135 2987 plaider contre lui, & gagner au moins une
18 2967 3121 3124 année de tems. Je fus étonné de la fripon-
10 3132 3135 3302 nerie de ces ſortes de gens, & quelque
10 3278 3128 3469 avantageuſe que me pût être ſa propoſition,
223 3465 3124 3633 je conçus tant de haine pour ces miſérables
10 3629 3132 3792 faux-fuyans, que j'aimai mieux, pour un
235 3783 3150 3964 tems, perdre ma liberté, que de les met-
10 3951 3132 4131 tre en uſage. Ces gens ſont également in-
239 4116 3135 4294 juſtes pour les plaignans & pour les priſon-
242 4281 3143 4460 niers; mais l'argent eſt leur unique Dieu,
246 4449 3135 4626 & je crois pouvoir aſſurer qu'il n'y en a
10 4621 3135 4791 pas un entre cent qui ait le moindre ſenti-
36 4782 2312 4953 ment d'honneur ou de probité.
399 4947 3124 5121 J'éprouvai le ſoir les extorſions qui ſe
14 5108 3326 5299 pratiquent dans ces maiſons infernales; on
235 5280 3128 5457 me fit payer trois ſchelins pour mon lit,
10 5433 3135 5623 deux pour le feu, & cinq d'extraordinaire
10 5609 3135 5786 pour ma chambre, ce qui joint au dîner,
10 5774 3135 5951 au ſouper & aux liqueurs, monta pour un
10 5939 3128 6126 jour & demi que je reſtai dans cet endroit,
10 6099 3128 6284 à plus de quarante ſchelins, ſans compter
10 6264 3158 6448 la demi guinée que j'avois donnée à l'Offi-
