4266 7754
1122 632 3607 841 e LAvieerlesavenrurus
1137 830 4064 1014 vien vu de ma vie de ſi affreux. Je rencon-
1141 998 4064 1179 trai le médecin avec qui j'avois ſoupé la
1152 1163 4064 1350 veille; il m'en fit voir tous les recoins, &
1156 1335 4127 1502 me harangua long-tems pour me convain-
1148 1496 4064 1669 cre de la néceſſité de prendre de l'exercice
1133 1661 4079 1839 dans cet endroit pour conſerver la ſanté.
1155 1829 4064 2005 Il me recommanda ſur-tout de jouer du
1133 1997 4064 2169 fifre, ce qui me fit connoître que ce doc-
1152 2162 4056 2342 teur étoit un charlatan, & que c'étoit par
1148 2327 3121 2492 ce moyen qu'il s'entretenoit.
1324 2492 4052 2665 Rien n'eſt ſi ennuyeux pour un homme
1144 2660 4045 2836 qui penſe, & qui fait uſage de ſa raiſon,
1129 2825 4056 2998 que de trainer une vie miſérable dans une
1148 2986 4053 3164 priſon. Quoi de plus horrible que de ſe
1159 3150 4053 3327 voir lié d'une interdiction civile, & de
1148 3311 4053 3493 penſer que l'on eſt ſéqueſtré d'avec le
1163 3487 4056 3660 reſte du genre-humain, comme un hom-
1129 3644 4041 3817 me qui a cherché à détruire la fortune des
1144 3809 4045 3970 autres? Rien ne peut égaler cette idée
1144 3974 4041 4155 terrible: ſi ce n'eſt peut-être celle d'un
1140 4138 4034 4319 créancier impitoyable, qui, à l'abri des
1148 4303 4045 4468 loix dont il abuſe, ſe rend à toute heure le
976 4471 4037 4639 bourreau d'une honnête & malheureuſe
1133 4636 4026 4815 famille, que des accidens ſeuls ont mis
1122 4808 2312 4980 hors d'état payer.
1302 4958 4023 5144 Je trouvai à la Flotte des perſonnes de
1137 5125 4023 5310 tout état, de tout métier, & preſque de
1114 5280 4034 5467 toute religion; un homme de goût ne man-
1122 5459 4154 5640 que pas d'y trouver une compagnie aſſez
1114 5632 4019 5805 agréable: les uns s'y ſont retirés pour ſe
1089 5796 4008 5971 mettre à l'abri & aſſurer à eux, ou leurs
1088 5961 4015 6128 héritiers, les débris d'une fortune qui de-
1126 6122 4000 6303 vroit être bien plutôt abandonnée à leurs
1032 6287 4011 6493 créanciers qu'ils ont ruinés; le plus grand
3499 6456 4009 6587 nombre
