4266 7754
1148 699 3798 910 18 LA VIE ET LES AVENTURES
1137 901 4109 1083 ger, & j'étois abſorbé dans des réflexions
1137 1066 4052 1250 triſtes ſur mon état paſſé, & ſur les acci-
961 1234 4082 1409 dens divers que j'avois eſſuyés à chaque
1133 1402 4037 1577 pas. Cette invitation me tira de ma rêve-
1133 1567 4108 1745 rie, & me fit appercevoir qu'il falloit don-
1133 1739 4056 1911 ner quelque choſe aux beſoins de la natu-
991 1900 4098 2073 re. Je l'accompagnai à l'auberge, où on
1133 2069 4105 2244 nous donna un repas aſſez propre, & à bon
1137 2237 4116 2411 marché; & je trouvai que la compagnie
1125 2402 4093 2575 méritoit des éloges: la ſeule choſe qui me
1126 2566 4101 2744 révolta, fut qu'on y donnoit l'eſſor à ſon
1109 2725 4098 2896 eſprit, & que l'on y violoit les régles de
1078 2896 4134 3073 la modeſtie & de la décence ; mais n'étant
1133 3067 4108 3242 point diſpoſé à vivre en cynique, je me
1084 3229 4116 3405 promis d'y aller dîner tant qu'il s'y trou-
1133 3401 2933 3570 veroit bonne compagnie.
1125 3961 3851 4140 CHAPITRE XXXVIII.
1129 4265 4090 4442 Thompſon prend un autre apartement, ren-
1290 4423 4045 4595 contre Spéculiſte, fait des extravagan-
1286 4590 4030 4773 ces, perd ſon argent, a du bruit, ren-
1279 4752 4094 4936 verſe ſon ennemi & le bat, ſe trouve
1163 4913 4060 5110 dans un grand beſoin, vend ſes habits
1163 5105 2155 5273 piece à piece.
1054 5377 1437 5760 L
1374 5366 4043 5569 E lendemain matin le domeſtique preſ-
1419 5576 4043 5730 ſé d'avoir la demi-piece que je lui avois
1119 5730 4068 5910 promiſe, me conduiſit à une autre cham-
1124 5905 4043 6085 bre plus commode & en meilleur air: elle
1129 6063 4056 6254 donnoit ſur le préau; je jugeai à propos
1125 6219 4049 6421 d'y régaler Sir William, le docteur, &
1122 6399 4079 6564 deux ou trois autres de mes compagnons
