4266 7712
972 730 3419 940 o La virtles avenrties
972 916 3895 1101 de fréquenter des aſſemblées qui ſe te-
964 1088 3898 1258 noient dans preſque tous les recoins de la
965 1250 3906 1424 priſon: il étoit rare que j'en ſortiſſe ſans
968 1410 3920 1592 une demi couronne de dépenſe à chaque
968 1577 3920 1753 ſéance, & quelquefois même je n'en étois
961 1740 3857 1917 pas quitte pour le double. Je jouai fréquem-
964 1908 3868 2243 aout aes beauieodo o ns fu diere à cesje
968 2234 3868 2407 que moi, je ne laiſſai pas d'y perdre aſſez
968 2398 3868 2572 d'argent; de maniere que mes petits fonds
968 2565 3924 2735 furent preſque épuiſés en ſix ſemaines de
972 2728 3928 2899 tems. Je commençai à apréhender qu'ils ne
972 2892 3932 3064 duraſſent pas auſſi long-tems que mes be-
972 3055 3921 3228 ſoins. Cette penſée m'affligea d'autant plus,
972 3222 3939 3393 que je voyois tous les jours des exemples
976 3385 3924 3555 de miſere & de pauvreté dans cette pri-
979 3545 3928 3720 ſon, où l'argent, & l'argent ſeul nous at-
976 3712 3924 3883 tire les égards, les ſervices & les atten-
976 3868 3932 4043 tions des autres priſonniers. Je ne recevois
979 4032 3939 4208 de viſite que de Brisk, à qui j'avois fait
976 4199 3928 4374 promettre de ne rien aprendre de mon
979 4351 3931 4539 aventure à ſon maître, juſqu'à ſon retour.
968 4507 3931 4705 Quant à mon pere & à M. Diaper, je leur
983 4674 3928 4866 écrivois comme de coutume, de ſorte qu'ils
979 4848 3928 5030 n'avoient aucun ſoupçon de ce qui m'étoit
987 4993 3880 5192 arrivé. Je me trouvois engagé dans un cer-
990 5168 3932 5352 cle de compagnie & d'amuſemens de toutes
983 5324 3932 5522 les ſortes; & je m'y livrois volontiers dans
987 5499 3928 5683 la crainte que mon humer mélancolique
994 5669 3932 5848 & ma triſteſſe ne revinſſent, pour le peu
987 5836 3917 6005 que je m'abandonnaſſe à réfléchir ſur la
979 6003 3909 6175 perte de ma chere Louiſe. Cette idée étoit
983 6167 3909 6339 toujours dominante dans mon cœur, & ce
809 6330 3913 6509 n'étoit qu'à force d'art que je pouvois en
