4266 7754
950 759 3708 944 LvIErlLssavenrUres
1204 920 4138 1108 la converſation, il prit un verre & me le
1200 1095 4240 1442 ſens aua1ieé, & tmount momne vnte ntaua
1204 1432 4116 1608 quer ſur le préau. Je n'avois point envie
1200 1593 4116 1774 d'accepter un défi digne d'un porteur de
1200 1758 4120 1942 chaiſe: mais il en eſt des priſonniers, com-
1193 1926 4124 2107 me des écoliers; je ſentis que ſi je refu-
1189 2087 4109 2274 ſois le défi, chacun me jetteroit la pierre;
1200 2263 4116 2440 encouragé par tous ceux qui étoient preſens,
1185 2420 4109 2610 j'ôtai mon habit, & je m'avançai ſur le
1189 2589 4105 2771 champ de bataille, où mon antagoniſte étoit
1174 2754 4094 2930 déjà. Spéculiſte en agit fort bien dans cette
1006 2922 4086 3094 occaſion, & voulut être mon ſecond. On
1170 3090 4094 3267 forma un cercle autour de nous, & alors
1178 3255 4094 3427 tous les deux en veſte, nous reſtâmes quel-
1174 3420 4094 3590 ques inſtans à chercher le moyen de nous
1170 3588 4116 3758 attaquer avec avantage: ſemblables à deux
1103 3753 4131 3926 taureaux furieux, qui ſe diſputent à qui reſ-
1006 3917 4079 4090 tera maître d'un pâturage. Enfin nous nous
1159 4082 4075 4262 avançâmes l'un de l'autre avec fureur; &
1152 4247 4101 4415 les coups tomboient comme la grêle ſur nos
1152 4411 4064 4588 eſtomaes, & avec tant de violence, qu'on
1140 4576 4064 4753 les entendoit à la ronde. Je vis bientôt que
1140 4748 4056 4918 mon ennemi inférieur en force, l'empor-
1144 4902 4056 5084 toit ſur moi par l'adreſſe; je tâchai de le
1133 5070 4060 5246 ſaiſir corps à corps; ce fut en vain: il eut
1133 5239 4064 5415 le ſecret d'éluder toutes mes tentatives,
1140 5403 4056 5586 & me porta ſur les temples un coup de
1129 5575 4056 5754 poing qui me renverſa par terre tout étour-
890 5736 4049 5920 di; je revins bientôt à moi; je bataillai
886 5901 4045 6082 juſqu'à ce que j'euſſe repris haleine; alors
1125 6062 4045 6246 m'élançant tout à la fois des mains & de
1114 6230 4075 6564 teerrerai àe moun tote de ſen lon , d&
