4266 7754
983 744 3697 939 LA vie ETLEsAvenrures
1099 901 4015 1106 pour tâcher de me ſoutenir: j'avois fait
1103 1086 4011 1264 venir preſque tout ce que j'avois chez moi
1099 1246 3989 1438 piece à piece, & au bout de quelques ſe-
1103 1415 4026 1602 maines, je me trouvai réduit à un ſeul ha-
1099 1571 4023 1770 bit, deux chemiſes, une ſeule paire de cu-
1103 1736 4026 1930 lotte, de bas & de ſouliers; je conſervai
759 1914 4004 2101 toujours, néanmoins, une certaine apa-
1103 2087 3989 2263 rence, & je fréquentois les aſſemblées
1107 2252 4026 2433 comme à l'ordinaire; mais au bout de quel-
1103 2420 4030 2602 ques jours je fus encore obligé de me reſ-
1103 2577 4030 2763 treindre, & de ne plus aller à l'auberge,
1107 2738 4019 2929 dont l'hôte, qui m'avoit déjà fait quelque
1103 2907 4030 3095 crédit, demandoit à grands cris ſon paie-
1099 3075 3992 3255 ment. J'en étois réduit à aller quêter un di-
1103 3240 4034 3422 ner de côté & d'autre dans la priſon, & il
1103 3401 4038 3582 m'arriva plus de vingt fois de paſſer un
1103 3571 4034 3743 jour entier ſans manger: auſſi devins-je
1107 3738 4038 3907 comme un ſquelette. Je pris un jour la
1047 3900 4037 4074 réſolution de garder ma chambre, & je
1103 4066 4041 4239 n'y vécus pendant huit ou dix jours que
1103 4225 4038 4408 de pain & d'eau, déterminé à ne faire part
1107 4389 4034 4571 de ma miſere à perſonne, juſqu'à l'arrivée
1107 4557 4026 4736 de mon pere, que j'attendois dans fort peu
1107 4718 4026 4900 de tems. Mon créancier s'étoit déclaré net-
1103 4894 4019 5059 tement contre moi, & ne vouloit enten-
1107 5048 4031 5227 dre à aucun accommodement. Tous mes
1103 5220 4041 5393 chagrins revinrent à la fois me tourmenter;
1099 5385 4038 5561 jour & nuit j'avois ma chere Louiſe preſen-
1103 5553 4026 5728 te à mon imagination: je me rapellois ſes
1107 5718 4034 5891 charmes; mais Louiſe perdue pour tou-
1103 5882 4030 6056 jours, étoit pour moi une idée deſeſpé-
1099 6043 4034 6220 rante. Je n'avois perſonne avec qui m'en-
1103 6212 3996 6377 tretenir pour écarter ces cruelles réflexions.
1099 6369 4030 6582 Mes anciens compagnons ne me ſentant
3734 6542 4046 6708 plus
