4266 7754
609 557 3098 765 DE JOSEPH THOMPSON. 25
10 729 3285 950 plus d'argent, m'avoient abandonné, &
10 897 3094 1077 affectoient même de m'éviter quand nous
9 1062 3098 1267 nous rencontrions. A la vérité Spéculiſte
10 1234 3098 1433 m'invita deux ou trois fois à dîner, mais
10 1395 3098 1594 j'avois le cœur trop haut pour m'abaiſſer à
95 1568 3098 1760 recevoir des ſervices d'un homme qui m'a-
194 1732 3098 1922 voit joué jadis tant de tours. Souvent un
10 1893 3102 2089 morceau de pain, un verre de liqueur &
190 2060 3098 2257 de l'eau faiſoient un repas, qui me duroit
186 2233 3106 2413 vingt-quatre heures; & j'en vins au point
190 2394 3102 2587 de deſirer la mort pour cacher ma honte
200 2558 3113 2757 & mettre fin à ma miſere & à mon afflic-
182 2756 498 2949 tion.
276 3311 2760 3603 CHAPITRE XXXIX.
9 3697 3109 3892 Digreſſion. Spéculiſte tombe malade. Com-
10 3876 3098 4070 ment il ſe comporta à la mort. Il arrive
10 4045 3102 4217 à Thompſon une viſite imprévue. Son
332 4209 3109 4393 pere, ſa mere, & M. Diaper le viennent
332 4378 3308 4555 voir. Il eſt mis en liberté, & prend con-
339 4539 3117 4726 gé des autres priſonniers ſes compagnons.
164 4886 378 5210 I
395 4869 3105 5046 L n'y a point d'état plus fâcheux & plus
403 5029 3105 5223 déplorable que celui d'un infortuné, em-
193 5211 3105 5389 priſonné pour dettes; ſes amis fatigués de
197 5373 3106 5551 ſes importunités l'abandonnent bientôt à
197 5542 3113 5724 ſon ſort, & ſe contentent de lui reprocher
36 5710 3109 5890 ſévérement ſes extravagances & ſa faute;
10 5881 3113 6054 pour ſes ennemis, comme ils le voient hors
10 6043 3109 6220 d'état d'exercer ſon reſſentiment, ils l'acca-
9 6208 3300 6418 blent des invectives les plus ameres que la
377 6375 1197 6560 III. Partie.
