4266 7712
1117 563 3501 741 LaAVietETssaventuies
1109 727 4002 907 méchanceté, & leur ſot orgueil peuvent
1105 894 4006 1085 leur ſuggérer. Ses créanciers irrités du tort
1102 1061 3998 1244 qu'il leur fait, ne ſont que trop portés à
1102 1221 3998 1420 trouver de la juſtice dans ſa détention, &
1105 1388 4002 1570 s'arrogeant avec fierté l'autorité du Ciel,
1098 1559 4002 1730 qui s'eſt réſervé la vengeance, ils ſe font
1098 1718 3998 1898 une eſpece de plaiſir d'augmenter ſes tour-
1094 1889 3991 2061 mens, ſans ſonger que Dieu a recomman-
1091 2060 3995 2232 dé la douceur & la charité envers les pri-
1091 2220 3991 2400 ſonniers, comme une des principales ver-
1087 2387 3991 2566 tus du chrétien. Si l'on doit des égards à
1094 2558 3984 2726 tous les hommes en général, combien plus
1087 2721 3980 2884 n'eſt-on pas obligé d'en marquer pour des
1091 2881 3976 3066 gens que le malheur, plutôt que leur faute,
1087 3051 3984 3226 a ainſi ſéqueſtrés du reſte des autres hom-
1087 3218 3976 3388 mes? Combien n'ai-je point vu de gens,
1083 3382 3976 3574 (& cette vue m'a touché juſqu'au cœur;)
1083 3549 3980 3724 combien, dis je, n'ai-je pas vu de gens qui
1091 3709 3984 3887 auroient pu rendre les plus grands ſervices
1083 3876 3980 4054 au public, réduits à la miſere dans le fond
1083 4035 3976 4218 d'une priſon, & hors d'état de faire uſage
1087 4206 3976 4362 de leurs talens: la faim les minoit inſen-
1091 4370 3984 4551 ſiblement, & l'opreſſion continuelle qu'ils
1094 4537 3980 4719 y ſouffroient, les réduiſoient au point de
1094 4704 3987 4874 mourir dans l'état le plus triſte. Nos pri-
1098 4863 3991 5033 ſons ſont remplies de gens, qui dans l'a-
1094 5019 3991 5214 mertume de leur cœur, maudiſſent à cha-
1094 5190 3980 5376 que inſtant le jour de leur naiſſance, &
1098 5361 3976 5549 apellent la mort à leur ſecours, comme le
1091 5528 3972 5709 ſeul remede à leur miſere. O Angleterre,
1098 5703 3965 5873 terre de liberté! comment peux-tu enviſa-
1094 5862 3965 6045 ger une pareille diſgrace, & ſouffrir ſous
1091 6033 3972 6208 ton gouvernement que les arts, les ſcien-
1102 6197 3976 6368 ces, & les travaux utiles ſoient privés d'un
