4266 7620
773 664 3327 845 E Josepn Thomson.
24 777 3137 1004 ſi grand nombre de gens qui les feroient
10 1007 803 1209 fleurir?
441 1157 3155 1334 Vers le même tems M. Spéculiſte fut at-
273 1325 3152 1495 taqué d'une fievre maligne qui emporta
291 1486 3155 1662 beaucoup de priſonniers; il étoit déjà hors
269 1650 3166 1819 d'eſpérance, lorſque j'en apris la nouvelle.
295 1811 3166 1981 Un homme qui le ſervoit, vint un matin
35 1968 3166 2146 m'avertir que M. Spéculiſte deſiroit de me
287 2136 3170 2309 parler, il m'aprit en même-tems que c'é-
291 2297 3170 2473 toit le premier intervalle de raiſon dont il
291 2461 3185 2633 jouiſſoit, & que dès l'inſtant qu'il étoit
295 2625 3177 2793 tombé malade, il avoit eu un tranſport au
309 2786 3203 2956 cerveau qui ne l'avoit point quitté depuis.
306 2947 3188 3121 J'y courus ſur le champ, & je trouvai ce
320 3108 3199 3442 le re omooiee ass nsaaiie de ſoun éeine,
299 3436 3203 3602 cette hauteur & cette fierté qui lui étoient
324 3597 3210 3764 naturelles, étoient entierement éteintes. Il
313 3754 3221 3929 avoit les yeux creuſés, le viſage maigre &
335 3915 3217 4088 pâle, & ne reſpiroit qu'avec peine. Ce
327 4076 3221 4252 ſpectacle me toucha ſenſiblement; malgré
339 4236 3217 4413 toutes les raiſons que j'avois de ne point
342 4401 3232 4573 l'aimer, je ne pus m'empêcher de répan-
346 4565 3232 4729 dre des larmes. Il me tendit une main foi-
346 4726 3535 4910 ble, déjà glacée par le froid de la mort;
364 4883 3232 5060 & me priant de m'aſſeoir quelques minutes,
357 5044 2017 5216 il m'adreſſa ce diſcours.
540 5208 3243 5383 M. Thompſon, je vois que ma ſituation
375 5376 3236 5552 vous touche: vous faites malgré vous des
83 5529 3243 5710 réflexions ſur la différence de ce que j'é-
371 5698 3254 5870 tois autrefois, à mon état actuel. Je vais
383 5862 3261 6036 mourir, je le ſens bien; toute la philoſo-
134 6019 3254 6195 phie dont je faiſois autrefois parade, aura
393 6190 3265 6366 peine à me ſoutenir dans ce moment ter-
2403 6356 2941 6495 Ca
