4266 7754
516 650 3165 858 oe Joseph Thomson.
10 841 3173 1032 roſai de mes larmes: Tranquilliſez-vous,
238 1010 3173 1200 lui dis-je, je vous raconterai toute mon
10 1178 3166 1366 aventure, mais votre arrivée imprévue m'a
238 1351 3173 1524 tellement ſurpris, qu'il faut quelque tems
242 1515 3177 1700 pour me remettre, & pouvoir vous parler
242 1679 3177 1869 de ſuite. En effet, la tête m'avoit tourné,
250 1853 3472 2040 & j'étois ſi peu préparé à cet événement,
257 2009 3180 2203 que je n'aurois jamais pu l'imaginer. J'a-
246 2195 3180 2525 e de
246 2518 3181 2708 boire un ou deux verres: depuis pluſieurs
246 2690 3184 2871 jours il n'étoit entré que de l'eau dans mon
253 2851 3188 3019 corps. Ce cordial me donna la force de
246 3019 3195 3360 oo peeieer ioiſuueede de 'rmnder des
250 3345 3188 3542 nouvelles de mon pere: elle m'aſſura qu'il
238 3525 3199 3704 ſe portoit bien, qu'ils étoient arrivés à
257 3685 3203 3858 Londres la veille, & s'étoient tranſportés
238 3858 3188 4042 auſſi-tôt à la campagne de M. Diaper,
257 4030 3203 4206 comptant m'y trouver; car je ne leur avois
252 4202 3210 4385 marqué mon adreſſe dans aucune de mes
220 4363 3210 4539 lettres; & ils avoient oublié, en partant,
246 4528 3195 4707 de la demander à Meſſieurs Archer & Shar-
250 4700 3435 5054 biap hamne de les oois, nin eaete eu
10 5029 3517 5221 à Londres: comme il ſçavoit que je logeois
235 5194 3195 5388 dans la rue du Lion rouge, il les y mena
13 5362 3165 5558 tout droit; mais quel fut leur étonnement,
10 5500 3203 5729 lorſque mon hôte leur aprît que j'étois en
238 5705 3214 5899 priſon à la Flotte! Mon pere, après avoir
10 5876 3195 6064 marqué, ainſi que ma mere & M. Dia-
14 6033 3169 6241 per, tout le chagrin que leur cauſoit cette
253 6200 3267 6399 nouvelle, demanderent à mon hôte le ſu-
253 6357 3191 6564 jet de ma détention, & pourquoi j'en avois
2378 6563 2698 6745 Ca
