4266 7702
1094 663 3564 862 LLvieEtles avenrures
1093 837 4006 1017 maintenant en liberté de ſortir; mais vous
1101 1012 3988 1184 ne pouvez le faire que ce ſoir dans l'état
1101 1175 3999 1338 où vous êtes. Mais, dit M. Diaper à mon
1101 1342 3995 1518 cher pere, peut-être qu'avec peu d'argent
1101 1513 3984 1683 on pourroit racheter les habits de Monſieur
1119 1676 3980 1849 'hompſon, & le mettre en état de paroî-
1105 1843 3991 2006 tre: car je penſe bien qu'il ne les a pas
1112 2002 3999 2183 vendus; il les aura mis ſans doute en gage
1116 2173 3995 2344 chez quelque uſurier. Je lui répondis qu'il
1112 2336 3995 2513 avoit deviné juſte: auſſi tôt mon pere me
1116 2500 4021 2679 donna dix guinées, & j'envoyai ſur le champ
1119 2666 3999 2838 le commiſſionnaire dont j'avois coutume de
967 2830 4017 3005 me ſervir, pour aller retirer mes hardes.
1119 2993 3999 3174 Pendant ce tems, je ſatisfis leur curioſité,
1123 3160 4017 3337 & leur fis voir la priſon, le préau, le caffé,
1123 3323 3995 3503 &c. je les menai enſuite dîner à l'auberge,
1116 3495 4006 3662 où tous mes compagnons aprenant que j'al-
1127 3653 3999 3831 lois ſortir, vinrent en foule m'en faire leur
1120 3824 3995 3999 compliment. Je les preſentai à mon pere, à
1134 3984 4017 4163 qui j'en avois déjà fait le portrait. Il me
1134 4151 4025 4329 conſeilla de leur faire quelques preſens, ſi
1130 4316 4002 4494 je le jugeois à propos. Entre ceux qui vin-
1119 4481 4021 4657 rent me féliciter de mon élargiſſement, Sir
1123 4637 4214 4817 William Failer ne fut pas des derniers. Mon
1134 4807 4002 4985 pere n'eut pas plutôt jetté les yeux ſur lui,
1134 4963 4017 5150 qu'il courut l'embraſſer, & ils ſe firent mu-
1131 5126 4017 5316 tuellement des amitiés, dont je fus tout-à-
1134 5297 4006 5472 fait ſurpris. Quoi, c'eſt-là votre fils, s'é-
782 5464 4010 5639 cria Sir William? Que j'aurois été heu-
1138 5623 4006 5806 reux, ſi je l'euſſe ſçu plutôt! Mon pere
1142 5798 4013 5978 qui avoit beaucoup d'égards pour lui, lui
1138 5957 4006 6136 demanda depuis quand il étoit dans cet en-
1142 6121 4028 6308 droit? Il y a deux ans, répondit Failer,
1142 6284 4006 6470 & l'on m'a mis ici pour une dette de qua-
