4266 7712
712 708 3337 913 De Jostpn ThoMpson.
47 890 3138 1069 rante livres ſterlings. Bon Dieu! s'écria
229 1061 3126 1245 mon pere; eſt-il poſſible! Que de chan-
233 1224 3118 1414 gemens l'on voit arriver! Ah! mon vieil
229 1395 3126 1581 ami, repliqua Sir William, qui m'auroit
237 1555 3130 1745 dit, il y a quelques années, que je duſſe
233 1729 3133 1908 demeurer ici, m'eut aſſurément bien ſur-
233 1896 2171 2064 pris: mais le ſort en eſt jetté.
419 2056 3126 2237 Après quelques autres diſcours relatifs
240 2231 3133 2406 aux affaires de Sir William, mon pere
244 2390 3144 2571 l'invita à dîner; & avant de le quitter,
244 2554 3141 2732 il le tira à l'écart, & lui fit preſent de
247 2721 3126 2896 dix guinées qu'il reçut avec mille tranſ-
248 2884 3133 3052 ports de reconnoiſſance. Je pris congé de
244 3051 3144 3226 tous mes compagnons; & ayant payé
255 3218 3137 3395 quelques bagatelles que je devois, nous
244 3374 3141 3549 ſortîmes de la priſon, & nous nous tendî-
248 3541 3159 3709 mes auſſi-tôt à la campagne de M. Diaper.
244 3708 3181 3881 Madame Diaper m'accabla de careſſes; &
244 3872 3182 4047 quand elle eût apris mon hiſtoire, elle
9 4039 3137 4216 s'écria: Mon Dieu! ſi mon fils ſçavoit
10 4205 3144 4377 cette aventure, je crois qu'il en perdroit
9 4356 3140 4543 l'eſprit: elle me blâma beaucoup de mon peu
9 4500 3144 4711 de confiance, & d'avoir caché mon acci-
10 4696 3137 4870 dent à mes amis, proteſtant que ſi elle
9 4856 3145 5036 n'eût point eu d'argent, elle auroit plutôt
9 5023 3156 5202 vendu ſa vaiſſelle, que de me ſouffrir un
10 5190 3140 5363 inſtant en priſon. Pendant le ſouper, la
10 5357 3137 5530 converſation roula ſur le lieu dont je ve-
10 5513 3164 5698 nois de ſortir: j'apris à M. Diaper la mort
251 5688 3148 5851 du pauvre Spéculiſte avec toutes ſes cir-
255 5851 3170 6026 conſtances: ce fut pour nous tous une ſource
248 6018 3137 6178 de réflexions curieuſes & utiles. Ce qui me
251 6174 3153 6359 ſurprend davantage, dit mon pere, c'eſt
248 6345 3170 6520 que Sir William Failer ait ſi peu d'amis,
