4266 7540
643 722 2924 897 De Josrph Thonpson.
35 880 2931 1059 Sir Villiam deſcend en ligne collatérale
38 1046 2924 1208 d'une des plus nobles & des plus ancien-
139 1204 2920 1378 nes familles du nord de l'Ecoſſe; les chefs
143 1370 2920 1538 de ſa maiſon ſe trouvanr entraînés dans
132 1528 2924 1695 la derniere rebellion, contre le Prince
143 1686 2927 1853 actuellement regnant, furent obligés d'a-
150 1845 2931 2015 bandonner leur pays natal; mais ils font
143 2003 2931 2174 actuellement une figure brillante chez nos
139 2165 2931 2333 voiſins, & l'un deux y eſt devenu un des
143 2326 2938 2495 meilleurs Officiers généraux qu'il y ait en
143 2485 2935 2656 Europe. Il avoit la taille haute & bien priſe,
139 2647 2938 2812 beaucoup de vivacité d'eſprit, & une
150 2805 2935 2972 éducation brillante dont vous avez pu aper-
157 2960 2942 3129 cevoir quelques reſtes. Son nom & ſa fa-
143 3122 2927 3286 mille le firent paroître dans le monde avec
154 3283 2931 3450 beaucoup d'avantage; & quoique le bien de
157 3442 2931 3606 ſon pere ſoit fort modique, il auroit pû,
154 3600 2935 3764 par une grande connoiſſance du monde,
168 3755 2935 3925 & par ſon habileté à gérer les affaires pu-
161 3913 2938 4086 bliques, trouver beaucoup d'encourage-
161 4068 2942 4241 ment de la part de ceux qui étoient à la
107 4237 2946 4403 tête du gouvernement à la fin du regne
110 4395 2949 4563 de la Reine Anne; mais préciſément dans
161 4557 2945 4727 le tems qu'il arriva à Londres, la Reine
125 4712 2949 4880 mourut, & les amis qui auroient pu l'a-
168 4873 2956 5040 vancer, furent écartés des affaires. Bien-
168 5032 2949 5196 tôt aptès il ſe mit ſur les rangs pour être
168 5187 2949 5357 nommé Député de ſa ville au Parlement;
179 5348 2953 5519 mais il fut traverſé dans ce projet par un
132 5500 2953 5678 homme de grande diſtinction qui fit tour-
179 5669 2956 5838 ner l'élection à ſon déſavantage. Sir Vil-
183 5827 2960 5998 liam s'en plaignit à la Chambre, & il
190 5982 2978 6156 avoit des preuves ſi convaincantes de ſé-
154 6140 2960 6313 duction & de corruption à produire, qu'on
2658 7353 3597 7425 ..
