4266 7552
626 774 2996 961 n'Joson.
39 940 3014 1114 port, quoique le public n'ait jamais
151 1106 3003 1280 ſçu quel uſage on en avoit fait. Sir Villiam
132 1269 3310 1440 étant en ſuite revenu en Angleterre, je me
147 1431 3004 1590 ſouviens qu'il eût recours à ce même grand
158 1593 3007 1762 Miniſtre pour obtenir quelques gratifica-
161 1755 3007 1924 tions pécuniaires; mais celui-ci lui rit au nez,
165 1914 3003 2082 & lui dit qu'il avoit été une fois à ſon
161 2073 3007 2243 choix de faire ſa fortune, s'il eût voulu
154 2235 3014 2404 garder pour lui ce qui avoit été, ſans
168 2397 3014 2565 doute, diſtribué entre un petit nombre de
176 2556 3011 2723 mauvais ſujets. C'eſt ainſi que ce Miniſtre
154 2722 3025 2882 avouoit franchement la corruption qui re-
89 2877 3018 3040 gnoit dans le miniſtére, & dont il étoit
158 3036 3018 3205 même le protecteur. Sir Villiam s'amoura-
161 3198 3018 3363 cha dans cette colonie d'une veuve riche
176 3353 3014 3527 & fort belle, apellée Mathilde; il profita
136 3515 3029 3687 de tous les avantages de ſa figure & de
187 3681 3032 3839 ſon autorité pour s'en faire aimer, & il
186 3836 3029 4008 l'épouſa; mais il s'en fallut beaucoup que
93 3991 3032 4166 ce mariage ne fut auſſi heureux qu'il l'avoit
186 4154 3040 4326 eſpéré: au bout de quelques mois il ne
194 4316 3051 4471 vit plus en elle que ce qu'elle étoit réel-
194 4475 3047 4645 lement, une femme opiniâtre, de mau-
194 4637 3047 4803 vaiſe humeur, & une blgotte achevée, qui
197 4796 3054 4955 ne parloit que de graces, d'Egliſe, &
114 4954 3054 5120 même entre les bras de ſon mari qui mar-
204 5117 3058 5281 mottoit des prieres à contre-tems. Ce fut
204 5275 3054 5443 envain qu'il tâcha d'adoucir cette rudeſſe, &
125 5438 3065 5609 cette dévotion farouche. C'étoit une Pres-
219 5593 3065 5763 bytérienne de la plus fine trempe qui, pour
219 5766 3076 5930 un jurement, ou un ſeul terme profane
136 5924 3068 6090 qui auroit échapé à ſon mari dans la colere,
139 6080 3068 6252 l'auroit privé de ſa compagnie pour un
223 6242 3076 6408 mois. Un jour, depuis ſon retour à Lon-
