4266 7611
1241 626 3702 804 LaVEETLES vvENures
1234 793 4094 966 dres, il m'invita à dîner chez lui avec
1231 950 4095 1291 bimaneie; ete ann mos qui a as
1238 1278 4087 1453 le dîner pour aller à l'Egliſe, ſuivant ſa
1231 1442 4087 1615 coutume. Sir Villiam nous avoit vanté
1227 1605 4080 1774 un certain vin de Madère, dont il pré-
1220 1762 4073 1935 tendoit nous régaler; mais lorſqu'il fut queſ-
1220 1926 4065 2099 tion d'en faire venir, il ſe trouva que
1219 2087 4073 2260 Miladi avoit emporté avec elle la clef de la
1216 2251 4073 2420 cave. Ce n'étoit pas la premiere fois qu'elle
1209 2411 4069 2575 lui avoit joué de ces tours, ſous prétexte
1209 2571 4058 2743 de l'empêcher de profaner le Dimanche,
1209 2728 4062 2904 & juſques-là, il ne s'en étoit pas plaint
1220 2896 4062 3070 pour le bien de la paix. Il y avoit chez lui
1209 3052 4062 3227 un domeſtique, garçon fort hardi, à l'aide
1205 3216 4058 3388 duquel il enfonça la porte; après quoi la
1201 3377 4058 3551 lui chargeant ſur les épaules, ce garçon la
1205 3537 4044 3707 porta juſqu'à l'Egliſe, qui n'étoit pas éloi-
1212 3701 4051 3873 gnée, & la poſant auprès du bans de ſa
1205 3865 4051 4030 maîtreſſe, il lui dit que ſon maître la prioit
1201 4018 4051 4193 d'ouvrir cette porte, puiſqu'elle en avoit
1201 4185 4047 4353 gardé la clef. Milady cria beaucoup: cela
1198 4346 4036 4516 excita dans l'aſſemblée tant de murmures,
1190 4502 4044 4676 que le Miniſtre fut obligé de s'arrêter au
1190 4670 4040 4833 milieu de ſon diſcours; & déjà un des an-
1190 4823 4040 4984 ciens vouloit faire ſortir le domeſtique,
1190 4983 4040 5157 lorſque Sir Villiam parut, & s'adreſſant à
1187 5147 4033 5319 ſa femme: Madame, lui dit-il, votre affec-
1190 5311 4033 5481 tation de piété ne doit pas me priver de
1183 5472 4036 5645 mon vin; donnez-lui la clef à l'inſtant, ou
1179 5632 4033 5806 je vous fais porter en proceſſion ſur la porte
1176 5800 4029 5965 même, & je vous la ferai ouvrir au logis.
1176 5960 4032 6288 hainne deoonatea deſr aei a e ne meouu-
3861 6280 4034 6409 lut
