4266 7540
697 848 3025 1022 De Josepn Thompson.
35 1006 3010 1188 lut plus rentrer à la maiſon, & ils ſe ſépa-
35 1172 3014 1343 rerent ainſi de bon gré. Sir Villiam lui ren-
211 1330 3028 1508 dit tout ſon bien, pour ſon entretien, &
215 1492 3032 1669 celui des enfans qu'elle avoit eus d'un pre-
215 1649 3035 1827 mier mari. Quelques années après ſe trou-
215 1812 3046 1978 vant ſans emploi, il ſollicita & obtint un
218 1970 3053 2149 gouvernement au nord de l'Amérique; il
222 2129 3053 2307 s'y comporta pendant quinze ans à la ſa-
233 2294 3057 2468 tisfaction du miniſtere, & à l'avantage du
229 2449 3068 2661 peuple, qui lui étoit confié; cependant il
236 2611 3064 2781 séleva contre lui une faction qui réuſſit à
229 2773 3064 2945 le dépoſſéder; & il revint en Angleterre
243 2927 3064 3101 auſſi pauvre qu'il en étoit ſorti. Depuis ce
236 3093 3043 3264 tems il a employé tous ſes talens à imagi-
247 3251 3071 3425 ner des projets pour le bien public, dont il
247 3413 3068 3568 fut bien récompenſé par le Général Com-
251 3568 3072 3741 mode, & Sir Houghton Hall; le premier
254 3726 3075 3900 étoit un protecteur fort accrédité & très-
258 3888 3093 4058 intégre, généreux à l'excès; l'autre étoit
262 4046 3064 4216 auſſi remarquable à la tête des affaires par
261 4208 3089 4379 l'étendue de ſon pouvoir. Pluſieurs de ſes
269 4366 3075 4541 projets furent mis à exécution; mais il dé-
269 4528 3089 4698 penſa toutes les gratifications qui lui en re-
272 4692 3089 4853 vinrent à attirer chez lui la meilleure com-
271 4846 3143 5020 pagnie, & à faire grande figure. Il n'y a
222 5003 3097 5179 ſans difficulté perſonne en Angleterre qui
226 5165 3104 5343 entende mieux les intérêts de la nation, &
283 5320 3150 5507 ceux des nombreuſes colonies d'Amérique
297 5489 3097 5663 qui en dépendent. Mais ce premier Miniſ-
290 5654 3104 5825 tre ayant été diſgracié & forcé de ſe reti-
139 5809 3169 5981 rer, Sir Villiam reſta quelque tems ſans
308 5970 3176 6142 emploi, & ayant contracté des dettes
316 6126 3183 6300 conſidérables (car il s'en faut beaucoup
153 6287 3194 6464 qu'il ſoit arrangé dans ſes affaires,) il fur
161 6434 1290 6626 1. Partie.
2434 6456 2612 6619 D
