4266 7663
1178 754 3717 931 LA VIESAVEntuRes
1167 920 4023 1100 lut plus le voir. Il ſollicita enſuite l'admiſſion
1005 1087 4022 1262 de certains projets qu'il avoit propoſés pour
1189 1248 4026 1429 l'avantage du commerce; il en tira beau-
1193 1410 4026 1589 coup d'argent à diverſes repriſes; mais il
1196 1576 4015 1755 a toujours été perſécuté par un tailleur à
1185 1742 4023 1917 qui il devoit beaucoup, & qui avoit mis
1189 1907 4019 2077 ſes intérêts entre les mains d'un Procureur
1193 2066 4034 2243 de bon appétit. C'étoit un pauvre homme,
1189 2236 4026 2410 qui toutes les fois qu'il manquoit d'habits,
1189 2398 4037 2571 s'en alloit dans un caffé où Sir Villiam ſe
1197 2563 4041 2729 trouvoit ordinairement; & comme celui-
1200 2718 4037 2889 ci ne pouvoit cacher la nobleſſe de ſon
1196 2884 4067 3058 ame, quand il étoit en argent comptant,
1196 3050 4092 3221 le Procureur n'en étoit pas plutôt inſtruit,
1207 3212 4041 3386 qu'il engageoit le tailleur à le faire arrêter.
1207 3378 4096 3536 En effet, Sir Villiam a été pris cinq fois
1204 3540 4063 3877 ua laa laſeſle de e noereeou : quiaa
1211 3868 4056 4198 is, ee eoos que el et one eeoour la
1211 4192 4052 4365 même dette qu'il eſt détenu à la Flotte.
1215 4358 4048 4525 J'avoue que Sir Villiam a aimé un peu trop
1215 4523 4089 4690 les femmes, & que ſes débauches lui ont
1218 4682 4052 4849 fait perdre quelques amis: mais il eſt cer-
1182 4833 4063 5012 tain, du moins par ce qu'il m'a fait enten-
1222 4995 4060 5177 dre, qu'il a rendu à ſa patrie de grands ſer-
1222 5157 4067 5339 vices, dont quelques-uns même n'ont point
1230 5327 4063 5504 été récompenſés: & quoiqu'il ſoit encore
1233 5493 4070 5661 en état de lui en rendre, ſur-tout en Amé-
1230 5651 4063 5830 rique, n'y ayant perſonne dans la nation
1233 5817 4063 5995 qui entende ſi bien que lui le département
1226 5983 4067 6159 de la pêche, il s'eſt offert inutilement à un
1182 6145 4100 6314 Miniſtre pour cinq ſchellins par jour; & il
1237 6307 4133 6454 ſe trouve dans le cas de mourir de faim:
