4266 7632
497 797 3259 987 DE Josepu Thompson.
10 977 3006 1165 en vérité c'eſt une honte pour notre pays.
9 1134 3006 1313 Il m'a remis une copie de la lettre tou-
10 1284 3009 1474 chante, qu'il a écrite à ce Grand; elle
167 1453 3006 1635 prouve bien le triſte état où il eſt réduit,
178 1621 3013 1800 & je me regarde comme fort heureux
170 1782 3009 1957 d'avoir pu lui donner quelques ſecours. Mon
174 1929 3013 2117 pere nous lut enſuite cette lettre qui eſt
178 2107 3029 2287 datée de la Flotte, & dont voici les termes.
511 2439 1288 2614 Monſieur,
318 2746 3021 2939 „Il y a près de cina mois que je ſuis
178 2927 3021 3104 „détenu ici pour une dette au-deſſous de
200 3086 3028 3265 „trente piéces; je n'en dois pas plus de
200 3258 3028 3425 „cinquante d'ailleurs, & je ne crains pas
200 3420 3035 3585 „qu'on puiſſe former contre moi de pré-
197 3577 3040 3744 „tentions plus conſidérables dans le mon-
208 3738 585 3896 „de.
57 3885 3028 4093 „A la premiere nouvelle que j'ai apriſe
200 4057 3039 4236 „de l'établiſſement qu'on veut faire, par
204 4222 3277 4398 „lequel on prétend former une barriere
211 4395 3039 4556 „importante pour toutes nos colonies,
211 4555 3043 4728 „améliorer notre commerce avec les na-
208 4712 3043 4888 „tions Indiennes éloignées, & en même-
219 4870 3053 5049 „tems perfectionner celui de la pêche,
219 5038 3039 5211 „j'ai été au déſeſpoir que ma malheureuſe
208 5199 3040 5372 „détention me privât de l'honneur de
219 5361 3066 5544 „vous rendre une viſite, & de vous con-
131 5529 3086 5700 „fier beaucoup de vérités importantes à
83 5694 3061 5862 „ce ſujet, dont quelques-unes vous ſont
229 5856 3083 6029 „peut-être inconnues; car ſans parler des
233 6023 3054 6190 „avantages particuliers que de pareils avis
230 6177 3057 6350 „pourroient me procurer, j'oſe vous aſſu-
233 6339 3130 6518 „rer très-humblement, que j'aurois le
