<PcGts xmlns="http://schema.primaresearch.org/PAGE/gts/pagecontent/2017-07-15" xmlns:xsi="http://www.w3.org/2001/XMLSchema-instance" xsi:schemaLocation="http://schema.primaresearch.org/PAGE/gts/pagecontent/2017-07-15 http://schema.primaresearch.org/PAGE/gts/pagecontent/2017-07-15/pagecontent.xsd"><Metadata><Creator>User123</Creator><Created>2020-10-08T14:55:08</Created><LastChange>2020-10-08T14:55:08</LastChange></Metadata><Page imageFilename="0064.png" imageHeight="7754" imageWidth="4266"><TextRegion id="r0" type="paragraph" orientation="-0.0"><Coords points="1,1 4264,1 4264,7752 1,7752"/><TextLine id="r0_l001"><Coords points="651,805 3099,805 3099,1003 651,1003"/><TextEquiv index="1"><Unicode>DE Josepn Thomson.</Unicode></TextEquiv></TextLine><TextLine id="r0_l002"><Coords points="716,1541 714,1540 714,1539 713,1537 700,1537 699,1537 699,1536 698,1534 694,1534 691,1532 691,1531 691,1530 690,1530 687,1528 687,1527 687,1526 686,1526 684,1525 684,1524 683,1522 682,1522 680,1521 680,1520 680,1519 679,1519 676,1517 676,1516 676,1515 675,1515 673,1514 673,1510 671,1507 670,1507 669,1507 669,1502 668,1500 667,1500 665,1499 665,1494 664,1492 663,1492 661,1491 661,1469 665,1465 665,1461 668,1458 669,1458 669,1458 669,1445 670,1444 671,1444 673,1442 673,1438 675,1436 676,1436 676,1436 676,1435 679,1432 680,1432 680,1432 680,1431 683,1428 684,1428 684,1428 684,1427 686,1425 687,1425 687,1425 687,1424 690,1421 698,1421 699,1420 699,1419 700,1418 701,1418 703,1416 703,1415 704,1414 709,1414 710,1413 710,1412 712,1410 953,1410 953,1410 953,1409 956,1406 1533,1406 1533,1406 1533,1337 1535,1335 1537,1335 1537,1335 1537,1333 1539,1331 1541,1331 1541,1331 1541,1329 1542,1328 1545,1328 1545,1329 1545,1365 1546,1365 2008,1365 2009,1367 2009,1368 2011,1369 2019,1369 2022,1372 2025,1372 2026,1373 2027,1373 2028,1375 2028,1376 2029,1376 2034,1376 2035,1378 2035,1387 2036,1387 2052,1387 2053,1388 2054,1388 2054,1389 2054,1391 2055,1391 2060,1391 2061,1393 2061,1398 2063,1399 2068,1399 2069,1401 2069,1406 2070,1406 2075,1406 2076,1408 2076,1410 2077,1410 2472,1410 2473,1412 2473,1413 2475,1414 2480,1414 2480,1415 2480,1420 2482,1421 2483,1421 2484,1423 2484,1436 2485,1436 2671,1436 2671,1437 2671,1440 2671,1440 2526,1440 2525,1441 2525,1529 2524,1530 2523,1530 2522,1531 2522,1536 2521,1537 2520,1537 2518,1539 2518,1540 2517,1541"/><TextEquiv index="1"><Unicode>CHAPITRE XLI.</Unicode></TextEquiv></TextLine><TextLine id="r0_l003"><Coords points="1500,1866 1499,1866 1499,1819 1499,1818 1190,1818 1189,1819 1189,1840 1189,1840 1188,1840 1186,1842 1186,1846 1173,1859 1169,1859 1166,1862 1166,1863 1166,1863 1150,1863 1148,1862 1148,1857 1148,1856 1147,1856 1144,1854 1144,1849 1144,1848 1056,1848 1055,1848 1055,1847 1053,1844 1052,1844 1051,1844 1051,1842 1051,1841 1050,1841 1049,1840 931,1840 898,1840 897,1841 897,1862 896,1863 869,1863 868,1863 868,1862 866,1859 861,1859 860,1859 860,1823 860,1822 614,1822 613,1823 613,1836 613,1836 612,1836 609,1839 609,1840 609,1840 608,1840 605,1843 605,1844 605,1844 604,1844 594,1854 594,1855 594,1855 571,1855 570,1856 531,1856 530,1857 530,1859 530,1859 525,1859 523,1861 523,1862 522,1863 503,1863 497,1858 497,1823 497,1822 180,1822 179,1823 179,1824 178,1825 177,1825 176,1826 129,1826 126,1824 126,1823 126,1822 125,1822 122,1820 122,1737 122,1736 121,1736 119,1735 119,1730 121,1728 122,1728 122,1728 122,1727 125,1724 126,1724 126,1724 126,1719 128,1717 133,1717 134,1716 134,1704 140,1698 152,1698 152,1698 152,1697 155,1694 159,1694 160,1693 160,1692 161,1691 163,1691 164,1693 164,1694 165,1694 278,1694 284,1701 284,1743 285,1743 620,1743 620,1743 620,1738 623,1735 624,1735 624,1735 624,1730 626,1728 627,1728 628,1727 628,1722 629,1721 630,1721 632,1719 632,1718 633,1717 634,1717 635,1716 635,1712 645,1702 649,1702 650,1701 650,1700 652,1698 657,1698 658,1697 658,1696 660,1694 682,1694 683,1695 684,1695 684,1696 684,1697 690,1702 691,1702 691,1703 691,1747 692,1747 1001,1747 1002,1746 1002,1745 1004,1743 1110,1743 1111,1742 1111,1737 1112,1736 1113,1736 1114,1735 1114,1730 1116,1728 1117,1728 1118,1727 1118,1723 1121,1720 1122,1720 1122,1720 1122,1715 1124,1713 1129,1713 1129,1713 1129,1712 1139,1702 1143,1702 1145,1700 1145,1699 1146,1698 1151,1698 1152,1697 1152,1696 1154,1694 1259,1694 1260,1696 1260,1697 1261,1697 1262,1698 1263,1698 1264,1700 1264,1743 1265,1743 1451,1743 1451,1743 1451,1704 1453,1702 1454,1702 1455,1701 1455,1700 1457,1698 1473,1698 1473,1698 1473,1697 1476,1694 1478,1697 1478,1698 1479,1698 1480,1698 1481,1700 1481,1743 1482,1743 1810,1743 1810,1743 1810,1735 1811,1734 1811,1733 1812,1732 1813,1732 1814,1731 1814,1730 1816,1728 1817,1728 1818,1727 1818,1722 1819,1721 1820,1721 1822,1719 1822,1715 1824,1713 1825,1713 1825,1713 1825,1712 1828,1709 1829,1709 1829,1709 1829,1708 1832,1705 1833,1705 1833,1705 1833,1704 1835,1702 1839,1702 1843,1698 1847,1698 1848,1697 1848,1696 1849,1695 1850,1695 1851,1694 1865,1694 1867,1697 1867,1698 1868,1698 1873,1698 1874,1700 1874,1701 1876,1702 1877,1702 1878,1704 1878,1743 1879,1743 2000,1743 2004,1747 2161,1747 2163,1745 2163,1744 2164,1743 2165,1743 2166,1742 2166,1707 2167,1706 2168,1706 2176,1698 2304,1698 2304,1698 2304,1697 2307,1694 2315,1694 2316,1693 2316,1692 2317,1691 2349,1691 2349,1691 2349,1690 2350,1689 2350,1688 2351,1687 2352,1687 2353,1686 2353,1685 2355,1683 2356,1683 2357,1685 2357,1686 2358,1687 2359,1687 2360,1687 2361,1689 2361,1690 2362,1690 2474,1690 2475,1691 2476,1691 2477,1693 2477,1743 2478,1743 2517,1743 2518,1745 2518,1746 2520,1747 2681,1747 2682,1746 2682,1739 2683,1738 2683,1707 2685,1705 2686,1705 2686,1705 2686,1704 2688,1702 2726,1702 2730,1698 2745,1698 2746,1700 2746,1701 2748,1702 2944,1702 2944,1703 2944,1704 2945,1704 2947,1706 2948,1706 2948,1707 2948,1720 2949,1720 2976,1720 2977,1721 2978,1721 2978,1722 2978,1739 2979,1739 3100,1739 3101,1740 3102,1740 3102,1741 3102,1742 3104,1743 3105,1743 3105,1744 3105,1747 3105,1747 3076,1747 3075,1748 3075,1754 3074,1755 3073,1755 3072,1756 3072,1757 3071,1758 3070,1758 3068,1760 3068,1761 3067,1762 3059,1762 3057,1764 3057,1768 3056,1769 3052,1769 3049,1772 3049,1776 3048,1777 3032,1777 3031,1778 3031,1779 3029,1781 3028,1781 3027,1782 3027,1787 3026,1788 3025,1788 3023,1790 3023,1791 3022,1792 3021,1792 3019,1794 3019,1799 3019,1799 3018,1799 3016,1801 3016,1809 3014,1811 3013,1811 3012,1812 3012,1817 3011,1818 3010,1818 3008,1820 3008,1821 3007,1822 2954,1822 2952,1821 2952,1820 2951,1818 2303,1818 2301,1820 2301,1828 2300,1829 2299,1829 2297,1831 2297,1836 2296,1837 2295,1837 2294,1838 2293,1839 2293,1840 2293,1840 2292,1840 2289,1843 2289,1844 2289,1844 2288,1844 2286,1846 2286,1847 2286,1847 2285,1848 2284,1848 2282,1850 2282,1851 2281,1852 2276,1852 2275,1853 2275,1854 2274,1855 2270,1855 2269,1856 2268,1856 2267,1857 2267,1858 2266,1859 2209,1859 2207,1858 2207,1857 2206,1855 2205,1855 2203,1854 2203,1819 2203,1818 1804,1818 1803,1819 1803,1825 1803,1825 1802,1825 1799,1828 1799,1836 1798,1837 1797,1837 1796,1838 1796,1839 1795,1840 1794,1840 1792,1842 1792,1843 1791,1844 1790,1844 1788,1846 1788,1847 1787,1848 1786,1848 1784,1850 1784,1851 1783,1852 1778,1852 1777,1853 1777,1854 1776,1855 1761,1855 1758,1858 1758,1859 1758,1859 1756,1859 1754,1858 1754,1857 1753,1855 1748,1855 1747,1855 1747,1854 1745,1851 1744,1851 1743,1851 1743,1819 1743,1818 1505,1818 1504,1819 1504,1866 1504,1866"/><TextEquiv index="1"><Unicode>Thompſon perſiſte dans ſon deſſein d'aller</Unicode></TextEquiv></TextLine><TextLine id="r0_l004"><Coords points="2875,2033 2874,2033 2874,1984 2874,1983 2815,1983 2814,1984 2814,1985 2813,1986 2812,1986 2810,1988 2810,1989 2809,1990 2796,1990 2795,1990 2795,1985 2794,1983 2628,1983 2627,1984 2627,1985 2626,1986 2493,1986 2492,1987 2492,1989 2491,1990 2490,1990 2488,1992 2488,1997 2488,1997 2487,1997 2484,2000 2484,2004 2479,2009 2478,2009 2477,2010 2477,2011 2475,2013 2474,2013 2473,2014 2473,2015 2472,2016 2463,2016 2462,2017 2461,2017 2460,2016 2459,2016 2458,2016 2458,1987 2458,1986 2325,1986 2323,1985 2323,1984 2323,1983 1755,1983 1754,1984 1754,1986 1754,1986 1749,1986 1747,1988 1747,1989 1746,1990 1737,1990 1736,1990 1736,1989 1734,1986 1540,1986 1537,1989 1537,1990 1537,1990 1535,1990 1533,1989 1533,1988 1532,1986 1418,1986 1417,1987 1417,2033 1417,2033 1415,2033 1414,2033 1414,1987 1414,1986 1209,1986 1208,1987 1208,1997 1207,1998 1205,1998 1204,1999 1204,2001 1204,2001 1203,2001 1202,2002 1168,2002 1167,2003 1167,2015 1166,2016 1162,2016 1154,2024 1153,2024 1152,2025 1152,2026 1150,2028 1146,2028 1144,2030 1144,2031 1144,2031 1112,2031 1111,2031 1111,2030 1109,2027 1108,2027 1107,2027 1107,2026 1106,2024 1105,2024 1103,2023 1103,1987 1103,1986 805,1986 804,1987 804,1989 803,1990 798,1990 796,1992 796,1993 795,1994 688,1994 687,1995 687,2033 687,2033 674,2033 673,2033 673,1987 673,1986 288,1986 287,1987 287,1993 286,1994 285,1994 284,1995 284,2003 283,2004 283,2005 283,2005 282,2005 280,2007 280,2011 278,2013 277,2013 276,2014 276,2015 275,2016 263,2016 257,2011 257,2010 257,2009 251,2009 250,2009 250,2007 256,2001 257,2001 257,2001 257,2000 259,1998 263,1998 265,1996 265,1992 267,1990 268,1990 268,1990 268,1974 271,1971 272,1971 272,1971 272,1962 274,1960 275,1960 276,1959 276,1951 278,1949 279,1949 280,1948 280,1936 282,1934 283,1934 283,1934 283,1925 285,1923 286,1923 287,1922 287,1917 288,1916 289,1916 291,1914 291,1906 293,1904 294,1904 295,1903 295,1898 296,1897 297,1897 299,1895 299,1894 300,1893 301,1893 302,1892 302,1887 303,1886 304,1886 306,1884 306,1879 307,1878 312,1878 314,1876 314,1875 315,1874 320,1874 321,1873 321,1872 323,1870 324,1870 325,1869 325,1868 326,1867 327,1867 328,1866 335,1866 338,1863 346,1863 347,1865 347,1866 348,1866 349,1866 350,1867 354,1867 355,1869 355,1870 356,1870 357,1870 358,1872 358,1911 359,1911 394,1911 395,1912 589,1912 590,1911 920,1911 920,1911 920,1872 922,1870 923,1870 923,1870 923,1869 925,1867 926,1867 927,1866 946,1866 946,1866 946,1865 948,1863 964,1863 965,1865 965,1866 967,1867 1103,1867 1103,1868 1103,1869 1106,1871 1107,1871 1107,1872 1107,1911 1108,1911 1488,1911 1488,1911 1488,1874 1489,1873 1489,1872 1491,1870 1492,1870 1492,1870 1492,1869 1494,1867 1498,1867 1499,1866 1505,1866 1506,1867 1507,1867 1507,1868 1507,1869 1510,1871 1511,1871 1511,1872 1511,1904 1512,1904 1514,1904 1515,1906 1515,1911 1516,1911 1881,1911 1881,1911 1881,1874 1882,1873 1882,1872 1884,1870 1885,1870 1885,1870 1885,1869 1887,1867 1888,1867 1889,1866 1894,1866 1895,1867 2090,1867 2091,1866 2092,1867 2102,1867 2102,1868 2102,1878 2103,1879 2103,1911 2104,1911 2282,1911 2282,1911 2282,1910 2284,1908 2498,1908 2499,1907 2499,1899 2502,1896 2503,1896 2503,1896 2503,1891 2505,1889 2506,1889 2506,1889 2506,1888 2509,1885 2510,1885 2510,1885 2510,1880 2512,1878 2517,1878 2518,1877 2518,1872 2520,1870 2521,1870 2522,1869 2522,1868 2523,1867 2528,1867 2529,1866 2529,1865 2531,1863 2562,1863 2563,1865 2563,1867 2564,1867 2667,1867 2668,1869 2668,1870 2669,1870 2670,1870 2671,1872 2671,1904 2672,1904 2708,1904 2709,1906 2709,1911 2710,1911 2770,1911 2771,1912 2772,1912 2772,1913 2772,1914 2773,1914 2774,1915 2775,1915 2776,1917 2776,1960 2777,1960 2929,1960 2929,1960 2929,1952 2930,1951 2930,1950 2931,1949 2932,1949 2933,1948 2933,1940 2935,1938 2936,1938 2936,1938 2937,1937 2937,1936 2939,1934 2940,1934 2941,1933 2941,1876 2947,1870 2963,1870 2963,1870 2963,1869 2965,1867 2966,1867 2967,1866 2981,1866 2982,1865 2982,1864 2983,1863 2985,1863 2986,1865 2986,1866 2987,1866 3039,1866 3040,1867 3041,1867 3042,1869 3042,1870 3043,1870 3070,1870 3072,1873 3072,1900 3072,1900 3035,1900 3034,1901 3034,1963 3033,1964 3032,1964 3031,1965 3031,1970 3030,1971 3029,1971 3027,1973 3027,1974 3026,1975 3021,1975 3020,1976 3020,1977 3018,1979 3014,1979 3012,1981 3012,1982 3012,1982 3011,1982 3010,1983 2893,1983 2892,1984 2892,2033 2892,2033"/><TextEquiv index="1"><Unicode>ſur mer. Prig arrive: il le conſulte. Il</Unicode></TextEquiv></TextLine><TextLine id="r0_l005"><Coords points="554,2202 553,2202 553,2201 553,2200 435,2200 433,2199 433,2198 432,2196 413,2196 409,2192 225,2192 224,2192 224,2191 222,2188 221,2188 220,2188 220,2179 222,2177 227,2177 227,2177 227,2067 229,2065 291,2065 291,2065 291,2055 292,2054 293,2054 295,2052 295,2048 297,2046 298,2046 298,2046 298,2045 301,2042 305,2042 306,2041 306,2040 307,2039 673,2039 673,2039 673,2034 674,2033 1384,2033 1386,2031 2480,2031 2480,2031 2480,2030 2482,2028 2483,2028 2484,2027 2508,2027 2509,2028 2510,2028 2510,2029 2510,2030 2512,2031 2996,2031 2997,2033 2997,2034 2999,2035 3007,2035 3008,2037 3008,2125 3009,2125 3037,2125 3038,2127 3038,2128 3039,2128 3040,2128 3042,2131 3042,2132 3043,2132 3044,2132 3046,2135 3046,2142 3044,2144 3043,2144 3042,2145 3042,2150 3041,2151 3040,2151 3038,2153 3038,2154 3037,2155 3036,2155 3034,2157 3034,2158 3033,2159 1868,2159 1867,2160 1867,2161 1866,2162 1865,2162 1864,2163 1863,2164 1863,2165 1862,2166 1861,2166 1859,2168 1859,2173 1859,2173 1858,2173 1855,2176 1855,2177 1855,2177 1854,2177 1851,2180 1851,2181 1851,2181 1846,2181 1844,2183 1844,2184 1844,2184 1843,2185 1842,2185 1840,2187 1840,2188 1840,2188 1839,2188 1838,2189 1831,2189 1829,2191 1829,2192 1829,2192 1622,2192 1619,2195 1619,2196 1619,2196 1000,2196 998,2198 998,2199 997,2200 719,2200 718,2201 718,2202 718,2202"/><TextEquiv index="1"><Unicode>uge à propos d'employer M. Goodvill.</Unicode></TextEquiv></TextLine><TextLine id="r0_l006"><Coords points="2541,2367 2540,2367 2540,2366 2540,2365 2402,2365 2401,2364 2385,2364 2383,2363 2383,2362 2383,2361 2378,2361 2376,2360 2376,2359 2375,2357 2374,2357 2372,2356 2372,2355 2371,2353 2370,2353 2368,2352 2368,2351 2368,2350 2367,2350 2364,2348 2364,2332 2364,2331 2363,2331 2361,2330 2361,2317 2361,2316 2175,2316 2174,2317 2174,2318 2172,2320 2158,2320 2157,2319 2051,2319 1967,2319 1966,2320 1490,2320 1489,2321 1489,2322 1488,2323 1247,2323 1245,2322 1245,2321 1245,2320 1071,2320 1069,2322 1069,2323 1069,2323 1060,2323 1058,2322 1058,2321 1058,2320 285,2320 283,2322 283,2323 283,2323 267,2323 265,2325 265,2326 264,2327 263,2327 261,2326 261,2325 260,2323 255,2323 254,2323 254,2322 253,2321 253,2311 256,2308 257,2308 257,2308 257,2307 260,2304 279,2304 280,2303 280,2302 281,2301 286,2301 287,2300 287,2299 289,2297 290,2297 291,2296 291,2295 293,2293 294,2293 295,2292 295,2291 296,2290 297,2290 299,2288 299,2287 300,2286 301,2286 302,2285 302,2284 303,2283 304,2282 305,2282 306,2281 306,2280 308,2278 313,2278 313,2278 313,2273 315,2271 320,2271 321,2270 321,2265 323,2263 324,2263 325,2262 325,2261 326,2260 327,2260 328,2259 328,2258 330,2256 331,2256 332,2255 332,2254 334,2252 335,2252 336,2251 336,2250 338,2248 339,2248 340,2247 340,2246 341,2245 342,2245 343,2244 343,2243 345,2241 346,2241 347,2240 347,2239 349,2237 350,2237 351,2236 351,2235 353,2233 358,2233 358,2233 358,2232 360,2230 361,2229 362,2229 362,2229 362,2228 363,2227 364,2226 365,2226 366,2225 366,2224 368,2222 369,2222 369,2222 369,2218 370,2217 370,2216 371,2215 372,2215 373,2214 373,2213 375,2211 376,2211 377,2210 377,2209 379,2207 380,2207 380,2207 381,2206 381,2205 383,2203 552,2203 553,2202 701,2202 702,2201 714,2201 715,2202 717,2202 717,2203 717,2245 718,2245 899,2245 900,2244 901,2244 901,2244 901,2209 903,2207 908,2207 908,2207 908,2206 911,2203 922,2203 924,2206 924,2207 925,2207 926,2207 927,2209 927,2248 928,2248 1133,2248 1133,2248 1133,2247 1135,2245 1208,2245 1208,2245 1208,2243 1214,2237 1215,2237 1215,2237 1215,2232 1217,2230 1218,2230 1219,2229 1219,2228 1221,2226 1222,2226 1223,2225 1223,2224 1225,2222 1226,2222 1227,2221 1227,2220 1228,2219 1229,2218 1230,2218 1230,2218 1230,2217 1232,2215 1236,2215 1237,2214 1238,2214 1238,2214 1238,2213 1240,2211 1241,2211 1241,2211 1241,2210 1244,2207 1248,2207 1249,2206 1249,2205 1250,2204 1251,2204 1252,2203 1260,2203 1260,2203 1260,2202 1262,2200 1274,2200 1275,2199 1275,2198 1277,2196 1297,2196 1298,2198 1298,2199 1300,2200 1320,2200 1320,2201 1320,2230 1321,2230 1376,2230 1376,2231 1376,2232 1378,2233 1386,2233 1388,2236 1388,2237 1389,2237 1556,2237 1556,2237 1556,2205 1557,2204 1558,2204 1559,2203 1563,2203 1563,2203 1563,2202 1565,2200 1683,2200 1683,2201 1683,2248 1684,2248 1829,2248 1829,2248 1829,2246 1830,2245 1981,2245 1983,2243 1983,2242 1984,2241 2222,2241 2222,2241 2222,2205 2223,2204 2224,2204 2230,2198 2230,2197 2231,2196 2251,2196 2252,2198 2252,2241 2253,2241 2330,2241 2331,2243 2331,2244 2332,2244 2499,2244 2499,2244 2499,2202 2501,2200 2752,2200 2754,2198 2754,2197 2755,2196 2906,2196 2911,2202 2911,2203 2912,2203 2913,2203 2915,2206 2915,2241 2916,2241 3026,2241 3027,2243 3027,2267 3028,2267 3045,2267 3045,2268 3045,2269 3046,2270 3046,2292 3045,2293 2998,2293 2997,2294 2997,2300 2996,2301 2995,2301 2993,2303 2993,2308 2993,2308 2984,2308 2982,2310 2982,2311 2981,2312 2980,2312 2979,2313 2978,2314 2978,2315 2977,2316 2953,2316 2952,2317 2952,2363 2951,2364 2908,2364 2907,2364 2907,2317 2907,2316 2835,2316 2834,2317 2834,2365 2834,2365 2816,2365 2815,2366 2811,2366 2810,2366 2810,2317 2810,2316 2658,2316 2656,2318 2656,2319 2656,2319 2655,2319 2654,2320 2592,2320 2591,2319 2560,2319 2559,2320 2559,2367 2559,2367"/><TextEquiv index="1"><Unicode>Arrivée de ce Gentilhomme chez M. Dia-</Unicode></TextEquiv></TextLine><TextLine id="r0_l007"><Coords points="2996,2546 2995,2545 2972,2545 2971,2544 2912,2544 2911,2543 2907,2543 2906,2542 2904,2542 2903,2541 2901,2541 2900,2540 2898,2540 2897,2539 2895,2539 2894,2538 2891,2538 2890,2538 2890,2530 2890,2529 2808,2529 2806,2528 2806,2527 2805,2525 2804,2525 2802,2524 2802,2485 2802,2484 2208,2484 2207,2485 2207,2487 2206,2488 2205,2488 2204,2489 2204,2497 2203,2498 2203,2499 2203,2499 2202,2499 2199,2502 2199,2503 2199,2503 2198,2503 2196,2505 2196,2506 2196,2506 2195,2506 2192,2509 2192,2510 2192,2510 2191,2510 2188,2513 2188,2514 2188,2514 2183,2514 2181,2516 2181,2517 2180,2518 2111,2518 2110,2519 2110,2525 2110,2525 2109,2525 2105,2529 2074,2529 2073,2529 2073,2528 2071,2525 2070,2525 2069,2525 2069,2489 2069,2488 1808,2488 1807,2488 1807,2487 1806,2486 1806,2485 1806,2484 1614,2484 1612,2486 1612,2487 1611,2488 1498,2488 1496,2490 1496,2491 1495,2492 1491,2492 1488,2490 1488,2489 1488,2488 1340,2488 1240,2488 1238,2490 1238,2491 1237,2492 1026,2492 1025,2493 1025,2497 1024,2498 1024,2499 1024,2499 1023,2499 1021,2501 1021,2502 1020,2503 1020,2503 1019,2503 1017,2505 1017,2509 1004,2522 1000,2522 998,2524 998,2525 998,2525 973,2525 972,2526 820,2526 819,2527 819,2528 818,2529 787,2529 785,2528 785,2489 785,2488 611,2488 609,2490 609,2491 608,2492 492,2492 488,2488 292,2488 291,2489 291,2491 291,2491 290,2491 287,2494 287,2525 287,2525 244,2525 242,2524 242,2523 242,2522 241,2522 239,2521 239,2520 238,2519 238,2517 239,2516 239,2515 240,2514 256,2514 261,2509 261,2501 263,2499 264,2499 265,2498 265,2489 266,2488 267,2488 268,2487 268,2483 271,2480 272,2480 272,2480 272,2479 275,2476 276,2476 276,2476 276,2467 277,2466 278,2466 280,2464 280,2418 281,2417 282,2417 284,2415 284,2414 285,2413 395,2413 396,2412 396,2411 398,2409 469,2409 471,2412 471,2462 472,2462 624,2462 624,2462 624,2460 626,2458 627,2458 628,2457 628,2448 629,2447 630,2447 631,2446 631,2442 634,2439 635,2439 635,2439 635,2430 637,2428 638,2428 639,2427 639,2370 641,2368 657,2368 658,2367 658,2366 660,2364 686,2364 690,2368 736,2368 736,2369 736,2370 737,2371 737,2417 738,2417 926,2417 927,2416 927,2415 929,2413 1028,2413 1028,2413 1028,2412 1032,2408 1032,2400 1034,2398 1035,2398 1036,2397 1036,2392 1037,2391 1038,2391 1038,2391 1040,2389 1040,2388 1041,2387 1042,2387 1043,2386 1043,2385 1044,2384 1045,2383 1046,2383 1047,2382 1047,2381 1048,2380 1049,2380 1051,2378 1051,2377 1052,2376 1053,2376 1055,2374 1055,2373 1056,2372 1061,2372 1062,2371 1062,2370 1064,2368 1069,2368 1069,2368 1069,2367 1072,2364 1083,2364 1084,2366 1084,2367 1086,2368 1091,2368 1092,2370 1092,2375 1094,2376 1095,2376 1096,2378 1096,2413 1097,2413 1289,2413 1290,2412 1290,2374 1292,2372 1304,2372 1305,2371 1305,2370 1307,2368 1312,2368 1312,2369 1312,2370 1315,2372 1562,2372 1564,2370 1564,2369 1565,2368 1724,2368 1724,2368 1724,2367 1727,2364 1809,2364 1810,2366 1810,2368 1811,2368 1858,2368 1859,2370 1859,2413 1860,2413 2207,2413 2207,2413 2207,2411 2208,2410 2209,2410 2211,2408 2211,2404 2215,2400 2215,2392 2216,2391 2217,2391 2219,2389 2219,2388 2220,2387 2221,2387 2222,2386 2222,2381 2223,2380 2224,2380 2226,2378 2226,2377 2227,2376 2228,2376 2230,2374 2230,2373 2231,2372 2236,2372 2237,2371 2237,2370 2239,2368 2244,2368 2245,2367 2245,2366 2247,2364 2252,2364 2252,2364 2252,2363 2254,2361 2270,2361 2271,2363 2271,2364 2272,2364 2273,2364 2275,2367 2275,2368 2276,2368 2277,2368 2278,2370 2278,2409 2279,2409 2540,2409 2540,2409 2540,2368 2541,2367 2559,2367 2559,2368 2559,2372 2560,2372 2806,2372 2806,2372 2806,2370 2808,2368 2809,2368 2811,2366 2815,2366 2816,2365 2897,2365 2898,2364 2951,2364 2952,2363 2953,2363 2958,2368 2959,2368 2959,2369 2959,2405 2960,2405 3093,2405 3094,2407 3094,2408 3096,2409 3097,2409 3098,2411 3098,2412 3100,2413 3101,2413 3102,2415 3102,2416 3101,2417 3054,2417 3053,2418 3053,2428 3053,2428 3047,2428 3046,2429 3046,2430 3044,2432 3025,2432 3023,2434 3023,2442 3022,2443 3021,2443 3020,2444 3020,2445 3018,2447 3017,2447 3016,2448 3016,2539 3015,2540 3010,2540 3008,2542 3008,2543 3007,2544 3006,2544 3005,2545 3002,2545 3001,2546"/><TextEquiv index="1"><Unicode>per. Il perſuade M. Thompſon à laiſſer</Unicode></TextEquiv></TextLine><TextLine id="r0_l008"><Coords points="2748,2699 2747,2699 2747,2654 2747,2653 2729,2653 2728,2654 2728,2655 2727,2656 2725,2656 2724,2656 2724,2655 2723,2653 2719,2653 2718,2652 2717,2652 2716,2652 2716,2650 2716,2649 2538,2649 2537,2650 2537,2651 2535,2653 1801,2653 1799,2655 1799,2656 1799,2656 1126,2656 1125,2657 1125,2699 1125,2699 1110,2699 1109,2699 1109,2657 1109,2656 947,2656 946,2657 946,2659 945,2660 944,2660 942,2662 942,2674 941,2675 940,2675 939,2676 939,2677 937,2679 933,2679 927,2685 927,2686 927,2686 922,2686 920,2688 920,2689 919,2690 903,2690 901,2689 901,2688 900,2686 899,2686 897,2685 897,2684 897,2683 896,2683 894,2682 894,2657 894,2656 764,2656 763,2657 763,2697 763,2697 678,2697 676,2696 676,2672 676,2671 644,2671 643,2671 643,2650 643,2649 532,2649 531,2649 531,2648 529,2645 442,2645 372,2645 369,2648 369,2649 369,2649 278,2649 276,2648 276,2647 275,2645 274,2645 272,2644 272,2639 272,2638 271,2638 268,2636 268,2629 271,2626 272,2626 272,2626 272,2621 274,2619 275,2619 276,2618 276,2613 277,2612 278,2612 278,2612 280,2610 280,2609 281,2608 282,2608 284,2606 284,2605 285,2604 286,2604 287,2603 287,2602 289,2600 290,2600 291,2599 291,2599 291,2598 292,2597 293,2597 293,2597 295,2595 295,2594 296,2593 297,2593 299,2591 299,2590 300,2589 301,2589 302,2588 302,2587 304,2585 309,2585 310,2584 310,2583 312,2581 313,2581 313,2581 313,2580 315,2578 335,2578 336,2577 336,2576 338,2574 384,2574 384,2574 384,2573 385,2572 387,2570 388,2570 388,2570 388,2546 390,2544 395,2544 396,2543 396,2542 398,2540 444,2540 444,2540 444,2539 446,2537 447,2537 448,2536 451,2536 454,2533 466,2533 467,2535 467,2536 468,2536 469,2536 471,2539 471,2578 472,2578 671,2578 673,2576 673,2568 674,2567 675,2567 676,2566 676,2562 677,2561 677,2560 678,2559 679,2559 680,2558 680,2554 688,2546 688,2542 690,2540 695,2540 695,2540 695,2539 701,2533 705,2533 707,2531 707,2530 708,2529 728,2529 729,2531 729,2532 731,2533 732,2533 733,2535 733,2581 734,2581 953,2581 953,2581 953,2576 955,2574 956,2574 957,2573 957,2569 961,2565 961,2561 963,2559 964,2559 965,2558 965,2553 966,2552 967,2552 968,2551 968,2550 970,2548 971,2548 972,2547 972,2546 974,2544 979,2544 979,2544 979,2543 982,2540 983,2540 983,2540 983,2539 986,2536 1011,2536 1012,2537 1013,2537 1013,2538 1013,2540 1014,2540 1068,2540 1069,2542 1069,2543 1070,2544 1070,2581 1071,2581 1116,2581 1117,2582 1273,2582 1274,2581 1361,2581 1361,2581 1361,2580 1363,2578 1365,2578 1365,2579 1365,2580 1367,2581 1464,2581 1465,2582 1616,2582 1616,2582 1616,2542 1618,2540 1619,2540 1620,2539 1620,2538 1621,2537 1622,2537 1623,2536 1834,2536 1835,2537 1836,2537 1837,2539 1837,2578 1838,2578 2095,2578 2095,2578 2095,2576 2097,2574 2211,2574 2211,2574 2211,2538 2212,2537 2213,2537 2215,2535 2215,2534 2216,2533 2225,2533 2226,2535 2226,2536 2227,2536 2228,2536 2230,2539 2230,2540 2231,2540 2232,2540 2233,2542 2233,2574 2234,2574 2416,2574 2417,2573 2417,2572 2419,2570 2555,2570 2555,2570 2555,2546 2557,2544 2558,2544 2559,2543 2559,2542 2561,2540 2562,2540 2563,2539 2563,2538 2564,2537 2565,2537 2566,2536 2579,2536 2580,2537 2581,2537 2581,2538 2581,2539 2583,2540 2584,2540 2585,2542 2585,2574 2586,2574 2693,2574 2694,2576 2694,2577 2696,2578 2701,2578 2701,2579 2701,2626 2702,2626 2866,2626 2866,2626 2866,2624 2867,2623 2868,2623 2870,2621 2870,2613 2872,2611 2873,2611 2873,2611 2873,2606 2875,2604 2876,2604 2877,2603 2877,2598 2878,2597 2879,2597 2881,2595 2881,2583 2882,2582 2883,2582 2885,2580 2885,2545 2886,2544 2888,2544 2888,2544 2888,2539 2890,2537 2891,2538 2894,2538 2895,2539 2897,2539 2898,2540 2900,2540 2901,2541 2903,2541 2904,2542 2906,2542 2907,2543 2911,2543 2912,2544 2922,2544 2923,2545 3005,2545 3005,2546 3005,2619 3006,2619 3083,2619 3083,2620 3083,2622 3084,2622 3085,2622 3086,2623 3087,2623 3087,2624 3087,2626 3087,2626 3084,2626 3083,2627 3083,2637 3082,2638 3081,2638 3079,2640 3079,2641 3079,2641 3050,2641 3049,2642 3049,2645 3049,2645 3048,2645 3046,2647 3046,2651 3044,2653 3043,2653 3042,2654 3042,2655 3040,2657 3039,2657 3038,2658 3038,2659 3037,2660 3029,2660 3027,2659 3027,2658 3026,2656 3017,2656 3016,2656 3016,2651 3015,2649 2853,2649 2851,2651 2851,2652 2850,2653 2762,2653 2761,2654 2761,2699 2761,2699"/><TextEquiv index="1"><Unicode>aller ſon fils aux Indes orientales. M.</Unicode></TextEquiv></TextLine><TextLine id="r0_l009"><Coords points="2744,2860 2743,2860 2743,2822 2743,2821 2515,2821 2514,2822 2514,2847 2514,2847 2513,2847 2505,2855 2503,2854 2503,2853 2502,2851 2482,2851 2481,2851 2481,2850 2481,2849 2479,2847 2478,2847 2477,2847 2477,2845 2476,2844 2476,2811 2476,2810 1808,2810 1807,2811 1807,2812 1806,2813 1720,2813 1719,2814 1647,2814 1646,2815 1646,2817 1646,2817 1643,2817 1642,2817 1642,2815 1642,2814 1213,2814 1212,2815 1212,2823 1210,2825 1209,2825 1208,2826 1208,2831 1207,2832 1206,2832 1204,2834 1204,2835 1203,2836 1202,2836 1201,2837 1201,2838 1200,2839 1200,2843 1200,2843 1199,2843 1198,2844 1191,2844 1189,2846 1189,2847 1189,2847 1165,2847 1163,2846 1163,2845 1163,2844 1162,2844 1161,2843 1160,2843 1159,2843 1159,2815 1159,2814 670,2814 669,2815 669,2816 668,2817 666,2817 665,2818 664,2817 663,2817 661,2816 661,2815 661,2814 435,2814 433,2816 433,2817 433,2817 431,2817 429,2816 429,2815 429,2814 316,2814 313,2812 313,2811 313,2810 304,2810 302,2809 302,2808 301,2806 297,2806 283,2793 283,2785 283,2784 282,2784 280,2783 280,2759 282,2757 283,2757 283,2757 283,2745 286,2742 287,2742 287,2742 287,2741 290,2738 291,2738 291,2738 291,2733 293,2731 294,2731 295,2730 295,2729 297,2727 298,2727 298,2727 298,2726 300,2724 301,2724 302,2723 302,2718 304,2716 305,2716 305,2716 306,2715 306,2714 307,2713 308,2713 309,2712 313,2712 313,2712 313,2711 315,2709 316,2709 317,2708 317,2707 319,2705 324,2705 324,2705 324,2704 327,2701 331,2701 335,2697 339,2697 340,2696 340,2695 341,2694 350,2694 351,2693 351,2692 353,2690 387,2690 389,2693 389,2694 390,2694 399,2694 399,2695 399,2696 401,2697 405,2697 406,2698 407,2698 407,2699 407,2742 408,2742 530,2742 530,2742 530,2741 532,2739 630,2739 631,2738 631,2727 632,2726 632,2702 633,2701 634,2701 635,2700 635,2696 637,2694 657,2694 659,2696 687,2696 688,2697 772,2697 776,2701 1107,2701 1107,2701 1107,2699 1108,2698 1247,2698 1248,2697 1249,2697 1249,2697 1249,2696 1251,2694 1255,2694 1257,2692 1257,2691 1258,2690 1271,2690 1271,2691 1271,2692 1274,2694 1282,2694 1283,2696 1283,2701 1284,2701 1371,2701 1373,2704 1373,2708 1375,2709 1376,2709 1376,2710 1376,2731 1377,2731 1428,2731 1429,2733 1429,2735 1430,2735 1586,2735 1586,2735 1586,2707 1588,2705 1619,2705 1620,2707 1620,2735 1621,2735 1687,2735 1687,2736 1687,2742 1688,2742 1867,2742 1867,2742 1867,2710 1868,2709 1869,2709 1870,2708 1870,2704 1871,2703 1871,2702 1872,2701 1884,2701 1886,2704 1886,2705 1887,2705 1888,2705 1889,2707 1889,2708 1890,2708 1891,2708 1893,2711 1893,2742 1894,2742 2042,2742 2043,2741 2043,2740 2044,2739 2045,2739 2046,2738 2047,2738 2048,2739 2049,2739 2052,2742 2449,2742 2451,2745 2451,2746 2452,2746 2611,2746 2611,2746 2611,2745 2614,2742 2615,2742 2615,2742 2615,2741 2617,2739 2625,2739 2626,2738 2626,2737 2628,2735 2630,2735 2630,2736 2630,2737 2632,2738 2633,2739 2634,2739 2634,2740 2634,2746 2635,2746 2742,2746 2742,2746 2742,2704 2747,2699 2761,2699 2763,2701 2764,2701 2765,2703 2765,2739 2766,2739 3026,2739 3027,2741 3027,2745 3029,2746 3030,2746 3031,2748 3031,2750 3032,2750 3049,2750 3049,2751 3049,2752 3050,2753 3055,2757 3056,2757 3057,2759 3057,2760 3056,2761 3032,2761 3031,2762 3031,2801 3029,2803 3028,2803 3027,2804 3027,2805 3026,2806 3021,2806 3020,2807 3020,2808 3018,2810 3013,2810 3012,2811 3012,2812 3010,2814 3002,2814 3001,2815 3001,2816 3000,2817 2758,2817 2757,2818 2757,2860 2757,2860"/><TextEquiv index="1"><Unicode>Goodvill lui fait obtenir un comptoir au</Unicode></TextEquiv></TextLine><TextLine id="r0_l010"><Coords points="2590,3026 2589,3025 1535,3025 1534,3025 1534,3024 1534,3023 1412,3023 1410,3022 1410,3021 1409,3019 1400,3019 1399,3019 1399,2983 1399,2982 278,2982 276,2981 276,2980 275,2978 274,2978 272,2977 272,2965 274,2963 275,2963 276,2962 276,2961 277,2960 278,2960 279,2959 287,2959 287,2959 287,2958 288,2957 289,2956 290,2956 291,2955 291,2946 292,2945 293,2945 295,2943 295,2867 296,2866 297,2866 301,2862 1147,2862 1148,2861 1148,2860 1149,2859 1150,2859 1151,2858 1159,2858 1159,2858 1159,2857 1161,2855 2300,2855 2301,2857 2301,2858 2302,2858 2924,2858 2925,2859 2926,2859 2926,2860 2926,2861 2930,2865 2930,2900 2931,2900 3027,2900 3027,2901 3027,2902 3029,2903 3041,2903 3042,2905 3042,2910 3044,2911 3045,2911 3046,2913 3046,2918 3047,2918 3060,2918 3060,2919 3060,2920 3061,2921 3061,2941 3062,2941 3075,2941 3076,2943 3076,2951 3075,2952 3036,2952 3035,2953 3035,2956 3034,2957 3034,2959 3034,2959 3033,2959 3031,2961 3031,2965 3030,2966 3030,2967 3030,2967 3029,2967 3028,2968 3023,2973 3023,2974 3023,2974 3022,2974 3021,2975 3017,2975 3016,2976 3016,2977 3015,2978 2676,2978 2675,2979 2675,2992 2674,2993 2673,2993 2671,2995 2671,3004 2671,3004 2670,3004 2668,3006 2668,3010 2667,3011 2667,3012 2667,3012 2662,3012 2660,3014 2660,3015 2660,3015 2659,3015 2656,3018 2656,3019 2656,3019 2648,3019 2647,3020 2646,3020 2645,3021 2645,3022 2644,3023 2613,3023 2612,3024 2612,3026 2612,3026"/><TextEquiv index="1"><Unicode>Fort Saint George. Il prend congé des</Unicode></TextEquiv></TextLine><TextLine id="r0_l011"><Coords points="2738,3192 2737,3191 2736,3191 2735,3191 2735,3190 2734,3188 2711,3188 2709,3187 2709,3148 2709,3147 2545,3147 2544,3148 2544,3150 2544,3150 2543,3150 2540,3153 2540,3161 2539,3162 2538,3162 2537,3163 2537,3171 2528,3180 2524,3180 2521,3183 2521,3184 2521,3184 2520,3184 2518,3186 2518,3187 2517,3188 2498,3188 2492,3183 2492,3148 2492,3147 2347,3147 2346,3148 2346,3149 2345,3150 2213,3150 2211,3152 2211,3153 2210,3154 2130,3154 2129,3155 2129,3183 2128,3184 2127,3184 2125,3186 2125,3187 2124,3188 2090,3188 2088,3186 2005,3186 1924,3186 1922,3188 1887,3188 1886,3188 1886,3187 1884,3184 1883,3184 1882,3184 1882,3183 1881,3182 1881,3148 1881,3147 1677,3147 1676,3148 1676,3160 1668,3168 1668,3172 1667,3173 1666,3173 1665,3174 1665,3175 1663,3177 1662,3177 1661,3178 1661,3179 1660,3180 1659,3180 1658,3181 1657,3182 1657,3183 1656,3184 1648,3184 1646,3186 1646,3187 1645,3188 1625,3188 1624,3188 1624,3187 1622,3184 1591,3184 1590,3184 1590,3148 1590,3147 1434,3147 1433,3148 1433,3149 1432,3150 1381,3150 1380,3151 1380,3157 1379,3158 1378,3158 1376,3160 1376,3165 1376,3165 1375,3165 1372,3168 1372,3169 1372,3169 1371,3169 1369,3171 1369,3176 1369,3176 1368,3176 1367,3177 1363,3177 1361,3179 1361,3180 1361,3180 1360,3180 1357,3183 1357,3184 1357,3184 1348,3184 1347,3185 1347,3186 1345,3188 1341,3188 1339,3187 1339,3186 1338,3184 1329,3184 1328,3184 1328,3152 1328,3151 1059,3151 1058,3152 1058,3161 1058,3161 1057,3161 1055,3163 1055,3171 1053,3173 1052,3173 1051,3174 1051,3175 1049,3177 1048,3177 1047,3178 1047,3179 1038,3188 1037,3188 1036,3189 1036,3190 1034,3192 1024,3192 1023,3191 1022,3191 1021,3191 1021,3151 1021,3150 862,3150 860,3152 860,3153 859,3154 858,3154 856,3153 856,3151 856,3150 772,3150 769,3147 581,3147 579,3149 579,3150 579,3150 446,3150 445,3151 285,3151 283,3153 283,3154 283,3154 270,3154 269,3154 269,3153 268,3152 268,3148 268,3147 267,3147 265,3146 265,3144 266,3143 267,3143 267,3143 269,3141 269,3140 270,3139 272,3139 272,3139 272,3134 274,3132 289,3132 290,3131 291,3131 291,3131 291,3130 293,3128 294,3128 295,3127 295,3118 296,3117 297,3117 298,3116 298,3112 302,3108 302,3100 304,3098 309,3098 309,3098 309,3097 310,3096 310,3039 311,3038 312,3038 313,3037 313,3033 315,3031 316,3031 317,3030 470,3030 471,3029 471,3028 472,3027 474,3027 474,3028 474,3029 477,3031 645,3031 646,3030 650,3030 650,3030 650,3029 652,3027 702,3027 702,3027 702,3026 705,3023 709,3023 710,3025 710,3026 712,3027 713,3027 714,3029 714,3034 715,3034 758,3034 759,3036 759,3072 760,3072 841,3072 841,3073 841,3074 843,3075 963,3075 965,3078 965,3079 966,3079 967,3079 968,3081 968,3082 969,3083 969,3120 970,3120 1159,3120 1159,3120 1159,3111 1161,3109 1162,3109 1163,3108 1163,3096 1165,3094 1166,3094 1167,3093 1167,3088 1168,3087 1169,3087 1169,3087 1171,3085 1171,3084 1172,3083 1173,3083 1174,3082 1174,3081 1176,3079 1181,3079 1182,3078 1182,3077 1183,3076 1184,3076 1185,3075 1185,3063 1188,3060 1189,3060 1189,3060 1189,3055 1191,3053 1192,3053 1193,3052 1193,3047 1194,3046 1195,3046 1197,3044 1197,3040 1199,3038 1203,3038 1208,3033 1208,3032 1209,3031 1210,3031 1211,3030 1215,3030 1215,3030 1215,3029 1217,3027 1237,3027 1238,3029 1238,3030 1239,3030 1240,3030 1242,3033 1242,3034 1243,3034 1413,3034 1414,3033 1414,3032 1415,3031 1416,3031 1417,3030 1428,3030 1431,3027 1532,3027 1534,3025 1538,3025 1538,3026 1538,3027 1539,3027 1716,3027 1717,3026 1717,3025 1719,3023 1735,3023 1735,3023 1735,3022 1738,3019 1740,3022 1740,3023 1741,3023 1746,3023 1746,3024 1747,3025 1747,3030 1748,3030 1749,3030 1751,3033 1751,3068 1752,3068 1825,3068 1825,3069 1825,3070 1828,3072 2019,3072 2020,3071 2020,3070 2022,3068 2091,3068 2091,3068 2091,3051 2092,3050 2093,3050 2095,3048 2095,3040 2097,3038 2098,3038 2099,3037 2099,3025 2101,3023 2114,3023 2114,3024 2114,3068 2115,3068 2446,3068 2447,3067 2447,3066 2449,3064 2503,3064 2503,3064 2503,3028 2504,3027 2588,3027 2589,3026 2613,3026 2615,3029 2615,3068 2616,3068 2633,3068 2634,3070 2634,3071 2636,3072 2928,3072 2930,3070 2930,3069 2931,3068 3037,3068 3039,3071 3039,3072 3040,3072 3094,3072 3094,3073 3094,3079 3094,3079 3069,3079 3068,3080 3068,3086 3067,3087 3066,3087 3064,3089 3064,3090 3064,3090 3063,3090 3061,3092 3061,3093 3060,3094 3051,3094 3050,3095 3050,3096 3049,3097 3049,3098 3049,3098 3047,3098 3046,3099 3046,3165 3047,3165 3048,3165 3049,3167 3049,3168 3050,3169 3050,3171 3048,3173 3047,3173 3046,3174 3046,3175 3045,3176 3045,3177 3045,3177 3044,3177 3042,3176 3042,3175 3041,3173 3040,3173 3038,3172 3038,3171 3037,3169 3036,3169 3034,3168 3034,3167 3033,3165 3032,3165 3031,3165 3031,3151 3031,3150 2755,3150 2754,3151 2754,3186 2748,3192"/><TextEquiv index="1"><Unicode>Directeurs, &amp; fait ſes préparatifs pour</Unicode></TextEquiv></TextLine><TextLine id="r0_l012"><Coords points="11,3200 973,3200 973,3391 11,3391"/><TextEquiv index="1"><Unicode>le voyage.</Unicode></TextEquiv></TextLine><TextLine id="r0_l013"><Coords points="161,3691 160,3691 160,3684 159,3682 158,3682 156,3681 156,3567 156,3566 128,3566 127,3566 127,3565 125,3562 124,3562 123,3562 123,3529 124,3528 129,3528 132,3525 133,3525 134,3524 160,3524 160,3524 160,3523 162,3521 166,3521 171,3516 171,3515 173,3513 515,3513 516,3512 516,3511 517,3510 1030,3510 1031,3509 1032,3509 1032,3509 1032,3508 1034,3506 1038,3506 1042,3502 1128,3502 1130,3505 1130,3506 1131,3506 1132,3506 1133,3508 1133,3510 1134,3510 2712,3510 2712,3510 2712,3505 2713,3504 2713,3503 2714,3502 2765,3502 2765,3502 2765,3496 2766,3495 2767,3495 2768,3494 2774,3494 2775,3495 2776,3495 2776,3496 2776,3543 2777,3543 2906,3543 2907,3545 2907,3546 2909,3547 2974,3547 2974,3548 2974,3549 2977,3551 3041,3551 3042,3553 3042,3554 3043,3554 3044,3554 3046,3557 3046,3573 3047,3573 3056,3573 3057,3575 3057,3577 3058,3577 3067,3577 3068,3579 3068,3595 3067,3596 3047,3596 3046,3597 3046,3617 3045,3618 3040,3618 3038,3620 3038,3625 3037,3626 3036,3626 3034,3628 3034,3629 3034,3629 3033,3629 3032,3630 3024,3630 3023,3631 3023,3632 3022,3633 2740,3633 2739,3634 2739,3647 2738,3648 2737,3648 2736,3649 2735,3650 2735,3651 2734,3652 2733,3652 2731,3654 2731,3659 2731,3659 2726,3659 2724,3661 2724,3662 2723,3663 2231,3663 2230,3664 2230,3665 2229,3666 2229,3667 2229,3667 2224,3667 2222,3669 2222,3670 2221,3671 2070,3671 2069,3672 2069,3674 2069,3674 1542,3674 1541,3675 1541,3677 1541,3677 1538,3677 1537,3677 1537,3675 1537,3674 282,3674 281,3675 187,3675 186,3676 186,3683 186,3683 184,3683 183,3684 181,3684 180,3685 178,3685 177,3686 175,3686 174,3687 172,3687 171,3688 169,3688 168,3689 166,3689 165,3690 163,3690 162,3691"/><TextEquiv index="1"><Unicode>Ous paſſâmes trois ou quatre jours</Unicode></TextEquiv></TextLine><TextLine id="r0_l014"><Coords points="2898,3840 2898,3795 2898,3794 2897,3794 2896,3795 2896,3837 2896,3837 2895,3836 390,3836 389,3836 389,3803 389,3802 350,3802 349,3801 348,3801 347,3801 347,3800 346,3798 187,3798 186,3797 185,3797 159,3772 159,3769 158,3767 157,3767 156,3767 156,3714 158,3712 159,3712 160,3711 160,3692 161,3691 162,3691 163,3690 165,3690 166,3689 168,3689 169,3688 171,3688 172,3687 174,3687 175,3686 177,3686 178,3685 180,3685 181,3684 183,3684 184,3683 246,3683 246,3683 246,3676 247,3675 250,3675 251,3674 515,3674 515,3674 515,3673 517,3671 518,3671 519,3670 2559,3670 2559,3670 2559,3669 2561,3667 2959,3667 2959,3668 2959,3669 2962,3671 2967,3671 2967,3672 2967,3697 2968,3697 3045,3697 3046,3699 3046,3700 3048,3701 3049,3701 3049,3702 3049,3738 3050,3738 3060,3738 3060,3739 3060,3740 3063,3742 3067,3742 3071,3746 3072,3746 3072,3747 3072,3748 3071,3749 3066,3749 3065,3750 3065,3751 3063,3753 3059,3753 3055,3757 3043,3757 3042,3758 3042,3763 3041,3764 3040,3764 3038,3766 3038,3771 3038,3771 3037,3771 3036,3772 3034,3774 3034,3775 3034,3775 2968,3775 2967,3776 2967,3790 2967,3790 2962,3790 2959,3793 2959,3794 2959,3794 2900,3794 2899,3795 2899,3840 2899,3840"/><TextEquiv index="1"><Unicode>dans cette retraite, &amp; je fus ſi ſenſi-</Unicode></TextEquiv></TextLine><TextLine id="r0_l015"><Coords points="3015,4004 3014,4003 1564,4003 1563,4003 1563,3994 1563,3993 1290,3993 1289,3992 1288,3992 1287,3992 1286,3991 1286,3990 1286,3989 1274,3989 1271,3987 1271,3964 1271,3963 102,3963 100,3962 100,3953 102,3951 103,3951 104,3950 104,3841 106,3839 107,3839 107,3839 107,3838 110,3835 115,3835 115,3835 115,3781 117,3779 118,3779 119,3778 119,3777 121,3775 126,3775 126,3775 126,3774 128,3772 160,3772 185,3797 186,3797 186,3798 186,3831 187,3831 993,3831 994,3832 998,3832 998,3833 998,3839 999,3839 2753,3839 2753,3839 2753,3838 2756,3835 2764,3835 2765,3834 2765,3833 2766,3832 2767,3832 2768,3831 2804,3831 2805,3832 2806,3832 2806,3833 2806,3834 2808,3835 2894,3835 2900,3842 2900,3884 2901,3884 2966,3884 2967,3886 2967,3887 2968,3887 2969,3887 2971,3890 2971,3891 2972,3891 2973,3891 2974,3893 2974,3894 2975,3895 2975,3906 2976,3906 3044,3906 3046,3909 3046,3910 3047,3910 3048,3910 3050,3913 3050,3914 3051,3914 3064,3914 3064,3915 3064,3921 3064,3921 3062,3921 3061,3922 3054,3922 3053,3923 3053,3932 3053,3932 3052,3932 3049,3935 3049,3936 3049,3936 3036,3936 3035,3937 3035,3974 3036,3974 3128,3974 3128,3975 3128,3984 3127,3985 3126,3985 3124,3987 3124,3988 3123,3989 3036,3989 3035,3990 3035,4003 3035,4003 3017,4003 3016,4004"/><TextEquiv index="1"><Unicode>ble à l'attention que mon pere &amp; M. Dia-</Unicode></TextEquiv></TextLine><TextLine id="r0_l016"><Coords points="2228,4173 2227,4173 2227,4150 2226,4149 2226,4132 2226,4131 2186,4131 2185,4131 2185,4130 2184,4129 2184,4128 2184,4127 2164,4127 2162,4126 2162,4125 2162,4124 1999,4124 1998,4125 1998,4126 1997,4127 1853,4127 1852,4127 1852,4126 1851,4124 1844,4124 1725,4124 1724,4125 1724,4127 1724,4127 1419,4127 1418,4128 1418,4151 1417,4152 1417,4153 1417,4153 1393,4153 1391,4152 1391,4151 1391,4150 1390,4150 1388,4149 1388,4117 1388,4116 1266,4116 1264,4118 1264,4119 1263,4120 1173,4120 1169,4116 1004,4116 1002,4118 1002,4119 1001,4120 1000,4120 998,4119 998,4118 997,4116 820,4116 819,4117 819,4118 817,4120 760,4120 759,4121 759,4123 759,4123 671,4123 670,4124 517,4124 515,4126 515,4127 515,4127 438,4127 437,4127 437,4126 436,4124 429,4124 428,4123 427,4123 426,4123 426,4122 425,4120 236,4120 235,4121 235,4122 233,4124 173,4124 171,4126 171,4127 171,4127 153,4127 152,4128 152,4153 151,4154 150,4154 149,4155 149,4160 148,4161 139,4161 138,4162 138,4163 136,4165 114,4165 106,4157 105,4157 104,4157 104,4061 105,4060 106,4060 110,4056 118,4056 119,4055 119,4054 121,4052 126,4052 126,4052 126,4051 127,4050 128,4049 129,4049 130,4048 216,4048 216,4048 216,4047 218,4045 660,4045 661,4044 661,4043 663,4041 795,4041 800,4036 800,4032 802,4030 803,4030 803,4030 803,4029 806,4026 807,4026 807,4026 807,4025 810,4022 815,4022 815,4022 815,4001 816,4000 924,4000 924,4000 924,3997 925,3996 926,3996 926,3996 931,3991 931,3990 932,3989 934,3989 935,3991 935,3992 936,3992 952,3992 953,3994 953,3995 955,3996 956,3996 957,3998 957,4007 958,4007 990,4007 991,4009 991,4010 993,4011 994,4011 994,4012 994,4037 995,4037 1019,4037 1023,4041 1184,4041 1188,4045 1267,4045 1268,4047 1268,4048 1270,4049 1271,4049 1272,4050 1396,4050 1397,4049 1398,4049 1399,4048 1496,4048 1496,4048 1496,4047 1498,4045 1506,4045 1507,4044 1507,4043 1509,4041 1560,4041 1560,4041 1560,4005 1561,4004 1562,4004 1563,4003 1569,4003 1570,4004 1574,4004 1575,4006 1575,4007 1576,4007 1581,4007 1582,4009 1582,4010 1584,4011 1585,4011 1586,4013 1586,4045 1587,4045 1701,4045 1702,4044 1702,4043 1704,4041 1705,4041 1706,4040 1706,4039 1708,4037 1716,4037 1717,4039 1717,4048 1718,4048 1975,4048 1975,4048 1975,4047 1976,4046 1977,4045 1978,4045 1979,4047 1979,4048 1980,4048 2186,4048 2187,4049 2188,4049 2189,4051 2189,4052 2190,4052 2323,4052 2323,4052 2323,4051 2325,4049 2344,4049 2345,4048 2521,4048 2521,4048 2521,4011 2522,4010 2522,4009 2524,4007 2529,4007 2529,4007 2529,4006 2531,4004 2544,4004 2544,4005 2544,4010 2546,4011 2547,4011 2548,4013 2548,4048 2549,4048 2736,4048 2737,4049 2738,4049 2739,4051 2739,4052 2740,4052 2741,4052 2742,4054 2742,4055 2743,4056 2743,4097 2744,4097 2918,4097 2918,4097 2918,4055 2924,4049 2925,4049 2926,4048 3008,4048 3008,4048 3008,4013 3010,4011 3011,4011 3012,4010 3012,4005 3013,4004 3016,4004 3017,4003 3036,4003 3037,4004 3045,4004 3046,4006 3046,4048 3047,4048 3073,4048 3074,4049 3075,4049 3076,4051 3076,4052 3077,4052 3078,4052 3079,4054 3079,4070 3081,4071 3083,4071 3083,4072 3083,4074 3082,4075 3050,4075 3049,4076 3049,4127 3049,4127 2980,4127 2978,4126 2978,4125 2978,4124 2826,4124 2825,4125 2825,4126 2825,4126 2824,4127 2823,4127 2821,4129 2821,4171 2821,4171 2818,4171 2817,4171 2817,4151 2817,4150 2789,4150 2787,4149 2787,4124 2787,4123 2655,4123 2652,4126 2652,4127 2652,4127 2647,4127 2645,4126 2645,4125 2645,4124 2540,4124 2493,4124 2492,4125 2492,4126 2491,4127 2261,4127 2260,4128 2260,4156 2259,4157 2258,4157 2256,4159 2256,4160 2255,4161 2237,4161 2236,4162 2236,4173 2236,4173"/><TextEquiv index="1"><Unicode>per eurent de ne point me reprocher, ni</Unicode></TextEquiv></TextLine><TextLine id="r0_l017"><Coords points="820,4335 819,4335 819,4289 819,4288 678,4288 677,4289 677,4290 675,4292 502,4292 501,4293 501,4294 499,4296 488,4296 485,4294 485,4293 485,4292 165,4292 132,4292 130,4294 130,4295 129,4296 128,4295 127,4295 126,4295 126,4294 125,4292 110,4292 107,4290 107,4276 110,4273 111,4273 111,4273 111,4227 121,4217 133,4217 134,4216 134,4215 136,4213 265,4213 265,4213 265,4200 267,4198 268,4198 268,4198 268,4194 269,4193 269,4192 270,4191 271,4191 272,4190 272,4185 273,4184 274,4184 283,4175 283,4171 286,4168 290,4168 291,4167 291,4166 292,4165 302,4165 302,4166 302,4167 305,4169 306,4169 306,4170 306,4179 307,4179 308,4179 310,4182 310,4183 311,4183 312,4183 313,4185 313,4186 314,4187 314,4198 315,4198 316,4198 317,4200 317,4210 318,4210 429,4210 430,4212 430,4213 431,4213 709,4213 710,4212 710,4211 711,4210 768,4210 769,4209 781,4209 781,4209 781,4208 783,4206 785,4206 785,4207 785,4208 787,4209 798,4209 801,4212 965,4212 965,4212 965,4211 966,4210 967,4210 968,4209 987,4209 987,4209 987,4208 989,4206 1081,4206 1081,4206 1081,4170 1083,4168 1084,4168 1084,4168 1084,4167 1086,4165 1103,4165 1103,4166 1103,4167 1106,4169 1107,4169 1107,4170 1107,4209 1108,4209 1388,4209 1388,4209 1388,4170 1390,4168 1391,4168 1391,4168 1391,4167 1393,4165 1417,4165 1417,4166 1417,4167 1418,4168 1418,4179 1419,4179 1456,4179 1457,4180 1458,4180 1459,4182 1459,4210 1460,4210 1477,4210 1478,4212 1478,4213 1479,4213 1945,4213 1945,4213 1945,4174 1947,4172 1952,4172 1953,4171 1953,4170 1955,4168 1970,4168 1972,4171 1972,4172 1973,4172 1974,4172 1975,4174 1975,4194 1976,4194 2015,4194 2016,4196 2016,4209 2017,4209 2018,4209 2019,4210 2020,4210 2020,4211 2020,4213 2021,4213 2038,4213 2038,4214 2038,4215 2041,4217 2222,4217 2222,4217 2222,4178 2224,4176 2225,4176 2226,4175 2226,4174 2227,4173 2237,4173 2237,4174 2237,4175 2239,4176 2244,4176 2245,4178 2245,4217 2246,4217 2427,4217 2428,4216 2428,4215 2430,4213 2442,4213 2443,4215 2443,4216 2445,4217 2626,4217 2626,4217 2626,4216 2629,4213 2630,4213 2630,4213 2630,4200 2631,4199 2632,4199 2634,4197 2634,4193 2638,4189 2638,4185 2640,4183 2641,4183 2641,4183 2641,4178 2643,4176 2648,4176 2649,4175 2649,4174 2651,4172 2652,4172 2652,4172 2652,4171 2655,4168 2656,4168 2656,4168 2656,4167 2658,4165 2675,4165 2675,4166 2675,4167 2677,4168 2778,4168 2779,4169 2780,4169 2780,4170 2780,4171 2781,4171 2822,4171 2823,4172 2824,4172 2825,4174 2825,4175 2827,4176 2828,4176 2828,4177 2828,4209 2829,4209 2890,4209 2891,4210 2892,4210 2892,4211 2892,4212 2894,4213 2954,4213 2962,4221 2963,4221 2963,4222 2963,4258 2964,4258 3037,4258 3038,4260 3038,4265 3040,4266 3045,4266 3046,4268 3046,4273 3047,4273 3090,4273 3090,4274 3090,4275 3091,4276 3091,4277 3092,4277 3094,4277 3094,4278 3094,4287 3096,4288 3097,4288 3098,4290 3098,4292 3098,4292 3080,4292 3079,4293 3079,4299 3079,4299 3078,4299 3077,4300 3051,4300 3049,4302 3049,4310 3048,4311 3047,4311 3046,4312 3046,4313 3045,4314 3044,4314 3043,4315 3042,4316 3042,4317 3041,4318 3040,4318 3039,4319 3038,4320 3038,4321 3037,4322 3028,4322 3027,4323 3027,4324 3025,4326 3011,4326 3007,4322 3006,4322 3004,4321 3004,4293 3004,4292 2445,4292 2443,4294 2443,4295 2443,4295 2442,4295 2441,4296 1798,4296 1795,4294 1795,4293 1795,4292 1464,4292 1463,4292 1463,4291 1461,4288 1176,4288 1174,4290 1174,4291 1173,4292 1164,4292 1163,4293 1163,4295 1162,4296 1161,4296 1159,4295 1159,4289 1159,4288 909,4288 908,4289 908,4318 908,4318 907,4318 904,4321 904,4322 904,4322 884,4322 882,4321 882,4289 882,4288 834,4288 833,4289 833,4334 833,4334 832,4334 831,4335"/><TextEquiv index="1"><Unicode>même me parler de mes dernieres folies,</Unicode></TextEquiv></TextLine><TextLine id="r0_l018"><Coords points="2367,4506 2366,4506 2366,4461 2366,4460 2288,4460 2286,4462 2286,4463 2285,4464 2273,4464 2271,4463 2271,4462 2270,4460 1974,4460 1971,4463 1971,4464 1971,4464 1962,4464 1960,4463 1960,4462 1959,4460 1650,4460 1649,4461 1648,4460 1438,4460 1436,4459 1436,4458 1436,4457 726,4457 725,4458 725,4486 724,4487 723,4487 721,4489 721,4490 721,4490 720,4490 717,4493 717,4494 717,4494 693,4494 691,4493 691,4461 691,4460 580,4460 579,4461 579,4503 579,4503 550,4503 549,4504 464,4504 463,4504 463,4461 463,4460 228,4460 227,4461 227,4505 227,4505 218,4505 216,4504 216,4495 216,4494 166,4494 163,4492 163,4491 163,4490 15,4490 14,4490 14,4489 10,4485 10,4421 12,4419 62,4419 62,4419 62,4403 63,4402 63,4401 64,4400 122,4400 122,4400 122,4396 123,4395 123,4394 124,4393 125,4393 127,4391 127,4390 128,4389 133,4389 134,4388 134,4387 136,4385 144,4385 147,4382 151,4382 152,4381 152,4380 154,4378 155,4378 156,4377 156,4376 158,4374 159,4374 160,4376 160,4378 161,4378 317,4378 317,4378 317,4365 319,4363 324,4363 325,4365 325,4378 326,4378 331,4378 332,4380 332,4381 334,4382 518,4382 519,4381 519,4380 521,4378 522,4378 523,4380 523,4381 525,4382 774,4382 774,4382 774,4338 775,4337 780,4337 781,4336 781,4335 783,4333 934,4333 935,4332 935,4331 937,4329 952,4329 954,4332 954,4333 955,4333 956,4333 957,4335 957,4374 958,4374 1020,4374 1021,4376 1021,4377 1023,4378 1323,4378 1324,4377 1324,4376 1326,4374 1330,4374 1332,4377 1332,4378 1333,4378 1398,4378 1399,4380 1399,4381 1401,4382 1649,4382 1649,4382 1649,4344 1650,4343 1650,4342 1652,4340 1653,4340 1653,4340 1653,4339 1655,4337 1731,4337 1732,4336 1732,4335 1734,4333 1780,4333 1780,4334 1780,4335 1783,4337 1787,4337 1788,4339 1788,4340 1789,4340 1790,4340 1792,4343 1792,4347 1794,4348 1795,4348 1795,4349 1795,4382 1796,4382 2203,4382 2203,4382 2203,4350 2205,4348 2221,4348 2222,4350 2222,4382 2223,4382 2387,4382 2387,4382 2387,4346 2389,4344 2390,4344 2391,4343 2391,4342 2393,4340 2394,4340 2394,4340 2394,4339 2396,4337 2409,4337 2409,4338 2409,4339 2412,4341 2413,4341 2413,4342 2413,4378 2414,4378 2558,4378 2559,4380 2559,4381 2560,4381 2739,4381 2739,4381 2739,4338 2740,4337 2741,4337 2743,4335 2743,4334 2744,4333 2764,4333 2765,4335 2765,4340 2766,4340 2767,4340 2769,4343 2769,4378 2770,4378 2970,4378 2971,4380 2971,4381 2973,4382 2978,4382 2978,4383 2978,4384 2981,4386 2982,4386 2982,4387 2982,4392 2984,4393 2985,4393 2986,4395 2986,4404 2987,4404 3056,4404 3057,4406 3057,4407 3059,4408 3060,4408 3061,4410 3060,4411 3060,4423 3060,4423 3059,4423 3057,4425 3057,4433 3056,4434 2994,4434 2993,4435 2993,4456 2993,4456 2992,4456 2991,4457 2879,4457 2877,4459 2877,4460 2877,4460 2748,4460 2746,4459 2746,4458 2746,4457 2478,4457 2477,4458 2477,4459 2476,4460 2383,4460 2382,4461 2382,4506 2382,4506"/><TextEquiv index="1"><Unicode>que rempli de reconnoiſſance de leurs bon-</Unicode></TextEquiv></TextLine><TextLine id="r0_l019"><Coords points="1770,4673 1769,4673 1769,4630 1769,4629 1632,4629 1631,4630 1631,4658 1630,4659 1629,4659 1627,4661 1627,4662 1627,4662 1599,4662 1597,4661 1597,4622 1597,4621 1493,4621 1492,4622 1492,4671 1492,4671 1472,4671 1471,4671 1471,4626 1471,4625 1243,4625 1242,4626 1242,4627 1240,4629 1233,4629 1230,4627 1230,4626 1230,4625 1064,4625 1062,4624 1062,4623 1061,4621 913,4621 912,4622 912,4624 911,4625 622,4625 621,4626 621,4673 621,4673 610,4673 609,4673 609,4626 609,4625 588,4625 587,4626 587,4627 585,4629 487,4629 486,4630 486,4649 485,4650 485,4651 485,4651 484,4651 482,4653 482,4654 481,4655 480,4655 478,4657 478,4658 478,4658 477,4658 474,4661 474,4662 474,4662 469,4662 467,4664 467,4665 466,4666 457,4666 456,4666 456,4649 456,4648 347,4648 346,4647 345,4647 343,4646 343,4630 343,4629 121,4629 119,4628 119,4627 119,4626 118,4625 117,4625 115,4624 115,4567 114,4565 113,4565 111,4564 111,4563 111,4562 110,4562 108,4561 108,4555 108,4554 12,4554 10,4553 10,4507 12,4505 13,4505 14,4507 14,4531 15,4531 17,4531 18,4533 18,4539 19,4539 133,4539 134,4538 134,4537 136,4535 200,4535 201,4534 201,4526 203,4524 204,4524 205,4523 205,4514 206,4513 207,4513 209,4511 209,4510 210,4509 211,4509 216,4504 217,4504 218,4505 227,4505 227,4506 227,4550 228,4550 282,4550 287,4556 287,4564 289,4565 290,4565 291,4567 291,4587 292,4587 456,4587 456,4587 456,4563 458,4561 459,4561 459,4561 459,4508 463,4504 512,4504 512,4504 512,4503 514,4501 523,4501 523,4501 523,4500 525,4498 530,4498 530,4499 530,4500 533,4502 534,4502 535,4503 579,4503 579,4504 579,4546 580,4546 945,4546 946,4545 946,4544 947,4543 957,4543 957,4544 957,4545 959,4546 1230,4546 1230,4546 1230,4545 1232,4543 1316,4543 1317,4545 1317,4546 1318,4546 1472,4546 1474,4549 1474,4550 1475,4550 1480,4550 1481,4552 1481,4553 1483,4554 1679,4554 1679,4554 1679,4512 1680,4511 1680,4510 1681,4509 1686,4509 1687,4508 1687,4507 1689,4505 1690,4505 1690,4505 1690,4504 1693,4501 1695,4504 1695,4505 1696,4505 1697,4505 1698,4507 1698,4508 1700,4509 1701,4509 1702,4511 1702,4546 1703,4546 1739,4546 1739,4547 1739,4550 1740,4550 1836,4550 1836,4551 1836,4552 1839,4554 1843,4554 1848,4560 1848,4565 1849,4565 1974,4565 1979,4560 1979,4559 1980,4558 1981,4558 1983,4556 1983,4555 1984,4554 1993,4554 1994,4553 1994,4552 1996,4550 2001,4550 2001,4550 2001,4507 2003,4505 2026,4505 2030,4509 2090,4509 2094,4513 2095,4513 2095,4514 2095,4550 2096,4550 2244,4550 2244,4551 2244,4552 2245,4553 2245,4554 2246,4554 2361,4554 2361,4554 2361,4514 2362,4513 2363,4513 2364,4512 2364,4508 2366,4506 2383,4506 2383,4507 2383,4512 2384,4512 2385,4512 2387,4515 2387,4543 2388,4543 2439,4543 2439,4544 2439,4545 2441,4546 2449,4546 2451,4549 2451,4550 2452,4550 2608,4550 2608,4550 2608,4507 2610,4505 2611,4505 2611,4505 2611,4504 2614,4501 2628,4501 2629,4502 2630,4502 2630,4503 2630,4504 2632,4505 2633,4505 2634,4507 2634,4546 2635,4546 2795,4546 2795,4546 2795,4507 2797,4505 2798,4505 2798,4505 2798,4504 2801,4501 2808,4501 2820,4513 2821,4513 2821,4514 2821,4546 2822,4546 3086,4546 3087,4545 3087,4544 3088,4543 3090,4543 3091,4545 3091,4546 3092,4546 3093,4546 3094,4548 3094,4549 3096,4550 3097,4550 3098,4552 3098,4553 3097,4554 3054,4554 3053,4555 3053,4568 3052,4569 3051,4569 3049,4571 3049,4572 3048,4573 3043,4573 3042,4574 3042,4617 3042,4617 3041,4617 3040,4618 3039,4618 3038,4619 3038,4624 3037,4625 2591,4625 2589,4624 2589,4623 2588,4621 2453,4621 2450,4624 2450,4625 2450,4625 2317,4625 2316,4626 2316,4628 2316,4628 2315,4628 2314,4629 2141,4629 2140,4630 2140,4672 2140,4672 2130,4672 2129,4672 2129,4629 2129,4628 2005,4628 2004,4629 1992,4629 1990,4628 1990,4627 1989,4625 1985,4625 1975,4616 1975,4615 1975,4614 1849,4614 1848,4615 1848,4616 1844,4620 1844,4621 1844,4621 1839,4621 1836,4624 1836,4625 1836,4625 1831,4625 1829,4627 1829,4628 1828,4629 1774,4629 1773,4630 1773,4673 1773,4673"/><TextEquiv index="1"><Unicode>tés, j'en eus encore plus d'envie de leur</Unicode></TextEquiv></TextLine><TextLine id="r0_l020"><Coords points="1123,4835 1122,4835 1122,4794 1122,4793 1082,4793 1081,4793 1081,4792 1080,4790 996,4790 884,4790 882,4792 882,4793 882,4793 619,4793 617,4795 617,4796 616,4797 614,4797 613,4797 613,4796 612,4794 438,4794 437,4795 437,4826 436,4827 435,4827 433,4829 433,4830 432,4831 413,4831 411,4830 411,4826 409,4823 408,4823 407,4823 407,4794 407,4793 241,4793 238,4796 238,4797 238,4797 19,4797 18,4798 18,4815 17,4816 15,4816 14,4817 14,4834 13,4835 12,4834 11,4834 10,4834 10,4773 12,4771 100,4771 100,4771 100,4762 102,4760 104,4760 104,4760 104,4750 105,4749 106,4749 107,4748 107,4744 108,4743 108,4742 109,4741 110,4741 111,4740 111,4736 114,4733 115,4733 115,4733 115,4732 121,4726 122,4726 122,4726 122,4725 125,4722 126,4722 126,4722 126,4721 129,4718 137,4718 138,4717 138,4716 139,4715 485,4715 485,4715 485,4681 486,4680 486,4679 488,4677 496,4677 497,4676 497,4675 498,4674 607,4674 608,4673 622,4673 628,4680 628,4715 629,4715 877,4715 879,4713 879,4712 880,4711 1076,4711 1077,4710 1077,4709 1079,4707 1080,4707 1081,4706 1081,4705 1082,4704 1083,4704 1084,4703 1093,4703 1094,4704 1095,4704 1096,4706 1096,4711 1097,4711 1301,4711 1301,4711 1301,4710 1302,4709 1304,4707 1305,4707 1305,4707 1305,4702 1307,4700 1309,4700 1309,4701 1309,4703 1310,4703 1311,4703 1312,4704 1316,4704 1316,4705 1316,4706 1317,4707 1317,4711 1318,4711 1470,4711 1470,4711 1470,4672 1471,4671 1492,4671 1492,4672 1492,4711 1493,4711 1682,4711 1683,4710 1683,4706 1686,4703 1687,4703 1687,4703 1687,4694 1689,4692 1690,4692 1691,4691 1691,4686 1692,4685 1693,4685 1694,4684 1694,4680 1697,4677 1698,4677 1698,4677 1698,4676 1700,4674 1704,4674 1706,4672 1706,4671 1707,4670 1727,4670 1730,4673 1774,4673 1775,4674 1777,4674 1777,4675 1777,4718 1778,4718 1825,4718 1825,4718 1825,4717 1827,4715 1919,4715 1919,4715 1919,4679 1920,4678 1921,4678 1921,4678 1923,4676 1923,4675 1924,4674 2000,4674 2001,4673 2001,4672 2003,4670 2019,4670 2021,4672 2140,4672 2142,4674 2143,4674 2143,4675 2144,4676 2144,4677 2145,4677 2146,4677 2147,4679 2147,4718 2148,4718 2293,4718 2293,4718 2293,4717 2295,4715 2391,4715 2391,4715 2391,4709 2393,4707 2394,4707 2394,4707 2394,4698 2396,4696 2397,4696 2398,4695 2398,4694 2399,4693 2400,4693 2402,4691 2402,4690 2403,4689 2404,4689 2405,4688 2405,4684 2408,4681 2409,4681 2409,4681 2409,4676 2412,4673 2413,4673 2413,4673 2413,4672 2415,4670 2416,4670 2416,4670 2416,4669 2419,4666 2420,4666 2420,4667 2420,4668 2423,4670 2427,4670 2428,4672 2428,4676 2436,4684 2436,4692 2437,4692 2438,4692 2439,4694 2439,4702 2442,4704 2443,4704 2443,4705 2443,4715 2444,4715 2618,4715 2619,4714 2619,4713 2621,4711 2625,4711 2629,4715 2842,4715 2844,4713 2844,4712 2845,4711 2945,4711 2945,4711 2945,4678 2946,4677 2955,4677 2956,4679 2956,4711 2957,4711 3079,4711 3079,4712 3079,4713 3083,4717 3083,4721 3082,4722 3069,4722 3068,4723 3068,4748 3068,4748 3032,4748 3031,4749 3031,4777 3029,4779 3028,4779 3027,4780 3027,4785 3026,4786 3021,4786 3020,4787 3020,4788 3018,4790 3015,4788 3015,4787 3015,4786 2881,4786 2880,4787 2880,4832 2880,4832 2871,4832 2870,4832 2870,4787 2870,4786 2864,4786 2862,4788 2862,4789 2861,4790 2766,4790 2765,4791 2765,4815 2764,4816 2763,4816 2761,4818 2761,4819 2761,4819 2760,4819 2759,4820 2741,4820 2739,4819 2739,4818 2739,4817 2738,4816 2737,4816 2735,4815 2735,4791 2735,4790 2618,4790 2617,4789 2616,4789 2615,4789 2615,4788 2614,4786 2430,4786 2428,4788 2428,4789 2427,4790 2422,4790 2421,4791 2421,4792 2420,4793 2291,4793 2290,4794 2152,4794 2151,4795 2151,4796 2150,4797 2138,4797 2136,4796 2136,4795 2136,4794 2124,4794 2123,4793 1989,4793 1988,4794 1973,4794 1971,4796 1971,4797 1971,4797 1737,4797 1736,4797 1736,4796 1734,4793 1501,4793 1500,4794 1500,4804 1499,4805 1498,4805 1496,4807 1496,4815 1495,4816 1494,4816 1492,4818 1492,4819 1491,4820 1490,4820 1489,4821 1489,4822 1488,4823 1487,4823 1485,4825 1485,4826 1484,4827 1475,4827 1474,4827 1474,4794 1474,4793 1307,4793 1305,4792 1305,4791 1305,4790 1161,4790 1159,4792 1159,4793 1159,4793 1129,4793 1128,4794 1128,4835 1128,4835"/><TextEquiv index="1"><Unicode>complaire en tout: je ſacrifiai même pour</Unicode></TextEquiv></TextLine><TextLine id="r0_l021"><Coords points="647,5004 646,5004 646,4959 646,4958 558,4958 557,4959 557,4961 556,4962 555,4962 553,4964 553,4965 553,4965 552,4965 551,4966 472,4966 471,4967 471,4987 470,4988 469,4988 467,4990 467,4994 465,4996 461,4996 459,4998 459,4999 459,4999 450,4999 448,4998 448,4997 448,4996 447,4996 444,4994 444,4993 444,4992 443,4992 441,4991 441,4967 441,4966 187,4966 186,4967 186,4995 185,4996 167,4996 166,4995 165,4995 164,4995 164,4967 164,4966 133,4966 132,4965 131,4965 130,4965 130,4964 125,4958 124,4958 123,4958 123,4957 121,4954 120,4954 119,4954 119,4949 118,4947 117,4947 115,4946 115,4941 114,4939 113,4939 112,4938 111,4938 111,4937 111,4936 110,4936 108,4935 108,4933 109,4932 110,4932 111,4931 111,4915 113,4913 114,4913 115,4912 115,4904 117,4902 118,4902 119,4901 119,4900 121,4898 122,4898 122,4898 122,4897 125,4894 130,4894 130,4894 130,4893 136,4887 140,4887 141,4886 141,4885 143,4883 358,4883 358,4883 358,4863 361,4860 362,4860 362,4860 362,4851 363,4850 364,4850 365,4849 370,4844 370,4843 371,4842 380,4842 381,4844 381,4845 383,4846 384,4846 384,4847 384,4848 385,4849 385,4883 386,4883 721,4883 721,4883 721,4882 724,4879 725,4879 725,4879 725,4878 731,4872 732,4872 732,4872 732,4871 735,4868 737,4871 737,4872 738,4872 739,4872 740,4874 740,4879 741,4879 1121,4879 1122,4878 1122,4836 1123,4835 1129,4835 1129,4836 1129,4876 1130,4876 1199,4876 1200,4875 1200,4874 1202,4872 1204,4872 1204,4873 1204,4874 1205,4875 1205,4876 1206,4876 1481,4876 1481,4877 1481,4878 1483,4879 1517,4879 1519,4882 1519,4883 1520,4883 1717,4883 1717,4883 1717,4851 1719,4849 1720,4849 1720,4849 1720,4841 1723,4838 1738,4838 1739,4840 1739,4883 1740,4883 1930,4883 1930,4883 1930,4882 1933,4879 2248,4879 2248,4879 2248,4878 2250,4876 2251,4876 2252,4875 2252,4870 2254,4868 2255,4868 2256,4870 2256,4871 2258,4872 2263,4872 2263,4873 2263,4879 2264,4879 2529,4879 2529,4879 2529,4878 2531,4876 2555,4876 2555,4877 2555,4879 2556,4879 2746,4879 2746,4879 2746,4840 2748,4838 2749,4838 2750,4837 2750,4836 2751,4835 2752,4835 2753,4834 2761,4834 2761,4834 2761,4832 2762,4831 2764,4831 2765,4832 2938,4832 2939,4831 2943,4831 2945,4829 2945,4828 2946,4827 2970,4827 2971,4829 2971,4830 2973,4831 2978,4831 2978,4832 2978,4876 2979,4876 3079,4876 3079,4877 3079,4883 3079,4883 3073,4883 3072,4884 3072,4931 3071,4932 3070,4932 3068,4934 3068,4935 3067,4936 3035,4936 3034,4937 3034,4946 3033,4947 3032,4947 3031,4948 3031,4953 3030,4954 3025,4954 3024,4955 3024,4956 3023,4957 3023,4958 3023,4958 3021,4958 3019,4957 3019,4956 3018,4954 2695,4954 2694,4955 2694,4987 2693,4988 2673,4988 2671,4987 2671,4986 2670,4984 2665,4984 2664,4984 2664,4955 2664,4954 2318,4954 2316,4956 2316,4957 2315,4958 2303,4958 2301,4960 2301,4961 2300,4962 2299,4962 2297,4961 2297,4960 2296,4958 2096,4958 2095,4959 2095,4972 2094,4973 2093,4973 2091,4975 2091,4976 2090,4977 2089,4977 2087,4979 2087,4980 2086,4981 2085,4981 2084,4982 2084,4983 2083,4984 2082,4984 2080,4986 2080,4987 2079,4988 2060,4988 2056,4992 2041,4992 2039,4991 2039,4990 2038,4988 2033,4988 2031,4987 2031,4986 2030,4984 2029,4984 2028,4984 2028,4983 2027,4982 2027,4959 2027,4958 1984,4958 1983,4958 1983,4957 1981,4954 1924,4954 1923,4955 1923,5002 1923,5002 1905,5002 1904,5002 1904,4955 1904,4954 1581,4954 1578,4957 1578,4958 1578,4958 1576,4958 1575,4958 1575,4957 1573,4954 1413,4954 1412,4955 1412,5000 1412,5000 1401,5000 1400,4999 1280,4999 1279,4998 1269,4998 1268,4998 1268,4955 1268,4954 1266,4954 1264,4953 1264,4952 1264,4951 910,4951 909,4952 909,4953 908,4954 876,4954 875,4955 875,4957 874,4958 805,4958 804,4959 804,5001 804,5001 798,5001 797,5002 674,5002 673,5003 668,5003 667,5004"/><TextEquiv index="1"><Unicode>quelque tems mes cruels regrets au plaiſir</Unicode></TextEquiv></TextLine><TextLine id="r0_l022"><Coords points="432,5172 431,5172 431,5124 431,5123 394,5123 392,5125 392,5126 392,5126 391,5126 390,5127 343,5127 342,5126 341,5126 340,5126 340,5125 339,5123 169,5123 167,5125 167,5126 167,5126 166,5126 165,5127 135,5127 134,5128 134,5129 133,5130 128,5130 126,5129 126,5128 126,5127 125,5127 122,5125 122,5124 122,5123 121,5123 119,5122 119,5121 118,5120 118,5119 117,5119 115,5118 115,5117 114,5115 113,5115 111,5114 111,5113 111,5112 110,5112 108,5111 108,5110 107,5109 107,5105 107,5104 106,5104 104,5103 104,5088 102,5085 101,5085 100,5085 100,5083 101,5082 102,5082 103,5081 107,5081 108,5080 108,5079 109,5078 110,5078 111,5077 111,5073 114,5070 118,5070 119,5069 119,5035 122,5032 122,5025 123,5024 123,5023 124,5022 125,5022 126,5021 126,5020 128,5018 129,5018 130,5017 130,5009 134,5005 134,5004 135,5003 155,5003 156,5005 156,5006 158,5007 178,5007 179,5009 179,5010 180,5010 204,5010 205,5012 205,5014 206,5014 208,5014 209,5016 209,5033 210,5033 234,5033 235,5035 235,5036 237,5037 340,5037 340,5037 340,5008 341,5007 342,5007 343,5006 351,5006 351,5006 351,5005 353,5003 361,5003 362,5005 362,5010 363,5010 488,5010 489,5012 489,5013 491,5014 492,5014 493,5016 493,5029 494,5029 530,5029 530,5030 530,5048 531,5048 646,5048 646,5048 646,5005 647,5004 667,5004 668,5003 785,5003 786,5002 797,5002 798,5001 804,5001 804,5002 804,5006 806,5007 807,5007 807,5008 807,5040 808,5040 870,5040 871,5042 871,5043 873,5044 877,5044 879,5046 995,5046 997,5044 1054,5044 1054,5044 1054,5043 1057,5040 1268,5040 1268,5040 1268,4999 1269,4998 1309,4998 1309,4998 1309,4997 1310,4996 1311,4996 1312,4995 1316,4995 1316,4995 1316,4994 1318,4992 1331,4992 1331,4993 1331,4994 1334,4996 1335,4996 1335,4997 1335,4998 1337,4999 1400,4999 1401,5000 1414,5000 1414,5001 1414,5048 1415,5048 1521,5048 1522,5047 1522,5046 1524,5044 1712,5044 1713,5046 1713,5048 1714,5048 1839,5048 1841,5046 1841,5045 1842,5044 1897,5044 1897,5044 1897,5008 1898,5007 1899,5007 1900,5006 1900,5005 1902,5003 1903,5003 1904,5002 1924,5002 1925,5003 1926,5003 1926,5004 1926,5005 1927,5006 1927,5048 1928,5048 2050,5048 2050,5048 2050,5005 2052,5003 2053,5003 2054,5002 2054,5001 2056,4999 2061,4999 2061,4999 2061,4998 2064,4995 2074,4995 2075,4996 2076,4996 2076,4997 2076,4998 2077,4998 2078,4999 2079,4999 2080,5001 2080,5044 2081,5044 2221,5044 2222,5046 2222,5047 2224,5048 2361,5048 2361,5048 2361,5008 2362,5007 2363,5007 2365,5005 2365,5004 2366,5003 2375,5003 2375,5003 2375,5002 2378,4999 2380,5002 2380,5003 2381,5003 2382,5003 2383,5005 2383,5040 2384,5040 2494,5040 2496,5043 2496,5044 2497,5044 2723,5044 2724,5043 2724,5042 2726,5040 2913,5040 2915,5043 2915,5044 2916,5044 2970,5044 2971,5046 2971,5051 2973,5052 2974,5052 2974,5053 2974,5054 2976,5055 3026,5055 3027,5057 3027,5067 3028,5067 3068,5067 3068,5068 3068,5069 3070,5070 3071,5070 3072,5072 3072,5073 3071,5074 3070,5074 3068,5076 3068,5077 3067,5078 3066,5078 3064,5080 3064,5081 3063,5082 3047,5082 3046,5083 3046,5091 3040,5097 2983,5097 2982,5098 2982,5114 2977,5119 2718,5119 2716,5118 2716,5117 2715,5115 2595,5115 2593,5117 2593,5118 2592,5119 2542,5119 2540,5121 2540,5122 2539,5123 2434,5123 2432,5122 2432,5121 2431,5119 2362,5119 2284,5119 2282,5121 2282,5122 2281,5123 2228,5123 2226,5125 2226,5126 2226,5126 2223,5126 2222,5126 2222,5125 2221,5123 1963,5123 1962,5124 1962,5168 1962,5168 1946,5168 1945,5168 1945,5124 1945,5123 1779,5123 1777,5125 1777,5126 1777,5126 1774,5126 1773,5126 1773,5125 1772,5123 1460,5123 1459,5124 1459,5155 1458,5156 1457,5156 1456,5157 1432,5157 1431,5156 1430,5156 1429,5156 1429,5124 1429,5123 1288,5123 1287,5124 1287,5128 1286,5129 1286,5130 1286,5130 1285,5130 1283,5132 1283,5133 1282,5134 1281,5134 1279,5136 1279,5137 1278,5138 1270,5138 1268,5137 1268,5120 1268,5119 1153,5119 1152,5120 1152,5166 1152,5166 1140,5166 1139,5165 1135,5165 1134,5165 1134,5120 1134,5119 1033,5119 1032,5120 1032,5144 1031,5145 1030,5145 1029,5146 1029,5147 1027,5149 1011,5149 1010,5149 1010,5148 1008,5145 1007,5145 1006,5145 1006,5120 1006,5119 869,5119 867,5121 867,5122 866,5123 674,5123 673,5124 673,5148 672,5149 671,5149 669,5151 669,5152 669,5152 668,5152 665,5155 665,5156 665,5156 664,5156 661,5159 661,5160 661,5160 656,5160 654,5162 654,5163 653,5164 652,5164 650,5163 650,5162 649,5160 648,5160 647,5160 647,5159 646,5158 646,5128 646,5127 518,5127 515,5125 515,5124 515,5123 451,5123 450,5124 450,5172 450,5172"/><TextEquiv index="1"><Unicode>&amp; à la joie que j'éprouvai dans leur com-</Unicode></TextEquiv></TextLine><TextLine id="r0_l023"><Coords points="2269,5337 2268,5337 2268,5289 2268,5288 2265,5288 2263,5290 2263,5291 2263,5291 2171,5291 2170,5292 2170,5324 2169,5325 2153,5325 2151,5327 2151,5328 2150,5329 2149,5328 2148,5328 2147,5328 2147,5326 2147,5325 2138,5325 2136,5324 2136,5323 2135,5321 2134,5321 2132,5320 2132,5293 2132,5292 1973,5292 1971,5294 1971,5295 1971,5295 1969,5295 1968,5295 1968,5294 1967,5293 1967,5292 1967,5291 1621,5291 1620,5291 1620,5290 1619,5288 1434,5288 1433,5289 1433,5290 1432,5291 1280,5291 1279,5292 1279,5320 1278,5321 1277,5321 1275,5323 1275,5324 1274,5325 1255,5325 1253,5324 1253,5316 1252,5314 1251,5314 1249,5313 1249,5289 1249,5288 887,5288 886,5289 886,5290 885,5291 443,5291 440,5294 440,5295 440,5295 333,5295 332,5296 332,5309 331,5310 330,5310 329,5311 328,5312 328,5313 327,5314 326,5314 325,5315 325,5320 324,5321 323,5321 321,5323 321,5324 320,5325 308,5325 306,5327 306,5328 306,5328 305,5328 304,5329 292,5329 291,5330 291,5331 290,5332 109,5332 108,5332 108,5331 107,5329 106,5329 105,5328 104,5328 104,5327 103,5325 102,5325 100,5324 100,5233 102,5231 103,5231 104,5230 104,5229 105,5228 106,5228 106,5228 108,5226 108,5225 109,5224 110,5224 111,5223 111,5222 113,5220 122,5220 122,5220 122,5219 125,5216 215,5216 216,5215 216,5214 217,5213 293,5213 294,5212 429,5212 429,5212 429,5174 431,5172 451,5172 456,5178 456,5212 457,5212 524,5212 525,5213 526,5213 527,5215 527,5216 528,5216 533,5216 534,5218 534,5223 536,5224 537,5224 538,5226 538,5230 542,5234 542,5254 543,5254 714,5254 714,5254 714,5173 716,5171 717,5171 718,5170 718,5169 719,5168 817,5168 819,5166 819,5165 820,5164 986,5164 987,5163 987,5162 989,5160 1072,5160 1073,5162 1073,5163 1075,5164 1084,5164 1085,5165 1139,5165 1140,5166 1152,5166 1152,5167 1152,5171 1153,5171 1300,5171 1302,5174 1302,5175 1303,5175 1304,5175 1305,5177 1305,5209 1306,5209 1376,5209 1376,5210 1376,5211 1378,5212 1649,5212 1649,5212 1649,5174 1652,5171 1653,5171 1653,5171 1653,5170 1655,5168 1671,5168 1683,5181 1683,5212 1684,5212 1941,5212 1941,5212 1941,5174 1944,5171 1945,5171 1945,5171 1945,5169 1946,5168 1963,5168 1968,5174 1968,5201 1969,5201 2007,5201 2008,5202 2009,5202 2009,5203 2009,5209 2010,5209 2050,5209 2050,5210 2050,5212 2051,5212 2052,5212 2053,5213 2239,5213 2240,5212 2248,5212 2248,5212 2248,5211 2250,5209 2308,5209 2308,5209 2308,5177 2310,5175 2311,5175 2312,5174 2312,5173 2313,5172 2314,5172 2314,5172 2316,5170 2316,5169 2317,5168 2330,5168 2331,5170 2331,5171 2332,5171 2333,5171 2334,5173 2334,5201 2335,5201 2457,5201 2458,5203 2458,5204 2460,5205 2461,5205 2462,5207 2462,5209 2463,5209 2670,5209 2671,5208 2671,5207 2673,5205 2786,5205 2790,5209 2999,5209 3001,5207 3001,5206 3002,5205 3004,5205 3004,5206 3004,5207 3007,5209 3068,5209 3068,5210 3068,5219 3070,5220 3071,5220 3072,5222 3072,5226 3070,5228 3035,5228 3034,5229 3034,5238 3033,5239 3032,5239 3031,5240 3031,5271 3029,5273 3024,5273 3023,5274 3023,5279 3022,5280 3021,5280 3020,5281 3020,5282 3018,5284 3017,5284 3016,5285 3016,5286 3015,5287 3014,5287 3013,5288 3006,5288 3004,5290 3004,5291 3004,5291 2987,5291 2986,5291 2986,5290 2985,5288 2286,5288 2285,5289 2285,5337 2285,5337"/><TextEquiv index="1"><Unicode>pagnie. M. Diaper n'avoit point encore</Unicode></TextEquiv></TextLine><TextLine id="r0_l024"><Coords points="2173,5505 2172,5505 2172,5461 2172,5460 1778,5460 1777,5461 1777,5462 1776,5463 1774,5463 1773,5463 1773,5462 1772,5460 1764,5460 1762,5459 1762,5458 1761,5456 1569,5456 1567,5458 1567,5459 1566,5460 1450,5460 1447,5458 1447,5457 1447,5456 1336,5456 1335,5457 1335,5502 1335,5502 1157,5502 1156,5502 1156,5457 1156,5456 1090,5456 1088,5458 1088,5459 1087,5460 329,5460 328,5461 328,5485 327,5486 326,5486 325,5487 325,5488 323,5490 322,5490 321,5491 321,5496 320,5497 315,5497 314,5498 314,5499 312,5501 160,5501 159,5501 159,5453 159,5452 124,5452 123,5452 123,5451 122,5450 121,5448 120,5448 119,5448 119,5390 120,5389 121,5389 122,5388 123,5387 123,5386 124,5385 125,5385 125,5385 126,5384 126,5383 128,5381 144,5381 145,5380 145,5379 147,5377 523,5377 523,5377 523,5338 525,5336 530,5336 530,5336 530,5335 533,5332 548,5332 549,5334 549,5339 551,5340 552,5340 553,5342 553,5377 554,5377 1080,5377 1081,5376 1081,5375 1082,5374 1083,5374 1084,5373 1129,5373 1129,5373 1129,5335 1132,5332 1185,5332 1185,5332 1185,5331 1187,5329 1189,5329 1189,5330 1189,5331 1192,5333 1193,5333 1193,5334 1193,5373 1194,5373 1251,5373 1252,5374 1470,5374 1470,5374 1470,5338 1472,5336 1473,5336 1473,5336 1473,5335 1476,5332 1477,5332 1477,5332 1477,5331 1479,5329 1480,5329 1481,5328 1482,5329 1496,5329 1496,5330 1496,5377 1497,5377 2150,5377 2151,5378 2263,5378 2263,5378 2263,5346 2266,5343 2267,5343 2267,5343 2267,5338 2268,5337 2286,5337 2286,5338 2286,5343 2287,5343 2288,5343 2290,5346 2290,5373 2291,5373 2366,5373 2367,5374 2368,5374 2368,5375 2368,5376 2370,5377 2603,5377 2604,5376 2604,5375 2605,5374 2606,5374 2607,5373 2624,5373 2625,5374 2626,5374 2626,5375 2626,5377 2627,5377 2929,5377 2929,5377 2929,5376 2931,5374 3015,5374 3016,5376 3016,5377 3017,5377 3078,5377 3079,5379 3079,5383 3083,5387 3083,5421 3085,5422 3093,5422 3094,5424 3094,5425 3095,5425 3096,5425 3098,5428 3098,5429 3097,5430 3073,5430 3072,5431 3072,5433 3072,5433 3071,5433 3070,5434 3069,5434 3068,5435 3068,5437 3068,5437 3054,5437 3053,5438 3053,5452 3053,5452 3048,5452 3044,5456 2920,5456 2918,5455 2918,5454 2917,5452 2781,5452 2780,5453 2780,5499 2780,5499 2770,5499 2769,5499 2769,5453 2769,5452 2632,5452 2630,5454 2630,5455 2629,5456 2380,5456 2379,5457 2379,5467 2379,5467 2378,5467 2370,5475 2366,5475 2364,5477 2364,5478 2364,5478 2359,5478 2357,5480 2357,5481 2356,5482 2347,5482 2346,5482 2346,5461 2346,5460 2188,5460 2187,5461 2187,5505 2187,5505"/><TextEquiv index="1"><Unicode>reçu de nouvelles de mon ami; nous en</Unicode></TextEquiv></TextLine><TextLine id="r0_l025"><Coords points="1482,5676 1481,5676 1481,5663 1481,5662 1476,5662 1473,5660 1473,5659 1473,5658 1472,5658 1470,5657 1470,5629 1470,5628 1160,5628 1159,5629 1159,5675 1159,5675 1150,5675 1149,5676 1145,5676 1144,5676 1144,5629 1144,5628 1063,5628 1062,5629 1062,5657 1061,5658 1060,5658 1058,5660 1058,5665 1058,5665 1057,5665 1056,5666 1045,5666 1043,5668 1043,5669 1043,5669 1041,5669 1039,5668 1039,5667 1038,5665 1033,5665 1032,5665 1032,5660 1031,5658 1030,5658 1028,5657 1028,5637 1028,5636 494,5636 493,5637 493,5638 492,5639 143,5639 141,5638 141,5637 141,5636 137,5636 136,5635 135,5635 134,5635 134,5634 133,5632 132,5632 130,5631 130,5630 129,5628 124,5628 123,5628 123,5627 122,5626 122,5622 122,5621 118,5621 117,5620 116,5620 115,5620 115,5615 114,5613 113,5613 111,5612 111,5596 111,5595 110,5595 108,5594 108,5592 110,5590 111,5590 111,5590 111,5574 113,5572 114,5572 115,5571 115,5570 117,5568 118,5568 119,5567 119,5562 120,5561 121,5561 123,5559 123,5558 124,5557 125,5557 127,5555 127,5554 128,5553 129,5553 130,5552 130,5551 131,5550 132,5550 134,5548 134,5543 135,5542 149,5542 149,5542 149,5525 151,5523 152,5523 152,5523 152,5507 155,5504 156,5504 156,5504 156,5503 158,5501 160,5501 161,5500 177,5500 178,5501 261,5501 261,5502 261,5504 262,5504 263,5504 264,5505 265,5505 265,5506 265,5538 266,5538 335,5538 336,5540 336,5541 338,5542 574,5542 579,5537 579,5533 582,5530 583,5530 583,5530 583,5521 584,5520 585,5520 587,5518 587,5517 588,5516 589,5516 590,5515 590,5511 598,5503 598,5502 599,5501 604,5501 605,5500 605,5499 607,5497 631,5497 631,5498 631,5499 634,5501 635,5501 635,5502 635,5542 636,5542 774,5542 774,5542 774,5540 776,5538 777,5538 777,5538 777,5537 780,5534 781,5534 781,5534 781,5533 783,5531 863,5531 863,5531 863,5504 864,5503 864,5502 865,5501 882,5501 882,5502 882,5503 885,5505 886,5505 886,5506 886,5546 887,5546 1152,5546 1152,5546 1152,5506 1153,5505 1154,5505 1157,5502 1335,5502 1335,5503 1335,5546 1336,5546 1365,5546 1365,5547 1365,5548 1367,5549 1371,5549 1373,5552 1373,5553 1374,5553 1375,5553 1376,5555 1376,5572 1377,5572 1402,5572 1402,5573 1402,5594 1403,5594 1623,5594 1623,5594 1623,5582 1626,5579 1627,5579 1627,5579 1627,5570 1629,5568 1630,5568 1631,5567 1631,5525 1633,5523 1634,5523 1634,5523 1634,5519 1635,5518 1635,5517 1636,5516 1637,5516 1638,5515 1638,5511 1642,5507 1642,5506 1643,5505 1644,5505 1645,5504 1649,5504 1650,5503 1650,5502 1651,5501 1652,5501 1653,5500 1653,5499 1655,5497 1664,5497 1664,5498 1664,5499 1667,5501 1675,5501 1676,5503 1676,5504 1677,5504 1678,5504 1680,5507 1680,5508 1681,5508 1682,5508 1683,5510 1683,5511 1685,5512 1686,5512 1687,5514 1687,5515 1689,5516 1690,5516 1691,5518 1691,5542 1692,5542 1874,5542 1874,5542 1874,5510 1876,5508 1877,5508 1878,5507 1878,5502 1879,5501 1892,5501 1892,5501 1892,5500 1893,5499 1893,5498 1894,5497 1896,5497 1897,5499 1897,5500 1899,5501 1904,5501 1904,5502 1904,5505 1905,5505 1949,5505 1949,5506 1949,5507 1951,5508 1952,5508 1953,5510 1953,5546 1954,5546 2166,5546 2166,5546 2166,5510 2168,5508 2169,5508 2170,5507 2170,5506 2171,5505 2188,5505 2189,5507 2189,5508 2190,5508 2191,5508 2192,5510 2192,5549 2193,5549 2349,5549 2349,5549 2349,5544 2351,5542 2352,5542 2353,5541 2353,5533 2356,5530 2357,5530 2357,5530 2357,5525 2359,5523 2360,5523 2361,5522 2361,5517 2362,5516 2363,5516 2365,5514 2365,5513 2366,5512 2367,5512 2368,5511 2368,5510 2370,5508 2375,5508 2376,5507 2376,5506 2378,5504 2383,5504 2383,5504 2383,5503 2386,5500 2387,5500 2387,5500 2387,5499 2389,5497 2397,5497 2398,5499 2398,5500 2399,5500 2400,5501 2401,5501 2402,5503 2402,5511 2404,5512 2405,5512 2406,5514 2406,5542 2407,5542 2435,5542 2435,5543 2435,5544 2438,5546 2679,5546 2679,5546 2679,5498 2680,5497 2704,5497 2706,5499 2780,5499 2782,5501 2783,5501 2784,5503 2784,5545 2785,5545 2903,5545 2903,5545 2903,5544 2905,5542 3022,5542 3023,5541 3023,5536 3024,5535 3025,5535 3027,5533 3027,5532 3028,5531 3029,5531 3031,5529 3031,5528 3032,5527 3041,5527 3042,5529 3042,5541 3044,5542 3094,5542 3094,5543 3094,5544 3097,5546 3098,5546 3098,5547 3098,5549 3098,5549 3097,5549 3094,5552 3094,5560 3093,5561 3084,5561 3083,5562 3083,5579 3083,5579 3082,5579 3079,5582 3079,5583 3079,5583 3062,5583 3061,5584 3061,5619 3059,5621 3058,5621 3057,5622 3057,5623 3056,5624 3055,5624 3054,5625 3053,5626 3053,5627 3052,5628 2829,5628 2828,5629 2828,5650 2827,5651 2826,5651 2825,5652 2825,5653 2824,5654 2823,5654 2821,5656 2821,5657 2820,5658 2812,5658 2810,5660 2810,5661 2809,5662 2808,5662 2806,5661 2806,5660 2805,5658 2804,5658 2802,5657 2802,5625 2802,5624 2434,5624 2432,5626 2432,5627 2431,5628 2430,5628 2428,5627 2428,5626 2427,5624 2251,5624 2247,5628 2235,5628 2234,5629 2234,5630 2232,5632 2212,5632 2211,5633 2211,5675 2211,5675 2032,5675 2031,5675 2031,5633 2031,5632 2029,5632 2028,5633 2028,5657 2027,5658 2018,5658 2016,5660 2016,5661 2015,5662 2007,5662 2005,5661 2005,5660 2004,5658 2003,5658 2001,5657 2001,5633 2001,5632 1752,5632 1751,5633 1751,5634 1749,5636 1673,5636 1672,5637 1672,5676 1672,5676"/><TextEquiv index="1"><Unicode>étions fort inquiets, &amp; depuis ſon départ</Unicode></TextEquiv></TextLine><TextLine id="r0_l026"><Coords points="1119,5843 1118,5843 1118,5797 1118,5796 1063,5796 1062,5797 1062,5799 1061,5800 1060,5800 1058,5802 1058,5803 1057,5804 1056,5804 1055,5805 1055,5806 1053,5808 1052,5808 1051,5809 1051,5810 1050,5811 1046,5811 1043,5814 1043,5815 1043,5815 1038,5815 1036,5817 1036,5818 1035,5819 1030,5819 1028,5821 1028,5822 1027,5823 1023,5823 1021,5822 1021,5805 1021,5804 678,5804 677,5804 677,5803 675,5800 598,5800 529,5800 527,5802 527,5803 526,5804 525,5804 523,5803 523,5802 522,5800 397,5800 396,5800 396,5799 395,5797 156,5797 155,5796 154,5796 153,5795 152,5795 152,5794 152,5793 136,5793 134,5792 134,5791 133,5789 132,5789 130,5788 130,5787 129,5785 128,5785 126,5784 126,5783 125,5781 124,5781 122,5780 122,5779 122,5778 121,5778 119,5777 119,5757 119,5756 26,5756 25,5755 19,5755 18,5755 18,5753 20,5751 119,5751 119,5751 119,5746 121,5744 122,5744 122,5744 122,5743 125,5740 126,5740 126,5740 126,5735 128,5733 129,5733 130,5732 130,5731 132,5729 133,5729 134,5728 134,5728 134,5727 136,5725 137,5725 137,5725 137,5724 139,5722 140,5722 141,5721 164,5721 164,5721 164,5682 166,5680 167,5680 167,5680 167,5679 169,5677 177,5677 179,5675 179,5674 180,5673 182,5673 182,5674 182,5675 185,5677 189,5677 190,5679 190,5718 191,5718 354,5718 354,5718 354,5687 357,5684 361,5684 362,5683 362,5682 363,5681 364,5681 365,5680 571,5680 572,5679 572,5678 573,5677 582,5677 583,5679 583,5680 584,5680 585,5680 587,5683 587,5706 588,5706 622,5706 623,5707 624,5707 624,5708 624,5722 625,5722 631,5722 632,5724 632,5725 633,5725 927,5725 927,5725 927,5724 930,5721 934,5721 935,5720 935,5719 936,5718 945,5718 946,5720 946,5721 947,5721 955,5721 956,5722 957,5722 957,5723 957,5724 958,5724 960,5726 961,5726 961,5727 961,5728 963,5729 964,5729 964,5730 964,5731 965,5732 965,5736 967,5737 968,5737 968,5738 968,5759 969,5759 1137,5759 1137,5759 1137,5723 1138,5722 1139,5722 1140,5721 1140,5680 1141,5679 1141,5678 1142,5677 1143,5677 1144,5676 1149,5676 1150,5675 1189,5675 1191,5673 1192,5673 1192,5673 1193,5672 1193,5671 1195,5669 1207,5669 1208,5671 1208,5688 1209,5688 1253,5688 1253,5689 1253,5718 1254,5718 1399,5718 1399,5718 1399,5689 1400,5688 1474,5688 1474,5688 1474,5682 1476,5680 1477,5680 1477,5680 1477,5679 1479,5677 1480,5677 1481,5676 1496,5676 1496,5677 1496,5706 1497,5706 1531,5706 1532,5707 1533,5707 1534,5709 1534,5714 1535,5714 1649,5714 1649,5714 1649,5677 1650,5676 1674,5676 1676,5679 1676,5703 1677,5703 1716,5703 1717,5705 1717,5706 1718,5706 1719,5706 1721,5709 1721,5718 1722,5718 1732,5718 1732,5719 1732,5721 1733,5721 1862,5721 1865,5718 2027,5718 2027,5718 2027,5684 2028,5683 2028,5682 2029,5681 2030,5680 2031,5680 2031,5680 2031,5676 2032,5675 2047,5675 2050,5679 2050,5721 2051,5721 2166,5721 2166,5721 2166,5720 2168,5718 2177,5718 2177,5718 2177,5705 2179,5703 2180,5703 2181,5702 2181,5697 2182,5696 2183,5696 2185,5694 2185,5689 2186,5688 2187,5688 2188,5687 2188,5679 2190,5677 2191,5677 2193,5675 2211,5675 2211,5676 2211,5728 2213,5729 2214,5729 2215,5731 2215,5740 2216,5740 2341,5740 2342,5739 2342,5731 2344,5729 2345,5729 2345,5729 2346,5728 2346,5727 2348,5725 2349,5725 2349,5725 2349,5724 2352,5721 2353,5721 2353,5721 2353,5720 2355,5718 2360,5718 2360,5718 2360,5717 2363,5714 2468,5714 2469,5716 2469,5717 2471,5718 2476,5718 2477,5720 2477,5721 2479,5722 2480,5722 2480,5723 2480,5724 2481,5725 2481,5744 2482,5744 2483,5744 2484,5746 2484,5763 2485,5763 2608,5763 2608,5763 2608,5761 2610,5759 2611,5759 2611,5759 2611,5754 2614,5751 2615,5751 2615,5751 2615,5746 2617,5744 2618,5744 2619,5743 2619,5738 2620,5737 2621,5737 2623,5735 2623,5716 2625,5714 2626,5714 2626,5714 2626,5709 2629,5706 2630,5706 2630,5706 2630,5701 2632,5699 2633,5699 2634,5698 2634,5690 2636,5688 2637,5688 2637,5688 2637,5687 2638,5686 2638,5671 2640,5669 2651,5669 2655,5673 2656,5673 2656,5674 2656,5679 2659,5681 2660,5681 2660,5682 2660,5691 2661,5691 2662,5691 2664,5694 2664,5706 2666,5707 2667,5707 2668,5709 2668,5714 2669,5714 2877,5714 2877,5714 2877,5678 2878,5677 2879,5677 2883,5673 2887,5673 2889,5671 2889,5670 2890,5669 2902,5669 2903,5671 2903,5714 2904,5714 2970,5714 2971,5716 2971,5717 2973,5718 2978,5718 2978,5719 2978,5720 2981,5722 2985,5722 2986,5724 2986,5729 2987,5729 3015,5729 3016,5731 3016,5736 3017,5736 3055,5736 3057,5739 3057,5751 3058,5751 3059,5751 3061,5754 3061,5761 3059,5763 3055,5763 3053,5765 3053,5766 3053,5766 3052,5766 3051,5767 3047,5767 3046,5768 3046,5769 3045,5770 2987,5770 2986,5771 2986,5777 2985,5778 2984,5778 2981,5781 2974,5788 2974,5789 2974,5789 2969,5789 2967,5791 2967,5792 2966,5793 2867,5793 2866,5794 2866,5810 2853,5823 2849,5823 2847,5825 2847,5826 2847,5826 2823,5826 2820,5823 2812,5823 2810,5822 2810,5821 2809,5819 2800,5819 2799,5819 2799,5818 2798,5817 2798,5794 2798,5793 2625,5793 2622,5791 2622,5790 2622,5789 2489,5789 2488,5790 2488,5792 2487,5793 2437,5793 2436,5794 2436,5795 2435,5796 2434,5796 2433,5797 2368,5797 2367,5796 2366,5796 2365,5795 2364,5795 2364,5794 2364,5793 2348,5793 2346,5792 2346,5791 2345,5789 2344,5789 2342,5788 2342,5787 2341,5785 2340,5785 2338,5784 2338,5776 2337,5774 2336,5774 2335,5774 2335,5773 2334,5772 2334,5760 2334,5759 2212,5759 2211,5760 2211,5784 2210,5785 2209,5785 2208,5786 2207,5787 2207,5788 2206,5789 2205,5789 2204,5790 2204,5791 2202,5793 2198,5793 2192,5799 2192,5800 2192,5800 2183,5800 2181,5799 2181,5798 2181,5797 2103,5797 2102,5796 1895,5796 1894,5797 1889,5797 1888,5796 1714,5796 1713,5796 1713,5795 1712,5793 1584,5793 1546,5793 1545,5794 1545,5796 1545,5796 1544,5796 1543,5797 1475,5797 1474,5798 1474,5799 1473,5800 1471,5800 1470,5800 1470,5799 1469,5797 1350,5797 1349,5796 1318,5796 1316,5795 1316,5794 1316,5793 1165,5793 1163,5795 1163,5796 1163,5796 1138,5796 1137,5797 1137,5843 1137,5843"/><TextEquiv index="1"><Unicode>de Lisbonne, il n'étoit arrivé en Angle-</Unicode></TextEquiv></TextLine><TextLine id="r0_l027"><Coords points="628,6006 627,6005 15,6005 14,6005 14,6004 14,6003 13,6003 10,6001 10,6000 11,5999 12,5999 13,5998 17,5998 18,5997 18,5996 19,5995 20,5995 22,5993 22,5992 23,5991 627,5991 627,5991 627,5989 627,5988 328,5988 327,5987 326,5987 325,5987 325,5962 325,5961 124,5961 123,5961 123,5960 122,5958 118,5958 117,5957 116,5957 115,5957 115,5911 110,5905 109,5905 108,5905 108,5902 109,5901 111,5901 111,5901 111,5884 112,5883 124,5883 125,5882 126,5882 126,5882 126,5877 128,5875 129,5875 130,5874 130,5873 132,5871 1118,5871 1118,5871 1118,5844 1119,5843 1182,5843 1184,5841 1189,5841 1189,5841 1189,5840 1191,5838 1195,5838 1197,5836 1197,5835 1198,5834 1623,5834 1623,5835 1623,5837 1624,5837 2051,5837 2052,5838 2053,5838 2054,5840 2054,5841 2055,5841 2056,5841 2058,5844 2058,5845 2059,5845 2610,5845 2614,5849 2618,5849 2619,5851 2619,5879 2620,5879 3090,5879 3090,5880 3090,5882 3089,5883 3088,5883 3087,5884 3087,5885 3086,5886 3058,5886 3057,5887 3057,5900 3056,5901 3047,5901 3046,5902 3046,5903 3045,5904 3045,5905 3045,5905 3035,5905 3034,5906 3034,5953 3033,5954 3032,5954 3031,5955 3031,5956 3030,5957 2985,5957 2984,5958 2983,5958 2982,5959 2982,5960 2981,5961 2770,5961 2769,5962 2769,5986 2767,5988 2766,5988 2765,5989 2765,5994 2764,5995 2745,5995 2741,5991 2250,5991 2248,5990 2248,5970 2248,5969 645,5969 644,5970 644,6006 644,6006"/><TextEquiv index="1"><Unicode>terre aucun vaiſſeau des Indes; mais pour</Unicode></TextEquiv></TextLine><TextLine id="r0_l028"><Coords points="1258,6176 1257,6176 1257,6168 1257,6167 1169,6167 1163,6162 1163,6161 1163,6160 1162,6160 1159,6158 1159,6154 1158,6152 1157,6152 1156,6152 1156,6131 1156,6130 125,6130 122,6128 122,6127 122,6126 121,6126 119,6125 119,6056 120,6055 121,6055 123,6053 123,6052 124,6051 148,6051 148,6051 148,6050 151,6047 336,6047 336,6047 336,6019 338,6017 542,6017 542,6017 542,6015 542,6014 13,6014 12,6013 11,6013 10,6013 10,6012 12,6010 15,6010 15,6010 15,6006 16,6005 542,6005 542,6005 542,6000 543,5999 544,5999 545,5998 558,5998 559,5999 560,5999 560,6000 560,6001 562,6002 563,6002 564,6004 564,6005 566,6006 646,6006 646,6007 646,6008 647,6009 647,6010 648,6010 717,6010 718,6012 718,6013 720,6014 721,6014 721,6015 721,6016 723,6017 728,6017 729,6019 729,6028 730,6028 731,6028 733,6031 733,6047 734,6047 855,6047 856,6049 856,6050 858,6051 2341,6051 2342,6050 2342,6049 2344,6047 2551,6047 2551,6047 2551,6046 2554,6043 2566,6043 2566,6043 2566,6001 2568,5999 2569,5999 2570,5998 2588,5998 2589,5997 2589,5996 2590,5995 2592,5995 2593,5997 2593,5998 2594,5998 2834,5998 2835,5999 2836,5999 2836,6000 2836,6001 2840,6005 2840,6032 2841,6032 2958,6032 2963,6038 2963,6046 2965,6047 2973,6047 2977,6051 2978,6051 2978,6052 2978,6062 2979,6062 3078,6062 3080,6065 3080,6066 3081,6066 3090,6066 3090,6067 3090,6069 3089,6070 3088,6070 3087,6071 3087,6072 3082,6077 3063,6077 3057,6083 3057,6087 3055,6089 3054,6089 3053,6090 3053,6095 3052,6096 3051,6096 3049,6098 3049,6099 3048,6100 2976,6100 2975,6101 2975,6116 2974,6117 2974,6118 2974,6118 2973,6118 2972,6119 2971,6120 2971,6121 2970,6122 2434,6122 2431,6125 2431,6126 2431,6126 2164,6126 2162,6128 2162,6129 2162,6129 2161,6129 2160,6130 2089,6130 2088,6131 2088,6152 2087,6153 2087,6154 2087,6154 1433,6154 1431,6156 1430,6156 1429,6157 1429,6158 1427,6160 1423,6160 1421,6162 1421,6163 1421,6163 1276,6163 1275,6164 1275,6176 1275,6176"/><TextEquiv index="1"><Unicode>nous dédommager, nous reçumes des let-</Unicode></TextEquiv></TextLine><TextLine id="r0_l029"><Coords points="2606,6324 2604,6323 2604,6322 2604,6321 2603,6321 2600,6319 2600,6318 2600,6317 2599,6317 2596,6315 2596,6291 2596,6290 2449,6290 2448,6291 2343,6291 2342,6292 2342,6293 2341,6294 2224,6294 2222,6296 2222,6297 2221,6298 2209,6298 2207,6297 2207,6296 2206,6294 2086,6294 2084,6296 2084,6297 2083,6298 1992,6298 1990,6300 1990,6301 1989,6302 1988,6302 1986,6301 1986,6299 1986,6298 1872,6298 1870,6300 1870,6301 1869,6302 1861,6302 1859,6301 1859,6299 1859,6298 1630,6298 1565,6298 1563,6300 1563,6301 1562,6302 1454,6302 1453,6301 1452,6301 1451,6301 1451,6300 1450,6298 1228,6298 1227,6298 1227,6297 1225,6294 1120,6294 1118,6293 1118,6292 1118,6291 985,6291 983,6293 983,6294 983,6294 817,6294 814,6291 682,6291 680,6293 680,6294 680,6294 454,6294 452,6296 452,6297 451,6298 143,6298 141,6297 141,6296 140,6294 132,6294 130,6293 130,6285 129,6283 128,6283 126,6282 126,6236 125,6234 124,6234 123,6234 123,6233 122,6232 122,6230 123,6229 123,6217 125,6215 137,6215 138,6214 138,6213 139,6212 140,6212 140,6212 141,6211 141,6210 143,6208 144,6208 145,6207 145,6206 147,6204 155,6204 155,6205 156,6206 156,6214 158,6215 277,6215 278,6216 279,6216 280,6217 280,6218 280,6219 281,6219 444,6219 444,6219 444,6218 446,6216 447,6216 448,6215 448,6173 450,6171 454,6171 456,6169 456,6168 457,6167 477,6167 478,6169 478,6170 480,6171 485,6171 486,6173 486,6212 487,6212 548,6212 552,6216 560,6216 560,6217 560,6222 562,6223 654,6223 654,6223 654,6180 656,6178 657,6178 658,6177 658,6172 659,6171 671,6171 673,6169 673,6168 674,6167 792,6167 792,6168 792,6169 795,6171 796,6171 796,6172 796,6182 797,6182 916,6182 916,6182 916,6172 917,6171 918,6171 919,6170 927,6170 927,6170 927,6169 929,6167 979,6167 979,6168 979,6169 982,6171 990,6171 991,6173 991,6174 992,6174 993,6174 996,6177 1103,6177 1103,6177 1103,6176 1104,6175 1105,6175 1106,6174 1154,6174 1156,6176 1275,6176 1275,6177 1275,6184 1278,6186 1279,6186 1279,6187 1279,6219 1280,6219 1334,6219 1335,6221 1335,6222 1337,6223 1338,6223 1339,6225 1339,6226 1341,6227 1436,6227 1436,6227 1436,6195 1438,6193 1439,6193 1440,6192 1440,6187 1441,6186 1442,6186 1450,6178 1458,6178 1459,6177 1459,6176 1461,6174 1476,6174 1477,6176 1477,6177 1479,6178 1484,6178 1485,6180 1485,6181 1487,6182 1488,6182 1488,6183 1488,6184 1491,6186 1492,6186 1492,6187 1492,6212 1493,6212 1507,6212 1507,6213 1507,6214 1509,6215 1557,6215 1558,6216 1559,6216 1560,6218 1560,6219 1561,6219 1562,6219 1564,6222 1564,6223 1565,6223 1687,6223 1687,6223 1687,6176 1688,6175 1689,6175 1690,6174 1708,6174 1709,6176 1709,6177 1711,6178 1712,6178 1713,6180 1713,6219 1714,6219 1859,6219 1859,6219 1859,6180 1861,6178 1862,6178 1863,6177 1863,6176 1865,6174 1872,6174 1873,6175 1874,6175 1874,6176 1874,6177 1875,6177 1983,6177 1983,6177 1983,6176 1985,6174 2046,6174 2046,6174 2046,6165 2048,6163 2049,6163 2050,6162 2050,6157 2051,6156 2061,6156 2061,6156 2061,6155 2062,6154 2087,6154 2087,6155 2087,6159 2088,6160 2088,6171 2089,6171 2248,6171 2248,6172 2248,6173 2249,6173 2251,6175 2252,6175 2252,6176 2252,6177 2254,6178 2255,6178 2256,6180 2256,6181 2258,6182 2259,6182 2260,6184 2260,6219 2261,6219 2379,6219 2379,6219 2379,6218 2382,6215 2383,6215 2383,6215 2383,6214 2385,6212 2397,6212 2398,6211 2398,6210 2400,6208 2424,6208 2424,6208 2424,6173 2426,6171 2434,6171 2436,6169 2436,6168 2437,6167 2438,6167 2440,6165 2440,6164 2441,6163 2498,6163 2499,6165 2499,6208 2500,6208 2565,6208 2569,6212 2674,6212 2675,6214 2675,6215 2676,6215 2677,6215 2679,6218 2679,6249 2680,6249 2840,6249 2840,6249 2840,6225 2842,6223 2843,6223 2843,6223 2843,6218 2845,6216 2849,6216 2850,6215 2851,6215 2851,6215 2851,6214 2853,6212 2865,6212 2866,6211 2866,6210 2868,6208 2970,6208 2970,6209 2970,6210 2973,6212 2974,6212 2974,6213 2974,6214 2976,6215 3032,6215 3033,6216 3034,6216 3034,6217 3034,6219 3035,6220 3035,6230 3036,6230 3051,6230 3052,6231 3053,6231 3053,6232 3053,6238 3054,6238 3090,6238 3091,6240 3091,6241 3090,6242 3088,6242 3087,6243 3087,6245 3086,6246 3058,6246 3057,6247 3057,6259 3052,6264 3044,6264 3042,6266 3042,6267 3041,6268 3025,6268 3023,6270 3023,6271 3022,6272 2979,6272 2978,6273 2978,6279 2978,6279 2973,6279 2971,6281 2971,6282 2970,6283 2969,6283 2967,6285 2967,6286 2966,6287 2961,6287 2960,6288 2960,6289 2959,6290 2958,6290 2957,6291 2948,6291 2947,6290 2946,6290 2945,6290 2944,6289 2944,6288 2944,6287 2770,6287 2769,6288 2769,6293 2768,6294 2767,6294 2765,6296 2765,6297 2764,6298 2763,6298 2761,6300 2761,6301 2760,6302 2759,6302 2758,6303 2757,6304 2757,6305 2757,6305 2756,6305 2755,6306 2751,6306 2750,6307 2750,6308 2749,6309 2632,6309 2630,6311 2630,6316 2629,6317 2628,6317 2626,6319 2626,6320 2626,6320 2621,6320 2619,6322 2619,6323 2618,6324"/><TextEquiv index="1"><Unicode>tres de M. Bellair &amp; de Miſſ Suckey, ac-</Unicode></TextEquiv></TextLine><TextLine id="r0_l030"><Coords points="739,6508 738,6508 738,6505 738,6504 439,6504 437,6503 437,6502 436,6500 427,6500 426,6500 426,6499 424,6496 423,6496 422,6496 422,6467 422,6466 172,6466 171,6466 171,6464 171,6463 159,6463 151,6455 143,6455 141,6454 141,6442 140,6440 139,6440 138,6440 138,6439 137,6438 137,6430 137,6429 136,6429 134,6428 134,6416 136,6414 137,6414 137,6414 137,6409 140,6406 141,6406 141,6406 141,6405 143,6403 144,6403 145,6402 145,6397 147,6395 148,6395 149,6394 149,6393 150,6392 151,6392 153,6390 153,6389 153,6388 24,6388 21,6386 21,6383 24,6380 28,6380 29,6379 29,6378 30,6377 770,6377 770,6377 770,6363 771,6362 772,6362 774,6360 774,6348 775,6347 776,6347 777,6346 777,6342 784,6335 1064,6335 1066,6338 1066,6339 1067,6339 1068,6339 1069,6341 1069,6342 1071,6343 1477,6343 1477,6344 1477,6346 1478,6346 2787,6346 2787,6346 2787,6338 2793,6332 2899,6332 2900,6334 2900,6335 2901,6335 2902,6335 2903,6337 2903,6338 2904,6338 2905,6339 2906,6339 2907,6341 2907,6376 2908,6376 2976,6376 2977,6377 2978,6377 2978,6378 2978,6379 2980,6380 2981,6380 2982,6382 2982,6388 2983,6388 3037,6388 3041,6392 3042,6392 3042,6393 3042,6399 3043,6399 3093,6399 3094,6401 3094,6410 3094,6410 3058,6410 3057,6411 3057,6424 3056,6425 3055,6425 3053,6427 3053,6428 3052,6429 3051,6429 3049,6431 3049,6432 3048,6433 3043,6433 3042,6434 3042,6435 3041,6436 3040,6436 3039,6437 2994,6437 2993,6438 2993,6451 2993,6451 2988,6451 2986,6453 2986,6454 2985,6455 2541,6455 2540,6456 2540,6466 2540,6466 2538,6466 2537,6467 2410,6467 2409,6468 2409,6484 2404,6489 1875,6489 1874,6490 1874,6492 1873,6493 1872,6493 1870,6495 1870,6496 1870,6496 1869,6496 1866,6499 1866,6500 1866,6500 1857,6500 1856,6501 1856,6502 1854,6504 754,6504 753,6505 753,6508 753,6508"/><TextEquiv index="1"><Unicode>compagnées de quelques preſens pour Ma-</Unicode></TextEquiv></TextLine><TextLine id="r0_l031"><Coords points="1094,6680 1092,6679 1092,6678 1091,6676 843,6676 841,6675 841,6674 840,6672 839,6672 837,6671 837,6651 837,6650 293,6650 291,6649 291,6643 291,6642 236,6642 235,6642 235,6641 234,6639 167,6639 166,6638 165,6638 164,6638 164,6637 163,6635 162,6635 160,6634 160,6633 159,6632 159,6631 158,6631 156,6630 156,6629 155,6627 154,6627 152,6626 152,6621 152,6620 151,6620 149,6619 149,6615 141,6607 141,6596 144,6593 145,6593 145,6593 145,6573 147,6571 148,6571 149,6570 149,6569 151,6567 152,6567 152,6567 152,6555 155,6552 175,6552 175,6552 175,6509 177,6507 178,6507 179,6506 179,6505 180,6504 627,6504 628,6503 628,6502 630,6500 634,6500 636,6503 636,6504 637,6504 2352,6504 2353,6503 2353,6502 2355,6500 2719,6500 2720,6499 2720,6498 2721,6497 2722,6496 2723,6496 2724,6495 2724,6494 2725,6493 2726,6493 2727,6492 2736,6492 2737,6493 2738,6493 2739,6495 2739,6496 2740,6496 2779,6496 2779,6497 2779,6498 2782,6500 2858,6500 2858,6501 2858,6502 2859,6503 2859,6504 2860,6504 2907,6504 2907,6505 2907,6506 2909,6508 2910,6508 2911,6508 2911,6509 2911,6537 2912,6537 3033,6537 3034,6539 3034,6540 3036,6541 3048,6541 3049,6543 3049,6544 3051,6545 3105,6545 3105,6546 3105,6547 3108,6549 3109,6549 3109,6550 3109,6560 3110,6560 3112,6560 3113,6562 3113,6567 3113,6567 3110,6567 3109,6568 3109,6593 3108,6594 3107,6594 3106,6595 3106,6599 3105,6600 3105,6601 3105,6601 3104,6601 3101,6604 3101,6605 3101,6605 3089,6605 3085,6609 3081,6609 3079,6611 3079,6612 3079,6612 3074,6612 3072,6614 3072,6615 3071,6616 3065,6616 3064,6617 3064,6657 3064,6657 3063,6657 3062,6658 3061,6659 3061,6660 3060,6661 3058,6661 3057,6661 3057,6643 3057,6642 1873,6642 1869,6646 1165,6646 1163,6648 1163,6653 1163,6653 1162,6653 1161,6654 1157,6654 1156,6655 1156,6656 1155,6657 1124,6657 1122,6659 1122,6660 1121,6661 1120,6661 1118,6663 1118,6664 1117,6665 1116,6665 1114,6667 1114,6668 1114,6668 1113,6668 1111,6670 1111,6674 1110,6675 1110,6676 1110,6676 1105,6676 1103,6678 1103,6679 1102,6680"/><TextEquiv index="1"><Unicode>dame Diaper, &amp; nous eûmes lieu d'être</Unicode></TextEquiv></TextLine><TextLine id="r0_l032"><Coords points="1673,7620 2223,7620 2223,7748 1673,7748"/><TextEquiv index="1"><Unicode></Unicode></TextEquiv></TextLine></TextRegion></Page></PcGts>