4266 7620
693 620 3064 806 De JosePH ThOmeson.
10 784 3323 993 avec beaucoup d'amitié, auſſi-bien que
10 956 3064 1154 mon pere à qui je le preſentai d'abord. Pour
10 1117 3068 1309 moi je goûtai une ſatisfaction extraordinaire
32 1288 3075 1458 de revoir un homme qui étoit actuellement
207 1453 3079 1621 mon unique ami de cœur, & le dépoſitaire
212 1635 1176 1762 de mes ſecrets.
371 1774 3079 1936 La nouvelle de mon empriſonnement &
207 1938 3082 2119 de l'affaire de M. Deacon le ſurprit au der-
200 2099 3075 2275 nier point; mais il fut d'avis d'abandonner
200 2267 3079 2438 cette affaire: car quoiqu'en obtenant des
39 2434 3082 2598 lettres de Chancellerie, on pût peut-être
218 2596 3093 2764 en tirer quelque parti, il faudroit aupara-
218 2757 3122 2926 vant tant de tems & de dépenſe, que ſans
50 2918 3090 3094 doute nous en ſerions bien las avant que
218 3086 3100 3262 de rien terminer. Mon pere qui déteſtoit
218 3250 3078 3427 les longueurs & les ennuis d'un procès,
225 3411 3104 3588 adopta ſon avis, & me dit, en riant, qu'il
222 3579 3097 3754 regardoit cet argent comme une dette, que
57 3735 3100 3904 je lui payerois quand je ſerois en état de le
237 3904 566 4027 faire.
390 4046 3108 4232 Je profitai de la premiere occaſion favo-
229 4225 3100 4404 rable, pour emmener mon ami Prig à la
226 4380 3097 4724 du deſet uie lavois fe deee eeeem
233 4700 3086 4896 de M. Diaper. Je lui en dis tant de raiſons,
233 4865 3093 5041 que voyant qu'il ſeroit inutile de vouloir
236 5029 3100 5213 me perſuader le contraire, il me promit
240 5193 3104 5385 de travailler à faire changer d'avis mon
76 5358 3100 5537 pere & ma mere. Nous étions occupés à
240 5526 3363 5705 imaginer les moyens les plus ſûrs pour y
244 5690 3104 5863 parvenir, lorſque je me rappellai heureu-
98 5850 3097 6033 ſement que M. Goodvill avoit un oncle
247 6003 3100 6198 Directeur de la Compagnie des Indes orien-
97 6169 3100 6332 tales. Je me déterminai ſur le champ à lui
415 6326 1175 6472 III. Partie.
2501 6325 2702 6409 L
