4266 7754
901 564 3618 774 Laietlesavenrues
1148 755 4086 938 écrire, pour le prier de s'employer pour
1155 923 4075 1113 moi, afin de m'obtenir quelque poſte au
1133 1088 4075 1284 ſervice de cette Compagnie. J'avois tout
1163 1260 4079 1439 lieu de croire qu'il y travailleroit avec plai-
1163 1429 4075 1606 ſir: en effet, je lui écrivis dès le ſoir même,
1167 1593 4079 1779 & lui rendis compte de ce que je deman-
1163 1765 4086 1945 dois, & des raiſons qui m'y engageoient.
1159 1930 4082 2104 Je priai ſon épouſe par une autre lettre d'a-
1162 2095 4082 2282 puyer mes prétentions, & je les fis porter
1159 2263 4079 2449 auſſi-tôt à la poſte. Dans l'intervalle de la
1009 2435 4075 2619 réponſe, je fis tout ce que je pus pour
1166 2600 4079 2779 empêcher mon pere de faire aucuns progrès
1174 2768 4079 2950 dans les affaires qui me regardoient; je lui
1171 2937 4086 3111 propoſois tous les jours, & à M. Dia-
1181 3102 4086 3283 per, de nouvelles parties de plaiſir, aux-
1170 3270 4075 3456 quelles ils conſentoient volontiers, parce
1174 3435 4086 3622 qu'ils imaginoient que ma longue détention
1189 3603 4082 3787 devoit avoir altéré conſidérablement mon
1182 3772 4090 3951 tempérament, & que l'air & les amuſe-
1189 3929 4079 4106 mens de la campagne m'étoient néceſſaires
1170 4101 4086 4281 pour rétablir ma ſanté. Ma mere évitoit
1189 4269 4086 4456 avec ſoin, auſſi-bien que mon pere, de
1189 4430 4090 4614 parler de Sir Walter & de ſa famille: j'en
1193 4599 4094 4756 fus charmé; car le moindre mot de ma
1193 4763 4094 4951 chere Louiſe m'auroit replongé dans ma
1189 4921 4093 5115 premiere triſteſſe à laquelle la pourſuite de
1197 5085 4094 5277 mon projet favori avoit fait un peu de di-
1204 5254 4094 5448 verſion. Enfin je reçus une lettre du pays
1196 5422 4094 5602 d'York. J'en fus ſurpris; elle ne contenoit
1196 5616 2433 5801 que deux mots.
1545 5941 2260 6109 Monſieur,
1223 6256 4110 6459 „M. Goodvillartivera à Londres preſque
