4266 7570
574 683 2923 860 DE Joseoh Thompso..
24 850 2938 1035 „auſſi-tôt que ma lettre, & je crois que
32 1016 2930 1190 „j'aurai le bonheur de vous y voir. Je ſuis
74 1175 2847 1331 „votre affectionnée amie, Cat. Goodvill.
241 1504 2930 1684 Je ne ſçavois preſque que penſer de ce
53 1666 2934 1839 que M. Goodvill n'avoit point écrit lui-
79 1823 2934 2004 même, ni du tour laconique de la lettre
79 1986 2938 2161 de ſon épouſe: j'attendis avec impatience
71 2148 2945 2324 une ſemaine entiere. J'avois prié M. Good-
78 2308 2934 2485 vill d'écrire à mon pere, & de tâcher de
68 2477 2949 2641 le faire conſentir à mes projets, en lui re-
78 2637 2956 2807 preſentant qu'il pouvoit m'y rendre quel-
68 2799 2938 2971 ques ſervices. Huit jours étoient à peine
86 2959 2948 3133 paſſés, qu'étant un matin à déjeûner, un
165 3122 2945 3292 aroſſe à ſix chevaux arrêta à la porte. M.
89 3281 2945 3456 Diaper en fut très ſurpris; mais ma mere
90 3444 2963 3610 s'écria de joie: Je ſuis ſûre, mon cher Jo-
89 3607 2952 3767 ſeph, que cette livrée apartient à un de
89 3759 2963 3926 vos bons amis. Je me levai promptement,
103 3922 2945 4087 & courus à la porte, pour recevoir M. &
93 4074 2945 4237 Madame Goodvill, qui me prirent dans leurs
191 4238 2942 4405 ras. Vous voyez, M. Thompſon, me dit
259 4407 2938 4572 Goodvill, que je ne fais pas les choſes
238 4565 2945 4734 demi; je ſuis venu exprès à Londres,
183 4722 2938 4892 our vous ſervir. Je le remerciai autant que
231 4884 2952 5052 on trouble & ma joie purent me le per-
126 5044 2945 5224 ettre, & courus ſaluer ſon épouſe, qui
158 5206 2934 5382 ut charmée de me voir, & me dit mille
180 5366 2941 5552 hoſes obligeantes. Mon pere, M. Diaper
115 5532 2941 5705 les deux Dames s'aprocherent auſſi-tôt;
332 5691 2938 5859 après les complimens ordinaires, mon
202 5854 2938 6024 ere qui avoit été pluſieurs fois chez M.
256 6010 2959 6180 oodvill avant que de venir à Londres,
169 6172 2941 6336 es preſenta l'un & l'autre à M. & Madame
2091 6343 2355 6511 E
