4266 7712
1302 638 3868 814 LEsAventures
1295 791 4191 968 Diaper, qui leur marquerent leur ſatisfac-
1143 968 4184 1139 tion dans les termes dont ils eurent tout
1299 1135 4180 1307 lieu d'être contens. Quand on ſe fut un peu
1299 1299 4173 1476 repoſé, mon pere leur demanda quelle
1295 1466 4177 1642 heureuſe affaire lui procuroit le plaiſir de les
1302 1625 4184 1798 voir. Madame Goodvill lui répondit, en
1295 1796 4173 1968 riant, qu'il le ſçauroit bientôt, & que peut-
1299 1961 4188 2133 être alors il ſouhaiteroit qu'ils n'en euſſent
1295 2128 4184 2302 pas pris la peine; mais mon pere repliqua
1299 2283 4192 2461 qu'en lui voyant tant de gaieté, il étoit ſûr
1295 2457 4180 2632 que ce n'étoit rien de fâcheux; & qu'après
1295 2624 4184 2794 ſon fils qu'ils lui avoient conſervé, per-
1302 2788 4177 2961 ſonne au monde n'avoit tant de droit à ſon
1299 2955 4180 3124 amitié que M. Goodvill & elle. La conver-
1299 3114 4177 3292 ſation devint générale, & on paſſa toute
1299 3282 4180 3459 la journée dans la joie. Prig qui arriva un
1306 3452 4188 3624 moment après, la partagea avec nous: la
1299 3612 4184 3784 ſanté de mon ami ne fut pas oubliée; &
1306 3783 4180 3945 ces deux aimables hôtes marquerent tant
1306 3935 4177 4112 d'eſtime pour lui, que M. & Madame Dia-
1306 4106 4177 4281 per ne ſçavoient comment la reconnoître.
1465 4266 4180 4448 Le lendemain après le déjeûner (car M.
1310 4433 4177 4613 Diaper, qui avoit beaucoup de logement,
1310 4596 4177 4776 les avoit engagés à paſſer deux ou trois
1306 4759 4177 4937 jours chez lui avec tout leur équipage)
1135 4912 4177 5106 ayant fait un ſignal à M. Goodvill, je ſor-
1310 5083 4180 5274 tis, & les laiſſai tous enſemble, bien per-
1313 5250 4184 5435 ſuadé qu'on me mettroit ſur le tapis. Je ne
1306 5417 4166 5593 m'étois pas trompé; car deux heures après,
1313 5584 4188 5763 mon ami Prig vint me dire qu'il croyoit
1310 5747 4173 5932 que tout s'arrangeoit à ma ſatisfaction, &
1306 5913 4173 6099 que j'aprendrois quelque choſe qui m'éton-
1306 6075 4162 6264 neroit. Je le ſuivis dans la ſalle où je les
1310 6230 4162 6419 avois laiſſés, & j'aperçus ma mere s'eſſuyer
