4266 7754
2505 7 3208 117 n
580 632 2998 821 DE JosePh ThomPson.
10 779 2986 1009 les yeux, ce qui me fit quelque peine. Eh
10 991 2975 1172 bien, Joſeph, me dit mon pere, vous nous
10 1154 2997 1333 avez joué un tour; mais je ne puis m'en
21 1324 2975 1502 plaindre, puiſqu'il nous procure la compa-
22 1488 2971 1653 gnie de nos bons amis. Vous voulez donc
81 1653 2978 1832 me quitter pour courir les aventures? Ce
74 1822 2990 1995 deſſein n'étoit point de mon goût; mais M.
74 1986 2978 2164 Goodvill nous a dit tant de choſes, & M.
74 2147 2978 2330 Prig l'a ſi bien apuyé, que je crois que j'y
78 2323 2975 2500 conſentirai, ſi vous pouvez gagner votre
25 2491 2971 2660 mere, qui aura beaucoup plus de peine à
70 2652 3180 2828 ſe réſoudre. Alors me montrant M. Good-
70 2821 3179 2993 vill: Rendez grace à ce bon ami, conti-
70 2989 3308 3167 nua-t-il, car il nous a fait pour vous des
77 3154 2978 3336 offres, qui me perſuadent qu'il vous aime
70 3322 3150 3502 autant que ſi vous étiez ſon propre fils. Je
70 3483 2971 3668 m'avançai auprès de lui, & je le remerciai
77 3652 2975 3828 d'une maniere qui lui montra toute ma re-
81 3805 2978 3994 connoiſſance: enſuite je tâchai ſi bien de
81 3977 2975 4150 faire conſentir ma mere à mon départ,
77 4142 2975 4329 qu'elle me le permit enfin avec beaucoup
48 4310 3162 4483 de peine. On fut fâché alors que je ne fuſſe
18 4479 2971 4657 point parti en même-tems que mon ami.
10 4632 2978 4824 M. Goodvill dit qu'il auroit pu obtenir alors
10 4805 2986 4981 les mêmes avantages pour moi; mais per-
10 4973 2978 5156 ſonne n'en eut tant de regret que M. &
10 5138 2971 5320 Madame Diaper: ils eſpérerent que tôt ou
89 5306 2986 5478 tard nous nous rencontrerions dans le voya-
81 5471 2975 5659 ge: enſuite à la priere de M. Goodvill nous
85 5644 2978 5824 conſentîmes tous à l'accompagner à ſa mai-
85 5800 3285 5990 ſon de Londres, où il vouloit que nous
81 5957 2974 6145 reſtaſſions juſqu'à mon embarquement, qui
59 6126 3124 6319 devoit ſe faire bientôt, parce que la Com-
10 6294 2971 6519 pagnie équipoit alors des vaiſſeaux pour
2137 6486 2395 6651 E
