4266 7754
665 572 3150 785 De Joserh Thonpso.
10 723 3147 969 la vue du nombre de perſonnes par les
10 946 3128 1130 mains de qui paſſent les intérêts d'un com-
190 1114 3139 1296 merce ſi étendu, & qui dirigent les affaires
186 1283 3139 1455 d'une partie de l'Aſie, qui ſurpaſſe en gran-
182 1451 3120 1632 deur les Etats de pluſieurs Princes d'Euro-
186 1619 3135 1803 pe. La maniere dont j'y fus reçu, me con-
168 1788 3113 1969 vainquit que j'avois été très-bien recom-
175 1953 3210 2134 mandé: après m'avoir queſtionné ſur mes
186 2125 3135 2304 connoiſſances, & ſur la profeſſion que
182 2293 3293 2475 j'avois ſuivie juſqu'alors, ils m'aprirent que
179 2462 3233 2639 j'étois nommé Facteur de la Compagnie au
182 2626 3113 2809 Fort Saint George, & qu'il falloit me pré-
179 2802 3128 2974 parer pour l'embarquement qui ſe feroit
190 2963 3139 3140 dans quinze jours, à bord du Haſtings,
179 3135 3113 3310 vaiſſeau frêté pour cette place, & comman-
186 3300 3132 3469 dé par le Capitaine Social: enſuite ils me
179 3472 3124 3645 donnerent quelques leçons ſur la façon de
175 3637 3121 3808 me comporter avec honneur & fidélité dans
182 3800 3128 3980 les affaires qui m'alloient être confiées; &
182 3959 3120 4143 après avoir pris toutes les aſſurances requi-
178 4120 3113 4296 ſes en pareil cas, ils me ſouhaiterent poli-
179 4295 3416 4472 ment un bon voyage. M. Goodvill, mon
175 4460 3109 4637 pere & moi allâmes remercier l'oncle de
175 4629 3128 4806 M. Goodvill; il nous arrêta à dîner, après
175 4793 3117 4932 m'avoir donné toutes les connoiſſances
10 4958 3113 5138 qu'il put de la nature de mon poſte & mê-
171 5123 3113 5301 me du pays où j'allois, où lui-même avoit
167 5295 3124 5474 paſſé quelques années. Ces inſtructions me
175 5456 2881 5644 furent d'une grande utilité pour la ſuite.
347 5632 3113 5804 Quand toutes choſes furent arrangées,
182 5792 3128 5982 mon pere travailla à me faire un équipage
179 5961 3106 6142 convenable, & n'épargna point la dépen-
175 6122 3120 6312 ſe: l'amitié de M. & de Madame Diaper,
182 6287 3278 6510 de ma mere & de Madame Goodvill, me
2204 6475 2478 6643 E
