4266 7702
949 3 1536 131 u
1097 600 3579 783 LAvvEettess vvenuues
1108 767 4025 963 procurerent tout ce dont j'avois beſoin
1112 930 4014 1128 avec tant de profuſion, que je ne crois pas
1108 1093 4010 1283 que perſonne ait été jamais mieux équipé:
1111 1264 4010 1459 mon pere eut ſoin, entr'autres choſes, d'y
1112 1427 4017 1583 joindre une collection de livres bien
1123 1585 1584 1722 choiſis.
1595 2174 3525 2323 CHAPITRE XLII.
1128 2454 4018 2641 M. Thompſon donne à ſon fils un papier
1294 2630 4017 2798 contenant des inſtructions pour le gou-
1290 2786 4017 2966 vernement de ſa conduite. M. Diaper
1297 2955 4039 3127 conſent d'aller avec ſon épouſe paſſer
1297 3129 4028 3296 quelques tems au pays d'York. Prig ob-
1305 3290 4032 3462 tient un emploi avantageux par le moyen
1305 3457 4032 3627 de M. Goodvill. Ils accompagnent
1312 3613 4028 3789 Thompſom à Douvres. Leur ſéparation
1015 3779 4013 3948 tendre. Il s'embarque à bord du Haſtings,
1301 3944 4028 4269 e eaea d d s laſ s ienanaſée onle p'u
1149 4417 4032 4750 Dun eun pe re omnu ier doeem lens
1153 4737 4025 4908 ſiblement affligés de la penſée qu'ils m'al-
1153 4900 4036 5073 loient perdre; moi-même je ſentis toute la
1153 5063 4032 5239 violence d'un combat ſi naturel à la vue
1160 5230 4039 5401 de l'éloignement immenſe qui devoit bien-
1160 5397 4032 5557 tôt me ſéparer de tout ce que j'avois de
1168 5561 4036 5733 cher. L'affliction de ma mere ſe commu-
1168 5726 4032 5898 niqua à Madame Goodvill & à Madame
1164 5891 4028 6069 Diaper; & la premiere commença à ſentir
1171 6057 4028 6229 quelque peine de s'être tant employée pour
1156 6212 4028 6392 favoriſer mon départ. Je paſſai avec ces
