4266 7754
597 616 3207 818 DE Josep Thoosos..
11 728 371 872 p
10 804 3173 980 „ſoit toujours de lui plaire; ſoyez conſ-
14 972 3173 1151 „tant à lui rendre ce culte, qui éleve
257 1137 3169 1311 „l'ame au-deſſus de ſa ſphére, & qui en-
250 1305 3169 1481 „tretiendra dans votre cœur le calme &
253 1474 3169 1635 „la tranquillité dont vous aurez beſoin
257 1642 3169 1816 „dans les plus grands malheurs & les
14 1807 2772 1980 „troubles qui peuvent vous arriver.
422 1971 3173 2148 „Je n'ai pas beſoin de vous exhorter à
253 2143 3165 2316 „perſévérer dans la pratique des com-
250 2308 3169 2485 „mandemens de Dieu, & de vous atta-
253 2473 3173 2650 „cher fermement aux maximes de vertu
14 2641 3169 2818 „& de religion que j'ai tâché de vous
257 2802 3177 2988 „inſpirer. Aſſurez vous, quoi qu'il vous
257 2978 3173 3152 „arrive, une demeure où le chagrin n'ha-
265 3135 3165 3320 „bite jamais, où le péché & la mort ne
261 3316 3177 3487 „peuvent point pénétrer. Cette pratique
268 3476 3180 3633 „ſoutiendra toujours votre ame dans les
265 3641 3177 3809 „plus grands dangers; &, comme dit
254 3798 3180 3976 „Horace, quand tout le monde viendroit
265 3962 3169 4140 „à s'écrouler, vous ſoutiendriez ce choc,
265 4127 2327 4309 „ſans crainte & ſans frayeur.
268 4296 3508 4497 „Ayez pour vos ſupérieurs un reſpect
269 4460 3184 4630 „noble & déſintéreſſé; pour vos égaux
268 4629 3364 4807 „une franchiſe honnête & prudente; de
272 4790 3188 4969 „l'humanité pour vos inférieurs, & beau-
272 4958 3184 5129 „coup de reconnoiſſance pour les ſervices
268 5126 1893 5295 „qu'ils vous rendront.
276 5287 3184 5486 „Conduiſez-vous dans les affaires de la
276 5452 3199 5637 „Compagnie avec tant de fidélité, que
280 5632 3180 5802 „jamais votre cœur n'ait rien à vous re-
283 5796 3203 5970 „procher. Lorſqu'il ſe preſentera quelque
298 5954 3195 6134 „occaſion légitime de faire quelque profit
36 6133 3192 6320 „pour votre propre compte, ne faites pa-
276 6283 3210 6497 „roître ni avidité ni avarice; les richeſſes
