4266 7754
673 579 3532 806 La vi ETles aventures
1077 792 4019 980 ſans affaires. J'en fus charmé en mon par-
1073 957 4011 1139 tieulier; j'envoyai par ſon moyen des let-
1077 1125 4011 1325 tres à M. & Madame Bellair, & à Miſſ
1062 1290 3989 1483 Suckey, avec le détail de tout ce qui m'é-
905 1461 3989 1636 toit arrivé; je le leur recommandai comme
1069 1631 3996 1823 un homme qui pourroit leur être utile, en
1077 1795 3989 1968 ſe chargeant de leurs lettres pour M. Dia-
1054 1964 3981 2323 mons lépones, uuand eéle areiveroient
1066 2295 1651 2432 Londres.
1230 2450 3974 2657 Quand le Capitaine Social me fit avertir
1073 2634 3981 2821 qu'il devoit aller à Graveſende, j'aurois
1062 2802 3974 2972 voulu me rendre à bord, mais il me dit
1062 2967 3978 3143 poliment qu'il devoit auſſi aller aux Dunes,
1047 3135 3974 3314 mais que ſi je voulois partir auſſi-tôt pour
1054 3296 3963 3489 Douvre, il feroit baiſſer les voiles, & en-
1062 3473 3966 3640 verroit une chaloupe me prendre. Je ſui-
1058 3636 3955 3817 vis ce dernier parti, & tous mes amis
1051 3805 3959 3983 ayant voulu m'accompagner, nous arrivâ-
1054 3966 4251 4146 mes au lieu indiqué, ſans aucun accident
1051 4131 3948 4313 remarquable; le Haſtings n'étoit pas en-
1047 4303 3936 4481 core arrivé, mais il vint la nuit même,
1043 4463 3944 4647 & le vent ayant ceſſé, le Capitaine fit
1028 4632 3933 4812 jetter l'ancre aux Dunes, & vint à terre
1032 4790 4213 4967 avec pluſieurs perſonnes qui faiſoient le
1039 4965 3940 5137 voyage avec nous, pour complimenter
1047 5126 3951 5309 mes amis, & recevoir leur compagnon
1043 5291 3925 5462 de paſſage. Notre auberge ſe trouva ainſi
1032 5459 3921 5637 toute remplie d'hôtes, & M. Goodvill
1036 5629 3921 5812 pouſſa la généroſité, juſqu'à vouloir nous
1017 5789 3925 5969 régaler tous. Nous fîmes de notre mieux
841 5965 3914 6306 ere aaii
1009 6293 3903 6470 de divertir & d'amuſer la compagnie;
