4266 7674
1201 622 3882 835 LLavEETLESsAverures
1212 825 4159 997 en même-tems que jamais il n'avoit été ſi
1267 984 4163 1163 touché que de la maniere dont s'étoit faite
1069 1149 4151 1332 notre ſéparation, & qu'il ne doutoit pas
1068 1312 4148 1492 que notre entrevue ne dût être auſſi ten-
1271 1478 4159 1640 dre, lorſque je reviendrois. La joie de mes
1271 1647 4163 1817 compagnons fit tarir la ſource de mes lar-
1275 1811 4155 1976 mes; je commençai à raiſonner avec moi-
1275 1972 4151 2127 même & à devenir plus calme; ce ne fut
1279 2134 4148 2308 pourtant pas ſans adreſſer en ſilence quel-
1275 2300 4140 2475 ques prieres à Dieu pour la ſanté de ceux
1275 2466 4137 2637 que je venois de quitter, & pour obtenir
1271 2628 4133 2802 un heureux voyage. Tandis que nous étions
1271 2794 4137 2965 encore à l'ancre, il arriva à bord une cha-
1268 2960 4137 3130 loupe chargée de quelques vivres & de
1267 3126 4115 3293 bouteilles de vin, dont mon pere nous
1264 3288 4129 3460 faiſoit un preſent pour ajouter à nos provi-
1267 3451 4122 3621 ſions: il y avoit auſſi quelque choſe de la
1267 3617 4115 3783 part de M. Diaper, avec des complimens
1271 3779 4118 3948 pour moi & pour tout le reſte de l'équipa-
1260 3941 4107 4111 ge. Un domeſtique de M. Goodvill qui ſe
1264 4107 4111 4277 trouva ſur cette chaloupe, me remit une
1260 4269 4107 4442 lettre, que je reconnus par l'adreſſe être de
1260 4432 4100 4603 ma chere mere; & quoiqu'il n'y eut qu'une
1253 4601 4100 4760 heure que je l'avois quittée, je ne pus
1249 4752 4103 4918 m'empêcher de baiſer ce domeſtique, com-
1242 4913 4096 5101 me un homme que je n'aurois pas vu de-
1245 5077 4218 5258 puis un ſiécle, & qui m'aporteroit de bon-
1242 5243 4081 5418 nes nouvelles. J'aperçus qu'il y avoit quel-
1242 5405 4081 5591 que choſe de renfermé dans cette lettre,
1238 5571 4074 5756 & cet homme me dit qu'on me prioit de
1234 5733 4074 5909 ne l'ouvrir que quand je ſerois en pleine
1234 5899 4070 6071 mer. Je la mis dans ma poche, & j'écrivis
1234 6065 4059 6253 quelques mots à cette chere mere & au
1227 6227 4063 6412 reſte de mes amis, dans les termes ten-
3802 6387 4071 6513 dres
