4266 7674
633 725 3030 914 Dr JosEph ThoMpson..55
80 891 3019 1079 dres que me dicta ma ſituation preſente.
301 1053 3008 1238 Il s'éleva bientôt après un vent frais, &
139 1231 3012 1398 nous finîmes de lever notre ancre aux ac-
69 1393 3008 1563 clamations de l'équipage, à qui l'on avoit
132 1555 3023 1730 faire boire une bonne quantité de liqueurs.
135 1717 3004 1887 Le Capitaine Social ſalua la ville de dix
139 1887 3012 2055 coups de canon, & en fit tirer un pareil
135 2049 3005 2222 nombre pour ſaluer nos amis, qui, arrivés
139 2212 3012 2389 ſur la côte, nous ſuivirent des yeux auſſi
91 2374 2850 2552 long tems qu'ils purent nous apercevoir.
301 2540 3027 2717 Nous voguâmes le long des côtes; j'en
143 2702 3005 2877 fus charmé, cela me fournit le moyen de
143 2875 3005 3047 remarquer quantité de villes qui faiſoient
135 3041 3012 3215 un coup d'œil admirable; ceux qui n'a-
135 3200 3008 3359 voient point encore été en mer, y prirent
135 3351 3008 3544 beaucoup de plaiſir; ce qui me donna le
135 3524 3008 3704 plus de joie, c'eſt que j'en fus quitte pour
135 3679 3012 3857 un petit mal de cœur, après quoi je ne
139 3841 3016 4000 fus plus incommodé de tout le reſte du
150 4007 3012 4195 voyage. Lorſque nous paſſâmes ce fameux
39 4170 3008 4361 promontoire à l'extrêmité de l'iſle, je dis
54 4332 3012 4514 adieu en ſoupirant, à l'Angleterre; je fus
132 4498 3008 4670 charmé d'avoir franchi le canal, & alors
54 4664 2990 4842 nous nous perdîmes dans le vaſte Ocean
132 4822 3012 5014 Atlantique, où nous n'aperçumes plus que
132 4981 1153 5125 le ciel & l'eau.
10 6434 1106 6628 III. Partie.
