4266 7754
1122 636 3729 914 LLvVEetlLs vvntones
1552 1227 4158 1478 CHAPITRELII.
1223 1552 4210 1724 Il ouvre la lettre de ſa mere, & il trouve
1391 1718 4187 1897 le portrait de ſa chere Louiſe. Tempête
1365 1881 4165 2069 furieuſe. Ils aperçoivent un vaiſſeau tout
1395 2050 4176 2234 en feu qui ſaute en l'air à leurs yeux.
1238 2218 4161 2400 Ils en prennent l'équipage ſur leur bord.
1402 2387 4198 2556 hompſon y trouve un ancien ami. Recit
1396 2554 2598 2720 de leur infortune.
1241 2870 4191 3061 E goûtai fort mon nouveau genre de vie,
1223 3030 4187 3218 & je me ſentols ſi gai, qu'il ſembloit
901 3202 4157 3377 que les vents qui enfloient nos voiles me
901 3364 4172 3546 donnaſſent une nouvelle vie. Outre les Of-
1238 3536 4206 3714 ficiers du vaiſſeau, nous avions à bord
1234 3701 4198 3882 pluſieurs paſſagers, dont les uns alloient
1241 3872 4187 4046 comme moi pour être employés au ſer-
1238 4037 4165 4210 vice de la Compagnie; d'autres pour tâ-
1238 4202 4236 4379 cher de faire fortune, dans les comptoirs
1189 4367 4251 4546 des Indes orientales, en trafiquant pour
1238 4539 4251 4714 leur compte. Nous formions en général
1234 4700 4206 4878 une aſſez bonne ſociété de gens qui avoient
1234 4850 4206 5037 vu le monde, & dont l'eſprit étoit orné
1242 5014 4165 5204 & rempli de connoiſſances. Nous avions
1238 5179 4183 5362 fait nne ſi bonne proviſion de denrées &
1241 5355 4191 5540 de liqueurs de toutes eſpéces, que nous ne
1238 5523 4172 5705 devions pas craindre de manquer des né-
1241 5691 4195 5869 ceſſités de la vie dans ce long voyage pour
1238 5856 4150 6042 peu que la traverſée fut heureuſe. Le Ca-
1238 6021 4172 6207 pitaine ſe relâcha beaucoup des uſages qui
1238 6189 4161 6372 ſe pratiquent entre gens de ſon eſpéce, &
1238 6354 4147 6584 nous formions un petit nombre de perſon-
