4266 7651
635 730 3027 925 De JosEPn THompson.
10 903 2994 1096 nes fort attentives à nous prévenir & nous
17 1079 2983 1249 faire plaiſir les uns aux autres: ma chambre
135 1237 2983 1414 étoit grande & commode, & me ſuffiſoit
128 1406 2980 1578 pour moi & pour un fidèle domeſtique ap-
131 1568 3009 1746 pellé Wil Truman, qui avoit ſervi long-
127 1733 2987 1911 tems mon pere, & qui par affection vou-
124 1903 2509 2068 lut s'attacher à la fortune du fils.
289 2067 3012 2239 Nous ne fumes pas plutôt en pleine mer
128 2230 2980 2403 que j'ouvris la lettre de ma mere; mais
124 2399 3001 2568 qu'elle fut ma joie, & en même-tems ma
120 2560 3005 2733 peine, quand j'aperçus dans une boëte
120 2726 2979 2896 d'or enrichie de brillans le portrait en mi-
120 2891 2991 3063 gnature de ma chere & aimable Louiſe!
109 3053 2965 3225 Je fus extrêmement ſurpris en revoyant
109 3218 3005 3380 l'image de cette chere maîtreſſe; tous mes
113 3387 2972 3557 regrets ſe renouvellerent, & rallumerent
113 3545 3262 3713 dans mon cœur un ſouvenir que le tems &
120 3700 2983 3872 mes idées preſentes avoient un peu ralenti.
116 3861 3001 4031 Je baiſai avec ardeur ce portrait cheri; je
116 4030 2998 4202 le ſuſpendis avec un ruban ſur mon cœur,
127 4188 3002 4374 & réſolus de le porter juſqu'à la mort. Dans
69 4354 2990 4539 la confuſion de mes eſprits j'oubliai pour
117 4515 2998 4696 quelque tems de lire la lettre qui contenoit
116 4677 2991 4859 ce preſent ineſtimable; mais quand le cal-
116 4850 2983 5019 me fut un peu revenu, je la pris & y lus ce
121 5018 974 5175 qui ſuit.
445 5332 1518 5505 Mon cher fils,
175 5673 3002 5860 „Quoique je me reproche de renouvel-
116 5838 2998 6018 „ler vos peines à la vue de ce bijou, je ne
116 6000 3002 6177 „puis cependant vous en priver plus long-
120 6166 3115 6348 „tems; il eſt à vous inconteſtablement. La
116 6327 3013 6504 „tante de votre chere Louiſe, après la mort
2124 6508 2411 6641 Fa
