4266 7674
1205 703 3591 923 Lavieetlesaventures
1220 910 4085 1087 „de ſa niece, partit pour la France, &
1216 1076 4096 1256 „m'envoya quelques jours auparavant par
1227 1242 4093 1422 „un de ſes gens une lettre avec ce bijou
1220 1411 4093 1582 „précieux. Si ce preſent me ſurprit, je ne
1223 1574 4085 1746 “le fus pas moins du contenu de la lettre;
1219 1739 4085 1913 „elle me marquoit que ſa niece au lit de la
1216 1909 4100 2078 „mort avoit prié qu'on me l'envoyât com-
1223 2068 4096 2242 „me une marque de l'amour & du reſpect
1223 2230 4104 2407 „qu'elle portoit à la mere d'un homme qui
1223 2396 4107 2572 „lui étoit infiniment cher, & pour qui il
1223 2562 4081 2737 „avoit été deſtiné, ſi le deſtin ne le lui
1223 2724 4107 2899 „eût pas enlevé d'une maniere ſi cruelle.
1216 2890 4100 3066 „J'apris dans la ſuite par Fidéle le ſens de
1223 3056 4111 3230 „ces expreſſions, qui étoient alors inintel-
1227 3222 4089 3397 „ligibles pour moi, & je ſçus que la nou-
1227 3384 4085 3559 „velle de votre mort lui avoit porté le coup
1234 3550 4089 3723 „fatal qui nous en a privé pour toujours.
1234 3714 4107 3886 „Mais mon fils, vous vivez, graces à
1216 3871 4089 4049 „Dieu; puiſſe votre vie être longue &
1234 4044 4096 4213 „heureuſe. Toutes les fois que vous re-
1234 4203 4100 4380 „garderez ce portrait précieux, penſez à
1153 4369 4104 4565 „la perte que j'ai faite en elle, & conſer-
1231 4531 4074 4704 „vez-vous pour me dédommager de l'af-
1223 4693 4081 4852 „fection que je vous portois à tous les
1227 4845 4081 5023 „deux. Oh! mon cher fils, mon cœur
1234 5018 4115 5192 „eſt trop affligé dans ce moment pour vous
1234 5173 4096 5354 „en dire davantage. Que le Ciel vous
1234 5339 4107 5524 „protege, qu'il vous rende heureux où
1234 5508 4085 5678 „vous allez, & vous ramene en ſanté dans
1238 5671 4085 5837 „les bras de votre tendre & affectionnée
1234 5833 3443 6003 „mere.„Eliſabeth Thompſon.
1312 6168 4100 6342 Nous eumes un très-bon vent, & il ne nous
1238 6327 4078 6508 arriva rien de remarquable luſqu'à la hau-
