4266 7642
722 729 3083 902 DE JosePH Thompson.9
87 901 3075 1072 teur du Cap Cantin; nous en étions à cent
237 1062 3078 1232 vingt lieues au nord-oueſt, ſuivant notre
234 1223 3082 1385 eſtime, lorſque nous vîmes les aproches
233 1388 3082 1557 d'une tempête: les nuages commencerent
79 1553 3067 1722 à obſcurcir les cieux du côté de l'oueſt, &
233 1718 3078 1883 quelques gouttes de pluie mirent fin à un
226 1879 3078 2048 des plus beaux jours; enſuite on aperçut
230 2033 3085 2211 des éclairs, & le tonnerre gronda avec
233 2206 3082 2363 tant de violence, qu'il ſembloit que la na-
234 2367 3089 2537 ture touchât au moment de ſa deſtruction.
120 2528 3089 2690 Il s'éleva un vent d'oueſt furieux qui en-
233 2690 3085 2863 floit les vagues comme des montagnes: no-
226 2858 3096 2983 tre commandant avoit donné ſes ordres
233 3023 3100 3194 avec tant de ſageſſe, qu'il ſembloit que
233 3184 3100 3342 nous fuſſions en état de réſiſter aux plus
233 3345 3104 3516 grands efforts de la tempête; mais ſa fu-
226 3510 3074 3672 reur redoublée nous mit bientôt en danger,
237 3668 3104 3838 & nous n'eumes pas le tems de reployer
234 3822 3097 4001 notre grande voile, qui fut déchirée en
237 3991 3100 4163 vingt morceaux. Si j'avois eu juſqu'alors
237 4152 3093 4330 une grande idée de nos matelots anglois,
234 4317 3108 4482 ce fut dans ce moment que je la trouvai
230 4475 3115 4649 juſte; leur exactitude & leur bravoure
241 4639 3108 4797 dans ces occaſions, leur donne aſſurément
233 4808 3111 4977 l'avantage ſur ceux de tous les autres pays;
233 4969 3111 5137 il n'y eût perſonne qui ne fut occupé de
233 5131 3104 5303 façon ou d'autre à travailler pour la ſûreté
65 5292 3108 5466 du vaiſſeau; & c'étoit un objet également
237 5446 3100 5627 ſatisfaiſant & terrible de les voir comme
248 5625 3111 5792 autant d'abeilles grimper ſur les vergues.
255 5779 3111 5956 Cependant la tempête augmentoit toujours,
32 5944 3085 6116 & les vagues nous faiſoient monter & deſ-
245 6106 3107 6280 cendre ſucceſſivement avec tant de vîteſſe
244 6275 3096 6443 que j'en étois entiérement ébloui. Quelque
