4266 7663
688 699 3042 916 De JosEph Thomson.
10 747 3039 1106 va, & étendit ſon manteau argenté ſur
10 1067 2048 1278 toute la ſurface de la mer.
360 1230 3061 1408 Ce ſpectacle réveilla dans mon cœur des
10 1376 3035 1569 ſentimens de reconnoiſſance envers le Créa-
10 1561 3061 1731 teur de l'univers. O Dieu! m'écriai-je,
10 1723 2663 1898 que tes ouvrages ſont admirables!
367 1889 3039 2022 Le lendemain matin le vent nous devint
187 2051 3076 2226 très-favorable, nous fimes bonne route,
190 2213 3079 2393 & il ſembloit que notre vaiſſeau ne fit que
190 2383 3050 2557 gliſſer ſur les flots. Environ huit jours après
190 2552 3043 2724 cette tempête, nous nous trouvâmes à vingt
76 2711 3035 2886 degrés dix minutes de latitude, & nous tâ-
205 2877 3057 3051 chions de paſſer les iſles du Cap verd, lorſ-
198 3042 3090 3217 que nous entendîmes quelques coups de
202 3208 3094 3381 canon, comme venant d'un vaiſſeau en
194 3367 3083 3544 détreſſe. Notre Capitaine répondit à ces
150 3529 3064 3705 ſignaux, & prit un peu plus à l'oueſt,
201 3702 3061 3865 parce que nous nous imaginâmes que le
198 3853 3061 4022 ſon venoit de ce côté là. Ils continuerent
202 4011 3057 4197 à tirer pendant quelques heures, & nous
216 4181 3098 4356 découvrîmes alors une grande lumiere à
51 4347 3101 4520 quelques lieues de nous, comme ſi c'étoit
51 4505 3079 4683 un vaiſſeau en feu. Quelques momens après
205 4675 3061 4842 le vaiſſeau ſauta; le feu s'éteignit, & nous
205 4840 3057 5008 ne vîmes plus qu'une eſpece de nuage noir
216 4999 3101 5170 & épais qui s'élevoit de l'eau; nous ne
209 5165 3098 5327 doutâmes pas que l'équipage n'eût eu le
209 5323 3087 5505 tems de ſe ſauver dans les chaloupes; c'eſt
213 5485 3061 5667 pourquoi le Capitaine fit racourcir les voi-
227 5662 3123 5826 les, & tirer un coup de canon de demie-
191 5824 3101 5994 heure en demie-heure, pour avertir ces
224 5979 3094 6160 infortunés du ſecours que nous étions prêts
231 6148 3090 6340 à leur donner. Le lendemain vers midi
69 6317 3102 6480 nous vîmes, à l'aide de nos lunettes & du.
