4266 7754
489 646 2907 835 De JosEph Tiomnson.
25 795 2896 1012 té. Mon pere lui avoit indiſcrettement con-
10 990 2874 1169 é les raiſons qu'il avoit de m'envoyer en
10 1155 2888 1338 ner. Au lieu de tâcher de me rendre ma
10 1322 2885 1505 aptivité plus douce, & de me faire ren-
10 1481 2896 1666 rer en moi-même, ſupoſé que j'euſſe de
9 1652 2885 1819 nauvaiſes inclinations, il ne manquoit
10 1814 2893 1997 as de me reprocher à chaque inſtant ma
10 1990 2885 2161 faute; il me menaçoit à tout propos
10 2144 2896 2330 le me maltraiter, ſi jamais je lui faiſois
10 2316 2668 2487 e même tour qu'à mon ancien Maître.
9 2473 2892 2661 Vous pouvez penſer combien ce traite-
10 2649 2881 2817 nent étoit inſuportable pour un homme
9 2817 2888 2991 ui a quelques principes d'honneur, & qui
10 2986 2889 3154 çait vivre. Il faut convenir que ce cas
9 3146 2866 3324 'arrive que trop ſouvent. Bien des gens
10 3311 2888 3487 qui ont donné dans un travers, ſeroient
9 3480 2896 3651 capables de ſe corriger s'ils étoient bien
9 3644 2896 3816 onduits; mais ſe voyant maltraités, ils ſe
10 3805 2903 3975 ivrent au déſeſpoir, ſans penſer à ce qui
70 3975 2896 4145 eut leur arriver; & regardant tous les
84 4142 2900 4313 ommes comme leurs ennemis, ils les
59 4307 2896 4475 aitent comme tels, & deviennent com-
29 4468 2896 4652 letement méchans, par l'impoſſibilité
36 4638 2903 4806 ù ils ſe trouvent de rétablir leur réputa-
29 4801 3203 4971 ion. Je n'ai point été heureuſement dans
10 4969 2903 5139 ce cas, & je ſçai que la plupart des gens
10 5123 2903 5301 qui penſent, ſont diſpoſés à pardonner un
9 5284 2903 5468 crime à la jeuneſſe, quands ils aperçoivent
10 5452 2907 5632 quelques marques de repentir, & l'eſpéran-
10 5624 2907 5797 ce de pouvoir la faire rentrer en elle-
10 5793 448 5967 même.
10 5953 2911 6126 Je fus traité indignement pendant la
9 6118 2903 6300 plus grande partie de ce cruel voyage.
10 6283 3135 6455 Lorſque je m'en plaignois, il m'accabloit
2043 6463 2301 6626 LGG
