4266 7754
1331 628 3955 859 La vie Er LEs Avruruuts
1327 833 4251 1200 oarbiate uia a e plaea sſoii da
1335 1185 4236 1365 pied hors de ſa chambre, où il paſſoit
1339 1354 4251 1531 ordinairement à s'enyvrer la plus grande
1335 1522 4247 1697 partie du jour. Une pareille tyrannie me
1339 1683 4251 1859 rendit la vie inſuportable. Je commençai à
1339 1852 4251 2031 être indifférent pour tout, ſur-tout quand
1331 2020 4251 2367 l'eremn e du capitaite nee eaioi
1328 2357 4251 2530 avec le plus grand mépris. Un jour, un
1331 2510 4251 2690 neveu de Surly, ſans que je lui euſſe rien
1335 2682 4251 2862 fait, me prit par le nez, & me traîna en
1343 2851 4251 3016 cet état, l'eſpace de plus de vingt pas,
1335 3012 4251 3191 au grand amuſement de tous les matelots.
1339 3173 4251 3353 Je ne pus y tenir plus long-tems; la colere
1320 3341 4251 3522 me tranſporta, & le ſaiſiſſant au collet,
1331 3502 4251 3691 malgré tous ſes efforts, je le jettai à la
1331 3670 4251 3856 mer, où il auroit péri infailliblement, ſi
1331 3839 4228 4024 on n'eût baiſſé toutes les voiles, & lancé
1328 4004 4251 4188 la chaloupe à l'eau pour le ſauver. Quand
1324 4176 4251 4353 le Capitaine apprit cette action, il me fit
1328 4340 4247 4523 venir devant lui, & avec la fureur d'un tigre,
1328 4509 4251 4682 il tomba ſur moi à grands coups de canne.
1324 4677 4056 4845 C'étoit un homme fort & vigoureux,
1320 4831 4251 5005 je n'avois rien pour me défendre; ainſi
1324 4992 4251 5176 il me battit ſans miſéricorde, & enſuite me
1324 5160 4251 5336 fit lier au grand mât. J'avouerai à la louange
1327 5325 4251 5510 de tous les Officiers & des matelots,
1324 5499 4251 5671 qu'ils trouverent ce traitement trop ru-
1328 5662 4251 5839 de, & n'y virent aucun ombre de juſtice.
1324 5834 4243 6009 Un Supercargo que nous avions à bord,
1331 5991 4243 6176 en fut ſi irrité, qu'il dit en face au Ca-
1324 6156 4251 6504 emvoya ouu ces aueaares dant la
