4266 7754
1126 655 3589 824 Lavieetlesaverures
980 841 4037 1033 de parler, qui eſt remarquable en ce qu'il
1122 1024 4090 1189 a des cornes jaunâtres ſur la tête, & qui
1118 1189 4026 1364 eſt d'une couleur mêlée de bleu & de rouge.
1118 1357 4019 1533 Ces oiſeaux ſe trouvent par bandes dans
1118 1522 4011 1701 les bois, & ne ſont point farouches; de
1110 1691 4011 1866 ſorte que j'en attrapai ſans difficulté. Je
1114 1859 4034 2030 trouvai près de l'extrêmité de ce bois un
1118 2027 4112 2205 rocher naturellement creux, qui me ſervit
1114 2188 4026 2364 de logement. Mon eau-de-vie que je mé-
1114 2361 4034 2534 nageai, me fut d'une grande reſſource; &
1118 2521 4034 2698 j'apris bientôt à vivre ſans pain; les dat-
1114 2690 4045 2864 tes m'en tenoient lieu. Ce que j'apréhen-
1114 2855 4030 3025 dois le plus, étoit la fin de ma poudre,
1114 3019 4011 3197 dont il ne me reſtoit plus que quelques
1122 3191 4019 3361 charges. Pour y remédier, comme j'avois
1111 3352 4015 3528 un bon couteau, je coupai de longues
1110 3517 4019 3696 baguettes du bois dur, dont j'ai fait men-
1107 3685 4015 3859 tion; j'en fis des eſpéces de javelots, &
1103 3850 4011 4027 je m'exerçai à les lancer. Je devins en peu
1103 4015 4008 4192 de tems aſſez adroit à cet exercice pour
1103 4183 4008 4362 percer un oiſeau à une diſtance raiſonnable,
1107 4352 4019 4517 pourvu qu'il fut poſé. J'avois avec moi
1099 4516 4011 4691 une carte des Indes Orientales & pluſieurs
1088 4681 3996 4849 autres, avec un Traité de Navigation &
1099 4838 4004 5008 deux compas, qui me ſervoient d'amuſe-
1095 4999 4008 5173 ment la plus grande partie du jour:
1092 5170 4000 5333 dans d'autre tems, je gravois mon nom
1096 5329 4015 5512 ſur les arbres, & la date du jour & de
1092 5497 3966 5669 l'année que je me ſequeſtrai volontai-
1055 5665 3981 5839 rement de tout le genre humain. J'en
1092 5830 3996 5999 gravai avec ſoin l'inſcription ſuivante ſur
1088 5995 3989 6169 un gros arbre dont l'écorce étoit fort
1096 6168 1436 6302 unie.
