4266 7682
1008 620 3408 803 La ventures
1005 786 3855 973 pieds. Un jour je découvris de mon petit
1004 960 3844 1127 monticule deux naturels du pays qui mar-
1008 1123 3859 1295 choient vers la baye. Heureuſement ils ne
1012 1289 3870 1456 m'aperçurent pas, quoiqu'ils paſſaſſent par
1012 1448 3863 1627 mon bois. Je ne ſçaurois vous exprimer la
1012 1615 3878 1788 frayeur que j'en eus; car s'ils m'euſſent
1019 1777 3874 1953 vu, je devois m'attendre à être mené dans
1023 1944 3881 2278 à oeedde oure edné ane onn enmmee
1027 2273 3885 2436 qui ſeul ſoutenoit alors mes eſprits. Ils
1030 2435 3885 2607 étoient de bonne taille, & avoient ſur les
1023 2598 3874 2766 épaules des morceaux de toile peinte,
1019 2761 3885 2933 ſemblable à de l'indienne; ce qui me fit
1023 2927 3885 3095 juger qu'ils trafiquoient de tems en tems
864 3090 3892 3262 avec les vaiſſeaux Européens qui abor-
1030 3249 3874 3424 doient dans cette Iſle. Ils étoient armés d'arcs
1027 3411 3885 3590 & de fléches, & portoient à la main un
1027 3574 3889 3750 long javelot de bois. Je ne ſçaurois dire
1027 3744 3885 3914 pourtant que je fuſſe tout-à-fait ſeul; car
1034 3909 3885 4079 j'avois pris un ſinge dans une eſpece de
1030 4062 3878 4245 filet que j'avois imaginé pour cela, & qui
1034 4231 3892 4405 étoit fait de petites baguettes placées au-
1027 4391 3881 4567 deſſus d'une foſſe profonde que j'avois
1034 4558 3896 4736 creuſée dans le ſable. Quoique ces animaux
1027 4717 3889 4885 ſoient fort gros, je trouvai le moyen, à
1027 4877 3889 5050 force de careſſes, d'aprivoiſer celui-ci, de
1030 5042 3929 5205 maniere qu'il me ſuivoit par-tout comme
1031 5201 3889 5379 un chien. Ses grimaces & ſes tours de
1027 5367 3889 5541 ſoupleſſe me faiſoient ſouvent rire malgré
1027 5534 3892 5709 moi; & il tâchoit d'imiter tout ce que
1027 5696 3889 5867 je faiſois. Ainſi je l'envoyois ſouvent
1027 5859 3878 6030 chercher de l'eau, & cueillir des oranges
1042 6022 3885 6190 & des limons, commiſſions dont il s'ac-
1034 6184 3889 6347 quittoit avec beaucoup d'adreſſe. Enfin, le
