4266 7754
433 594 3472 783 De JosePh ThoMpson.7
10 694 3158 952 hiſtoire, ſur laquelle il me fit des re-
11 942 3150 1119 preſentations avec beaucoup de douceur
201 1107 3150 1282 & qu'il eût découvert que je n'étois point
194 1275 3143 1458 Marin, mais un homme élevé dans le
178 1440 3135 1605 commerce, il me donna le ſoin de ſes li-
186 1605 3147 1786 vres, & me choiſit pour ſon Intendant &
190 1777 3143 1952 ſon Sécretaire, le ſien étant mort dans le
182 1945 3143 2119 voyage. Jamais je ne me ſuis trouvé ſi
197 2102 3135 2287 ſatisfait; j'avois affaire à un homme doux,
77 2282 3143 2447 ſociable & humain, qui ne ſe ſentoit guere
14 2439 3143 2624 de la rudeſſe des gens de mer, & dont
10 2608 3121 2786 l'éducation, à ce que j'éprouvai, avoit
179 2780 3139 2952 été cultivée par l'étude & la lecture des
201 2948 3139 3121 meilleurs Auteurs. En un mot, je m'at-
190 3113 3135 3288 tachai à lui, & le ſervis avec tant de cœur
10 3270 3135 3457 & d'affection, que j'eus lieu de m'aper-
182 3442 3135 3620 cevoir auſſi que je ne lui avois point déplu.
10 3611 3135 3789 Vous ſerez ſurpris que j'aie pu gagner ſon
10 3764 3143 3953 eſtime en ſi peu de tems. Il ne vouloit ja-
10 3940 3128 4113 mais boire ni manger ſans moi. J'étois tou-
10 4105 3135 4299 jours en ſa compagnie; & par les attentions
10 4269 3139 4455 que ma ſituation me mettoit à portée d'a-
10 4438 3416 4624 voir pour tous les gens du vaiſſeau, je ga-
10 4602 3416 4790 gnai pareillement l'eſtime & l'amitié de
10 4763 3143 4947 tout l'Equipage. J'apris que mon Capitaine
10 4939 3143 5106 avoit à la Virginie une femme & une
10 5104 3180 5283 fille dont il me parloit ſouvent avec beau-
216 5261 3143 5445 coup de tendreſſe. Il me dit que ſi je vou-
212 5430 3143 5623 lois m'y établir avec lui, & prendre ſoin
216 5605 3150 5787 de ſes affaires, il me donneroit des apoin-
223 5770 3132 5950 temens conſidérables. Je conſentis de bon
231 5935 3311 6124 cœur à ſa propoſition; & à vous dire le
36 6110 3356 6290 vrai, ce qui m'y engageoit le plus étoit le
10 6264 3150 6463 caractere de Miſſ Fanny, dont j'étois de-
