4266 7580
1274 600 3668 789 LAaviEttlesaventures
1314 785 4110 967 venu amoureux, ſur le récit que m'en avoit
1306 941 4114 1122 fait ſon pere. J'avois déjà conçu l'eſ-
1270 1100 4114 1274 pérance de la poſſéder, & de faire ma fortu-
1307 1315 1503 1394 ne.
1465 1430 4103 1610 Nous avions fait un bon voyage juſ-
1259 1592 4099 1765 qu'aux Iſles du Cap Verd, où nous avions
1295 1752 4096 1927 relâché à celle de S. Vincent; mais nous
1292 1911 4070 2074 n'en fumes pas ſi-tôt partis, qu'il s'éleva
1303 2078 4085 2246 une grande tempête, contre laquelle l'a-
1288 2234 4074 2409 dreſſe de nos Matelots échoua; nous ne
1292 2403 4081 2571 nous en tirâmes qu'après avoir perdu notre
1292 2560 4088 2728 grand mât qui fut fendu depuis le haut juſ-
1281 2723 4081 2889 qu'en bas d'un coup de tonnerre; & nous
1277 2878 4074 3211 eateoes de pe le , ooe e ve: enuuie
1277 3203 4056 3368 ayant gagné les Iſles ſous le Vent avec un
1270 3360 4056 3527 mât de rechange, nous y reſtâmes près
1270 3527 4059 3694 d'un mois pour nous radouber; en même
1270 3693 4063 3857 tems nous nous défîmes fort avantageuſe-
1223 3849 4056 4017 ment d'une centaine de nos Négres. Ma
1267 4012 4059 4172 ſanté ne fut point du tout endommagée
1216 4171 4175 4343 dans ces voyages & ces aventures en-
1208 4334 4052 4502 nuyeuſes; l'exercice continuel que je faiſois,
1212 4494 4041 4657 me fortifioit de plus en plus: le Capitaine
1259 4646 4048 4818 étant tombé malade à Bridgeton aux Bar-
1252 4802 4056 4981 bades, il me confia ſans réſerve l'adminiſ-
1216 4957 4038 5121 tration de toutes ſes affaires, & je m'en
1245 5117 4030 5302 acquittai avec tant d'exactitude & de fi-
1248 5283 4034 5469 délité, que quand je lui rendis mes comp-
1245 5446 4030 5626 tes, il m'embraſſa, & outre mes gages,
1245 5609 4030 5776 il me fit preſent de vingt guinées. En même
1234 5772 4009 5946 tems il parla ſi avantageuſement de moi
1169 5931 3998 6109 aux Hbitans de cette Iſle, que j'aurois pu
1216 6095 4005 6264 y faire un établiſſement conſidérable, ſi ma
2733 6254 3998 6388 reconnoiſſance
