4266 7674
1260 810 3901 989 9 LAvvieetlesaventures
1267 976 4144 1153 n'étoit plus qu'à deux lignes tout au plus
1264 1142 4159 1318 de la poudre. Je gliſſai doucement ma main
1257 1301 4148 1483 par-deſſous, & je la jettai hors du baril
1264 1474 4133 1649 avec une poignée de poudre, & tâchai
1264 1636 4129 1803 en la jettant de l'écarter fort au loin,
1279 1802 4155 1977 mais elle prit feu dans ma main, & me brû-
1231 1961 4155 2138 la cruellement. Cependant cette précaution
1260 2130 4155 2301 ſauva nos vies & le vaiſſeau. Tout le mon-
1271 2289 4144 2471 de fut fort reconnoiſſant du danger que j'a-
1260 2459 4155 2629 vois couru, & du ſervice que je venois de
1253 2620 4144 2791 leur rendre. Le Capitaine me prit entre
1245 2779 4137 2953 ſes bras, & me jura que déſormais il au-
1260 2942 4155 3113 roit autant d'amitié pour moi que ſi j'étois
1260 3108 4148 3277 ſon fils. Tout l'Equipage fit retentir mes
1253 3270 4140 3445 louanges depuis la poupe juſqu'à la proue.
1253 3424 4140 3607 La plantation de M. Nelſon étoit ſituée
1249 3594 4133 3769 ſur la Riviere James; ainſi quand il eut
1245 3760 4133 3933 fait décharger une partie de ſa cargaiſon à
1264 3926 4144 4098 Glouceſter, nous remontâmes la Riviere;
1253 4089 4129 4258 & jettant l'ancre devant ſa porte, nous ſa-
1249 4254 4122 4413 luames ſa famille d'une décharge générale
1249 4420 4148 4587 de notre canon. M. Nelſon me fit mettre un
1245 4579 4126 4747 habit fort riche qu'il m'avoit ordonné d'a-
1249 4738 4115 4913 cheter à Bridgetotn, & me fit compliment
1245 4896 4137 5077 ſur la beauté & les proportions de ma taille.
998 5054 4126 5249 Nous nous rendîmes à terre lui & moi dans
1002 5227 4137 5405 une barge, & à notre atrivée il fut reçu
1242 5390 4111 5563 de ſa femme & de ſa fille avec une ten-
1245 5560 4137 5733 dreſſe qui marquoit bien les reſpects qu'elle
1242 5722 4104 5900 avoient pour un ſi digne homme. Meſda-
1245 5892 4133 6062 mes, leur dit - il, en me preſentant à
1249 6051 4114 6236 elles, vous voyez un homme à qui je
1242 6219 4103 6388 dois mon vaiſſeau, ſa cargaiſon, ma vie
1234 6380 4085 6611 & celle de tout mon équipage: je vous
