4266 7754
714 773 3139 958 De Josep Thompson.
10 939 3136 1130 dit: Vous m'avez généreuſement ſauvé la
10 1118 3117 1293 vie, il eſt juſte qu'à l'avenir je vous la con-
190 1283 3135 1459 ſerve, & que je l'emploie à faire votre
186 1451 3117 1625 bonheur. J'embraſſai cette belle avec tranſ-
190 1619 3132 1792 port, & la remenai à la maiſon, où Hoé
186 1781 3113 1962 fut raillé de tout le monde, & tous les
197 1945 3128 2126 aplaudiſſemens furent pour moi. Six mois
190 2119 3109 2283 après cette aventure, j'épouſai mon aima-
186 2274 3113 2456 ble Fanny, du conſentement de ſon pere
201 2447 3120 2628 & de ſa mere; & je goûtai dans cette ten-
190 2611 3113 2780 dre union des plaiſirs inexprimables. Mon
186 2780 3105 2954 beau-pere & ma belle mere me donnerent
186 2948 3113 3125 une grande Plantation à faire valoir, & j'ai
186 3117 3098 3288 eu le malheur de les perdre il y a environ
10 3270 3106 3453 ſix mois. Leur mort nous laiſſe en poſſeſ-
190 3442 3098 3626 ſion de près de trente mille liv. ſterling.
10 3611 3319 3782 Mon amour pour mon épouſe n'a fait
164 3768 3109 3952 qu'augmenter, & j'en ai un aimable fils
190 3929 3106 4122 qui eſt le véritable portrait de ſa mere. Si
10 4093 3102 4288 j'ai eu d'abord quelque ſujet de me plain-
10 4258 3106 4460 dre, c'étoit de remarquer dans le tempéra-
10 4430 3102 4616 ment de ma femme une froideur qui ne
10 4595 3098 4771 s'accordoit point avec la violence du mien,
10 4760 3105 4938 & dont je lui ai fait ſouvent des reproches;
10 4932 3094 5097 mais j'ai tout lieu maintenant d'être com-
205 5096 1504 5263 plettement ſatisfait.
190 5254 3098 5437 C'eſt avec les plus grands regrets que
186 5414 3094 5618 je m'en ſuis ſéparé pour aller arrang-r
197 5590 3087 5773 quelques affaires en Angleterre; je l'euſſe
190 5766 3083 5939 même amenée avec moi, ſi ſa groſſeſſe
190 5929 3087 6106 m'eût permis de l'expoſer aux dangers in-
194 6092 3091 6282 certains de la mer: l'événement n'a que
194 6256 3094 6445 trop bien juſtifié mes précautions, quoique
190 6421 3079 6609 l'accident qui m'eſt arrivé ne me fait plus
