4266 7754
1133 714 3584 899 qLL vietLesaventures
1137 883 4041 1058 de peine, puiſqu'il m'a procuré le plai-
1137 1039 4056 1221 ſir de voir M. Thompſon; ſeulement mon
1144 1219 4060 1406 voyage aura été un peu plus long, &
1148 1373 4071 1561 m'aura retenu plus que je ne m'étois pro-
964 1545 4067 1710 poſé. J'ai promis expreſſément à ma chere
1141 1709 4056 1885 femme, d'être de retour pour le tems de
1148 1878 4071 2063 ſes couches, ſi la Providence me le per-
1152 2046 4079 2228 met. J'eſpere que les amis à qui j'ai
1152 2215 4079 2396 écrit, auront fait aſſurer ma cargaiſon, au
1144 2375 4079 2558 reſte la perte ne peut pas être bien conſi-
1099 2544 4079 2722 dérable, & j'ai ſur moi pour plus de 2000
1155 2709 4090 2877 liv. ſterling de billets ſur les meilleurs
1152 2877 4071 3051 Marchands de Londres. Vous voyez, mon
1163 3038 4086 3215 ami, que je ſuis dans une ſituation fort
1163 3210 4090 3383 heureuſe. Je tâche, en faiſant tout le bien
1156 3379 4094 3547 que je puis, de rendre grace à la Provi-
1163 3543 4094 3716 dence de ſes faveurs, & de réparer tou-
1167 3712 4105 3884 tes les irrégularités de mon ancienne con-
1174 3873 4090 4046 duite. Mais je ſerois charmé d'aprendre
1174 4041 4097 4210 de vous des nouvelles de Spéculiſte, de
994 4202 4251 4383 Prig, & de tous nos autres amis, & de
1182 4370 4109 4540 ſçavoir ſi je ſerois en état de leur être
1174 4538 4109 4708 utile, & ſur-tout de leur prouver que je
1185 4696 4112 4867 ſuis toujours auſſi déſintéreſſé qu'ils m'ont
1185 4865 2327 4999 connu autrefois.
2413 5769 2903 5848 T
3266 6540 4162 6689 CHAPITRE
