4266 7754
2107 7 2989 112 v
654 551 3046 766 DE JosEPh ThoMssO 1or
10 738 3061 931 reconnoiſſance. Nous avions mené avec
10 923 3049 1108 nous notre Muſique, & nous paſſâmes le
130 1099 3038 1275 jour de la façon du monde la plus gracieu-
130 1264 3023 1432 ſe. Il y eut le lendemain une fête ſem-
130 1429 3042 1608 blable pour eux ſur le Haſtings. Prim amena
10 1597 3038 1772 avec lui une pipe de vin de Madère, &
111 1765 3038 1942 quelques autres rafraîchiſſemens, dont il fit
137 1923 3042 2108 préſent à l'équipage de notre vaiſſeau,
126 2099 3027 2273 pour reconnoître les amitiés qu'il en avoit
14 2267 3031 2441 reçues. Il inſiſta auſſi à nous faire recevoir
138 2432 3132 2608 des proviſions de l'York, qui en étoit ex-
48 2596 3049 2776 trêmement bien fourni pour ſon voyage d'E-
141 2761 3042 2939 coſſe. Les deux vaiſſeaux ayant pris à S. Vin-
149 2932 3053 3109 cent tout ce dont ils avoient beſoin, &
141 3098 3042 3274 le vent ſe trouvant favorable pour ſortir
10 3263 3038 3443 de la Baye, nous levâmes l'ancre, après
10 3438 3042 3609 avoir pris congé les uns des autres. Prim
10 3599 3053 3776 & moi fondîmes en larmes lorſqu'il fallut
145 3760 3061 3930 nous ſéparer. Il m'obligea de recevoir une
137 3929 3031 4101 bague de diamans, comme une marque
25 4090 3046 4267 de ſon amitié, que je reconnus par un
10 4258 3034 4444 préſent de la même eſpece. Il voulut
10 4419 3038 4596 auſſi donner au Capitaine Social une belle
10 4591 3023 4774 montre d'or à répétition, & fit encore quel-
10 4758 3031 4921 ques beaux préſens aux autres Officiers du
10 4904 995 5100 Haſtings.
10 5081 3064 5263 Arrivés en pleine mer, nous nous ſaluâ-
14 5261 3031 5440 mes réciproquement de tous nos canons,
14 5422 3016 5587 & bientôt nous perdîmes leur vaiſſeau de
153 5648 442 5734 vue.
253 5755 3042 5949 Je fus extrêmement ſatisfait d'avoir trou-
119 5927 3038 6115 vé l'occaſion d'écrire en Angleterre à mes
10 6096 3061 6279 chers amis, que je ſavois devoir être fort
130 6261 1964 6496 inquiets de ma ſanr
