4266 7754
1203 612 3714 840 Lvieetles averures
1680 1194 3803 1380 CHAPITRE XLVI.
1219 1481 4150 1671 Ils ſont en danger de périr par une colon-
1384 1657 4202 1840 ne d'eau. Il eſt délivré d'un grand péril
1361 1818 4131 2003 par ſon domeſtique. Mort du Capitai-
1384 1990 4187 2335 le oune ee ſe mde iſe eeranne
1387 2330 4139 2503 dans un grand beſoin. Ils prennent terre,
1410 2488 4153 2675 & abordent au Cap de Bonne-Eſpérance.
1395 2655 4183 2829 Ils y radoubent leur vaiſſeau, & conti-
1387 2826 2624 3007 nuent leur voyage.
1230 3131 4232 3487 Cao ene un onne e i un éu t t us
1212 3468 4153 3651 ſalutaire. Il n'y a que ceux qui ont eſſuyé
1219 3633 4176 3820 de longs & ennuyeux voyages, qui puiſſent
1212 3805 4169 3985 s'imaginer le plaiſir que l'on goûte en
1215 3974 4172 4151 trouvant, ſi loin de chez ſoi, un ami ou
1215 4142 4168 4320 un compatriote. Il ſemble que l'on jouit
1211 4303 4169 4485 pleinement de tout ce que l'on a quit-
1208 4472 4146 4647 té: une pareille entrevue laiſſe dans l'eſ-
1208 4640 4139 4969 lveuins s i i adéoiſeani toues le aui les
1208 4962 4146 5143 actuelles. Nous touchâmes à Sainte Helene,
1208 5123 4176 5312 où nous ne reſtâmes que deux jours;
1223 5291 4168 5477 après quoi nous voguâmes dans la latitude
1212 5467 4131 5645 du Cap. Mais un matin nous aperçûmes
1208 5639 4139 5808 ce que les gens de mer apellent une Trombe
1200 5800 4127 5983 de mer, & nous en fûmes d'autant plus
1196 5972 4124 6154 ſurpris, que ces phénomenes ſont aſſez
1215 6137 4243 6317 rares du côté du Cap. Pour moi, je le re-
1208 6305 4157 6474 gardai comme un de ces effets ſurprenans.
