4266 7682
687 746 3097 936 De Joseph ThoMoson.ro
10 920 3090 1094 de la nature; mais je n'en apréhendai
14 1093 3086 1266 pas moins quelque danger. Nous en étions
183 1256 3086 1423 ſi proche, que nous pouvions facilement
187 1426 3101 1597 voir monter l'eau le long de cette colonne
10 1585 3075 1764 d'air; & nous fumes obligés de virer de
9 1736 3105 1927 bord, pour éviter les ſuites fâcheuſes qui
184 1918 3108 2087 auroient pu en arriver, ſi cette colonne
10 2080 3112 2257 étoit venue à ſe crever. C'étoit une choſe
10 2243 3060 2410 aſſez plaiſante que d'entendre raiſonner
191 2413 3109 2589 ſur ce phénomene les Matelots ſuperſtitieux.
191 2572 3101 2744 Pour moi, je le regardai comme une
195 2742 3079 2917 choſe toute naturelle, qui ſert à éclaircir
202 2905 3105 3076 & démontrer la vérité de la nouvelle
198 3068 3097 3243 Philoſophie. Je regardois attentivement,
25 3230 3079 3406 & j'épiai le moment où cette colonne diſ-
54 3403 3112 3573 paroîtroit: pour cet effet, je m'étois avan-
217 3556 3086 3735 cé plus qu'à l'ordinaire à une des fenêtres
202 3718 3123 3894 de ma chambre, lorſque le vaiſſeau eut une
202 3885 3097 4048 ſecouſſe violente, qui me jetta dans la
213 4044 3120 4228 mer. Je me débarraſſai comme je pus,
206 4212 3090 4393 après la premiere ſurpriſe, & je me mis
210 4377 3134 4558 à nager après le vaiſſeau qui avançoit
217 4543 3116 4719 conſidérablement. Comme je m'étois trou-
206 4709 3090 4878 vé ſeul dans la chambre, j'apréhendai
213 4872 3360 5049 qu'on ne ſe fut point aperçu de mon
217 5026 3109 5168 accident. Heureuſement Truman mon do-
217 5190 3146 5382 meſtique m'aperçut luttant contre les flots,
224 5354 3112 5534 & faiſant tous les efforts poſſibles pour m'é-
158 5526 3153 5714 lever au-deſſus de l'eau. Il me reconnut;
224 5696 3157 5874 & diſant à celui qui étoit auprès de lui,
228 5859 3120 6037 ce qu'il venoit de voir, il ſauta auſſi tôt
225 6025 3116 6189 à la mer pour venir à mon ſecours. Il
228 6188 3160 6370 étoit excellent nageur, & ne tarda pas
228 6350 3123 6528 à me joindre. Il vint tout à propos, car
2321 6532 2544 6696 L
