4266 7570
1164 627 3520 829 ro LL vr ETLsSventores
1161 857 3987 1025 cer tous les hamacs & autres uſtenſiles des
1164 1016 3991 1182 lits de l'autre côté, ce qui heureuſement
1157 1181 3962 1350 rompit le choc, juſqu'à ce que le danger
1153 1338 3955 1511 fut tout-à fait paſſé. Quand la tempête fut
1157 1508 3965 1663 un peu apaiſée, nous fîmes nos obſerva-
1157 1663 4005 1838 tions, & nous nous trouvâmes vers les 5o
1171 1819 3969 1998 degrés & quelques minutes de latitude mé-
1168 1989 3973 2160 ridionale, & 1i degrés 15 minutes de lon-
856 2145 3973 2481 l ran ee et d uleleuiſentn n uas
1179 2464 3976 2639 qui dura pluſieurs jours; & notre proviſion
1179 2630 3980 2802 d'eau diminua ſi fort, que nous fûmes ré-
1182 2785 3983 2958 duits à une demi-pinte par jour. Pour ſur-
1190 2952 3980 3126 croît de malheur, plus de la moitié de l'E-
1193 3118 3980 3286 quipage fut attaqué du ſcorbut, & nos
1190 3274 3980 3447 proviſions fraîches étoient ſi baſſes, que
1197 3444 3980 3601 tout ce que nous avions pu en épargner,
1193 3598 4027 3756 n'étoit pas capable de nous ſervir beaucoup
1200 3752 4193 3928 dans le cours de cette terrible maladie. Mais
1200 3922 4197 4248 un ateion qui éeoe nonle amhſaun duerani
1208 4239 4041 4410 mât, s'écria: terre, terre! Nous jettâmes
1201 4398 3994 4564 la ſonde, & trouvâmes 5o braſſes d'eau.
1208 4555 4009 4721 Nous ne pouvions nous imaginer quelle
1211 4716 4009 4866 étoit la terre que nous avions à notre ſud-
1218 4873 4016 5040 eſt, lorſque M. Bentley trouva dans une
1048 5033 4219 5204 de ſes cartes que ce devoit être un Cap
1218 5196 4016 5367 apellé le Cap de la Circonciſion, qui faiſoit
1222 5364 4016 5530 partie des nouvelles découvertes. Je m'at-
1222 5518 4027 5691 tendois alors que notre Commandant alloit
1226 5676 4016 5855 envoyer une chaloupe pour découvrir la
1226 5844 4016 6014 côte; mais profitant d'un vent de ſud qui
1233 6006 4020 6167 s'éleva dans le moment, il gagna au nord-
1229 6162 4070 6336 oueſt, & cette route nous conduiſit à bon
