4266 7754
740 605 3184 793 oe JosEpi Thompson.oy
10 762 3184 954 port en peu de jours à la baye Saldana,
242 946 3162 1123 au Cap de Bonne-Eſpérance. Tout le mon-
238 1118 3158 1295 de en reſſentit une joie inexprimable: notre
235 1284 3180 1463 Equipage y fut bientôt remis de ſa fatigue
242 1444 3180 1621 & de la maladie. Pour moi, je viſitai avec
74 1611 3188 1793 beaucoup de plaiſir les beaux établiſſemens
238 1781 3184 1963 que les Hollandois induſtrieux ont faits au
246 1953 3188 2130 Cap, en formant une eſpece de paradis
235 2121 3158 2291 d'une terre que les Anglois avoient mépri-
235 2289 3158 2463 ſée, & dont toutes les autres Nations n'a-
235 2457 3192 2628 voient pas voulu ſe charger. Les naturels
235 2619 3188 2800 du pays, qui ſembloient incapables d'être
231 2787 3188 2961 policés, & de jamais ſe conduire en créa-
231 2956 3195 3130 tures humaines, commencent maintenant
238 3113 3188 3298 à vivre enſemble, & à former des ſociétés
238 3285 3158 3460 ſous le gouvernement Hollandois; ce qui
235 3454 3180 3629 prouve que les naturels les plus féroces ſont
238 3614 3195 3787 capables d'être aprivoiſés, pourvu qu'on y
238 3783 3195 3957 emploie les moyens les plus propres. Nous
238 3932 3180 4113 reſtâmes au Cap près de trois ſemaines; &
242 4101 3502 4277 après y avoir pris des rafraîchiſſemens, &
239 4258 3150 4458 les autres proviſions dont nous avions be-
14 4430 3188 4606 ſoin pour le reſte du voyage, nous levâmes
33 4599 3199 4786 l'ancre avec un vaiſſeau François & deux
10 4771 3184 4952 Hollandois; & par un bon vent, & le plus
10 4932 3199 5100 beau tems du monde, nous doublâmes ce
246 5108 3203 5277 fameux promontoire, & entrâmes dans.
250 5261 1515 5411 l'océan des Indes.
1561 5947 1931 6030 -
