4266 7754
1160 591 3638 734 o Lavleetlesaveetures
1552 1170 3663 1313 HAPITRE XLVII.
1152 1462 4056 1640 Ils ſont obligés de relâcher dans l'Iſle de
1320 1630 4067 1784 Java. Ils remettent à la voile, & arri-
1328 1795 4071 1968 vent au Fort Saint George ſur la côte
1331 1960 4094 2133 de Coromandel. Tompſon y eſt fort bien
1331 2132 4075 2304 reçu. Il tombe malade; ſe rétablit, &
1339 2297 4067 2471 s'aplique fortement aux devoirs de ſon
1339 2465 4079 2634 emploi. Il reçoit des lettres d'ngle-
1344 2680 1677 2770 terre.
1197 2926 4097 3121 MOus continuâmes notre voyage pen-
1190 3109 4093 3286 dant pluſieurs jours dans cette déli-
1170 3270 4071 3454 cieuſe mer avec tout le ſuccès poſſible.
1163 3442 4075 3621 Rien ne peut, à mon avis, égaler le plai-
1163 3611 4075 3782 ſir que nous goûtions alors. Des vents tou-
1163 3775 4071 3940 jours favorables enfloient nos voiles; le
1167 3940 4251 4116 vaiſſeau ſembloit gliſſer doucement ſur les
1163 4108 4251 4282 vagues; & ſi la chaleur étoit preſque inſu-
1156 4269 4060 4447 portable, nous en étions bien dédomma-
1167 4441 4064 4615 gés; car nous n'avions preſque autre choſe
1167 4602 4067 4772 à faire que de jetter les yeux ſur le plus
1163 4763 4067 4937 beau ciel, & de voir la face polie de l'o-
1167 4917 4064 5103 céan où l'on apercevoit juſqu'au ſillage du
1167 5089 4071 5270 vaiſſeau. Quantité d'oiſeaux aquatiques ré-
852 5246 4251 5432 créoient notre vue; le poiſſon volant pour-
1163 5422 4251 5602 ſuivi par les Albicores votaces, voltigeoient
1167 5583 4052 5769 autour de nous, & s'embarraſſoient dans
1163 5755 4056 5920 nos voiles, tandis que les Marſouins ſau-
1167 5920 4045 6103 toient de tems en tems au-deſſus de l'eau,
1174 6088 4071 6262 & ſe jouoient ſur la ſurface de l'onde. Mais
1174 6257 4064 6437 ce tems ne dura pas beaucoup. Il s'éleva un
