4266 7620
620 667 3017 854 De JosEph ThOMpson.it
10 817 2987 1016 cette Place pluſieurs Ecoles publiques. Le
10 993 2995 1173 Gouverneur eſt le Juge ſuprême: il y a
127 1168 2991 1343 un Conſeil compoſé pour l'ordinaire de
130 1329 2991 1506 Facteurs & de Marchands, avec qui il
130 1493 2998 1663 confere des affaires de la Compagnie. La
43 1654 2998 1815 Colonie ne fournit guere de marchandiſes
134 1818 2998 1987 de ſon cru ou de ſes Manufactures dans
116 1982 3002 2160 les marchés voiſins. Le commerce y eſt
130 2146 3002 2319 principalement entre les mains des Armé-
127 2308 2998 2481 niens & des Juifs, & les Anglois ne s'oc-
138 2472 3006 2641 cupent qu'à la conſtruction des vaiſſeaux.
145 2629 3002 2806 On compte tant dans la Ville que dans les
127 2793 2998 2971 Villages, huit mille habitans ſoumis à la
134 2950 3009 3129 Juriſdiction de la Compagnie; & il n'y a
127 3115 3009 3279 dans tout ce nombre qu'environ cinq cens
141 3283 3013 3459 Anglois, tant Bourgeois que Marchands,
134 3447 3009 3613 mariés & ſoldats. Le peuple y jouit d'une
134 3601 3016 3786 bonne ſanté, il y a le teint vif & vermeil.
149 3761 3130 3948 Les chaleurs de l'été ſont le plus grand in-
149 3926 3020 4102 convénient qu'ils aient à ſouffrir; mais elles
145 4088 3020 4256 ne durent qu'environ quatre ou cinq heures
156 4247 3020 4423 par jour; & il s'éleve enſuite un vent de
148 4412 3020 4565 mer qui rafraîchit. Le Gouverneur a une
149 4580 3027 4754 maiſon de campagne fort belle, ornée de
160 4740 3031 4914 jardins vaſtes, de boulingrins, d'un étang
152 4901 3035 5078 rempli de ſarcelles & autres curioſités ſem-
160 5062 3027 5242 blables. Il ne ſort jamais ſans être eſcorté
159 5223 3038 5402 par une garde de ſoldats Anglois; il vit
167 5387 3042 5567 avec beaucoup de grandeur, & fait une
167 5555 3046 5732 ſigure de Prince. Qu'on me diſpenſe de
167 5719 3046 5897 m'étendre davantage ſur la deſcription du
174 5884 3049 6055 pays: ce n'eſt point là mon objet; mais
163 6045 3049 6216 j'ai cru devoir décrire en peu de mots un
167 6205 3053 6377 lieu où j'ai paſſé quelques années de ma
