4266 7754
1197 618 3637 834 1I4 La vieetles aventures
1189 822 4157 1010 cotille; & pour mieux encourager Tru-
1185 994 4138 1170 man, qui étoit un homme plein de ſoli-
1186 1155 4157 1338 dité & de bon ſens, nous convînmes en-
1182 1324 4154 1505 ſemble de lui fixer certains apointemens
1178 1491 4131 1670 pour ſon droit de commiſſion. Je lui avan-
1182 1660 4157 1840 çai une ſomme de 200 liv. ſterlings pour
1182 1825 4150 2000 trafiquer à ſon profit; & après lui avoir
1084 1990 4146 2172 donné les inſtructions convenables, nous
1174 2159 4105 2336 le fîmes partir. Il fut cinq mois à remplir
1174 2323 4157 2502 ſa commiſſion & il s'en acquitta avec beau-
1182 2488 4150 2669 coup d'intelligence & de fidélité. Il nous
1178 2656 4131 2830 ramena des vins & autres denrées dont
1182 2825 4101 3001 nous nous défîmes ſi avantageuſement,
1189 2993 4150 3164 que j'eus pour moi près de mille livres
1189 3158 4153 3337 ſterlings de profit; & M. Saris gagna près
1189 3322 4153 3498 de trois cens roupies de plus. Le petit fonds
1189 3490 4109 3661 de Truman ſe trouva doublé: il me ren-
1200 3655 4146 3832 dit mes deux cens livres ſterlings; &
1200 3828 4157 3997 avec ſon droit de commiſſion, il ſe vit près
1189 3989 4251 4170 de trois cens livres ſterlings en propre, ce
1189 4153 4251 4496 u de oout aiiee oou li mroourer one oo-
1186 4487 4154 4656 tune avant que de quitter les Indes. Il avoit
1185 4647 4131 4824 montré dans cette affaire tant de génie &
1189 4808 4098 4988 de capacité, que par la ſuite Saris & moi
1189 4969 4131 5156 nous aprouvâmes tout ce qu'il nous propo-
1185 5130 4150 5317 ſa pour notre intérêt, & jamais nos eſpé-
1185 5302 4251 5493 rances ne furent trompées. Bientôt après
1189 5471 4138 5669 il conçut le deſſein d'aller faire un tour aux
1193 5643 4150 5830 mines de diamans; nous lui fournîmes en
1197 5807 4150 5996 conſéquence tout ce qui étoit néceſſaire;
1200 5976 4098 6166 & quinze jours après ſon départ, il nous
1193 6146 4150 6332 écrivit qu'il avoit loué un certain eſpace
1193 6305 4131 6516 de terrein; & qu'après l'avoir enclos, il
88 7447 714 7641 ai
