4266 7702
689 641 3045 829 oE Josep Thosos...
10 815 3045 982 avoit déjà commencé à fouiller, entouré,
159 975 3038 1153 ſuivant l'uſage, par des ſentinelles du Roi
158 1142 3034 1313 de Golconde, qui s'emparent de toutes
158 1301 3045 1482 les pierres dont le poids ſurpaſſe ſoixante
170 1472 3056 1650 grains, au profit de ce Roi, & laiſſent au
10 1635 3060 1806 travailleur tout ce qu'il peut trouver d'ail-
11 1803 538 1937 leurs.
337 1965 3056 2142 Nous fondâmes de grandes eſpérances
10 2138 3053 2308 ſur le bonheur qui accompagnoit toujours
10 2287 3053 2460 les projets de Truman, & nous nous flat-
10 2466 3053 2639 tâmes que cette entrepriſe ſeroit fort avan-
10 2633 3056 2804 tageuſe. Mais je n'en avois encore reçu au-
10 2800 3049 2964 cune nouvelle certaine, lorſque je fus en-
99 2960 3056 3133 voyé à Surate pour les affaires de la Com-
173 3127 3056 3299 pagnie: je fus obligé de me rendre dans cette
173 3295 3060 3465 ville par terre; j'en fus charmé, trouvant
181 3457 3060 3618 par là l'occaſion de ſatisfaire ma curioſité,
188 3613 3067 3796 & de parcourir l'intérieur du pays. Les
184 3772 3067 3939 marchandiſes que j'avois avec moi, étoient
181 3932 3064 4114 chargées ſur des bœufs, qui dans le pays
21 4095 3071 4293 portent des fardeaux de 3à 4oo liv. peſant.
32 4258 3067 4452 Pour moi, ſi-tôt que j'arrivai à Maſulipa-
173 4433 3071 4619 tan, je louai un palanquin ou petit caroſſe
184 4588 3071 4785 avec une baluſtrade autour; il y avoit une
185 4755 3071 4935 couverture de ſatin qu'un eſclave faiſoit
188 4922 3075 5108 mouvoir ſelon la poſition du voyageur par
177 5093 3060 5277 raport au ſoleil: un autre portoit une targe
181 5252 3067 5423 ou eſpece d'éventail d'oſier couvert d'étof-
184 5423 3082 5613 ſe, pour le garantir de la chaleur. Un pa-
188 5590 3079 5780 lanquin eſt porté ſur les épaules de trois
196 5761 3079 5925 ou quatre hommes, qui marchent auſſi vîte
192 5920 3082 6102 que les porteurs de chaiſes font en Angle-
196 6083 3093 6254 terre, parce qu'ils s'exercent de très-bonne
188 6252 3141 6440 heure à ce métier pénible. On donne pour
2248 6430 2597 6571 a-
