4266 7754
1137 635 3663 832 lLLAvEETLssAvenrures
852 804 4232 1002 miſſion. A peineétois-je arrivé, que je reçus
1125 979 4041 1165 un autre ordre pour me rendre au Comp-
1126 1140 4082 1334 toir de Hughly, pour une affaire impor-
1133 1305 4090 1491 tante. Je m'embarquai dans un petit vaiſ-
1129 1474 4090 1666 ſeau avec deux ou trois matelots du pays.
1137 1634 4093 1799 Ce Comptoir eſt ſitué ſur une Riviere du
1129 1799 4101 1996 même nom, qui eſt un bras du fameux
1129 1967 4094 2155 Gange. Arrivé au Fort William, je montrai
1129 2143 4093 2331 mes lettres de créance, & l'on me reçut
1133 2313 4079 2484 avec amitié dans le Comptoir: j'eus pour-
1133 2471 4068 2627 tant bien des chicanes & des difficultés à
1133 2633 4097 2827 eſſuyer de la part de quelques perſonnes
1133 2810 4094 2982 en place; mais je trouvai moyen de faire
1137 2978 4098 3151 ma commiſſion avec honneur, & en mon
1126 3143 4041 3326 particulier, je commerçai aſſez avantageu-
1133 3308 4105 3484 ſement pour mon compte; après quoi j'en
785 3482 4041 3653 repartis au grand regret de toutes les per-
1133 3644 4041 3825 ſonnes conſidérables du pays. En deſcen-
1133 3813 4108 3991 dant la riviere, il me prit envie de toucher
1133 3977 4251 4156 à l'Iſle Sagar, quoique j'euſſe entendu dire
1129 4149 4105 4321 qu'elle étoit remplie de Tigres qui y ſont
1129 4314 4108 4486 très-voraces. Les matelots firent tout ce
1129 4479 4105 4654 qu'ils purent pour m'en détourner: ce fut
1137 4644 4041 4805 en vain, & nous y abordâmes. Alors pre-
1125 4797 4079 4973 nant une hache, une arquebuſe, quelques
1129 4957 4090 5151 charges de poudre & des balles, je quittai
1122 5123 4108 5307 le vaiſſeau, pleinement réſolu d'affronter
1126 5297 4251 5479 tous les dangers qui pouvoient m'arriver,
1133 5456 4105 5632 & de ſatisfaire ma curioſité: ce qui m'y
1133 5628 4108 5814 engageoit le plus, c'eſt que cette Iſle paſſe
1129 5800 4090 5983 pour ſainte chez les Paiens, & que quan-
1129 5965 4098 6147 tité de leurs Prêtres s'y rendent à la fin de
1129 6133 4090 6336 chaque année pour y adorer leur Divini-
1125 6298 4094 6474 té. L'Iſle eſt remplie de huiſſons & de bo-
