4266 7702
705 649 3172 828 DE JosEpi THOMpso.1r9
10 814 3149 999 cages. Je ne fus pas plutôt à terre, que
10 993 3101 1165 mes gens s'éloignerent avec le canot qui
199 1153 3153 1329 m'avoit amené, & ſe retirerent dans la
192 1320 3149 1493 Riviere Rogues où je les vis jetter l'ancre.
196 1483 3105 1660 Cette circonſtance me donna quelques in-
10 1646 3108 1821 quiétudes; mais regardant leur frayeur com-
199 1813 3157 1989 me une preuve de leur ſuperſtition, je
203 1980 3112 2158 m'avançai dans l'Iſle, & marchai ſans m'ar-
10 2147 3134 2319 rêter juſqu'à une plaine ſéche & brûlée,
207 2310 3134 2481 éloignée d'environ un demi-mille du lieu
11 2470 3101 2650 où j'avois débarqué. Je n'y fus pas plutôt,
10 2641 3101 2806 que jettant les yeux de tous côtés, je vis
10 2804 3157 2977 briller à travers des brouſſailles quatre yeux
10 2967 3435 3139 pleins de feu, tournés de mon côté: j'en
203 3134 3101 3304 conclus auſſi-tôt que ce pouvoit être de ces
195 3301 3105 3469 animaux dont on m'avoit tant parlé. Ils ne
132 3460 3156 3645 me donnerent pas le tems de la réflexion;
199 3631 3104 3787 mais jettant un cri épouvantable, ils s'a-
199 3798 3149 3962 vancerent avec toute la rage que pouvoit
199 3950 3157 4130 leur donner leur cruauté & leur naturel fa-
203 4117 3160 4295 rouche. Il faut avouer que j'en fus effrayé.
203 4280 3160 4456 J'eus pourtant aſſez de preſence d'eſprit
207 4451 3097 4617 pour ſonger qu'il ne me reſtoit aucuns
199 4611 3108 4787 moyens de me ſauver, ſi mon fuſil venoit
207 4777 3164 4947 à manquer, & même qu'après en avoir
199 4941 3164 5114 tué un, il faudroit me défaire de l'autre
192 5097 3093 5280 avec ma hache, parce que je n'aurois pas
195 5252 3134 5444 le tems de recharger. J'avois quelquefois
207 5419 3090 5610 entendu parler de la maniere ſinguliere dont
207 5594 3160 5757 quelques perſonnes s'étoient délivrées des
207 5761 3175 5932 bêtes ſauvages, par la frayeur naturelle que
218 5920 3168 6108 leur inſpire la voix de l'homme. C'eſt pour-
210 6091 3116 6275 quoi je jettai un grand cri; & en même-
69 6254 3142 6460 tems titant mon coup de fuſil, j'eus le bon-
