4266 7754
691 669 3098 849 DE Josepn Thomson.ar
10 822 3087 1030 à Viſagipatan, & à quelques autres Comp-
10 1006 3083 1197 toirs, où je laiſſai quelques dépêches dont
175 1170 3098 1359 on m'avoit chargé au Fort William, je dé-
171 1339 3083 1507 barquai en ſûreté avec mes marchandiſes
167 1507 3079 1684 au Fort S. George, après une abſence plus
167 1673 3087 1860 longue que je n'avois compté. Mon ami
10 1840 3091 2012 Saris me conſeilla de prendre un autre lo-
170 2005 3094 2191 gement; & après en avoir demandé la per-
171 2178 3087 2356 miſſion au Gouverneur, avec qui j'étois
171 2342 3087 2513 très-bien, nous louâmes une maiſon dans
175 2506 3098 2684 la Ville blanche, & prîmes les domeſtiques
178 2667 3098 2825 dont nous avions beſoin, réſolus de vivre
179 2843 3094 3016 tous les deux enſemble, tant que nous
10 3008 1979 3210 reſterions dans le Pays.
534 3592 2769 3727 HAPITRe.
182 3876 3113 4049 Ils reçoivent des nouvelles de Truman, qui
354 4045 3109 4213 demande ſon rapel. Il revient des Mines
10 4209 3105 4379 avec de grands profits. Donne à ſon Mai-
10 4378 3459 4546 tre un Diamant de grand prix. Tompſon
343 4542 3113 4712 reçoit pluſieurs lettres d'Angleterre. Ce
171 4708 3113 4877 qu'elles contiennent. Il écrit en particulier
358 4864 1436 4999 à M. Goodvili.
10 5164 3120 5521 No les le r'miman depuis ſon des
193 5503 3114 5686 part: nous en étions inquiets & apréhen-
205 5669 3113 5856 dions qu'il ne lui fût arrivé quelque acci-
201 5837 3109 6025 dent. Nous étions même ſur le point d'en-
197 6006 3457 6192 voyer un exprès pour ſçavoir ce qu'il étoit
209 6171 3113 6362 devenu, lorſqu'un de ſes eſclaves arriva,
220 6335 2327 6511 & me remit la lettre ſuivante.
392 6504 1185 6657 III. Partie.
