4266 7552
843 720 3166 910 DE JosEPH THOmPso..2
28 890 3173 1067 nes après je le vis arriver lui-même; mais
356 1048 3180 1230 ſi fatigué & ſi changé à cauſe des chaleurs
352 1222 3180 1555 ee reonnſſirée le le eouu aue eeeea
356 1539 3177 1718 reſſes les plus affectueuſes; car je commen-
356 1698 3188 1885 çois réellement à le regarder plutôt comme
74 1864 3177 2036 un frere, qu'autrement. Il nous remit à
352 2025 3180 2202 chacun ce qui nous revenoit. Ma part ſe
356 2188 3180 2364 montoit à pluſieurs livres peſant de petites
356 2347 3180 2522 pierres de différentes grandeurs, dont je
367 2509 3180 2686 ſçavois bien le moyen de me défaire avan-
360 2671 3180 2838 tageuſement, ſoit là, ſoit en Europe. Il avoit
356 2834 3332 3005 fait auſſi pour lui-même un profit conſi-
82 2996 3177 3161 dérable, & pouvoit alors ſe vanter de poſ-
363 3155 3173 3317 ſéder en propre près de mille liv. ſterl. Je
367 3317 3180 3490 le forçai d'accepter un preſent de 200 liv.
367 3479 3177 3653 ſterl. & M. Saris un de 5o, pour recon-
367 3642 3173 3813 noître les ſoins & les peines qu'il avoit pris
360 3804 3180 3966 pour nous. La premiere fois que je me
367 3966 3184 4138 trouvai ſeul avec lui, nous arrangeâmes
114 4130 3180 4303 nos comptes que je trouvai très-juſtes.
371 4284 3184 4461 Après quoi il me dit en ſouriant, qu'il lui
367 4450 3180 4618 reſtoit encore quelque choſe qui m'aparte-
370 4612 3184 4780 noit, & qu'il eſpéroit que cela joint à d'au-
367 4771 3224 4931 tres conſidérations, me détermineroit bien-
367 4925 3180 5095 tôt à quitter ce mauvais pays; car à vous
378 5073 3184 5260 dire le vrai, Monſieur, je ne puis m'em-
374 5232 3184 5412 pêcher de deſirer ardemment de revoir mon
381 5402 3177 5589 ancien Maître & nos amis du pays d'York,
381 5564 3184 5731 qui s'impatientent déjà ſans doute de votre
385 5730 3184 5898 abſence. A ces mots il tira d'une bourſe de
388 5889 3187 6085 cuir couſue à la doublure de ſa culotte, un
389 6047 3180 6235 diamant d'une groſſeur & d'un brillant qui
388 6213 3194 6412 m'étonna, de maniere que je reſtai quel-
2319 6391 2579 6550 La
