4266 7754
1009 588 3450 809 6 LA viE etlLss vvetures
998 800 4217 976 la joie qu'en auroient mes amis, & du bien
759 968 3907 1309 ul pe ner éat de faite aux pauvres
1039 1284 3888 1482 Il y avoit déjà quatre ans que j'étois éta-
998 1466 3906 1646 bli aux Indes; & quoique j'euſſe ſaiſi tou-
1006 1634 4034 1818 tes les occaſions d'écrire en Angleterre,
1002 1810 3918 1985 je n'en avois eu aucune réponſe; ce
1006 1971 3903 2154 qui m'affligeoit beaucoup; car je ne comp-
1010 2143 3929 2318 tois pas les nouvelles que j'avois reçues
1006 2313 3929 2486 tout en arrivant, ces lettres ayant été écri-
1009 2473 3921 2651 tes auſſi-tôt après mon départ. Je connoiſ-
1010 2641 3933 2818 ſois trop bien la ponctualité de mes amis,
1009 2810 3921 3153 a ſis ui e arrulen en aa oomoos
1013 3143 3985 3322 dité; ainſi j'étois ſûr qu'il falloit que leurs
1009 3311 3910 3492 lettres euſſent été égarées de façon ou d'au-
1017 3480 3914 3653 tre, à moins que la mort ou les maladies
1017 3644 3925 3826 ne les euſſent empêchés d'écrire. Ces in-
1017 3813 3906 3990 quiétudes ne me laiſſoient aucun repos. Tru-
1013 3981 3914 4155 man étoit preſque auſſi affligé que moi; car
1017 4146 3925 4319 il avoit autant d'amour pour mon pere &
1017 4310 3940 4656 eeeen les iaes eeie toutmn duaton
1021 4647 3948 4813 lorſque l'arrivée d'un vaiſſeau d'Angleterre
1017 4804 3921 4978 vint remettre la tranquillité dans mon cœur,
1032 4969 3940 5149 & m'aporta des lettres toutes nouvelles des
1028 5134 3944 5325 perſonnes qui m'étoient ſi cheres. On m'y
1025 5304 3948 5491 marquoit qu'on m'avoit ſouvent écrit; ain-
1028 5473 3963 5655 ſi je conclus qu'on avoit envoyé ces lettres
1032 5635 3960 5831 par des vaiſſeaux deſtinés pour d'autres par-
1036 5808 4011 5991 ties de l'Aſie, & qu'elles avoient été éga-
1039 5972 3929 6137 rées dans les vaiſſeaux du pays, ou perdues
1043 6144 3955 6321 dans les voyages par terre. Mon pere, ma
1039 6305 3966 6493 mere, & tous mes amis étoient en bonne
