4266 7754
541 575 3143 788 De Josep Thompson. r7
10 764 3390 954 ſanté. J'y apris avec beaucoup de joie que
10 946 3139 1115 mon ami Diaper étoit retourné en Angle-
235 1103 3150 1279 terre de deux voyages; qu'il avoit déjà fait
227 1279 3147 1457 une fortune conſidérable, & qu'il venoit
223 1444 3132 1624 de repartir pour un troiſieme voyage. Il
70 1612 3147 1793 avoit été ſurpris au dernier point d'apren-
21 1777 3120 1960 dre que j'étois allé dans la même partie du
223 1945 3150 2126 monde d'où il venoit, & très-fâché de ce
235 2117 3147 2291 que l'éloignement de nos demeures ren-
197 2286 3154 2461 doit une correſpondance ou une entrevue
231 2450 3135 2630 entre nous impoſſible, à moins que le ha-
235 2611 3143 2793 ſard ne s'en mêlât. Son aimable Maîtreſſe
238 2783 3135 2957 & toute ſa famille étoient en bonne ſanté;
238 2944 3147 3125 & il comptoit au retour de ce troiſieme
227 3117 3154 3298 voyage, de s'établir en Angleterre, & de
231 3281 3162 3463 former l'heureuſe union, après laquelle il
235 3453 3158 3627 avoit ſoupiré ſi long-tems. J'apris toutes
10 3622 3139 3797 ces particularités par une lettre de M. Dia-
238 3786 3150 3961 per le pere; & Prig me faiſoit un long dé-
224 3951 3154 4132 tail de la maniere dont Prim s'étoit con-
10 4112 3154 4298 duit dans le pays d'York, où il étoit allé
10 4283 3165 4450 avec mes lettres pour le voir: & en mê-
21 4449 3162 4618 me-tems leur avoit cauſé la plus grande ſa-
235 4614 3158 4793 tisfaction du monde, en leur donnant de
10 4786 3162 4958 mes nouvelles. Pendant ſon ſéjour en An-
246 4943 3165 5114 gleterre, il avoit effacé par ſa généroſité
14 5100 3162 5277 tous les préjugés défavorables qu'on avoit
246 5265 3154 5450 eus de lui; il avoit gagné l'amour de mon
242 5430 3162 5613 pere, & de tous ceux qui l'avoient vu; &
242 5598 3158 5782 on s'attendoit qu'il viendroit s'établir à Lon-
10 5774 3165 5959 dres avec toute ſa famille; & qu'il profi-
239 5942 3143 6118 teroit pour ce voyage du premier vaiſſeau
242 6103 3158 6283 qui partiroit de Virginie. Quand le vaiſſeau
29 6268 3169 6452 qui m'avoit aporté ces nouvelles, fut ſur le
2260 6456 2530 6621 La
