4266 7674
759 622 3123 805 De Joseph ThoMPso..
76 760 3111 979 apartenant; & je tâchois d'entretenir tou-
257 961 3115 1297 n a ut auouie eneesce
254 1293 3112 1471 pendant par la facilité que mon argent lui
250 1456 3104 1638 donnoit de faire de bons marchés dans l'oc-
65 1621 3100 1800 caſion, il avoit pouſſé ſa fortune juſqu'à
250 1784 3097 1956 onze mille livres ſterlings. Truman poſſé-
246 1950 3104 2121 doit plus de deux mille cinq cens livres ſter-
242 2116 3100 2289 lings, & regardoit cette ſomme comme
250 2278 3101 2440 ſuffiſante pour lui faire paſſer heureuſement
242 2444 3082 2613 le reſte de ſes jours. En un mot, nous nous
246 2606 3097 2777 eſtimions tous heureux; & contre la cou-
242 2772 3093 2935 tume de la plupart des Négocians, nous
242 2938 3100 3105 étions ſatisfaits & réſolus de ne plus tenter
246 3100 3097 3276 la fortune, & riſquet d'eſſuyer un revers
246 3263 3410 3437 que nous penſions n'avoir plus à craindre,
246 3432 3082 3603 ſi nous pouvions une fois retourner à bon
239 3594 3082 3764 port en Angleterre. M. Saris & moi vi-
242 3764 3089 3929 vions enſemble dans la plus grande union,
239 3919 3078 4094 & on ne nous apelloit que les freres Fac-
65 4085 3086 4257 teurs. A la vérité ſon caractere étoit ſi ai-
239 4251 3082 4420 mable, il avoit des idées ſi juſtes de toutes
246 4413 3089 4587 choſes, & fes actions étoient ſi déſinté-
235 4572 3089 4748 reſſées & ſi remplies d'honneur, que je
235 4738 3093 4908 pris pour lui autant d'affection que pour
235 4900 3104 5061 perſonne au monde, excepté mon ami
231 5051 3089 5226 Diaper, à qui je m'étois figuré qu'il reſ-
235 5210 3086 5392 ſembloit beaucoup. Mais j'avois quelque
235 5376 3082 5554 chagrin de le voir depuis long-tems livré à
235 5548 3082 5722 une mélancolie ſombre, dont je n'avois ja-
10 5715 3075 5890 mais pu découvrir la cauſe. Il fuyoit les
10 5877 3075 6052 compagnies, & ne ſe trouvoit qu'avec ré-
10 6039 3075 6226 pugnance dans celle des femmes. Quoiqu'il
10 6205 3104 6410 ſumpatisât beaucoup avec mon humeur, e
