4266 7702
1182 622 3594 801 1 LL Vvie Ttles aventures
1179 785 4047 969 ne pouvois m'imaginer qu'il eût pour cela
1182 960 4043 1120 les mêmes motifs que moi. Je fis tout mon
1186 1122 4028 1311 poſſible pour diſſiper ce chagrin; & ne
1182 1290 4028 1472 pouvant y réuſſir, je cherchai du moins à
1186 1457 4043 1640 en aprendre la cauſe. Pour l'engager à m'en
1186 1624 4039 1798 faire confidence, je lui racontai un jour
1186 1787 4032 1973 mon hiſtoire. Il m'en parut fort touché;
1182 1954 4040 2130 mais il perſiſta toujours dans la même ré-
1183 2118 4039 2297 ſerve ſur ce qui le regardoit. Nous nous
1190 2284 4043 2464 divertiſſions ſouvent, ſuivant la coutu-
1190 2451 4203 2611 me du pays, à viſiter nos voiſins, &
1186 2618 4054 2790 nous nous promenions à la campagne dans
1183 2789 4110 2955 nos palanquins. Quelquefois nous em-
1183 2948 4051 3289 art,, eomne e ai deala e, , loi i
1186 3279 4043 3452 aſſez bon choix de livres) quelquefois la
1182 3445 4047 3618 muſique ſervoit à chaſſer notre ennui. Une
1182 3613 4047 3786 jeune Dame fort riche & veuve d'un Mar-
1190 3776 4043 3945 chand Anglois, devint amoureuſe de Sa-
1186 3939 4243 4278 le monde aeemu u'oin neen oe pe dans
1186 4269 4050 4442 ce pays que du ſoin de faire ſa fortune: je
1182 4433 4051 4605 fus ſurpris, dis-je, de voir ce jeune hom-
1182 4599 4244 4764 me, non-ſeulement indifférent, mais en-
1182 4752 4043 4917 core refuſer, quoique poliment, la pro-
1190 4910 4047 5090 poſition qu'on lui fit de l'épouſer. Le parti
1186 5077 4039 5249 me paroiſſoit ſi avantageux pour lui, que
1186 5241 4047 5415 j'aurois cru manquer à l'amitié, ſi je n'euſſe
1197 5405 4043 5581 pas fait mon poſſible pour lui perſuader de
1197 5575 4050 5752 conclure cette affaire; mais il me dit, en
1201 5742 4036 5916 ſoupirant, que je l'aprouverois sûrement,
1201 5902 4039 6075 ſi je ſçavois ſes raiſons pour ne plus penſer
1205 6069 4047 6246 aux femmes: & pour ſe délivrer de mes
1205 6236 4051 6399 importunités, il me dit un ſoir qu'il ne
