4266 7754
160 6 501 90 r
1174 643 3656 871 rL Laviiet LEs aventures
1193 837 4251 1035 te. J'entrai dans la maiſon; & trouvant une
897 1024 4094 1203 porte ouverte à droite, je paſſai dans une
897 1193 4105 1372 ſalle, où je vis mon Gentilhomme enve-
1178 1361 4101 1533 loppé dans des couvertures, à cauſe d'une
1182 1530 4105 1705 attaque de goutte, & ſon aimable fille tra-
1032 1691 4112 1870 vaillant à l'autre coin de la ſalle. Ah! s'é-
1193 1863 4116 2038 cria-t-il, je ſçais votre affaire: vous pou-
1163 2028 4105 2204 vez dire à Sir Thomas que je pourſuivrai
1185 2192 4105 2371 le procès; & que ſi j'avois été aſſez fort,
1178 2361 4108 2705 e ors o i a uou o nt, poutoe ee-
1182 2694 4108 2869 nir de ſon inſolence. Telle fut la maniere
1189 2862 4105 3037 impolie avec laquelle il me reçut, ſans me
1184 3019 4109 3203 prier de m'aſſeoir, ni me laiſſer dire un
1185 3188 4109 3371 mot; juſqu'à ce que Miſſ ſe levant de ſa
1185 3356 4109 3529 place, m'aporta une chaiſe, & m'invita à
1188 3524 4109 3693 me repoſer. Cette action & la vue de ſes
1189 3686 4112 3858 charmes me tranſporterent tout à fait. Je
1193 3858 4116 4036 reſtai quelque tems en ſilence, jettant ſur
1189 4022 4112 4203 elle des regards qui la firent rougir. Enfin
1193 4191 4120 4374 je commençai à parler à ſon pere avec tant
1189 4354 4112 4538 de douceur, & cependant de fermeté,
1189 4520 4251 4697 que je vainquis ce naturel farouche & ſau-
1193 4680 4251 4854 vage. Il promit qu'à ma conſidération, cet
1185 4839 4116 5018 homme ſeroit mis en liberté, & qu'il lui
1197 5007 4120 5190 pardonnoit. C'étoit avoir beaucoup gagné;
1200 5164 4124 5343 mais j'aurois voulu reſter plus long-tems.
1193 5332 4124 5512 Pour cet effet, je m'aviſai d'exalter la ſi-
1215 5501 4120 5684 tuation de ſa maiſon, ou plutôt de ſon
1197 5669 4116 5840 château. Il en fut flatté, & ordonna à ſa
1204 5834 4120 6021 fille de me montrer ſes jardins, & tout ce
1189 6001 4116 6188 qui méritoit d'être vu. Elle lui obéit volon-
1189 6171 4116 6353 tiers. Il faut convenir qu'il n'avoit rien épar-
1189 6335 4109 6511 gné pour rendre ce terrein délicieux; du
3719 6504 4229 6652 moins
