4266 7651
1131 763 3549 938 O LAieEtlEsavEnures
1127 932 3983 1106 gagea à précipiter ainſi les choſes, c'eſt que
1120 1094 3972 1273 l'on attendoit de jour en jour le Colonel
1120 1256 3994 1437 Maloney en Irlande. J'apréhendois que Miſſ
1123 1414 3972 1599 Jenny ne put pas réſiſter aux violences de
1127 1583 3972 1764 ſon pere pour la faire conſentir à ce ma-
1120 1744 3979 1916 riage: d'ailleurs il lui étoit plus aiſé de s'é-
1120 1910 3976 2091 chaper à preſent, parce que ſon pere n'ayant
1113 2079 3975 2254 point encore découvert qu'elle eût plus d'a-
1109 2242 3969 2412 mitié pour moi que pour un autre, lui laiſ-
1109 2399 3972 2578 ſoit toujours la liberté d'aller & de venir
1112 2564 3972 2740 dans la maiſon & les jardins. Car, pour
1109 2733 3972 2904 ne point expoſer cette aimable fille à la
1109 2887 3972 3063 brutalité de ſon pere, j'avois prié Sir Tho-
1105 3057 3972 3231 mas de ne point parler de l'inclination qu'el-
1101 3218 3961 3394 le avoit pour moi; ainſi la démarche que
1098 3376 4001 3553 j'avois faite ne lui paroiſſoit qu'une ſimple
1098 3545 3957 3711 propoſition, ſans autre motif que l'eſpéran-
1098 3711 2862 3884 ce de trouver un bon parti.
1267 3872 3953 4042 Nous convînmes que je me trouverois
1094 4038 3957 4206 au lieu indiqué avec deux-ou trois amis
1094 4196 3953 4370 de confiance, & une échelle de corde pour
1087 4365 3964 4531 monter par-deſſus la muraille. Nous devions
1087 4526 4229 4690 enſuite aller à Dublin pour y être mariés,
1035 4681 3942 4842 & attendre pour notre réconciliation avec
1076 4839 3953 5001 ſon pere, ce que le tems pourroit opérer en
1076 5007 2099 5165 notre faveur.
1248 5151 4233 5340 Le ſecond jour après cet arrangement
1072 5320 4233 5509 projetté, j'engageai dans mon parti trois
1068 5478 4006 5659 jeunes gens du voiſinage; & nous étant
1068 5647 3947 5824 pourvus de chevaux & d'armes à feu,
1072 5816 3998 5992 nous partîmes pour cette expédition. La
1072 5974 3935 6154 nuit étoit ſombre; ma Maîtreſſe m'atten-
1072 6132 3987 6311 doit déjà à ſon poſte; je la fis monter ſur
1065 6302 4001 6478 le mur & je la mis à cheval. Déjà mes amis
