4266 7702
1138 748 3869 966 La viEetTLLESvVEnTures
1138 949 4062 1132 dinaire, à deſſein de nous faire peine.
1130 1119 4065 1283 Après la naiſſance de mon fils, je réſolus
1138 1279 4058 1461 de faire rendre juſtice à ma femme dans
1138 1450 4025 1624 une affaire dont je n'avois point parlé juſ-
934 1613 4021 1790 qu'alors. Un frere de ma mere avoit nom-
1138 1780 4062 1948 mé Maloney pour ſon héritier quelques
1142 1948 4062 2122 années auparavant; & entr'autres choſes,
1134 2110 4025 2287 il lui avoit laiſſé ooo liv. ſterl. pour ſa
834 2273 4058 2452 fille. J'envoyai lui demander cette ſomme;
875 2443 4025 2612 mais je m'étois bien attendu, qu'il refuſe-
1131 2607 4025 2778 roit abſolument de la payer. Il dit à la per-
1130 2771 4058 2949 ſonne que j'avois chargée de lui faire cette
1134 2934 4054 3110 demande, que nous étions des coquins,
1134 3101 4054 3276 qu'il avoit plus d'argent que moi pour plai-
1134 3264 4058 3440 der; & qu'il aimoit mieux dépenſer juſ-
1116 3423 4244 3614 qu'au dernier sheling que de nous en donner
1130 3598 4062 3774 un ſol. Sur cette réponſe je formai mon
1130 3757 4062 3936 action contre lui, & l'affaire alloit ſon
1130 3927 4054 4103 train, lorſque ſous différens prétextes il la
1127 4087 4054 4259 fit évoquer à une autre Juriſdiction. Enfin-
1119 4251 4047 4433 j'obtins contre lui des Lettres de Chancel-
1123 4414 4047 4591 lerie; & après avoir dépenſé de part &
834 4581 4047 4753 d'autre près de 2ooo liv. ſterl. je me vis
1123 4740 4051 4913 aſſuré d'un Jugement favorable, après
1123 4900 4050 5075 avoir fait connoître au Lord Chancelier
1123 5056 4043 5238 l'indignité des procédés de Maloney. Ce
1127 5226 4047 5405 fut alors que ce démon (car je ne ſçaurois
923 5397 4043 5570 lui donner un nom plus doux) nous fit
1127 5568 4032 5738 propoſer un accommodement, & nous en-
1131 5724 4036 5902 voya pour cela des gens qui nous aſſuré-
1130 5898 4032 6070 rent qu'il avoit beaucoup de regret de nos
1134 6061 4017 6234 différends; qu'il deſiroit ſincérement d'ar-
1131 6228 4025 6402 ranger nos affaires, & qu'il falloit fixer un
1127 6388 4025 6559 jour pour aller dîner chez lui, & ſceller
3692 6589 4103 6686 notre
