4266 7702
823 2 2835 117 T
3825 6 4215 95 e.
1101 656 3531 847 Lvieetles vvetures
1108 830 4021 1014 fant, j'aurois certainement fait quelque
1116 1001 4002 1178 coup de déſeſpoir; mais la raiſon vint à
1112 1168 4010 1346 mon ſecours, & modéra ma violence. Je
1108 1331 3999 1505 réſolus cependant de quitter un pays qui
1116 1498 4214 1676 avoit été pour moi le théâtre de tant de
1112 1665 4006 1836 malheurs; & après avoir arrangé mes at-
1116 1824 4010 2001 faires, qui étoient alors plus embarraſſées
1116 1995 4010 2169 que jamais, par la ſucceſſion du monſtre
1116 2161 4006 2334 qui m'avoit privé avec tant de barbarie de
1116 2325 4010 2496 ce que j'avois de plus cher, je chargeai
1116 2485 4006 2660 Sir Thomas d'accepter la tutelle de mon
1116 2648 4010 2829 fils; & lui donnant les inſtructions néceſ-
1116 2815 4006 2991 ſaires pour ſon éducation, je pris avec moi
1116 2982 4017 3158 une ſomme de 2ooo liv. ſterl. & je quittai
1116 3145 4006 3318 l'Irlande, réſolu d'aller finir mes jours dans
1119 3312 4028 3486 quelque climat éloigné. Le hazard m'adreſſa
1119 3475 4010 3639 à Londres chez un ami, qui me propoſa
1116 3639 4010 3810 un Voyage aux Indes Orientales. J'y con-
1116 3802 4017 3975 ſentis, & j'arrivai ici environ ſix mois avant
1119 3965 4013 4135 vous. J'ai apris par des lettres qui me ſont
1120 4132 4028 4302 arrivées nouvellement d'Irlande, que mon
1116 4294 4032 4469 fils ſe porte bien; on me preſſe ſi fortement
1119 4455 4017 4630 d'y retourner, que je crois qu'il faut en-
1123 4625 4043 4793 core prendre ce parti. Je n'ai trafiqué dans
1123 4778 4043 4951 ce pays-ci que pour m'occuper, & point
1123 4933 4039 5097 du tout dans le deſir d'y amaſſer des ri-
803 5113 4017 5286 cheſſes. Maintenant que vous avez enten-
800 5275 4050 5452 du ma déplorable Hiſtoire, vous ne devez
1123 5430 4021 5616 plus être ſurpris de ma triſteſſe, & de ce
1130 5610 4021 5776 que je ne penſe à rien qu'à la mort qui
1134 5768 4028 5939 viendra bientôt, du moins je l'eſpére, finir
1135 5936 3102 6097 mes malheurs & mes peines.
