4266 7642
622 747 3189 931 De JosePh THOMPson.
787 1384 2675 1520 HAPITREL.
299 1714 3159 1883 Il reçoit la permiſſion de retourner en An-
468 1879 3151 2051 gleterre. Réflexions ſur le Gouvernement.
299 2041 3162 2206 M. Saris ſe trouve auſſi en liberté de
450 2210 3185 2371 partir. Ils envoient Truman avant eux
472 2370 3144 2541 avec la plus grande partie de leurs effets.
468 2532 3148 2706 Ils prennent congé de leurs amis. Arri-
468 2699 3148 2863 vent à Batavia. S'embarquent pour l'Eu-
475 2862 3210 3023 rope dans un Vaiſſeau Hollandois de la
483 3023 3199 3192 Compagnie des Indes Orientales, & re-
472 3184 2931 3353 lchent au Cap de Bonne-Eſpérance.
329 3536 3217 3712 L ſe paſſa plus d'un an juſqu'à ce que
329 3698 3196 3877 je reçus des nouvelles de M. Goodwill
94 3859 3221 4039 & de mes autres amis; je rendis graces à
332 4020 3195 4201 Dieu de ce qu'il ne m'étoit arrivé aucun
310 4195 3221 4358 accident pendant tout ce tems - là. M,
340 4346 3221 4518 Goodwill m'envoya l'ordre que je lui avois
318 4507 3170 4683 demandé. Son oncle l'avoit obtenu à ſa
336 4675 3170 4847 ſollicitation, & il étoit daté du tems que
332 4834 3232 5007 la lettre avoit été écrite. Il contenoit un
299 4999 3232 5173 congé de quitter le Pays & mon Comptoir
329 5153 3225 5340 ſix mois après que j'aurois reçu cet ordre.
332 5321 3181 5483 J'allai trouver le Gouverneur, & lui mon-
332 5494 3232 5673 trai ce congé. Il me reçut de la façon
340 5651 3221 5832 du monde la plus polie; je n'en fus pas ſur-
310 5823 3170 5994 pris, car depuis l'inſtant de mon arrivée,
307 5985 3228 6159 il avoit toujours eu beaucoup d'égards pour
343 6150 3196 6320 moi, & j'avois tâché de les mériter par
321 6307 3210 6469 la déférence & les attentions que l'on doit
