4266 7754
1991 7 3513 115 .
661 721 3173 932 B Josepn Thompson.i
10 903 3165 1093 réciproques, ſi les uns ou les autres vio-
265 1084 3457 1264 lent le contrat fait par le Ciel, ce contrat
268 1256 3191 1429 devient nul; & il faut, pour y remédier,
48 1425 3173 1605 embraſſer les moyens les plus convenables,
14 1590 3173 1764 pourvu qu'ils n'attaquent point les Loix gé-
265 1754 3192 1929 nérales de la Nature, ni les régles & la
268 1919 3233 2098 conduite de la Providence. C'eſt aſſez que
10 2087 3195 2262 les biens & la perſonne des particuliers
51 2252 3165 2428 ſoient en ſûreté; on doit laiſſer aux gens
261 2420 3165 2595 en place les mouvemens & les reſſorts ſe-
18 2585 3162 2763 crets du Gouvernement. Croyons toujours
261 2754 3162 2930 qu'ils ont des raiſons pour agir comme ils
265 2915 3158 3095 font; & n'allons pas par des examens inu-
257 3083 3158 3258 tiles pénétrer dans les actions des Supérieurs:
14 3248 3165 3425 ne riſquons point de bleſſer nos ames par
261 3416 3180 3599 des jugemens quele mécontentement & la
89 3581 3158 3776 mauvaiſe humeur produiſent. Tout Gou-
18 3749 3158 3925 verneur, ſans doûte, eſt obligé de con-
253 3917 3158 4099 ſulter le bien de ceux qu'il gouverne, &
257 4082 3150 4257 il n'y a point d'obligation pour ceux-ci de
257 4243 3154 4425 ſe ſoumettre à l'opreſſion & aux injuſtices
250 4415 3218 4587 produites par une mauvaiſe adminiſtration;
250 4576 3210 4755 mais il ne faut point groſſir nos maux &
18 4748 3326 4918 augmenter nos chagrins, en les enviſageant
17 4912 3143 5075 à travers un milieu faux & trompeur. Nous
246 5070 3143 5243 ſommes heureux ici; George regne ſur les
21 5239 3139 5408 cœurs, comme ſur les perfonnes de ſes ſu-
235 5396 3147 5572 jets, avec douceur & bonté. Nomme-t-il
246 5561 3165 5753 des Miniſtres? il les croit capables de rem-
242 5740 3143 5913 plir ſa confiance, & de le diriger quand il
246 5905 3158 6088 eſt queſtion du bonheur de ſon Peuple. Sem-
242 6070 3180 6246 blables aux petits ruiſſeaux qui coulent de
48 6230 3222 6423 leur ſource, tous nos Magiſtrats ont auſſi la-
21 6403 3229 6616 leur; tâchons de cachet leurs fautes, plu-
