4266 7611
1143 793 3512 993 LaveÉtLesaventures
1143 983 4229 1161 tôt que de les divulguer, ſi elles n'ont pas
1143 1147 4229 1323 d'autres mauvaiſes ſuites que celles qui en
1143 1314 3960 1479 réſultent naturellement. Chaque départe-
1147 1478 3989 1642 ment ne ſçauroit avoir un Hallifax ou un
1143 1635 4182 1810 Montague. O Montague! que nous venons
1147 1799 4000 1959 de perdre, & dont nous avons été privés
1147 1961 4008 2126 trop tôt pour le bonheur du Monde! tant
1146 2127 3967 2295 que la vertu ſera reſpectée du genre hu-
1143 2290 4011 2444 main, tant que le mérite ſera eſtimé des
1147 2451 3967 2619 gens de bien, tant que le Commerce fleu-
1143 2611 3989 2779 rira dans cette Iſle, tant que la franchiſe &
1147 2775 4007 2943 la bonté de cœur pourra contribuer au ſou-
1147 2936 4011 3105 lagement des malheureux, tous ceux qui
1150 3100 4211 3265 ont entendu parler de toi & de ton ca-
1150 3260 4211 3420 ractere, pleureront ta perte. Tu illuſtrois
1150 3424 4207 3594 ton rang; ta naiſſance & tes hauts emplois
1154 3588 4204 3758 n'ont ſervi qu'à faire briller de plus en plus
1154 3748 4204 3920 la nobleſſe de ton ame. Il me ſemble te
1158 3909 4200 4080 voir avec cette humanité qui t'apartenoit ſi
1154 4069 3967 4215 bien, écouter avec attention le récit de
1074 4233 4018 4404 quelques malheurs, & nous tendre une
1154 4397 4022 4560 main toujours prête à réparer nos maux.
1158 4550 3974 4721 Qu'on me pardonne une digreſſion à la-
1158 4710 4018 4883 quelle le ſouvenir d'un des plus grands Hom-
1158 4874 3351 5049 mes m'a entraîné malgré moi.
1332 5027 4025 5210 J'avois quelques inquiétudes à l'occaſion
972 5198 4029 5373 du pauvre Saris; je ne ſçavois s'il avoit pris
1168 5355 3971 5532 des précautions vis-à-vis de la Compagnie,
1172 5525 3985 5700 & s'il pourroit auſſi quitter le Fort S. George
1176 5690 3971 5858 en même tems que moi, comme je le dé-
1165 5854 3974 6020 ſirois: mais lorſque je lui communiquai ma
1168 6016 3992 6184 penſée, il me dit qu'il avoit la liberté de
1129 6178 4164 6346 partir quand il voudroit; qu'il en avoit ob-
1172 6339 4000 6510 tenu la permiſſion de même que moi par le
