4266 6032
1301 891 2814 1058 SèCONDE SUITE
1958 1267 2176 1353 DE
945 1529 3269 1720 LAVENTURIER FRANÇOIS.
1105 1912 3300 2153 UATRIEME PARTIE.
1380 2405 3039 2544 LIVRE PREMIER.
971 2629 3282 2890 Mes chers amis, je ne ſuis pas mort.
971 2868 3280 3040 Voilà déjà deux fois que je l'ai échappé
967 3029 3043 3227 belle; mais enfin, je reſpire;
1036 3236 3156 3462 Et l'avare Achéron vient de lâcher ſa proie.
1039 3494 3275 3662 J'étois tombé dans l'anéantiſſement.
964 3652 3282 3821 Combien ce triſte état a-t-il duré? Qu'eſt-
965 3808 3287 3978 ce qui s'eſt paſſé pendant ce temps-là?
965 3971 3284 4138 Je l'ignore. J'ai appris que mon pere,
965 4130 3346 4448 ne p do e e ueu oeende
883 4441 3330 4605 pere! Il m'a trouvé mort. Il a été obligé
959 4598 3285 4766 de partit, ſans avoir la douceur de ſa-
960 4753 3294 4940 voir que je reſſuſciterois. Je n'ai point
2671 4914 3253 5055 A a
