4266 6032
936 234 3167 450 les bras d'un ami. On nous a pris
935 393 3272 615 pour morts, ſans doute, vous &
934 556 3139 754 moi. On nous à mis ſur cette table,
934 715 3229 924 pour nous enſevelir dans la matinée;
934 871 3236 1065 mais nous y mettrons bon ordre.
934 1030 3279 1224 Rendons grace au Ciel; nous ne
934 1185 3160 1383 pouvions nous éveiller plus à pro-
934 1334 3165 1550 pos.- Qu'entends-je reprit la morte
934 1487 3160 1684 rendue à la vie? Eſt - ce vous, mon
934 1660 3201 1841 cher Chevalier?“ Alors, je reconnus
934 1810 3167 1999 la perſonne. „Eſt-ce vous, lui répon-
934 1965 3285 2152 dis-je, ma chere Artémiſe? Comment
934 2118 3292 2304 vous trouvez - vous ici? Vous étiez
934 2269 3289 2456 donc auſſi tombée en léthargie? --
935 2431 3296 2614 Hélas! reprit-elle, ſans doute il ya de
934 2584 3179 2769 “a ſympathie entre nous deux. Quand
934 2739 3181 2922 evous ai vu rendre ce que je croyois
938 2893 3289 3076 le demier ſoupir, j'ai été ſi ſaiſie,
941 3051 3184 3235 que je ſuis tombée évanouie. On m'a
934 3198 3301 3389 “ait revenir à force de ſoins; mais la
943 3363 3191 3542 maiſon où vous veniez de mourir
943 3514 3298 3703 'a paru, dès-lors, inſuportable, &
935 3672 3284 3854 “jai voulu en ſortir. Mais, ô Dieu!
945 3822 3328 4014 comme j'ai trouvé ma mere indiſpo-
944 3990 3196 4169 lée contre moi! Un ſcélérat, un hy-
947 4152 3299 4327 pocrite, qui veut s'emparer de mon
948 4315 3299 4481 ben, m'a ravi le cœur de cette mere,
936 4458 3304 4667 avant ſi tendre. Elle s'eſt em-
947 4611 3308 4811 ée contre moi, elle m'a dit qu'elle
935 4771 3310 4975 Moit fait tout ce qu'elle avoit pu
2251 4933 2847 5108 A
