4266 6032
948 284 3359 476 “pour m'empêcher d'entrer dans ceue
950 444 3349 629 “maiſon; mais que, puiſque, ſans
950 603 3356 783 “égard pour elle, j'y étois entrée, elle
950 759 3359 939 “vouloit abſolument m'y faire reſter;
952 917 3354 1089 “que ſi je prétendois en ſortir, elle
953 1072 3359 1245 “m'abandonneroit, me renieroit pour
959 1217 3360 1395 “ſa fille, & me donneroit ſa malédic-
960 1388 3294 1569 “tion. J'ai vu que j'avois perdu le
940 1545 3346 1706 “cœur de ma mere. A la ſuite d'une
967 1703 3359 1864 “perte récente, qui m'étoit déjà ſi
972 1856 3359 2021 “ſenſible, j'en faiſois une nouvelle, à
976 2016 3359 2176 “laquelle on ne peut rien comparer.
976 2166 3359 2332 “J'ai vu d'ailleurs toute la maiſon s'ar-
976 2316 3359 2486 “mer contre moi. J'ai été renfermée
976 2477 3359 2642 “très-étroitement. Je me ſuis ſenti le
984 2634 3323 2799 “cœur ſi ſerré, que j'ai été attaquée
990 2781 3318 2952 “d'une fievre des plus violentes. J'ai
996 2943 3335 3115 “eu le tranſport. J'ai perdu la con-
1002 3094 3325 3270 “noiſſance, qui m'étoit ſi pénible.
989 3249 3354 3444 “Enfin, ſans doute on m'a priſe auſſi
996 3405 3340 3581 “pour morte, puiſque me voilà dans
1005 3554 3339 3736 “ce cruel état. Je reconnois très-bien
1015 3713 3353 3889 “que nous ſommes dans la chambre
1017 3870 3344 4051 “où l'on enſevelit les morts. On n'aura
959 4011 3359 4207 “pas eu le temps, hier au ſoir, de
1022 4174 3359 4359 “nous coudre dans le funeſte lin-
1027 4334 3359 4520 “ceul, on aréſervé ce triſté office pour
1031 4493 3359 4675 “ce matin Ah! que le réveil nous
1017 4641 3359 4838 “eſt venu à propos! Que je le beni
1038 4787 3359 5020 “ce réveil, puiſqu'il me rend le morte
