4266 6032
976 274 3370 450 répandus autour de nous. Nous vîmes
971 435 3377 605 très-clairement que nous étions en effet
977 591 3385 747 dans la chambre où l'on enfevelit les
981 747 3351 907 morts. Il s'en trouvoit pluſieurs, autour
984 902 3315 1075 de nous, qu'on avoit déjà enveloppés
984 1058 3306 1219 dans le drap mortuaire; deux ou trois
977 1219 3310 1383 autres étoient encore nus; entre autres
976 1371 3310 1536 un Negre qui, dans ce triſte état, avoit
979 1524 3308 1688 la figure du Diable, & fit pouſſer un cri
981 1679 3310 1843 à la timide Artémiſe. Je craignis que ce
986 1837 3313 1996 cri fatal ne nous attirât la viſite ſoudaine
988 1990 3315 2152 de quelque ſurveillant. Il ne vint heu-
981 2145 3304 2307 reuſement perſonne: mais le chant du
988 2304 3318 2461 coq nous annonçoit que nous ne tarde-
977 2460 3306 2632 rions pas à voir paroître quelqu'un; &
988 2613 3260 2771 c'eſt ce qu'il étoit à propos d'éviter.
1024 2768 3332 2927 Il falloit ſortir de ce triſte aſile; mais
988 2921 3320 3083 le pouvions nous étant nus? Nous
984 3079 3313 3240 eûmes beau regarder autour de nous,
983 3233 3315 3404 nous n'apperçûmes que le triſte uni-
981 3383 3315 3548 forme des morts, que des linceuls fu-
983 3543 3316 3721 néraires, qui ne pouvoient former,
981 3693 3320 3865 pour des vivans, un habillement dé-
983 3848 3315 4016 cent; car enfin, ſi nous paroiſſions
977 4006 3330 4173 ſous ce bizarre accoutrement, il eſt cer-
979 4160 3323 4327 in que nous devions être remarqués
988 4324 3327 4485 & arrêtés. Il nous falloit un vêtement
984 4475 3359 4641 quit pût au contraire nous dérober aux
979 4635 2876 4816 régards les plus clairvoyans.
879 4756 3334 4991 Nayant rien autre choſe, nous nous
1328 4965 1556 5042 C
