4266 6032
924 291 3264 471 ſervîmes de ce que nous avions. Nous
924 453 3261 613 entortillâmes les draps les plus fins au-
924 611 3268 782 tour de notre corps & de tous nos
924 768 3250 934 membres; il ne nous reſta de nus que
943 922 3253 1095 les pieds, les mains, & la tête; ce qui
940 1074 3251 1246 nous donnoit une figure aſſez plaiſante.
971 1234 3253 1397 Nous prîmes chacun un ſecond drap
977 1388 3246 1552 ſur nous, pour nous ſervir de draperie
977 1543 3258 1708 ou de manteau. D'autres linceuls fu-
976 1696 3280 1867 rent employés à nous faciliter notre deſ-
981 1856 3272 2020 cente par la fenêtre; car, étant enfermés
978 2009 3284 2173 ſous la clef, nous ne pouvions ſortir
960 2166 3308 2330 que par cette voie. Artémiſe auroit eu
983 2321 3285 2486 bien de la peine à en venir à bout ſans
983 2479 3287 2639 mon ſecours. Nous attachâmes nos draps
986 2631 3292 2796 à la fenêtre, qui heureuſement n'étoit
990 2788 3280 2950 pas bien haute. Je me gliſſai le premier
990 2945 3284 3107 en dehors, & quand je fus deſcendu
986 3100 3296 3261 ſeulement d'une braſſe, je dis à la chere
990 3249 3299 3421 Atémiſe d'appuyer ſes deux pieds ſur
991 3409 3291 3573 mes épaules, & de bien empoigner le
993 3564 3335 3729 drap; ce qu'elle fu aſſez adroitement.
993 3715 3339 3887 Dans cet état, je me gliſſai le long du
990 3874 3301 4023 linceul, en ſoutenant mon doux far-
991 4030 3304 4194 deau. Quand nous fumes en bas, nous
995 4185 3303 4359 nous trouvâmes dans un jardin. Heu-
993 4346 3315 4517 reuſement il n'y avoit point de chien
996 4498 3316 4676 qui pût réveiller le monde par ſes
924 4653 3321 4823 aboyenens; mais en récompenſe nous
960 4811 3339 5007 mes un mur aſſez élevé, qu'il falloit
2680 4972 3017 5096 A
