4266 6032
962 315 3316 482 eſcalader, pour ſortir entierement de
959 474 3315 647 priſon. Je vins à bout de grimper juſ-
965 630 3304 791 qu'au haut. Là, j'attachai le bout de
967 790 3306 958 mon drap à une barre électrique plan-
965 941 3318 1082 tée ſur le ſommet. Je redeſcendis enſuite
967 1096 3303 1414 ut mes éparer, a feue la auraen d
974 1413 3303 1571 m'élever le long du drap, en ſoulevant
977 1566 3322 1727 cette chere perſonne. Parvenus en haut,
976 1720 3325 1848 il nous fut aiſé de deſcendre du côté
986 1882 3306 2041 de la rue, par le même procédé que
981 2033 3328 2193 nous avions employé pour deſcendre
988 2192 3310 2350 de la fenêtre, & nous nous trouvâmes
986 2346 3311 2522 ainſi en liberté: mais pour combien de
986 2502 3315 2666 temps? Nous trembhrons à tous mo-
986 2658 3311 2817 mens d'être arrêtés; & quand nous
986 2812 3318 2978 appercevions de loin quelqu'un, nous
988 2970 2575 3132 enfilions un autre chemin.
1072 3124 3327 3288 Cépendant nous rencontrâmes la pa-
990 3275 3323 3437 trouille au détour d'une rue; & nous
991 3426 3316 3600 en étions ſi près, qu'en paroiſſant fuir,
984 3585 3337 3755 nous aurions excité à nous pourſuivre.
984 3745 3328 3914 Nous paſſâmes doncfierement de l'autre
988 3906 3328 4065 côté de la rue. A notre grand étonne-
986 4051 3334 4214 ment, les Soldats ne nous dirent rien;
981 4204 3335 4376 ſeulement, nous crûmes en voir quel-
938 4361 3342 4539 ques-uns ſourire. Cette heureuſe cir-
985 4510 3346 4713 conſtance nous rendit plus hardis; &
993 4675 3356 4851 quand nous rencontrions quelques
988 4822 3358 5046 ourgeois, nous paſſions avec dignité
