4266 6032
931 173 3280 348 en les regardant. Ils nous appeloient
946 334 3275 512 Signore maſchere (Meſdames Maſques),
947 493 3273 663 comme on diroit en France, Beaux
950 640 3287 818 Maſques, & ils ſourioient. Cela me fit
958 802 3303 969 conjecturer que nous étions en carna-
957 950 3299 1118 val; & quoique j'ignoraſſe parfaite-
964 1108 3311 1273 ment, depuis l'époque de mon malheu-
965 1264 3311 1428 reux combat, en quel temps je vivois,
970 1418 3292 1593 je reconnus, par un cacul fort aiſé, que
972 1573 3316 1743 nous devions être au Mardi Gras; ce qui
957 1734 3151 1893 étoit réel & fort heureux pour nous.
1010 1877 3327 2047 Chacunrevenoit paiſiblement du bal, &
981 2037 3328 2204 'en retournoit chez ſoi. Nousrevenions
983 2185 3311 2352 d'une autre fête; & quoique les paſ-
983 2346 3332 2517 ſans ne nous gênaſſent pas beaucoup,
989 2501 3339 2664 nous entrâmes dans une petite rue écar-
993 2654 3341 2828 tée, pour en éviter l'affluence. Nous
996 2811 3339 2979 vîmes qu'on avoit attaché une malheu-
995 2960 3335 3129 reuſe éclanche à la chaîne d'une ſon-
1005 3120 3344 3291 nette. Un gros chien, en ſautant, mor-
1005 3270 3349 3444 ſilloit cette proie, & faiſoit ſonner la
936 3425 3349 3601 clochette. Le portier venoit, ouvroit la
1007 3581 3351 3755 porte; le chien, à ſon approche, s'écar-
1010 3741 3358 3912 toit, & le contemploit flegmatiquement
1006 3889 3359 4067 à une reſpectueuſe diſtance. Le portier
1007 4061 3359 4223 regardoit de tous côtés, ne voyoit per-
1010 4193 3363 4378 ſonne, juroit contre les poliſſons, & ſe
1012 4358 3371 4534 retiroit en fermant ſa porte. Un mo-
1010 4513 3373 4699 mentaprès qu'il étoit parti, le chien re-
907 4663 3375 4859 commençoit ſon jeu ſonnant; le portier
