4266 6032
964 382 3378 554 cet état, il n'étoit pas, ce me ſemble,
960 536 3334 701 fort aiſé de danſer. On nous tiroit les
892 695 3361 865 mains, & l'on nous faiſoit tourner mal-
957 850 3371 1022 gré nous. Les linceuls ſe dérouloient
922 1005 3373 1181 néceſſairement dans un pareil exercice;
955 1167 3374 1330 nous nous trouvions inſenſiblement dé-
957 1321 3380 1642 embles mee oan e e nſioee
955 1633 3383 1799 Des malheureux aiderent le déroule-
957 1789 3373 1958 ment, nous débarraſſerent trop parfai-
926 1949 3375 2112 tement de notre enveloppe; & l'on ſent
967 2104 3378 2265 dans quel état ils nous mirent. „Oh! la
959 2259 3365 2421 “plaiſante maſcarade, s'écrioient les
960 2413 3368 2577 “hommes déguiſés, toujours en écla-
964 2570 3363 2733 “tant de rire.“ Il paroît que ces jeunes
960 2726 3370 2909 gens croyoient de bonne foi que nous
964 2880 3346 3043 etions venus là, par un bénéfice du car-
960 3033 3370 3202 naval, ſous ce ſingulier déguiſement,
959 3191 3375 3512 iiurerouo a a otion le la
957 3500 3371 3666 pudique Artémiſe, de ſe voir en cet
964 3657 3371 3819 état devant une aſſemblée oùil y avoit
904 3806 3340 3977 des hommes. Jamais un Praxitele ne
960 3965 3384 4132 pourra repréſenter la pudeur virginale
964 4119 3383 4291 avec des traits ſi caractériſtiques & ſi
965 4278 3361 4447 naifs, que ceux qu'offroit en cet inftant
965 4424 3391 4599 ma compagne. Tout le monde immo-
967 4587 3390 4757 bile, frappé d'une ſurpriſe muette, pa-
967 4728 3390 4913 roiſſoit la contemplen avec enchante-
974 4895 3391 5077 ment. Il ſembloit que l'impreffion de
