<?xml version="1.0" encoding="UTF-8" standalone="no"?><PcGts xmlns="http://schema.primaresearch.org/PAGE/gts/pagecontent/2017-07-15" xmlns:xsi="http://www.w3.org/2001/XMLSchema-instance" xsi:schemaLocation="http://schema.primaresearch.org/PAGE/gts/pagecontent/2017-07-15 http://schema.primaresearch.org/PAGE/gts/pagecontent/2017-07-15/pagecontent.xsd"><Metadata><Creator/><Created>2020-10-14T10:35:38</Created><LastChange>1970-01-01T00:00:00</LastChange><Comments/></Metadata><Page imageFilename="0021.png" imageHeight="6032" imageWidth="4266"><TextRegion id="r1" orientation="-0.125" type="paragraph"><Coords points="1,1 4264,1 4264,6030 1,6030"/><TextLine id="l1"><Coords points="2104,489 2104,488 2104,448 2103,448 1799,447 1798,448 1783,448 1781,446 1777,446 1777,446 1777,445 1776,444 1775,444 1774,443 1771,443 1769,441 1707,441 1707,442 1707,482 1706,482 1705,482 1705,483 1705,484 1704,484 1703,484 1703,485 1703,486 1702,486 1561,486 1561,485 1561,484 1560,484 1353,483 1352,484 1339,484 1339,484 1339,444 1338,443 1160,443 1160,443 1160,447 1159,448 1151,448 1151,447 1151,446 1149,444 1149,443 1148,443 977,442 976,443 968,443 965,440 965,438 964,437 964,423 965,422 965,377 965,376 966,376 967,376 967,373 967,372 973,372 974,373 974,374 974,374 1047,375 1048,374 1048,341 1048,341 1054,341 1055,341 1055,374 1055,375 1121,375 1122,374 1122,372 1122,372 1123,372 1124,371 1124,370 1124,370 1212,370 1213,369 1220,369 1222,367 1317,367 1318,368 1318,369 1318,369 1477,370 1478,369 1478,340 1484,334 1539,334 1540,333 1599,333 1600,332 1600,331 1600,331 1601,331 1602,330 1602,329 1602,329 1737,329 1738,329 1738,317 1738,316 1740,316 1741,317 1742,317 1743,318 1743,329 1746,332 1746,334 1746,334 1748,334 1750,336 1750,339 1751,340 1751,344 1753,346 1753,367 1753,367 1876,367 1877,368 1877,369 1877,369 2291,370 2293,372 2470,373 2473,370 2630,370 2632,372 2670,372 2671,372 2671,322 2671,321 2674,321 2675,322 2675,329 2675,329 2693,329 2694,330 2694,331 2696,333 2696,336 2697,337 2697,395 2697,395 2887,396 2888,395 2888,377 2888,377 2911,377 2912,376 2912,371 2914,369 2914,365 2914,365 2915,365 2916,364 2916,362 2929,349 2929,347 2931,345 2935,345 2936,344 2936,342 2939,339 2947,339 2948,338 2961,338 2962,337 2962,336 2962,336 2963,336 2964,335 2964,334 2964,334 3020,334 3022,332 3022,331 3022,331 3028,331 3029,330 3029,321 3029,321 3044,321 3045,321 3045,373 3045,374 3245,374 3246,374 3246,349 3248,347 3248,346 3248,345 3255,345 3256,345 3256,344 3256,343 3267,343 3269,345 3272,345 3273,346 3273,349 3275,351 3275,381 3275,381 3299,382 3301,383 3301,385 3301,386 3319,386 3320,386 3320,388 3320,389 3332,389 3334,390 3334,397 3337,401 3339,401 3340,401 3340,407 3339,408 3339,409 3338,410 3337,410 3337,410 3337,411 3336,412 3335,412 3335,412 3335,416 3332,419 3332,450 3328,454 3328,455 3327,456 3327,457 3326,458 3322,458 3320,460 3318,460 3318,460 3318,461 3317,462 3300,462 3298,460 3296,460 3295,459 3253,458 3253,458 3253,457 3252,456 3230,456 3227,453 2978,453 2978,453 2978,481 2977,482 2976,482 2976,482 2976,483 2975,484 2961,484 2960,482 2960,450 2959,450 2958,450 2956,448 2943,448 2943,447 2943,446 2942,446 2940,446 2937,443 2933,443 2933,442 2933,441 2932,441 2931,441 2931,440 2931,439 2930,439 2929,439 2929,438 2929,437 2928,437 2927,436 2926,436 2926,435 2926,433 2924,432 2923,432 2922,431 2921,431 2921,430 2921,428 2919,427 2742,426 2742,427 2742,443 2741,443 2740,443 2740,444 2740,446 2737,448 2618,448 2618,448 2618,447 2617,446 2611,446 2611,446 2611,445 2610,444 2608,444 2607,443 2520,443 2520,443 2520,485 2519,486 2517,486 2517,485 2517,443 2516,443 2427,443 2427,443 2427,449 2426,450 2426,455 2423,458 2422,458 2422,458 2422,459 2421,460 2417,460 2417,460 2417,462 2415,464 2415,467 2413,469 2397,469 2396,467 2396,452 2395,452 2343,451 2342,450 2338,450 2338,450 2338,449 2337,448 2144,448 2144,449 2144,485 2142,487 2142,489 2141,489"/><TextEquiv><Unicode/></TextEquiv><TextEquiv index="1"><Unicode>“vans, je m'en empare, moi. -- Grande</Unicode></TextEquiv></TextLine><TextLine id="l2"><Coords points="1249,642 1248,642 1248,602 1248,601 1219,601 1218,601 1218,600 1218,599 1164,599 1163,598 1152,598 1151,597 1150,597 1149,596 1146,596 1141,591 1141,589 1141,589 1140,589 1139,588 1139,587 1139,587 1135,587 1132,584 1132,582 1131,581 1021,581 1020,582 1018,582 1017,582 1017,586 1017,587 1013,587 1012,587 1012,588 1012,589 1010,589 1005,593 1005,595 1005,596 1004,596 1002,598 976,597 975,598 969,598 967,596 965,596 964,596 964,594 962,592 962,583 963,582 964,582 964,582 964,581 965,580 965,529 967,527 976,527 977,528 1007,529 1008,530 1013,530 1017,534 1017,536 1019,538 1019,540 1020,541 1130,541 1132,538 1132,536 1133,536 1135,536 1136,534 1136,532 1144,525 1158,525 1160,523 1202,523 1202,522 1203,489 1203,489 1205,489 1207,487 1209,487 1210,486 1210,484 1210,484 1215,484 1217,482 1306,482 1308,484 1355,484 1356,485 1356,489 1358,491 1357,494 1359,495 1471,496 1471,495 1471,494 1472,494 1558,494 1559,493 1559,487 1559,487 1560,487 1561,486 1701,486 1702,487 1701,525 1702,525 1719,525 1722,522 1724,522 1726,524 1727,524 1728,525 1734,525 1734,526 1734,527 1735,527 1848,527 1848,527 1848,526 1849,525 1915,526 1916,525 1990,525 1992,527 2164,527 2164,527 2164,526 2165,525 2262,525 2262,526 2262,527 2263,527 2267,527 2269,529 2272,529 2273,530 2391,531 2391,530 2391,526 2396,522 2425,522 2425,521 2426,494 2426,494 2428,494 2429,493 2429,489 2429,489 2448,489 2450,490 2450,493 2453,497 2453,524 2454,525 2597,525 2597,525 2597,507 2599,505 2604,505 2604,506 2604,525 2605,525 2693,525 2695,527 2785,527 2787,529 2892,530 2892,529 2892,495 2894,494 2896,494 2897,493 2897,491 2899,489 2952,489 2954,490 2954,492 2954,493 3035,493 3036,494 3042,494 3043,494 3042,497 3045,500 3045,531 3046,532 3203,532 3203,532 3203,506 3205,504 3205,497 3206,496 3207,496 3207,496 3208,495 3208,494 3220,494 3223,498 3223,499 3224,499 3276,499 3277,501 3277,542 3279,543 3280,543 3282,546 3282,553 3284,555 3284,560 3285,561 3323,561 3323,561 3323,562 3324,563 3332,563 3332,563 3332,564 3333,565 3334,565 3335,566 3338,566 3339,567 3339,572 3337,574 3337,576 3337,577 3335,577 3334,577 3334,580 3330,585 3286,585 3285,585 3285,598 3284,599 3284,603 3282,605 3282,607 3282,608 3281,608 3279,609 3279,610 3277,612 3277,613 3277,613 3252,613 3251,614 3251,644 3251,644 3249,644 3248,644 3248,609 3248,608 3180,608 3179,608 3179,607 3179,606 3173,606 3171,604 3051,604 3050,604 3050,639 3049,641 3048,641 3046,639 3046,604 3046,604 3045,604 3043,606 3042,606 3041,606 3041,607 3041,608 3031,608 3026,603 2917,603 2916,603 2916,625 2915,627 2914,627 2912,625 2912,603 2912,603 2836,603 2833,606 2827,606 2826,605 2826,604 2826,604 2620,603 2618,601 2507,601 2506,601 2506,602 2506,603 2420,603 2419,603 2419,642 2419,643 2401,643 2400,642 2400,604 2400,604 2308,603 2307,604 2307,608 2307,608 2301,608 2300,608 2300,602 2300,601 2200,601 2199,602 2199,640 2199,640 2198,640 2197,641 2193,638 2193,602 2193,601 2112,601 2110,599 2000,599 1999,599 1999,600 1999,601 1995,601 1992,604 1972,604 1971,604 1971,612 1971,613 1871,612 1870,613 1870,639 1870,639 1828,639 1827,639 1827,600 1827,599 1816,599 1815,598 1632,598 1631,599 1624,599 1623,598 1493,598 1492,598 1492,600 1492,601 1470,601 1469,601 1469,605 1467,608 1439,607 1438,608 1438,623 1437,624 1437,626 1429,634 1427,634 1425,636 1425,637 1425,637 1422,637 1421,638 1421,639 1421,639 1419,639 1417,641 1415,641 1414,642"/><TextEquiv><Unicode/></TextEquiv><TextEquiv index="1"><Unicode>“obligation que nous t'aurons là! m'é-</Unicode></TextEquiv></TextLine><TextLine id="l3"><Coords points="1440,797 1440,797 1440,796 1439,795 1437,795 1436,794 1434,794 1431,791 1431,753 1430,752 1336,752 1334,754 1325,754 1325,754 1325,753 1324,752 1171,752 1167,756 1153,756 1153,755 1153,754 1152,754 1150,754 1148,752 1143,752 1138,747 1136,747 1136,746 1136,744 1133,742 1131,742 1131,741 1131,739 1127,735 1127,733 1126,733 1125,733 1125,732 1125,730 1124,729 1124,723 1123,723 1122,723 1122,722 1122,701 1122,701 1028,701 1027,701 1027,725 1026,726 1026,730 1024,732 1024,734 1023,735 1022,735 1022,735 1022,736 1021,737 1019,737 1017,739 1015,739 1012,742 1010,742 1010,742 1010,743 1009,744 1008,744 1007,745 1007,746 1006,747 1002,747 1000,749 974,748 973,749 966,749 964,747 962,747 960,745 960,735 962,732 963,732 964,732 964,681 965,680 977,680 978,681 1043,682 1043,681 1043,654 1044,654 1046,654 1046,654 1046,692 1051,697 1127,697 1129,694 1129,690 1130,690 1132,690 1133,689 1135,689 1139,685 1143,685 1143,684 1143,682 1144,682 1146,682 1146,681 1146,680 1147,680 1217,680 1217,679 1217,661 1218,661 1247,661 1247,661 1247,646 1248,645 1248,643 1249,642 1275,642 1275,643 1275,644 1276,644 1277,644 1277,645 1277,678 1278,678 1354,678 1354,678 1354,643 1355,642 1377,642 1378,643 1457,644 1459,646 1459,650 1460,651 1461,651 1461,651 1461,679 1462,680 1523,680 1523,680 1523,681 1525,683 1527,683 1529,685 1531,685 1533,687 1533,689 1536,692 1536,694 1538,696 1538,698 1539,699 1578,699 1578,698 1578,649 1579,649 1645,649 1645,648 1645,641 1648,639 1837,639 1837,640 1837,680 1838,680 1865,680 1865,681 1865,682 1866,682 1868,682 1869,683 1871,683 1873,685 1877,685 1877,686 1877,688 1882,692 1958,693 1958,692 1958,685 1959,685 1961,685 1961,684 1961,680 1962,680 1963,680 1963,679 1963,677 1965,675 1965,654 1966,653 1966,650 1968,649 1971,649 1976,644 1978,644 1983,639 1988,639 1990,637 1995,637 1997,635 1999,635 2000,634 2008,634 2009,635 2009,637 2011,639 2015,639 2015,639 2015,643 2016,644 2016,679 2017,680 2112,680 2112,679 2112,662 2116,659 2123,659 2123,658 2123,654 2124,654 2128,654 2128,654 2128,679 2129,680 2229,680 2234,685 2276,685 2276,685 2276,673 2278,671 2303,671 2303,671 2303,646 2305,644 2308,644 2310,642 2312,642 2314,640 2321,640 2322,639 2327,639 2330,642 2419,643 2420,644 2420,663 2421,664 2459,664 2460,665 2460,674 2461,675 2536,675 2536,675 2536,679 2537,680 2632,680 2632,680 2632,678 2633,677 2646,677 2646,677 2646,664 2649,661 2651,661 2651,662 2651,664 2652,664 2712,664 2713,666 2713,668 2715,670 2715,687 2718,689 2720,689 2721,690 2797,690 2797,690 2797,688 2800,685 2827,686 2828,685 2880,685 2880,684 2880,659 2881,658 2881,656 2882,656 2883,656 2883,655 2883,654 2884,654 2885,654 2885,653 2885,649 2889,646 2939,646 2941,644 2946,644 2948,642 2960,642 2962,640 2970,640 2972,642 3048,642 3048,642 3048,643 3049,644 3051,644 3053,647 3053,649 3054,649 3057,649 3057,650 3057,658 3058,659 3058,669 3060,671 3060,687 3061,687 3179,687 3179,688 3179,689 3180,689 3181,689 3182,690 3233,690 3234,692 3234,694 3235,694 3237,694 3238,695 3261,695 3261,696 3261,698 3262,699 3265,701 3266,701 3267,702 3268,702 3268,703 3268,704 3269,704 3270,704 3270,705 3270,706 3271,706 3272,706 3272,707 3272,711 3275,714 3275,716 3276,716 3277,716 3277,717 3277,731 3277,731 3317,732 3318,732 3318,736 3318,737 3319,737 3320,737 3320,741 3322,743 3322,756 3321,757 3320,757 3320,757 3320,758 3319,759 3318,759 3318,759 3318,761 3313,766 3313,767 3312,768 3303,768 3301,765 3301,764 3300,764 3247,763 3246,762 3246,758 3245,757 3169,757 3169,758 3169,760 3167,761 3163,761 3163,762 3163,763 3162,763 3113,763 3112,764 3111,763 3097,763 3095,761 3054,761 3052,759 3012,759 3010,757 2897,757 2897,757 2897,758 2896,759 2881,759 2880,758 2797,757 2797,757 2797,753 2796,752 2720,752 2715,757 2710,757 2706,761 2694,761 2694,761 2694,760 2693,759 2646,759 2644,757 2630,757 2629,756 2482,756 2479,759 2479,760 2478,761 2476,761 2474,763 2467,763 2467,762 2467,761 2466,761 2462,761 2460,759 2458,759 2458,758 2458,757 2457,757 2357,756 2356,757 2344,757 2342,759 2335,759 2333,757 2205,757 2204,756 2173,756 2173,757 2173,798 2172,798 2154,798 2154,798 2154,757 2153,756 2144,756 2142,754 2046,754 2044,756 1973,756 1972,757 1970,757 1969,756 1958,756 1958,755 1958,754 1957,754 1956,754 1955,753 1876,752 1875,754 1875,756 1873,757 1843,757 1842,756 1684,756 1684,757 1684,766 1683,766 1681,766 1681,767 1681,768 1680,768 1676,768 1675,769 1674,769 1673,768 1671,768 1669,765 1669,754 1668,754 1645,754 1644,753 1567,753 1566,754 1564,754 1564,754 1564,755 1563,756 1464,756 1464,756 1464,777 1463,778 1463,780 1461,782 1461,787 1460,788 1458,788 1452,794 1449,794 1448,795 1447,795 1447,795 1447,796 1446,796 1445,796 1444,797"/><TextEquiv><Unicode/></TextEquiv><TextEquiv index="1"><Unicode>“criai-je. Elle ſaura bien te réſiſter“.</Unicode></TextEquiv></TextLine><TextLine id="l4"><Coords points="2817,954 2816,953 2814,953 2814,953 2814,913 2813,912 2698,912 2696,914 2694,914 2692,916 2637,916 2637,917 2637,953 2636,953 2621,953 2620,954 2615,954 2614,954 2615,917 2614,916 2555,916 2555,916 2555,919 2551,923 2551,925 2548,928 2546,928 2543,931 2541,931 2539,933 2534,933 2532,935 2528,935 2525,931 2525,914 2524,914 2351,913 2350,914 2347,914 2345,916 2226,916 2225,917 2212,917 2209,914 2209,913 2208,912 2202,912 2201,911 2102,911 2102,911 2101,952 2101,953 2085,953 2084,952 2085,912 2084,912 2060,912 2056,916 2056,915 2056,914 2055,914 2053,914 2051,912 1903,911 1902,912 1774,912 1771,909 1657,909 1657,908 1657,907 1656,907 1507,907 1507,907 1507,908 1505,910 1501,910 1499,912 1471,912 1471,912 1471,920 1470,921 1468,921 1468,920 1468,913 1467,913 1433,912 1432,911 1432,910 1431,909 1428,909 1428,909 1428,908 1427,907 1122,907 1122,907 1122,908 1121,909 1045,909 1045,909 1045,918 1044,919 1038,919 1038,918 1038,910 1037,910 997,910 996,911 994,909 992,909 990,907 988,906 987,905 986,905 986,905 986,831 985,830 964,830 964,830 964,810 965,809 965,801 967,799 967,795 968,793 970,793 971,792 986,792 987,791 1068,792 1069,792 1069,793 1069,794 1071,794 1072,795 1074,795 1076,796 1076,798 1077,799 1077,809 1079,811 1079,830 1079,831 1124,831 1126,833 1217,833 1219,835 1260,835 1261,835 1261,810 1261,809 1283,809 1284,809 1284,805 1284,804 1374,804 1375,804 1375,798 1375,797 1379,797 1380,797 1380,796 1380,795 1382,795 1384,793 1393,793 1395,795 1395,808 1397,810 1397,818 1397,818 1529,819 1530,818 1530,797 1530,797 1534,797 1535,797 1535,798 1535,799 1625,799 1628,801 1628,832 1628,833 1670,833 1671,832 1671,816 1671,816 1675,816 1676,816 1676,832 1676,833 1768,833 1769,833 1769,831 1769,830 1783,830 1784,830 1784,805 1784,804 1787,804 1788,805 1788,835 1788,835 1945,836 1946,835 1953,835 1954,836 2072,836 2073,835 2073,819 2073,819 2077,819 2078,819 2078,820 2078,821 2079,821 2080,821 2080,835 2080,836 2122,836 2123,835 2151,835 2152,835 2152,800 2153,798 2172,798 2175,801 2175,835 2175,835 2459,836 2464,831 2466,831 2467,830 2476,830 2479,832 2479,834 2479,835 2480,835 2481,835 2481,839 2481,840 2485,840 2486,840 2486,841 2486,842 2490,842 2491,842 2491,844 2493,846 2493,848 2494,849 2494,875 2494,876 2648,876 2649,876 2649,870 2649,869 2650,869 2651,869 2651,867 2653,865 2653,862 2654,861 2654,859 2658,855 2658,851 2661,848 2661,846 2661,845 2664,845 2665,845 2665,841 2665,840 2677,840 2679,838 2684,838 2685,838 2685,831 2685,830 2691,830 2692,831 2692,838 2692,838 2770,838 2771,839 2927,840 2928,839 2928,804 2930,802 2932,802 2933,801 2933,800 2933,800 2937,800 2938,799 2947,799 2948,799 2948,801 2948,802 2949,802 2950,802 2950,803 2950,804 2951,804 2952,804 2952,839 2952,840 3123,840 3124,841 3124,842 3124,842 3186,842 3188,844 3312,845 3313,845 3313,846 3313,847 3314,847 3315,847 3315,849 3318,852 3318,854 3320,856 3320,870 3319,871 3316,871 3316,871 3316,913 3315,914 3315,916 3314,917 3313,917 3313,917 3313,918 3312,919 3311,919 3311,919 3311,920 3310,921 3301,921 3300,920 3193,919 3193,920 3193,925 3191,926 3189,926 3189,926 3189,918 3188,917 3033,917 3032,916 2864,916 2864,916 2864,918 2863,919 2859,919 2859,918 2859,913 2858,913 2831,913 2831,913 2830,954 2830,955"/><TextEquiv><Unicode/></TextEquiv><TextEquiv index="1"><Unicode>Tous les autres crierent, en chorus:</Unicode></TextEquiv></TextLine><TextLine id="l5"><Coords points="2891,1113 2890,1112 2888,1112 2887,1111 2004,1109 2003,1108 2003,1090 2003,1090 1345,1088 1344,1088 1344,1087 1344,1086 1343,1086 1342,1086 1342,1084 1342,1083 1175,1083 1174,1082 1174,1064 1174,1064 1153,1064 1151,1062 1125,1062 1123,1060 1039,1060 1037,1058 1008,1058 1007,1057 1005,1057 1001,1053 999,1053 997,1051 996,1051 995,1050 994,1050 993,1049 993,1048 993,1048 992,1048 991,1047 991,1046 990,1045 990,1044 988,1041 985,1041 984,1041 984,1035 983,1034 983,1028 983,1016 984,1015 984,1010 986,1008 986,1007 989,1005 993,1005 993,1004 993,1002 996,1000 998,1000 1003,995 1006,995 1011,990 1119,990 1119,989 1119,989 962,988 960,987 960,986 962,984 1119,985 1119,984 1120,950 1120,950 1121,950 1122,949 1122,948 1122,948 1517,949 1519,947 1523,947 1525,945 1527,945 1528,944 1528,943 1528,943 1537,943 1538,943 1538,944 1538,945 2899,948 2900,948 2900,949 2900,950 2901,950 2902,950 2902,951 2902,952 2903,952 2905,953 2904,954 2905,955 2906,955 2907,956 2907,990 2908,991 3067,991 3067,992 3067,993 3068,993 3069,993 3069,994 3069,995 3070,995 3072,995 3073,996 3128,996 3130,998 3189,998 3189,999 3189,1000 3190,1000 3232,1000 3234,1003 3234,1005 3235,1005 3254,1005 3254,1006 3254,1008 3255,1008 3259,1008 3263,1013 3263,1015 3264,1015 3266,1015 3267,1017 3267,1021 3268,1022 3268,1025 3270,1027 3270,1042 3271,1042 3309,1043 3312,1046 3319,1046 3320,1047 3320,1062 3318,1064 3318,1066 3318,1067 3317,1067 3316,1067 3316,1069 3315,1070 3315,1071 3315,1072 3311,1072 3307,1076 3042,1075 3041,1075 3041,1110 3041,1111 2923,1111 2921,1113"/><TextEquiv><Unicode/></TextEquiv><TextEquiv index="1"><Unicode>„Nous ſaurons bien la lui diſputer“.</Unicode></TextEquiv></TextLine><TextLine id="l6"><Coords points="2259,1263 2259,1263 2259,1223 2258,1222 2094,1222 2094,1222 2094,1236 2093,1237 2087,1237 2085,1234 2085,1223 2084,1223 1810,1222 1808,1224 1797,1224 1795,1222 1731,1222 1731,1222 1731,1221 1730,1220 1600,1220 1600,1220 1600,1221 1599,1222 1592,1222 1590,1220 1560,1220 1560,1220 1560,1258 1558,1260 1544,1260 1544,1259 1544,1220 1543,1220 1525,1220 1523,1218 1519,1218 1518,1217 1515,1217 1514,1216 1406,1215 1404,1217 1402,1217 1401,1218 1399,1218 1399,1219 1399,1220 1398,1220 1396,1220 1394,1222 1340,1222 1339,1224 1339,1232 1338,1232 1332,1232 1332,1232 1332,1228 1331,1227 1330,1227 1330,1227 1330,1225 1327,1222 1325,1222 1325,1222 1325,1221 1324,1220 1323,1220 1323,1220 1323,1219 1322,1218 1213,1218 1213,1218 1213,1231 1212,1232 1206,1232 1206,1231 1206,1222 1205,1222 1174,1222 1170,1218 1043,1218 1043,1218 1043,1219 1042,1220 1033,1220 1031,1218 1029,1218 1028,1217 1009,1217 1007,1215 1005,1215 1005,1214 1005,1213 1004,1213 998,1213 998,1212 998,1211 997,1211 990,1211 989,1210 988,1210 988,1209 988,1208 987,1207 986,1207 985,1206 979,1206 979,1206 979,1204 977,1202 977,1200 973,1196 971,1196 969,1194 969,1192 967,1190 967,1187 964,1184 964,1182 962,1180 962,1178 962,1177 961,1177 960,1177 960,1166 961,1165 962,1165 962,1165 962,1151 964,1149 964,1144 965,1143 965,1139 967,1137 967,1135 968,1134 971,1134 971,1134 971,1132 972,1131 972,1130 973,1129 974,1129 974,1129 974,1127 975,1126 982,1119 985,1119 986,1118 986,1117 987,1116 988,1116 988,1116 988,1113 989,1113 995,1113 996,1111 996,1109 998,1108 1012,1108 1014,1106 1021,1106 1022,1105 1039,1105 1040,1106 1044,1106 1046,1108 1055,1108 1055,1108 1055,1109 1058,1112 1060,1112 1064,1116 1064,1118 1065,1119 1065,1121 1066,1122 1067,1122 1067,1122 1067,1138 1068,1139 1079,1139 1079,1139 1079,1140 1080,1141 1124,1141 1124,1141 1124,1142 1125,1143 1172,1143 1173,1144 1263,1144 1263,1144 1263,1130 1264,1129 1266,1129 1266,1129 1268,1127 1268,1125 1269,1124 1278,1124 1278,1124 1278,1117 1280,1115 1316,1115 1316,1115 1316,1110 1318,1108 1321,1108 1323,1106 1325,1106 1326,1105 1333,1105 1336,1108 1340,1108 1340,1109 1340,1118 1342,1120 1342,1127 1343,1127 1344,1127 1344,1128 1344,1146 1345,1146 1390,1146 1392,1148 1395,1148 1396,1149 1401,1149 1403,1151 1404,1151 1404,1152 1404,1153 1405,1153 1406,1153 1407,1154 1483,1155 1483,1154 1483,1134 1484,1134 1521,1134 1521,1133 1521,1119 1524,1117 1526,1117 1526,1117 1526,1129 1528,1131 1531,1131 1531,1131 1531,1138 1532,1139 1591,1139 1592,1140 1592,1143 1593,1144 1608,1144 1610,1146 1640,1146 1640,1145 1640,1120 1641,1120 1738,1120 1739,1119 1739,1117 1745,1111 1745,1109 1746,1108 1750,1108 1751,1107 1751,1106 1752,1105 1758,1105 1760,1103 1768,1103 1770,1105 1777,1105 1778,1106 1781,1106 1783,1108 1871,1108 1874,1112 1874,1115 1875,1116 1875,1117 1876,1117 2001,1118 2001,1117 2001,1113 2002,1112 2002,1109 2003,1109 2023,1109 2023,1109 2023,1112 2025,1114 2025,1148 2026,1149 2172,1149 2173,1151 2173,1153 2174,1153 2293,1153 2293,1153 2293,1152 2294,1151 2297,1151 2297,1151 2297,1150 2298,1149 2368,1150 2369,1149 2372,1149 2373,1148 2377,1148 2379,1146 2539,1146 2541,1144 2651,1144 2653,1142 2653,1138 2654,1137 2654,1135 2655,1134 2656,1134 2656,1134 2656,1130 2658,1128 2658,1126 2659,1125 2659,1124 2661,1122 2661,1120 2663,1118 2663,1109 2664,1108 2666,1108 2668,1106 2681,1106 2684,1110 2684,1113 2685,1114 2685,1118 2687,1119 2689,1119 2690,1121 2690,1130 2692,1132 2692,1136 2693,1136 2694,1136 2694,1137 2694,1139 2695,1139 2697,1139 2697,1140 2697,1144 2698,1144 2859,1145 2859,1144 2859,1119 2861,1117 2861,1113 2862,1113 2864,1113 2865,1112 2871,1112 2872,1113 2874,1113 2874,1113 2874,1124 2875,1125 2883,1125 2883,1125 2883,1128 2884,1129 3022,1129 3022,1128 3022,1111 3023,1111 3086,1111 3089,1108 3108,1108 3108,1109 3108,1110 3109,1110 3112,1110 3112,1111 3112,1113 3115,1116 3115,1153 3116,1153 3136,1153 3136,1154 3136,1155 3137,1155 3143,1155 3144,1157 3144,1159 3146,1160 3244,1160 3244,1160 3244,1130 3245,1129 3246,1129 3246,1129 3246,1125 3248,1123 3248,1121 3254,1115 3256,1115 3258,1113 3263,1113 3264,1112 3270,1112 3271,1113 3279,1113 3280,1115 3280,1117 3281,1118 3282,1119 3284,1119 3285,1120 3285,1122 3287,1124 3287,1126 3288,1127 3289,1127 3289,1127 3289,1155 3290,1156 3319,1156 3321,1158 3323,1158 3325,1160 3327,1160 3327,1160 3327,1162 3327,1163 3326,1163 3325,1163 3325,1164 3325,1165 3324,1165 3323,1165 3323,1171 3322,1172 3322,1223 3320,1225 3279,1224 3279,1225 3279,1256 3278,1257 3278,1258 3277,1258 3275,1258 3275,1258 3275,1257 3274,1256 3273,1256 3273,1256 3273,1228 3272,1227 3251,1227 3251,1227 3251,1226 3250,1225 3143,1225 3141,1227 3115,1227 3115,1227 3115,1226 3114,1225 3034,1225 3034,1224 3034,1223 3033,1223 2913,1223 2911,1225 2818,1224 2817,1225 2780,1225 2780,1226 2780,1256 2779,1256 2776,1256 2776,1256 2776,1255 2774,1253 2620,1253 2615,1258 2612,1258 2611,1257 2611,1221 2610,1220 2522,1220 2520,1222 2389,1222 2388,1223 2360,1222 2360,1223 2360,1262 2359,1262 2300,1262 2299,1263"/><TextEquiv><Unicode/></TextEquiv><TextEquiv index="1"><Unicode>Grande conſolation pour Artémiſe &amp;</Unicode></TextEquiv></TextLine><TextLine id="l7"><Coords points="958,1418 957,1418 957,1417 957,1416 955,1416 953,1415 953,1414 952,1413 952,1410 952,1409 952,1307 955,1303 985,1303 986,1302 993,1303 997,1299 1025,1299 1026,1298 1026,1294 1026,1294 1031,1294 1033,1292 1033,1289 1033,1289 1121,1289 1122,1288 1122,1268 1122,1268 1126,1268 1127,1268 1127,1298 1127,1299 1489,1300 1490,1299 1541,1299 1542,1298 1542,1263 1543,1262 1543,1260 1543,1260 1558,1260 1559,1259 1560,1259 1562,1261 1563,1261 1564,1261 1564,1262 1564,1263 1632,1263 1633,1263 1633,1264 1636,1267 1636,1268 1637,1268 1638,1268 1638,1270 1640,1272 1640,1277 1641,1278 1641,1291 1641,1292 1745,1292 1746,1292 1746,1266 1746,1265 1747,1265 1748,1265 1748,1264 1748,1263 1812,1263 1814,1265 1821,1265 1822,1266 1825,1266 1827,1268 1831,1268 1832,1269 1832,1272 1832,1272 1933,1273 1935,1271 1935,1269 1936,1268 1938,1268 1942,1264 1942,1263 1942,1263 1946,1263 1949,1260 1953,1260 1954,1259 1954,1258 1954,1258 1969,1258 1970,1258 1970,1259 1970,1260 1974,1260 1975,1261 1977,1261 1979,1263 1981,1263 1982,1263 1982,1265 1985,1268 1985,1293 1985,1294 2013,1294 2014,1294 2014,1302 2014,1303 2067,1303 2068,1302 2068,1287 2068,1287 2141,1287 2142,1287 2142,1268 2145,1265 2145,1264 2145,1263 2349,1263 2350,1262 2361,1262 2362,1263 2362,1265 2364,1267 2364,1302 2364,1303 2533,1303 2534,1302 2534,1267 2536,1265 2536,1263 2536,1263 2538,1263 2541,1260 2559,1260 2560,1260 2560,1262 2561,1263 2561,1267 2561,1268 2562,1268 2563,1268 2563,1277 2563,1278 2575,1278 2577,1279 2577,1300 2577,1301 2724,1301 2727,1304 2780,1304 2783,1307 2783,1309 2790,1316 2790,1318 2790,1318 2891,1319 2892,1318 2892,1273 2893,1272 2893,1267 2895,1265 2895,1263 2895,1263 2942,1263 2950,1270 2950,1272 2950,1273 2952,1273 2954,1274 2954,1303 2954,1304 3107,1304 3108,1304 3108,1270 3109,1268 3114,1268 3116,1266 3124,1266 3127,1269 3127,1284 3127,1284 3142,1284 3144,1286 3144,1288 3145,1289 3149,1289 3150,1290 3150,1306 3150,1306 3176,1306 3177,1307 3286,1308 3287,1309 3304,1309 3306,1310 3306,1312 3306,1313 3307,1313 3308,1313 3308,1314 3308,1315 3310,1315 3311,1315 3311,1318 3313,1320 3313,1363 3313,1364 3316,1364 3318,1366 3319,1366 3320,1366 3320,1380 3317,1383 3314,1383 3312,1385 3303,1385 3302,1384 3224,1383 3223,1382 3194,1382 3194,1383 3193,1421 3193,1421 3178,1421 3177,1421 3178,1383 3177,1382 3138,1382 3138,1383 3138,1396 3136,1397 3131,1397 3131,1398 3131,1405 3129,1406 3124,1406 3124,1406 3124,1379 3123,1378 3119,1378 3118,1377 3005,1377 3004,1378 3002,1378 3000,1380 2980,1380 2978,1378 2976,1378 2975,1377 2782,1376 2781,1377 2776,1377 2773,1380 2761,1380 2761,1380 2761,1379 2760,1378 2754,1378 2753,1377 2623,1377 2623,1378 2623,1395 2621,1396 2619,1396 2618,1395 2618,1378 2617,1377 2376,1377 2376,1377 2376,1399 2374,1401 2373,1401 2372,1399 2372,1379 2371,1379 2345,1378 2344,1377 2342,1377 2341,1376 2341,1298 2340,1297 2279,1297 2279,1297 2279,1269 2278,1268 2240,1268 2240,1269 2240,1335 2238,1337 2238,1366 2236,1368 2236,1370 2234,1371 2232,1371 2231,1373 2231,1375 2228,1377 2223,1377 2222,1378 2221,1378 2221,1379 2221,1380 2220,1380 2219,1380 2219,1381 2219,1382 2218,1382 2206,1382 2204,1380 2202,1380 2202,1380 2202,1379 2201,1378 2199,1378 2198,1377 2136,1377 2134,1375 1977,1375 1975,1377 1898,1376 1897,1377 1823,1377 1823,1378 1822,1419 1822,1419 1802,1419 1801,1419 1802,1378 1801,1377 1744,1377 1742,1375 1741,1375 1741,1375 1741,1372 1740,1371 1638,1371 1638,1371 1638,1372 1637,1373 1636,1373 1636,1373 1636,1374 1633,1377 1623,1377 1621,1374 1621,1373 1620,1373 1487,1373 1486,1372 1215,1371 1215,1371 1215,1372 1214,1373 1208,1373 1206,1371 1093,1371 1093,1371 1093,1372 1092,1373 1011,1373 1009,1375 1004,1375 1004,1375 1003,1412 1003,1413 1001,1413 1000,1414 984,1413 983,1414 981,1414 979,1416 977,1416 975,1418"/><TextEquiv><Unicode/></TextEquiv><TextEquiv index="1"><Unicode>pour moi! Enfin le barbare l'enleva</Unicode></TextEquiv></TextLine><TextLine id="l8"><Coords points="1208,1573 1206,1571 1204,1571 1203,1570 1071,1570 1070,1569 1054,1569 1053,1568 1053,1527 1053,1527 955,1526 952,1524 952,1455 953,1454 993,1455 994,1454 1022,1454 1022,1453 1022,1420 1024,1419 1149,1419 1149,1418 1149,1415 1152,1413 1168,1413 1169,1414 1170,1414 1170,1414 1170,1417 1171,1418 1449,1419 1449,1418 1449,1414 1450,1414 1464,1414 1465,1413 1476,1413 1476,1412 1476,1411 1477,1411 1492,1411 1492,1411 1492,1412 1493,1413 1499,1413 1500,1414 1500,1416 1502,1418 1502,1449 1503,1450 1801,1450 1801,1450 1801,1420 1802,1419 2058,1420 2060,1418 2083,1418 2084,1419 2086,1419 2090,1423 2092,1423 2092,1423 2092,1427 2094,1429 2094,1432 2097,1435 2097,1436 2098,1437 2441,1438 2441,1437 2441,1432 2443,1431 2451,1431 2451,1430 2451,1429 2453,1428 2556,1428 2556,1427 2556,1422 2561,1418 2816,1418 2816,1418 2816,1417 2817,1416 2818,1416 2819,1415 2840,1416 2840,1416 2840,1417 2841,1418 2855,1418 2856,1419 2860,1419 2868,1427 2868,1434 2869,1435 2869,1453 2870,1454 3175,1454 3175,1454 3175,1424 3176,1423 3177,1423 3177,1423 3177,1422 3178,1421 3193,1421 3193,1422 3193,1425 3194,1426 3194,1459 3195,1459 3253,1459 3253,1460 3253,1461 3254,1462 3254,1463 3255,1463 3304,1464 3309,1469 3311,1469 3311,1469 3311,1470 3312,1471 3314,1471 3316,1473 3316,1504 3315,1505 3315,1523 3313,1526 3312,1526 3311,1526 3311,1529 3311,1530 3310,1530 3309,1531 3307,1531 3306,1531 3306,1532 3306,1533 3304,1533 3302,1535 3300,1535 3299,1536 3087,1535 3086,1536 3086,1542 3086,1542 2980,1542 2979,1542 2979,1575 2979,1576 2970,1576 2969,1575 2939,1575 2938,1574 2938,1573 2936,1571 2936,1556 2936,1556 2738,1555 2737,1555 2737,1537 2737,1536 2623,1536 2622,1535 2618,1535 2616,1533 2251,1532 2250,1533 2217,1533 2216,1534 2216,1536 2214,1538 1967,1538 1966,1538 1966,1539 1965,1540 1965,1544 1965,1545 1964,1545 1963,1545 1963,1547 1961,1549 1961,1551 1961,1552 1959,1552 1954,1557 1952,1557 1951,1557 1951,1558 1951,1559 1949,1559 1947,1560 1947,1561 1947,1562 1930,1562 1927,1559 1926,1559 1925,1558 1925,1534 1925,1534 1641,1533 1640,1533 1640,1561 1640,1562 1630,1562 1629,1561 1629,1533 1629,1533 1346,1532 1345,1533 1255,1533 1254,1534 1254,1550 1251,1553 1251,1555 1249,1557 1249,1559 1246,1562 1244,1562 1241,1565 1241,1567 1241,1567 1237,1567 1235,1569 1232,1569 1230,1571 1221,1571 1219,1573"/><TextEquiv><Unicode/></TextEquiv><TextEquiv index="1"><Unicode>malgré ſes cris; &amp; tous les Capucins</Unicode></TextEquiv></TextLine><TextLine id="l9"><Coords points="1368,1727 1368,1727 1368,1687 1367,1686 1244,1686 1165,1686 1165,1686 1165,1724 1162,1727 1127,1727 1124,1724 1122,1724 1122,1723 1122,1684 1121,1684 983,1683 983,1683 983,1682 982,1681 979,1681 979,1681 979,1680 978,1679 976,1679 975,1678 973,1678 971,1676 968,1676 965,1673 965,1672 964,1671 964,1667 957,1660 957,1656 956,1655 955,1655 955,1655 955,1636 957,1634 957,1630 958,1629 960,1629 962,1627 962,1625 963,1624 965,1624 966,1623 966,1622 967,1621 969,1621 969,1621 969,1620 970,1619 972,1619 972,1619 972,1617 975,1614 984,1614 985,1613 985,1612 986,1611 988,1611 988,1611 988,1610 989,1610 996,1610 997,1609 1002,1609 1002,1608 1002,1573 1003,1573 1011,1573 1013,1571 1015,1571 1017,1569 1110,1569 1112,1567 1119,1567 1120,1566 1137,1566 1138,1567 1142,1567 1143,1568 1143,1570 1146,1573 1146,1589 1147,1590 1253,1590 1254,1592 1254,1598 1255,1598 1257,1598 1258,1600 1258,1609 1259,1609 1604,1610 1605,1609 1606,1609 1608,1607 1621,1607 1621,1607 1621,1608 1622,1609 1624,1609 1624,1609 1624,1614 1627,1617 1631,1617 1631,1617 1631,1618 1632,1619 1772,1619 1772,1619 1772,1579 1774,1577 1774,1575 1776,1573 1865,1573 1866,1574 1878,1574 1882,1578 1886,1578 1887,1580 1887,1611 1888,1611 1932,1612 1932,1612 1932,1613 1933,1614 2172,1614 2174,1612 2209,1612 2209,1612 2209,1611 2210,1610 2284,1610 2284,1610 2284,1599 2286,1597 2286,1593 2288,1591 2307,1591 2307,1591 2307,1589 2310,1586 2310,1584 2311,1583 2314,1583 2314,1583 2314,1580 2315,1579 2316,1579 2317,1578 2320,1578 2322,1576 2326,1576 2326,1576 2326,1575 2327,1574 2329,1574 2330,1573 2337,1573 2339,1571 2345,1571 2346,1572 2417,1573 2419,1575 2419,1580 2422,1583 2425,1583 2426,1584 2426,1587 2427,1588 2427,1592 2428,1593 2429,1593 2429,1593 2429,1613 2430,1614 2592,1614 2592,1614 2592,1595 2594,1593 2596,1593 2596,1594 2596,1614 2597,1614 2771,1614 2771,1614 2771,1612 2775,1608 2775,1592 2776,1591 2776,1584 2777,1583 2780,1583 2780,1583 2780,1582 2784,1578 2786,1578 2787,1577 2787,1575 2789,1573 2793,1573 2795,1571 2797,1571 2797,1571 2797,1570 2798,1569 2812,1569 2814,1567 2818,1567 2819,1566 2819,1567 2819,1568 2820,1568 2824,1569 2825,1570 2825,1572 2827,1574 2828,1574 2829,1575 2948,1575 2949,1576 2981,1576 2981,1576 2981,1577 2982,1578 2983,1578 2984,1579 2984,1592 2985,1593 2985,1615 2986,1616 3026,1616 3027,1617 3182,1617 3182,1617 3182,1579 3183,1578 3190,1578 3192,1576 3194,1576 3196,1574 3201,1574 3201,1575 3201,1576 3202,1576 3203,1576 3203,1577 3203,1600 3204,1600 3266,1600 3267,1602 3267,1605 3268,1606 3268,1607 3269,1607 3270,1607 3270,1608 3270,1615 3271,1615 3359,1616 3359,1616 3359,1618 3359,1619 3321,1619 3320,1619 3320,1638 3319,1640 3317,1640 3316,1640 3316,1678 3315,1679 3315,1681 3310,1686 3308,1686 3308,1686 3308,1688 3305,1691 3105,1690 3105,1691 3105,1696 3103,1698 3103,1701 3101,1702 3100,1702 3099,1703 3098,1703 3098,1704 3098,1707 3097,1707 3095,1707 3094,1708 3093,1708 3093,1709 3093,1712 3092,1712 2959,1712 2957,1714 2954,1714 2952,1712 2950,1712 2950,1711 2950,1688 2949,1688 2845,1688 2843,1690 2836,1690 2834,1688 2832,1688 2830,1686 2691,1685 2691,1686 2691,1728 2690,1728 2672,1728 2672,1728 2672,1686 2671,1685 2670,1685 2669,1686 2658,1686 2656,1688 2604,1688 2604,1689 2604,1690 2603,1690 2588,1690 2586,1688 2277,1687 2276,1688 2274,1688 2274,1689 2274,1691 2273,1691 2247,1691 2242,1686 2147,1686 2147,1687 2147,1700 2146,1700 2142,1700 2142,1700 2142,1699 2141,1698 2140,1698 2140,1698 2140,1687 2139,1686 2075,1686 2073,1688 2060,1688 2058,1686 1986,1686 1986,1686 1986,1727 1985,1728 1969,1728 1969,1727 1969,1686 1968,1686 1872,1685 1871,1686 1800,1686 1798,1688 1788,1688 1786,1686 1708,1686 1631,1686 1631,1686 1631,1687 1630,1688 1540,1688 1540,1688 1540,1714 1539,1715 1536,1715 1536,1714 1536,1702 1535,1702 1534,1702 1533,1700 1533,1697 1531,1695 1531,1688 1530,1688 1494,1688 1492,1690 1486,1690 1484,1688 1482,1688 1481,1687 1387,1686 1387,1687 1387,1727 1386,1727"/><TextEquiv><Unicode/></TextEquiv><TextEquiv index="1"><Unicode>diſparurent. Nous reſtâmes ſeuls, les</Unicode></TextEquiv></TextLine><TextLine id="l10"><Coords points="1820,1884 1818,1882 1813,1882 1808,1877 1806,1877 1805,1877 1805,1875 1800,1870 1801,1868 1800,1867 1800,1844 1799,1843 1757,1843 1755,1841 1707,1841 1705,1839 1581,1839 1581,1839 1581,1840 1580,1841 1573,1841 1571,1843 1524,1843 1524,1843 1524,1845 1521,1848 1514,1848 1514,1847 1514,1846 1513,1846 1509,1846 1509,1845 1509,1844 1508,1844 1504,1844 1503,1843 1501,1843 1499,1841 1393,1840 1392,1841 1317,1841 1315,1839 1310,1839 1310,1840 1309,1881 1309,1881 1305,1881 1304,1882 1290,1882 1289,1882 1290,1840 1289,1839 1166,1839 1166,1839 1165,1878 1165,1879 1163,1879 1162,1880 1121,1880 1120,1881 1103,1881 1102,1880 1103,1837 1102,1837 1028,1837 1026,1839 1015,1839 1015,1838 1015,1837 1014,1837 1010,1837 1009,1836 990,1836 988,1834 986,1833 985,1832 984,1832 983,1831 978,1831 978,1831 978,1829 974,1825 971,1825 970,1824 968,1824 967,1823 967,1821 966,1820 964,1820 964,1820 964,1816 963,1815 962,1815 962,1815 962,1814 961,1813 960,1813 960,1813 960,1811 959,1810 957,1810 957,1810 957,1806 955,1804 955,1801 953,1799 953,1788 952,1787 952,1768 953,1767 953,1765 955,1763 955,1754 955,1753 956,1753 962,1748 962,1746 962,1745 964,1745 967,1743 967,1742 967,1741 968,1741 969,1741 969,1739 969,1738 971,1738 974,1736 974,1735 974,1734 976,1734 978,1732 982,1732 984,1731 984,1729 985,1728 985,1727 985,1726 990,1727 991,1726 991,1723 992,1722 1001,1722 1002,1721 1002,1720 1002,1720 1004,1720 1005,1719 1013,1719 1015,1720 1015,1721 1015,1722 1033,1722 1035,1724 1042,1724 1043,1724 1043,1725 1043,1726 1044,1726 1045,1727 1050,1727 1053,1729 1053,1731 1055,1733 1055,1735 1055,1736 1056,1736 1057,1736 1057,1740 1058,1741 1058,1762 1058,1763 1096,1763 1098,1765 1100,1765 1102,1767 1210,1767 1212,1765 1265,1765 1267,1763 1272,1763 1273,1764 1273,1765 1273,1765 1363,1765 1364,1765 1364,1734 1366,1732 1366,1729 1367,1727 1389,1727 1390,1728 1390,1765 1390,1765 1442,1765 1443,1764 1447,1765 1449,1767 1456,1767 1458,1769 1676,1769 1678,1767 1681,1767 1683,1765 1688,1765 1690,1763 1694,1763 1695,1763 1695,1730 1697,1727 1702,1727 1703,1726 1707,1726 1709,1724 1714,1724 1715,1725 1715,1727 1715,1727 1779,1727 1782,1730 1782,1732 1784,1734 1784,1769 1784,1769 1832,1769 1834,1767 1914,1768 1915,1767 1965,1767 1966,1766 1966,1730 1968,1728 2024,1728 2025,1727 2029,1727 2032,1724 2036,1724 2037,1723 2037,1722 2037,1722 2053,1722 2054,1722 2054,1723 2054,1724 2055,1724 2056,1724 2056,1726 2056,1727 2058,1727 2059,1727 2059,1730 2059,1731 2087,1731 2088,1732 2090,1732 2092,1733 2092,1768 2092,1769 2206,1769 2207,1770 2213,1770 2214,1771 2214,1772 2214,1772 2216,1772 2218,1774 2316,1774 2317,1774 2317,1753 2319,1751 2319,1741 2321,1738 2324,1738 2326,1737 2326,1735 2328,1732 2330,1732 2331,1731 2333,1731 2337,1727 2359,1727 2360,1728 2361,1728 2362,1729 2362,1730 2362,1730 2363,1731 2364,1732 2365,1732 2367,1733 2367,1735 2367,1736 2368,1736 2369,1736 2369,1737 2369,1738 2370,1738 2371,1738 2371,1740 2372,1741 2372,1768 2372,1769 2503,1769 2505,1767 2553,1767 2555,1769 2662,1769 2663,1769 2663,1765 2664,1763 2669,1763 2670,1763 2670,1730 2671,1728 2690,1728 2691,1727 2692,1728 2692,1739 2690,1741 2690,1743 2689,1744 2689,1810 2689,1810 2727,1810 2733,1816 2733,1820 2733,1820 2734,1820 2735,1821 2735,1824 2735,1824 2848,1825 2849,1824 2849,1813 2850,1812 2850,1810 2850,1810 2851,1810 2852,1809 2852,1803 2852,1803 2853,1803 2854,1802 2854,1800 2855,1799 2855,1797 2857,1795 2857,1791 2857,1791 2858,1791 2859,1790 2859,1788 2861,1786 2861,1774 2861,1774 2863,1774 2864,1773 2864,1772 2864,1772 2865,1772 2866,1771 2866,1764 2867,1763 2867,1759 2869,1757 2869,1753 2869,1753 2872,1753 2873,1752 2873,1748 2874,1747 2874,1743 2874,1743 2875,1743 2876,1742 2876,1740 2878,1738 2878,1734 2878,1734 2879,1734 2880,1733 2880,1729 2882,1727 2978,1727 2979,1727 2979,1728 2979,1729 2980,1729 2981,1729 2981,1731 2983,1733 2983,1766 2983,1767 3035,1767 3037,1769 3107,1769 3108,1770 3229,1770 3230,1770 3230,1732 3230,1731 3231,1731 3232,1731 3232,1730 3232,1729 3240,1729 3241,1729 3241,1728 3241,1727 3246,1727 3249,1730 3249,1732 3251,1734 3251,1768 3251,1768 3295,1769 3296,1770 3301,1770 3303,1771 3303,1773 3303,1774 3305,1774 3306,1774 3306,1778 3306,1779 3307,1779 3308,1779 3308,1783 3310,1785 3310,1823 3310,1824 3312,1824 3313,1825 3315,1825 3316,1825 3316,1838 3313,1841 3311,1841 3311,1841 3311,1842 3310,1843 3306,1843 3305,1844 3272,1843 3272,1843 3272,1842 3271,1841 3264,1841 3264,1842 3263,1885 3263,1885 3245,1885 3244,1885 3245,1842 3244,1841 3244,1842 3244,1865 3243,1865 3239,1865 3239,1865 3239,1842 3238,1841 3041,1841 3041,1841 3041,1842 3040,1843 3038,1843 3037,1844 3027,1844 3026,1843 3023,1843 3021,1841 2835,1841 2835,1840 2835,1839 2834,1839 2774,1838 2774,1839 2773,1883 2773,1883 2752,1883 2751,1883 2751,1880 2751,1879 2738,1879 2737,1879 2737,1878 2737,1877 2735,1877 2733,1876 2733,1875 2733,1874 2732,1874 2729,1872 2730,1840 2729,1839 2682,1839 2682,1840 2682,1841 2681,1841 2625,1841 2623,1843 2610,1843 2608,1841 2601,1841 2601,1841 2601,1840 2600,1839 2465,1839 2465,1838 2465,1837 2464,1837 2462,1837 2461,1836 2353,1835 2352,1836 2346,1836 2345,1837 2342,1837 2340,1839 2328,1839 2326,1837 2321,1837 2320,1836 2214,1836 2209,1841 2157,1841 2157,1842 2157,1843 2155,1844 2132,1844 2131,1843 2061,1843 2061,1843 2061,1860 2059,1862 2044,1862 2044,1862 2043,1869 2043,1870 2039,1870 2038,1869 2039,1841 2038,1841 1964,1841 1964,1841 1963,1884 1963,1885"/><TextEquiv><Unicode/></TextEquiv><TextEquiv index="1"><Unicode>Capucines déguiſées &amp; moi. Alors la</Unicode></TextEquiv></TextLine><TextLine id="l11"><Coords points="1352,2039 1351,2039 1351,2038 1351,2037 1321,2037 1320,2037 1320,2036 1320,2035 952,2034 950,2032 948,2032 947,2032 947,2022 948,2021 948,1925 950,1923 972,1923 973,1922 991,1923 994,1920 998,1920 1000,1918 1020,1918 1020,1917 1020,1893 1022,1892 1034,1892 1034,1891 1034,1886 1035,1886 1100,1886 1100,1885 1100,1884 1101,1883 1101,1881 1102,1881 2233,1883 2234,1882 2236,1882 2238,1880 2248,1880 2250,1882 2773,1883 2774,1884 3264,1885 3265,1887 3265,1948 3266,1948 3316,1949 3316,1949 3316,1951 3319,1954 3321,1954 3322,1955 3322,1958 3323,1959 3326,1959 3327,1960 3327,1961 3323,1961 3322,1961 3322,1963 3321,1964 3321,1965 3319,1965 3316,1967 3316,1969 3316,1970 3314,1970 3312,1972 3268,1971 3267,1972 3267,1993 3264,1996 3108,1996 3107,1997 3105,1997 3101,2001 3037,2001 3036,2001 3036,2015 3036,2016 2829,2016 2828,2016 2828,2017 2828,2018 2818,2017 2817,2018 2812,2018 2811,2019 2811,2030 2811,2030 2657,2030 2656,2031 2656,2038 2656,2038 1515,2036 1514,2036 1514,2037 1514,2038 1360,2037 1359,2038 1359,2039 1359,2039"/><TextEquiv><Unicode/></TextEquiv><TextEquiv index="1"><Unicode>principale me dit: „Mon ami, ne crai-</Unicode></TextEquiv></TextLine><TextLine id="l12"><Coords points="1121,2192 1120,2190 1120,2187 1119,2187 1002,2187 1002,2186 1002,2182 999,2180 997,2180 996,2178 996,2146 995,2146 974,2145 974,2145 974,2143 973,2142 950,2142 950,2142 950,2141 949,2140 947,2140 945,2138 945,2127 945,2126 946,2126 947,2125 949,2125 950,2125 950,2076 951,2075 984,2075 985,2074 1022,2075 1022,2074 1022,2068 1023,2068 1174,2068 1174,2067 1174,2052 1175,2052 1180,2052 1182,2054 1182,2072 1183,2073 1234,2073 1234,2074 1234,2075 1235,2075 1385,2075 1385,2075 1385,2066 1387,2064 1411,2064 1411,2064 1411,2038 1412,2037 1514,2038 1514,2038 1514,2041 1515,2042 1769,2042 1769,2042 1769,2041 1770,2040 1770,2038 1771,2037 1775,2037 1777,2035 1794,2035 1796,2033 1798,2033 1799,2032 1806,2032 1807,2033 1864,2033 1866,2035 1875,2035 1875,2036 1875,2037 1876,2037 1880,2037 1880,2038 1880,2041 1882,2043 1882,2044 1883,2044 1973,2045 1973,2045 1973,2069 1974,2070 2276,2070 2276,2070 2276,2037 2277,2036 2279,2036 2279,2037 2279,2050 2280,2050 2608,2051 2608,2051 2608,2050 2609,2049 2650,2049 2650,2049 2650,2039 2651,2038 2657,2038 2658,2039 2659,2039 2659,2040 2659,2044 2660,2044 2883,2045 2886,2042 2888,2042 2893,2037 2897,2037 2897,2036 2897,2035 2901,2032 2924,2032 2929,2037 2929,2075 2930,2076 3146,2076 3146,2076 3146,2055 3147,2054 3148,2054 3148,2054 3148,2053 3149,2052 3151,2052 3152,2051 3247,2051 3248,2050 3248,2048 3249,2047 3249,2045 3250,2044 3251,2044 3251,2044 3251,2043 3252,2042 3254,2042 3259,2037 3263,2037 3263,2037 3263,2036 3264,2035 3266,2035 3268,2033 3276,2033 3277,2032 3281,2033 3285,2037 3289,2037 3289,2037 3289,2038 3290,2039 3291,2039 3291,2039 3291,2101 3291,2102 3298,2102 3299,2102 3299,2103 3299,2104 3314,2104 3315,2104 3315,2105 3318,2108 3318,2115 3316,2117 3316,2118 3315,2119 3315,2123 3313,2125 3267,2124 3267,2125 3267,2146 3265,2147 3253,2147 3251,2149 3220,2149 3219,2150 3215,2150 3215,2151 3215,2152 3214,2152 3212,2152 3210,2154 3208,2154 3206,2156 3200,2156 3198,2154 3196,2154 3196,2154 3196,2153 3195,2152 2959,2152 2959,2152 2959,2175 2958,2176 2948,2176 2948,2176 2948,2192 2947,2193 2926,2193 2926,2192 2926,2155 2925,2155 2668,2154 2668,2155 2668,2171 2665,2174 2665,2176 2664,2176 2663,2176 2663,2177 2663,2181 2655,2188 2653,2188 2651,2190 2649,2190 2649,2191 2649,2192 2648,2192 2639,2192 2638,2193 2524,2193 2523,2194 2448,2194 2448,2193 2448,2171 2447,2171 2403,2171 2403,2170 2403,2155 2402,2155 2090,2154 2090,2154 2090,2155 2089,2156 2081,2156 2079,2154 1834,2153 1833,2154 1832,2154 1832,2155 1832,2156 1831,2156 1819,2156 1818,2155 1818,2151 1817,2150 1573,2150 1571,2152 1566,2152 1564,2154 1385,2153 1384,2154 1382,2154 1378,2150 1179,2150 1179,2150 1179,2159 1177,2161 1177,2163 1175,2165 1175,2175 1174,2176 1174,2178 1171,2181 1167,2181 1167,2181 1167,2182 1166,2183 1165,2183 1165,2183 1165,2185 1163,2187 1158,2187 1155,2190 1151,2190 1151,2190 1151,2191 1150,2192"/><TextEquiv><Unicode/></TextEquiv><TextEquiv index="1"><Unicode>“gnez rien. Votre compagne ſera reſ-</Unicode></TextEquiv></TextLine><TextLine id="l13"><Coords points="1421,2346 1420,2346 1420,2344 1420,2343 1104,2343 1103,2342 1103,2341 1103,2341 1102,2341 1101,2340 1101,2335 1103,2333 1103,2331 1104,2330 1105,2301 1104,2301 971,2300 971,2300 971,2298 970,2297 949,2297 945,2293 945,2280 945,2279 947,2279 948,2279 948,2229 948,2228 1013,2229 1014,2228 1014,2224 1015,2223 1138,2223 1139,2222 1139,2209 1139,2209 1152,2209 1153,2208 1153,2195 1153,2195 1289,2195 1290,2195 1290,2194 1291,2192 1298,2192 1299,2192 1299,2191 1299,2190 1301,2190 1303,2188 1308,2188 1310,2190 1312,2190 1313,2191 1993,2193 1994,2192 2001,2192 2003,2190 2008,2190 2010,2192 2925,2194 2926,2193 3219,2193 3220,2192 3229,2192 3230,2193 3230,2195 3230,2195 3231,2195 3232,2196 3232,2228 3232,2228 3297,2229 3299,2231 3300,2231 3301,2231 3301,2232 3303,2234 3303,2235 3304,2236 3304,2237 3304,2238 3307,2238 3308,2238 3308,2299 3307,2300 3306,2300 3306,2300 3306,2302 3303,2305 3234,2304 3233,2305 3224,2305 3222,2307 3069,2307 3067,2309 2771,2308 2771,2309 2771,2312 2770,2312 2534,2312 2534,2312 2534,2313 2533,2314 2327,2313 2327,2314 2327,2321 2326,2321 2324,2321 2324,2322 2324,2326 2323,2326 2237,2326 2237,2327 2236,2347 2236,2347 2221,2347 2220,2347 2221,2312 2220,2311 1542,2310 1542,2310 1542,2312 1540,2314 1540,2319 1531,2327 1531,2328 1529,2331 1524,2331 1521,2334 1519,2334 1517,2336 1438,2335 1437,2336 1437,2346 1437,2346"/><TextEquiv><Unicode/></TextEquiv><TextEquiv index="1"><Unicode>“pectée; elle eſt entre les mains du</Unicode></TextEquiv></TextLine><TextLine id="l14"><Coords points="2761,2502 2760,2502 2761,2501 2768,2501 2769,2500 2770,2500 2771,2499 2771,2498 1544,2496 1543,2496 1543,2499 1543,2500 1528,2500 1527,2499 1418,2498 1417,2498 1417,2482 1417,2481 1282,2481 1280,2480 1280,2478 1278,2476 1278,2475 1276,2475 1275,2475 1275,2468 1275,2467 1269,2467 1268,2467 1268,2459 1268,2458 1169,2458 1168,2457 1146,2457 1145,2456 970,2455 969,2455 969,2451 969,2450 943,2450 940,2448 940,2440 941,2439 941,2437 942,2436 943,2436 943,2436 943,2384 944,2383 1017,2384 1017,2383 1017,2378 1019,2377 1105,2377 1105,2376 1105,2343 1106,2343 1129,2343 1129,2343 1129,2344 1130,2345 3009,2349 3012,2346 3015,2346 3016,2345 3017,2345 3017,2344 3017,2343 3018,2343 3024,2343 3024,2342 3024,2341 3025,2341 3034,2341 3036,2343 3038,2343 3038,2343 3038,2344 3039,2345 3041,2345 3042,2346 3044,2346 3046,2348 3046,2352 3047,2353 3048,2353 3048,2353 3048,2383 3049,2384 3221,2384 3224,2387 3291,2388 3292,2389 3292,2391 3294,2393 3296,2393 3296,2393 3296,2395 3304,2403 3306,2403 3306,2403 3306,2416 3306,2417 3304,2417 3299,2421 3299,2449 3299,2450 3298,2450 3296,2451 3296,2452 3296,2453 3295,2453 3294,2453 3294,2454 3294,2455 3293,2455 3292,2455 3292,2457 3290,2460 3287,2460 3285,2462 3283,2462 3282,2463 3278,2462 3277,2463 3277,2464 3277,2464 3276,2464 3275,2465 3174,2465 3173,2466 3173,2502 3173,2502 2818,2501 2817,2502"/><TextEquiv><Unicode/></TextEquiv><TextEquiv index="1"><Unicode>“Gardien. Quant à vous, perſonne</Unicode></TextEquiv></TextLine><TextLine id="l15"><Coords points="1755,2661 1750,2656 1748,2656 1748,2656 1748,2617 1747,2616 1648,2616 1647,2615 1642,2615 1638,2611 1636,2611 1635,2610 1605,2610 1605,2610 1605,2634 1602,2637 1602,2636 1602,2610 1601,2610 1600,2610 1600,2610 1600,2643 1599,2644 1597,2644 1597,2643 1597,2610 1596,2610 1552,2610 1551,2611 1501,2611 1499,2613 1497,2613 1495,2615 1485,2615 1484,2616 1475,2616 1474,2615 1470,2615 1469,2614 1373,2613 1373,2614 1373,2646 1372,2646 1365,2646 1363,2644 1363,2642 1362,2641 1331,2641 1330,2640 1330,2617 1329,2616 1245,2616 1243,2618 1229,2618 1227,2616 1223,2616 1222,2615 1220,2615 1220,2615 1220,2614 1219,2613 1163,2613 1163,2612 1163,2611 1162,2611 1160,2611 1159,2610 1097,2610 1096,2608 1096,2606 1094,2604 1094,2575 1093,2575 998,2575 998,2575 998,2583 997,2584 997,2587 995,2589 995,2591 992,2594 990,2594 985,2598 983,2598 983,2599 983,2600 981,2602 981,2604 980,2604 978,2604 972,2610 968,2610 967,2609 967,2605 966,2604 936,2604 936,2604 936,2592 938,2589 940,2589 941,2589 941,2542 942,2541 1010,2542 1010,2541 1010,2527 1011,2527 1012,2527 1012,2526 1012,2522 1013,2522 1019,2522 1019,2521 1019,2512 1020,2512 1022,2512 1023,2511 1031,2511 1032,2510 1034,2510 1034,2510 1034,2536 1035,2537 1172,2537 1172,2536 1172,2508 1174,2506 1174,2505 1175,2504 1175,2502 1177,2501 1179,2501 1181,2499 1188,2499 1190,2501 1196,2501 1196,2501 1196,2502 1197,2503 1198,2503 1198,2503 1198,2505 1199,2506 1201,2506 1201,2506 1201,2510 1202,2511 1285,2511 1286,2510 1287,2510 1287,2510 1287,2508 1289,2506 1294,2506 1299,2501 1301,2501 1303,2499 1304,2499 1305,2498 1313,2498 1313,2498 1313,2497 1314,2496 1325,2496 1325,2497 1325,2499 1327,2500 1328,2500 1329,2501 1331,2501 1332,2502 1415,2502 1416,2501 1416,2499 1417,2498 1433,2498 1433,2499 1433,2501 1434,2501 1436,2501 1437,2503 1437,2505 1438,2506 1438,2541 1439,2541 1526,2542 1526,2541 1526,2500 1527,2500 1543,2500 1544,2501 1546,2501 1549,2504 1549,2552 1550,2553 1629,2553 1629,2552 1629,2550 1632,2548 1634,2548 1636,2546 1638,2546 1638,2545 1638,2544 1639,2544 1640,2544 1640,2543 1640,2542 1641,2542 1653,2542 1654,2541 1703,2541 1703,2541 1703,2540 1704,2539 1726,2539 1726,2539 1726,2528 1727,2527 1734,2527 1734,2528 1734,2541 1735,2541 1853,2541 1853,2541 1853,2540 1854,2539 1897,2539 1899,2537 1899,2508 1900,2507 1900,2506 1902,2504 1904,2505 1906,2503 1908,2503 1908,2502 1908,2501 1909,2501 2007,2501 2009,2503 2009,2505 2010,2506 2011,2506 2011,2506 2011,2541 2012,2542 2069,2542 2071,2544 2073,2544 2073,2544 2073,2545 2074,2546 2075,2546 2075,2546 2075,2547 2076,2548 2078,2548 2078,2548 2078,2552 2079,2553 2080,2553 2083,2556 2166,2556 2174,2548 2177,2548 2178,2547 2178,2545 2179,2544 2181,2544 2183,2542 2199,2542 2199,2542 2199,2507 2201,2505 2207,2505 2207,2505 2207,2504 2208,2503 2210,2503 2212,2501 2217,2501 2219,2503 2221,2503 2221,2504 2221,2505 2222,2505 2223,2505 2224,2506 2274,2506 2274,2507 2274,2542 2275,2542 2284,2542 2286,2545 2286,2546 2287,2546 2288,2546 2288,2547 2288,2548 2289,2548 2291,2548 2292,2549 2293,2549 2293,2550 2293,2553 2294,2553 2377,2554 2377,2553 2377,2545 2381,2542 2390,2542 2392,2544 2482,2544 2484,2542 2494,2542 2495,2541 2529,2541 2529,2540 2529,2524 2530,2524 2532,2524 2533,2523 2537,2523 2537,2522 2537,2521 2539,2520 2541,2520 2541,2520 2541,2541 2542,2542 2648,2542 2650,2544 2738,2544 2740,2542 2740,2530 2741,2529 2742,2529 2742,2529 2742,2525 2744,2523 2744,2519 2746,2517 2747,2517 2747,2517 2747,2515 2752,2510 2752,2508 2754,2506 2756,2506 2760,2502 2852,2503 2853,2502 2873,2502 2874,2503 2874,2540 2875,2541 2928,2541 2929,2542 2982,2542 2985,2545 3069,2545 3070,2544 3153,2544 3153,2544 3153,2503 3154,2502 3174,2502 3174,2503 3174,2539 3175,2539 3228,2539 3231,2542 3235,2542 3237,2545 3237,2547 3239,2549 3239,2551 3241,2553 3241,2555 3242,2556 3242,2557 3246,2561 3246,2564 3246,2564 3277,2564 3279,2567 3296,2567 3297,2568 3299,2568 3303,2571 3303,2579 3302,2580 3301,2580 3301,2580 3301,2584 3298,2587 3284,2587 3282,2589 3246,2588 3246,2589 3246,2597 3239,2604 3239,2606 3237,2608 3237,2611 3236,2612 3236,2614 3234,2615 3108,2615 3108,2616 3108,2618 3103,2622 3099,2622 3094,2617 3094,2605 3093,2604 3093,2601 3091,2599 3091,2597 3089,2595 3089,2593 3088,2592 3088,2585 3087,2584 3086,2584 3086,2584 3086,2580 3084,2578 3084,2575 3082,2573 2999,2573 2998,2574 2998,2576 2997,2577 2997,2606 2988,2615 2983,2615 2980,2618 2974,2618 2974,2618 2974,2619 2973,2620 2959,2620 2957,2618 2955,2618 2952,2615 2816,2614 2815,2615 2800,2615 2800,2616 2800,2637 2799,2637 2783,2637 2783,2637 2783,2614 2782,2613 2658,2613 2656,2615 2653,2615 2652,2616 2645,2616 2643,2618 2630,2618 2630,2618 2630,2617 2629,2616 2627,2616 2626,2615 2522,2615 2522,2615 2522,2629 2521,2630 2515,2630 2515,2629 2515,2618 2514,2618 2486,2618 2483,2615 2404,2615 2403,2613 2403,2610 2401,2608 2401,2597 2400,2596 2400,2594 2399,2594 2398,2594 2398,2593 2398,2589 2396,2587 2396,2582 2395,2581 2395,2579 2392,2577 2391,2577 2391,2576 2391,2574 2389,2572 2389,2568 2388,2567 2388,2564 2383,2560 2302,2559 2302,2560 2302,2573 2298,2577 2298,2604 2295,2607 2295,2609 2293,2610 2291,2610 2291,2611 2291,2615 2290,2615 2286,2615 2283,2618 2281,2618 2281,2619 2281,2620 2280,2620 2264,2620 2264,2620 2264,2619 2263,2618 2209,2618 2209,2618 2209,2617 2208,2616 2180,2616 2179,2615 2175,2615 2174,2614 2174,2612 2172,2610 2168,2610 2168,2610 2168,2606 2166,2604 2107,2604 2107,2604 2107,2648 2106,2649 2104,2649 2104,2648 2104,2604 2103,2604 2082,2604 2082,2604 2082,2608 2080,2610 2078,2610 2076,2612 2076,2614 2075,2615 2071,2615 2070,2616 2069,2616 2067,2618 2066,2618 2066,2618 2066,2619 2065,2620 1987,2620 1987,2620 1987,2633 1986,2634 1978,2634 1977,2635 1973,2635 1973,2634 1973,2618 1972,2618 1925,2618 1923,2616 1794,2615 1794,2616 1794,2656 1793,2656 1786,2656 1784,2658 1770,2658 1769,2659 1762,2659 1762,2660 1762,2661 1761,2661"/><TextEquiv><Unicode/></TextEquiv><TextEquiv index="1"><Unicode>“n'eſt ici capable de vous faire vio-</Unicode></TextEquiv></TextLine><TextLine id="l16"><Coords points="1777,2816 1772,2812 1772,2795 1772,2794 1676,2794 1674,2793 1674,2791 1674,2790 1673,2790 1672,2789 1672,2786 1671,2785 1672,2764 1671,2764 1576,2764 1576,2764 1576,2765 1575,2766 1573,2766 1571,2768 1475,2768 1475,2768 1475,2771 1473,2773 1473,2780 1471,2782 1471,2784 1470,2785 1469,2787 1468,2788 1468,2789 1468,2790 1465,2790 1464,2790 1464,2791 1462,2793 1462,2794 1462,2795 1459,2795 1453,2801 1390,2800 1389,2801 1389,2812 1389,2812 1369,2812 1368,2812 1369,2772 1368,2771 1311,2771 1310,2770 1305,2770 1303,2768 1218,2768 1191,2768 1189,2770 1184,2770 1183,2771 1168,2771 1167,2770 1159,2770 1155,2766 1098,2766 1096,2764 1093,2764 1093,2763 1093,2738 1092,2738 997,2738 996,2739 996,2743 990,2749 988,2749 982,2754 981,2754 981,2755 981,2757 978,2759 976,2759 976,2760 976,2761 975,2761 974,2761 974,2762 974,2764 973,2764 972,2764 972,2765 971,2795 971,2795 965,2795 964,2795 965,2762 964,2761 936,2761 936,2761 936,2760 935,2759 933,2759 933,2759 933,2757 929,2753 929,2752 931,2749 932,2749 933,2749 933,2746 933,2745 934,2745 936,2744 936,2695 936,2694 937,2694 938,2694 938,2693 938,2692 1025,2693 1026,2692 1026,2690 1027,2689 1027,2688 1028,2687 1100,2687 1101,2686 1101,2658 1101,2658 1102,2658 1103,2657 1103,2656 1103,2656 1107,2656 1110,2653 1123,2653 1127,2656 1127,2662 1127,2663 1128,2663 1129,2663 1129,2676 1129,2677 1131,2677 1132,2677 1132,2691 1132,2692 1260,2692 1262,2694 1265,2694 1266,2695 1266,2697 1266,2697 1463,2698 1464,2697 1464,2672 1465,2671 1553,2671 1554,2670 1554,2668 1555,2667 1555,2663 1555,2663 1556,2663 1557,2662 1557,2661 1557,2661 1558,2661 1562,2657 1562,2656 1562,2656 1571,2656 1573,2654 1581,2654 1583,2656 1592,2656 1600,2663 1600,2665 1602,2667 1602,2669 1604,2671 1604,2696 1604,2697 1640,2697 1641,2697 1641,2699 1643,2701 1643,2736 1643,2737 1773,2737 1774,2737 1774,2703 1774,2702 1775,2702 1777,2701 1777,2700 1777,2699 1779,2699 1781,2697 1899,2697 1900,2696 2061,2697 2063,2699 2215,2699 2216,2699 2216,2698 2216,2697 2223,2697 2224,2696 2237,2696 2238,2695 2311,2695 2312,2694 2314,2694 2315,2694 2315,2689 2316,2687 2321,2687 2322,2688 2322,2694 2322,2694 2326,2694 2328,2696 2455,2697 2456,2696 2456,2678 2457,2677 2486,2677 2487,2676 2487,2664 2489,2662 2489,2661 2489,2661 2495,2661 2497,2659 2559,2659 2562,2656 2572,2656 2575,2658 2575,2660 2575,2661 2576,2661 2577,2661 2577,2693 2577,2694 2717,2694 2718,2694 2718,2662 2718,2661 2720,2661 2721,2661 2721,2659 2721,2658 2723,2658 2725,2656 2746,2656 2747,2657 2747,2661 2747,2661 2748,2661 2749,2662 2749,2694 2749,2694 2770,2694 2772,2696 2903,2697 2904,2696 2911,2696 2912,2697 3092,2697 3093,2697 3093,2681 3095,2679 3095,2678 3096,2677 3096,2673 3097,2671 3099,2671 3100,2671 3100,2669 3103,2666 3103,2662 3103,2661 3104,2661 3108,2658 3108,2657 3108,2656 3114,2656 3120,2662 3120,2664 3122,2666 3122,2668 3122,2668 3123,2668 3124,2669 3124,2671 3127,2674 3127,2676 3129,2678 3129,2697 3129,2697 3272,2697 3273,2696 3274,2696 3275,2695 3283,2696 3284,2697 3287,2697 3291,2700 3291,2701 3292,2702 3292,2704 3295,2708 3300,2708 3304,2711 3304,2713 3304,2714 3308,2714 3310,2715 3310,2717 3311,2718 3311,2724 3307,2728 3305,2728 3303,2730 3301,2730 3301,2730 3301,2758 3300,2759 3299,2759 3299,2759 3299,2762 3298,2763 3297,2763 3296,2764 3296,2764 3296,2765 3295,2766 3294,2766 3294,2766 3294,2767 3293,2768 3292,2768 3290,2770 3287,2770 3284,2773 3275,2772 3274,2773 3211,2773 3211,2774 3210,2797 3210,2797 3209,2797 3208,2798 3208,2799 3208,2799 3199,2799 3198,2799 3199,2769 3198,2768 3124,2768 3122,2770 2854,2770 2853,2771 2851,2771 2849,2773 2838,2773 2838,2773 2838,2774 2837,2775 2769,2774 2768,2775 2749,2775 2749,2775 2749,2774 2748,2773 2746,2773 2744,2771 2567,2771 2565,2773 2367,2773 2367,2772 2367,2771 2366,2771 2265,2770 2265,2771 2264,2788 2264,2788 2260,2788 2258,2787 2259,2774 2258,2773 2156,2773 2151,2778 2145,2778 2145,2778 2145,2776 2143,2774 2143,2772 2142,2771 2108,2771 2108,2771 2107,2801 2107,2802 2105,2802 2104,2801 2105,2771 2104,2771 2037,2771 2036,2770 1961,2770 1961,2770 1960,2812 1960,2813 1941,2813 1940,2812 1941,2770 1940,2770 1908,2770 1907,2771 1905,2771 1903,2772 1901,2772 1901,2773 1901,2774 1899,2775 1814,2775 1814,2776 1813,2811 1811,2813 1792,2813 1791,2814 1784,2814 1782,2816"/><TextEquiv><Unicode/></TextEquiv><TextEquiv index="1"><Unicode>“lence; &amp;, pour vous dérober même</Unicode></TextEquiv></TextLine><TextLine id="l17"><Coords points="2749,2971 2745,2968 2745,2967 2744,2966 2744,2932 2744,2931 2652,2931 2650,2929 2485,2929 2484,2929 2484,2969 2484,2970 2475,2970 2474,2969 2474,2929 2474,2929 2327,2928 2326,2929 2299,2929 2298,2928 2250,2928 2248,2926 2193,2926 2192,2927 2192,2970 2192,2970 2170,2970 2169,2970 2169,2927 2169,2926 2151,2926 2057,2926 2055,2928 1995,2928 1994,2927 1923,2927 1922,2927 1922,2940 1921,2942 1920,2941 1917,2941 1916,2940 1916,2927 1916,2927 1765,2926 1763,2928 1753,2928 1751,2926 1558,2926 1557,2926 1557,2964 1555,2967 1531,2967 1529,2969 1517,2969 1516,2968 1516,2966 1514,2964 1514,2925 1514,2925 1262,2924 1261,2925 1261,2940 1260,2941 1260,2943 1260,2943 1254,2943 1253,2943 1253,2925 1253,2924 1133,2924 1132,2923 1106,2923 1105,2922 1105,2921 1105,2921 1103,2921 1101,2919 1097,2919 1096,2918 968,2917 967,2917 967,2915 965,2913 965,2912 965,2911 942,2911 940,2909 934,2909 933,2909 933,2901 934,2900 936,2900 936,2900 936,2852 939,2849 1021,2850 1021,2849 1021,2821 1022,2821 1026,2821 1026,2821 1026,2849 1027,2850 1103,2850 1106,2847 1265,2847 1265,2848 1265,2849 1267,2850 1302,2850 1303,2851 1366,2851 1366,2851 1366,2814 1368,2812 1389,2812 1389,2813 1389,2851 1390,2851 1627,2852 1629,2850 1738,2850 1738,2850 1738,2848 1739,2847 1741,2847 1741,2847 1741,2846 1742,2845 1748,2845 1748,2846 1748,2847 1749,2847 1756,2847 1757,2849 1757,2850 1758,2850 1939,2851 1939,2850 1939,2813 1940,2813 2051,2813 2052,2812 2064,2812 2064,2812 2064,2814 2066,2816 2068,2816 2068,2816 2068,2851 2069,2852 2238,2852 2238,2852 2238,2817 2239,2816 2246,2816 2248,2814 2250,2814 2252,2812 2258,2812 2260,2814 2262,2814 2262,2815 2262,2816 2263,2816 2266,2816 2266,2817 2266,2821 2267,2822 2267,2852 2268,2852 2438,2853 2439,2852 2544,2852 2544,2851 2544,2847 2545,2847 2601,2847 2601,2848 2601,2850 2604,2852 2687,2852 2687,2852 2687,2815 2688,2814 2690,2816 2692,2816 2692,2817 2692,2852 2693,2852 2754,2852 2754,2852 2754,2822 2755,2821 2757,2821 2759,2819 2769,2819 2771,2821 2773,2821 2773,2822 2773,2852 2774,2852 2816,2852 2817,2851 3091,2852 3091,2852 3091,2843 3093,2841 3093,2838 3094,2837 3094,2833 3096,2831 3096,2828 3098,2826 3098,2824 3101,2821 3101,2818 3103,2816 3103,2814 3106,2811 3111,2811 3115,2807 3117,2807 3118,2806 3168,2806 3169,2807 3171,2807 3175,2811 3177,2811 3179,2814 3179,2852 3180,2852 3208,2852 3208,2853 3208,2854 3209,2854 3210,2854 3213,2857 3215,2857 3215,2858 3215,2861 3216,2861 3217,2861 3218,2863 3218,2867 3220,2869 3220,2892 3221,2892 3288,2893 3289,2894 3289,2896 3290,2897 3291,2897 3292,2898 3293,2898 3298,2903 3298,2906 3299,2907 3299,2922 3299,2923 3297,2923 3296,2923 3296,2928 3296,2929 3294,2929 3292,2930 3292,2932 3289,2935 3289,2937 3289,2938 3288,2938 3287,2938 3287,2939 3287,2940 3286,2940 3285,2940 3285,2942 3283,2945 3281,2945 3280,2945 3280,2946 3280,2947 3275,2946 3274,2947 3268,2947 3266,2945 3264,2945 3263,2945 3263,2929 3263,2928 3056,2928 3055,2929 3037,2929 3036,2928 3034,2928 3032,2926 2841,2926 2840,2926 2840,2928 2840,2929 2816,2928 2815,2929 2777,2929 2776,2930 2776,2945 2775,2946 2775,2951 2773,2953 2773,2957 2773,2957 2772,2957 2771,2958 2771,2960 2771,2960 2769,2960 2768,2961 2768,2965 2767,2966 2764,2966 2763,2967 2762,2967 2761,2968 2761,2969 2761,2969 2757,2969 2755,2971"/><TextEquiv><Unicode/></TextEquiv><TextEquiv index="1"><Unicode>“aux importunités de cette jeuneſſe,</Unicode></TextEquiv></TextLine><TextLine id="l18"><Coords points="1631,3124 1631,3123 1631,3122 1630,3122 1628,3122 1626,3119 1626,3084 1625,3084 1468,3084 1467,3083 1465,3083 1463,3081 1461,3081 1461,3080 1461,3079 1460,3079 1457,3079 1456,3078 1234,3077 1234,3078 1234,3119 1233,3119 1103,3119 1102,3120 1088,3120 1086,3117 1086,3073 1085,3073 960,3072 960,3072 960,3071 959,3070 929,3070 929,3070 929,3065 928,3064 928,3054 928,3053 932,3053 933,3053 933,3004 934,3003 935,3003 936,3002 943,3002 944,3003 946,3003 949,3006 1019,3007 1019,3006 1019,2983 1020,2983 1093,2983 1093,2982 1093,2972 1094,2972 1095,2972 1096,2970 1096,2969 1097,2969 1105,2969 1105,2969 1105,2970 1106,2971 1112,2971 1112,2971 1112,2975 1113,2976 1113,3002 1114,3003 1163,3003 1163,3003 1163,3004 1164,3005 1166,3005 1168,3007 1330,3007 1330,3007 1330,3006 1331,3005 1409,3005 1409,3005 1409,2972 1410,2971 1412,2971 1413,2970 1413,2968 1415,2966 1421,2966 1421,2966 1421,2965 1422,2964 1428,2964 1430,2966 1433,2966 1434,2967 1435,2967 1435,2968 1435,2969 1436,2969 1437,2969 1437,2970 1437,2971 1440,2974 1440,3006 1441,3006 1999,3008 2000,3007 2169,3007 2169,3007 2169,2971 2170,2970 2192,2970 2193,2972 2193,3009 2194,3009 2357,3009 2358,3008 2372,3009 2373,3008 2395,3008 2396,3007 2458,3007 2458,3006 2458,2988 2459,2988 2463,2988 2465,2985 2465,2983 2469,2979 2469,2978 2470,2977 2470,2976 2471,2976 2472,2976 2472,2975 2472,2971 2474,2970 2484,2970 2485,2971 2487,2971 2489,2973 2489,2975 2490,2976 2491,2976 2493,2978 2493,2980 2496,2983 2496,2985 2498,2987 2498,2989 2499,2990 2499,2991 2501,2993 2501,3006 2502,3007 2556,3007 2557,3008 2672,3008 2675,3011 2823,3012 2823,3011 2823,3010 2825,3009 2835,3009 2835,3008 2835,2971 2836,2971 2841,2971 2843,2969 2854,2969 2854,2969 2854,2970 2855,2971 2857,2971 2857,2971 2857,2973 2858,2974 2859,2974 2859,2974 2859,3009 2860,3010 3014,3010 3015,3009 3022,3009 3023,3008 3103,3008 3104,3007 3161,3007 3162,3006 3162,3003 3163,3002 3177,3002 3179,3005 3179,3006 3180,3006 3282,3007 3287,3012 3289,3012 3289,3012 3289,3013 3290,3014 3291,3014 3291,3014 3291,3016 3291,3017 3293,3017 3294,3017 3294,3021 3296,3023 3296,3025 3297,3027 3299,3027 3303,3030 3303,3036 3301,3038 3298,3038 3295,3041 3294,3041 3294,3041 3294,3068 3293,3069 3292,3069 3292,3069 3292,3071 3289,3074 3289,3076 3286,3079 3282,3079 3282,3079 3282,3080 3281,3081 3280,3081 3279,3082 3278,3082 3276,3083 3274,3083 3273,3084 3265,3084 3264,3083 3261,3083 3259,3081 3073,3081 3043,3081 3043,3081 3043,3083 3042,3084 2911,3084 2909,3086 2905,3086 2905,3086 2905,3102 2904,3103 2899,3103 2898,3101 2898,3100 2897,3099 2897,3085 2895,3084 2680,3083 2679,3084 2672,3084 2672,3085 2672,3087 2670,3088 2613,3088 2613,3089 2613,3093 2612,3093 2606,3093 2606,3093 2606,3085 2605,3084 2587,3084 2587,3084 2587,3107 2586,3108 2584,3108 2584,3107 2584,3084 2583,3084 2517,3084 2516,3083 2471,3083 2469,3081 2467,3081 2466,3080 2195,3079 2195,3080 2195,3081 2194,3081 2192,3081 2190,3083 2126,3083 2125,3084 2109,3084 2106,3081 2104,3081 2104,3080 2104,3079 2103,3079 1884,3078 1883,3079 1881,3079 1877,3083 1875,3083 1874,3084 1861,3084 1861,3085 1861,3105 1860,3105 1857,3105 1856,3104 1856,3085 1854,3083 1852,3083 1850,3081 1669,3081 1669,3081 1669,3119 1666,3122 1662,3122 1662,3122 1662,3123 1661,3124"/><TextEquiv><Unicode/></TextEquiv><TextEquiv index="1"><Unicode>“je m'empare moi - même de votre</Unicode></TextEquiv></TextLine><TextLine id="l19"><Coords points="1090,3275 1089,3274 1089,3270 1088,3269 1089,3223 1088,3223 979,3222 977,3224 976,3224 975,3225 969,3225 969,3226 969,3227 968,3227 962,3227 962,3227 962,3226 961,3225 935,3225 933,3223 933,3214 934,3213 934,3169 935,3168 935,3163 936,3162 936,3161 936,3160 937,3160 938,3160 938,3159 938,3158 944,3158 945,3159 945,3160 945,3160 947,3160 949,3162 1088,3163 1089,3162 1089,3131 1089,3131 1092,3131 1093,3131 1093,3135 1093,3136 1228,3136 1229,3136 1229,3120 1229,3119 1322,3119 1323,3119 1323,3118 1323,3117 1353,3117 1354,3118 1354,3120 1354,3120 1356,3120 1358,3122 1358,3157 1358,3157 1470,3158 1471,3158 1471,3159 1471,3160 1472,3160 1473,3160 1473,3161 1473,3162 1616,3162 1621,3167 1623,3167 1626,3169 1626,3171 1626,3172 1628,3172 1629,3172 1629,3174 1631,3177 1632,3177 1633,3177 1633,3181 1635,3183 1635,3205 1635,3206 1733,3206 1734,3206 1734,3127 1735,3125 1737,3125 1738,3124 1740,3124 1741,3124 1741,3123 1741,3122 1752,3122 1754,3120 1843,3120 1844,3121 1844,3129 1844,3129 1881,3129 1882,3130 1882,3161 1882,3161 2043,3162 2044,3161 2044,3134 2044,3134 2046,3134 2047,3134 2047,3166 2047,3167 2112,3167 2113,3167 2113,3168 2114,3169 2114,3171 2114,3172 2115,3172 2116,3172 2116,3188 2116,3189 2241,3189 2242,3189 2242,3168 2242,3167 2244,3167 2245,3167 2245,3166 2245,3165 2249,3165 2251,3163 2285,3163 2286,3162 2359,3162 2360,3162 2360,3134 2360,3133 2409,3134 2410,3133 2410,3126 2411,3125 2412,3125 2413,3125 2413,3126 2413,3127 2591,3127 2593,3125 2609,3125 2610,3124 2612,3124 2613,3124 2613,3123 2613,3122 2614,3122 2615,3122 2615,3121 2615,3120 2641,3120 2642,3121 2642,3122 2642,3122 2684,3122 2687,3125 2687,3131 2687,3131 2744,3131 2745,3132 2746,3132 2747,3133 2747,3177 2747,3177 2748,3177 2749,3178 2749,3192 2749,3192 2879,3193 2880,3192 2880,3170 2883,3167 2887,3167 2888,3166 2888,3162 2890,3160 2890,3158 2890,3158 2891,3158 2892,3157 2892,3156 2892,3156 2907,3156 2909,3157 2909,3161 2909,3162 3229,3162 3230,3162 3230,3153 3231,3151 3239,3151 3241,3153 3241,3159 3241,3159 3293,3160 3295,3162 3298,3162 3299,3162 3299,3164 3299,3165 3300,3165 3301,3165 3301,3167 3303,3169 3303,3171 3304,3172 3304,3176 3298,3182 3291,3182 3291,3182 3291,3229 3290,3230 3289,3230 3289,3230 3289,3233 3288,3234 3274,3233 3273,3234 3236,3234 3236,3235 3236,3237 3235,3237 3220,3237 3219,3236 3031,3236 3031,3236 3031,3241 3029,3243 3027,3243 3026,3244 2941,3244 2941,3244 2940,3267 2938,3270 2936,3270 2935,3269 2936,3239 2935,3239 2811,3238 2811,3239 2811,3240 2809,3242 2809,3244 2807,3245 2807,3248 2806,3249 2805,3249 2804,3250 2804,3254 2804,3254 2802,3254 2799,3257 2799,3259 2798,3260 2796,3260 2792,3264 2792,3265 2792,3265 2783,3265 2778,3261 2779,3242 2778,3241 2652,3241 2652,3242 2651,3259 2650,3260 2649,3260 2647,3259 2647,3257 2647,3256 2559,3256 2556,3253 2557,3237 2556,3237 2417,3237 2417,3237 2417,3238 2416,3239 2391,3239 2391,3238 2391,3237 2390,3237 2188,3236 2185,3240 2185,3244 2183,3245 2183,3247 2180,3250 2180,3252 2178,3254 2176,3254 2174,3256 2172,3256 2171,3257 2171,3260 2171,3260 2160,3260 2159,3261 2157,3261 2156,3261 2157,3240 2156,3239 2034,3239 2032,3241 1919,3241 1919,3241 1918,3252 1918,3253 1916,3253 1915,3252 1916,3240 1915,3240 1796,3239 1796,3240 1796,3242 1793,3244 1784,3244 1784,3244 1784,3240 1781,3237 1661,3237 1659,3239 1654,3239 1652,3237 1588,3237 1585,3234 1535,3234 1535,3233 1535,3232 1534,3232 1387,3231 1386,3232 1384,3232 1382,3234 1366,3234 1366,3234 1366,3233 1365,3232 1225,3232 1225,3233 1225,3234 1224,3234 1220,3234 1218,3236 1215,3236 1214,3237 1188,3237 1188,3237 1187,3259 1187,3260 1132,3260 1131,3260 1131,3272 1131,3273 1130,3273 1129,3273 1129,3274 1129,3275"/><TextEquiv><Unicode/></TextEquiv><TextEquiv index="1"><Unicode>“perſonne. Venez, mon fils, trouver</Unicode></TextEquiv></TextLine><TextLine id="l20"><Coords points="1622,3432 1621,3431 1455,3431 1454,3430 1454,3393 1454,3393 1237,3392 1236,3393 1236,3412 1235,3413 1157,3413 1156,3414 1154,3414 1153,3413 1122,3413 1120,3411 1120,3390 1119,3389 1117,3389 1115,3387 1115,3384 1113,3382 1113,3381 1113,3381 932,3380 931,3380 931,3379 931,3378 930,3378 929,3378 929,3369 930,3368 931,3368 931,3368 931,3366 933,3364 933,3316 934,3315 1007,3316 1007,3315 1007,3297 1008,3297 1094,3297 1094,3296 1094,3283 1098,3280 1477,3281 1478,3280 1481,3280 1483,3277 1483,3275 1484,3275 1500,3275 1502,3273 1508,3273 1510,3275 1516,3275 1516,3275 1516,3276 1517,3277 1772,3277 1772,3277 1772,3268 1774,3266 1775,3266 1777,3268 1782,3268 1784,3270 1787,3270 1787,3271 1787,3273 1788,3273 1832,3273 1832,3274 1832,3275 1833,3275 1841,3275 1841,3276 1841,3277 1842,3277 1843,3277 1843,3278 1843,3280 1844,3281 1844,3290 1845,3290 2097,3291 2097,3290 2097,3284 2102,3280 2142,3280 2144,3278 2291,3278 2292,3277 2298,3277 2299,3278 2537,3279 2537,3278 2537,3277 2538,3277 2546,3277 2548,3279 2549,3279 2550,3280 2554,3280 2555,3281 2555,3284 2556,3285 2556,3286 2557,3287 2558,3287 2558,3287 2558,3289 2560,3291 2560,3293 2561,3294 2716,3294 2718,3296 2814,3296 2814,3297 2814,3302 2815,3302 2945,3303 2945,3303 2945,3315 2946,3316 3080,3316 3082,3318 3127,3318 3129,3320 3227,3320 3229,3322 3230,3322 3231,3323 3232,3323 3232,3324 3232,3326 3234,3327 3236,3327 3236,3328 3236,3330 3239,3333 3239,3335 3241,3337 3241,3340 3242,3341 3242,3357 3243,3357 3285,3358 3286,3359 3287,3359 3287,3359 3287,3360 3288,3361 3289,3361 3289,3361 3289,3362 3290,3363 3292,3363 3294,3365 3294,3367 3295,3368 3296,3368 3296,3368 3296,3375 3292,3379 3292,3382 3291,3383 3291,3385 3288,3389 3286,3389 3284,3390 3284,3430 3284,3431 3176,3430 3175,3431 3154,3431 3153,3431 3153,3395 3153,3394 2915,3394 2914,3395 2896,3395 2895,3395 2895,3418 2893,3421 2891,3421 2890,3420 2890,3408 2890,3408 2845,3408 2843,3406 2843,3400 2843,3400 2561,3399 2560,3399 2560,3413 2560,3414 2358,3413 2357,3414 2357,3431 2357,3431 2339,3431 2338,3431 2338,3393 2338,3392 2072,3392 2071,3392 2071,3420 2071,3421 2069,3421 2068,3421 2068,3429 2068,3430 2055,3430 2054,3429 2054,3421 2054,3421 1909,3421 1906,3418 1906,3409 1906,3409 1904,3409 1903,3408 1903,3395 1903,3395 1625,3394 1624,3394 1624,3431 1624,3432"/><TextEquiv><Unicode/></TextEquiv><TextEquiv index="1"><Unicode>“votre ſalut ſous l'aîle d'une mere“.</Unicode></TextEquiv></TextLine><TextLine id="l21"><Coords points="2388,3590 2386,3588 2384,3588 2384,3587 2384,3586 2382,3585 2364,3585 2364,3584 2364,3582 2362,3581 2359,3580 2358,3579 2358,3550 2357,3549 2270,3549 2266,3545 2264,3545 2262,3543 2122,3543 2121,3544 2121,3546 2118,3549 2094,3549 2094,3549 2094,3581 2092,3583 2090,3583 2090,3582 2090,3581 2089,3581 2087,3581 2086,3580 2084,3580 2083,3578 2083,3571 2080,3569 2078,3569 2078,3568 2078,3547 2077,3547 2016,3547 2016,3547 2016,3558 2015,3559 2013,3559 2012,3560 2011,3560 2009,3557 2009,3549 2008,3549 1996,3549 1996,3548 1996,3547 1995,3547 1894,3546 1893,3547 1848,3547 1846,3545 1767,3545 1767,3546 1767,3547 1766,3547 1764,3547 1764,3548 1764,3578 1763,3579 1763,3586 1762,3586 1695,3586 1695,3586 1695,3550 1694,3549 1661,3549 1659,3547 1657,3547 1657,3546 1657,3545 1656,3545 1654,3545 1652,3543 1581,3543 1580,3542 1568,3542 1476,3542 1475,3543 1422,3542 1420,3540 1404,3540 1404,3541 1404,3584 1403,3584 1357,3584 1356,3585 1336,3585 1334,3583 1327,3583 1325,3581 1322,3581 1321,3580 1319,3580 1318,3579 1318,3544 1317,3543 1229,3543 1227,3545 1172,3545 1172,3545 1172,3547 1170,3549 1139,3549 1139,3549 1139,3561 1138,3562 1120,3562 1120,3562 1120,3583 1119,3584 1098,3584 1098,3583 1098,3543 1097,3543 1064,3543 1063,3542 1062,3542 1062,3541 1062,3540 1061,3540 986,3540 985,3538 969,3538 966,3535 962,3535 962,3535 962,3534 961,3533 955,3533 955,3533 955,3532 954,3531 953,3531 953,3531 953,3529 952,3528 950,3528 950,3528 950,3527 949,3526 948,3526 948,3526 948,3525 946,3523 944,3523 941,3520 941,3519 940,3518 940,3514 938,3512 938,3510 937,3509 936,3509 936,3509 936,3507 935,3506 935,3504 933,3502 933,3497 931,3495 931,3476 933,3474 933,3469 935,3467 935,3457 936,3456 936,3455 937,3454 938,3454 938,3454 938,3452 940,3450 941,3450 941,3450 941,3449 947,3443 947,3441 948,3440 953,3440 953,3440 953,3437 955,3435 957,3435 957,3435 957,3431 958,3430 967,3430 967,3430 967,3429 968,3428 971,3428 971,3428 971,3426 972,3425 981,3425 982,3424 987,3425 989,3423 1008,3423 1010,3425 1019,3425 1020,3426 1023,3426 1027,3430 1031,3430 1031,3430 1031,3434 1033,3436 1033,3439 1034,3440 1113,3440 1113,3439 1113,3430 1114,3430 1117,3430 1117,3429 1117,3428 1118,3428 1120,3428 1122,3426 1175,3426 1175,3426 1175,3427 1176,3428 1177,3428 1177,3428 1177,3429 1178,3430 1179,3430 1179,3430 1179,3431 1180,3432 1180,3440 1182,3442 1234,3442 1234,3443 1234,3445 1235,3445 1261,3445 1261,3446 1261,3469 1262,3469 1347,3469 1347,3469 1347,3438 1348,3437 1356,3437 1356,3438 1356,3468 1357,3468 1447,3469 1447,3468 1447,3445 1448,3445 1454,3445 1454,3444 1454,3431 1455,3431 1478,3431 1478,3431 1478,3442 1479,3443 1549,3443 1550,3442 1559,3442 1559,3442 1559,3446 1560,3447 1621,3447 1621,3446 1621,3432 1622,3432 1624,3432 1624,3432 1624,3446 1625,3447 1631,3447 1631,3447 1631,3456 1632,3457 1634,3457 1635,3458 1635,3468 1636,3469 1672,3469 1672,3469 1672,3470 1673,3471 1682,3471 1683,3473 1713,3473 1714,3473 1714,3446 1715,3445 1722,3445 1722,3446 1722,3473 1722,3473 1760,3473 1763,3471 1765,3471 1765,3471 1765,3459 1767,3457 1770,3457 1770,3458 1770,3459 1771,3459 1772,3459 1772,3460 1772,3461 1773,3461 1860,3461 1860,3461 1860,3457 1861,3456 1873,3456 1873,3456 1873,3449 1875,3447 1903,3448 1903,3447 1903,3435 1904,3435 1932,3435 1932,3434 1932,3433 1933,3433 1944,3433 1944,3433 1944,3434 1945,3435 1946,3435 1946,3435 1946,3436 1950,3440 1952,3440 1953,3441 1953,3444 1954,3445 1976,3445 1977,3446 1977,3460 1978,3461 2049,3461 2049,3460 2049,3435 2050,3435 2051,3435 2051,3434 2051,3430 2052,3430 2071,3430 2073,3432 2073,3465 2074,3466 2143,3466 2143,3466 2143,3454 2144,3453 2145,3452 2154,3452 2154,3452 2154,3448 2157,3445 2159,3445 2159,3445 2159,3443 2162,3440 2164,3440 2164,3440 2164,3436 2165,3435 2167,3435 2172,3430 2179,3430 2181,3428 2195,3428 2195,3429 2195,3430 2196,3430 2207,3430 2207,3431 2207,3433 2211,3437 2211,3438 2212,3439 2212,3440 2213,3440 2214,3440 2214,3441 2214,3471 2215,3471 2288,3471 2288,3471 2288,3440 2293,3435 2295,3435 2295,3435 2295,3434 2296,3433 2338,3433 2338,3433 2338,3432 2339,3431 2358,3431 2358,3432 2358,3433 2360,3435 2360,3470 2361,3470 2424,3471 2424,3470 2424,3456 2425,3456 2427,3456 2427,3456 2427,3459 2429,3461 2493,3461 2493,3461 2493,3470 2494,3471 2503,3471 2503,3471 2503,3472 2504,3473 2505,3473 2505,3473 2505,3474 2505,3475 2606,3475 2609,3473 2665,3473 2665,3473 2665,3455 2666,3454 2685,3454 2685,3454 2685,3453 2686,3452 2688,3452 2689,3454 2689,3466 2690,3466 2726,3466 2726,3467 2726,3473 2727,3473 2816,3473 2817,3472 2823,3473 2823,3472 2823,3442 2824,3442 2828,3442 2828,3442 2828,3465 2829,3466 2878,3466 2878,3466 2878,3468 2881,3471 2970,3471 2973,3475 3020,3475 3021,3476 3092,3476 3093,3475 3096,3475 3099,3473 3153,3473 3153,3473 3153,3432 3154,3431 3175,3431 3175,3432 3175,3466 3176,3466 3246,3466 3246,3466 3246,3436 3247,3435 3251,3435 3251,3435 3251,3431 3252,3430 3284,3431 3284,3431 3284,3470 3287,3473 3287,3475 3289,3477 3289,3480 3291,3482 3291,3484 3292,3485 3292,3520 3292,3521 3296,3521 3299,3523 3299,3544 3299,3545 3300,3545 3301,3545 3301,3547 3303,3549 3303,3552 3301,3554 3296,3554 3296,3553 3296,3543 3295,3543 3220,3542 3217,3545 3215,3545 3215,3546 3215,3547 3214,3547 3205,3547 3203,3545 3200,3545 3198,3543 3119,3543 3117,3545 3115,3545 3115,3546 3115,3547 3114,3547 3110,3547 3108,3549 2823,3549 2823,3549 2823,3561 2822,3562 2819,3562 2819,3561 2819,3553 2818,3552 2797,3552 2797,3553 2797,3588 2796,3588 2780,3588 2780,3588 2780,3553 2779,3552 2739,3552 2737,3550 2732,3550 2731,3549 2727,3549 2725,3547 2615,3547 2613,3549 2570,3549 2569,3550 2568,3550 2568,3550 2568,3575 2567,3576 2562,3576 2561,3574 2561,3552 2560,3552 2558,3552 2558,3551 2558,3550 2557,3550 2551,3550 2550,3549 2441,3549 2441,3549 2441,3571 2439,3573 2439,3575 2438,3576 2438,3578 2436,3580 2434,3580 2434,3580 2434,3582 2431,3585 2429,3585 2428,3586 2426,3586 2424,3588 2422,3588 2422,3588 2422,3589 2421,3590"/><TextEquiv><Unicode/></TextEquiv><TextEquiv index="1"><Unicode>Celle qui me parloit ſi dignement avoit à</Unicode></TextEquiv></TextLine><TextLine id="l22"><Coords points="1527,3743 1526,3742 1526,3741 1526,3741 1517,3741 1515,3739 1510,3739 1507,3736 1505,3736 1503,3734 1500,3734 1499,3733 1499,3730 1497,3728 1497,3726 1493,3722 1494,3699 1493,3699 1334,3698 1334,3699 1334,3701 1332,3702 1299,3702 1298,3703 1298,3738 1298,3738 1281,3738 1280,3738 1280,3703 1280,3702 1233,3702 1232,3701 1232,3699 1231,3698 1229,3698 1227,3696 1070,3696 1070,3696 1070,3697 1069,3698 975,3697 975,3698 974,3736 972,3738 949,3738 948,3739 930,3739 926,3736 926,3727 929,3724 930,3724 930,3724 931,3629 933,3626 937,3626 938,3626 938,3625 938,3624 970,3624 971,3624 971,3623 972,3621 980,3621 981,3620 995,3621 996,3620 996,3601 997,3600 1075,3600 1076,3599 1076,3593 1076,3593 1097,3593 1098,3592 1098,3584 1098,3584 1120,3584 1122,3585 1122,3596 1122,3597 1382,3597 1383,3597 1383,3588 1385,3586 1385,3585 1385,3584 1404,3584 1406,3586 1406,3621 1406,3621 1575,3622 1578,3619 1675,3619 1676,3619 1676,3618 1677,3617 1677,3612 1679,3610 1679,3607 1681,3605 1681,3603 1684,3600 1684,3596 1684,3595 1685,3595 1686,3595 1686,3594 1686,3593 1687,3593 1691,3590 1691,3589 1691,3588 1692,3588 1694,3586 1761,3586 1762,3587 1762,3626 1762,3626 1921,3627 1922,3626 2094,3626 2095,3625 2095,3602 2095,3602 2156,3602 2159,3600 2159,3598 2162,3595 2162,3593 2164,3590 2166,3590 2170,3586 2172,3586 2173,3585 2194,3585 2197,3588 2199,3588 2201,3590 2203,3590 2204,3591 2204,3593 2205,3594 2205,3596 2207,3598 2207,3600 2207,3600 2208,3600 2209,3601 2209,3617 2209,3617 2364,3618 2365,3617 2365,3595 2365,3595 2368,3595 2369,3595 2369,3627 2369,3628 2376,3628 2377,3629 2379,3629 2380,3630 2532,3630 2533,3629 2540,3629 2541,3628 2541,3624 2541,3624 2775,3624 2776,3624 2776,3595 2778,3593 2778,3591 2778,3590 2779,3590 2780,3590 2780,3589 2780,3588 2844,3589 2845,3588 2846,3588 2847,3587 2847,3586 2847,3586 2849,3586 2850,3585 3152,3585 3155,3588 3155,3590 3156,3591 3156,3618 3156,3618 3281,3619 3282,3619 3282,3620 3282,3621 3284,3621 3285,3621 3285,3623 3285,3624 3286,3624 3287,3624 3287,3628 3287,3629 3291,3629 3292,3629 3292,3630 3292,3631 3293,3631 3294,3631 3294,3633 3298,3637 3298,3643 3297,3644 3297,3695 3296,3696 3296,3697 3295,3698 3293,3698 3291,3700 3189,3699 3188,3700 3186,3700 3184,3702 3114,3702 3114,3703 3113,3742 3113,3742 3030,3742 3029,3743 3011,3743 3010,3742 3011,3703 3010,3703 2806,3702 2805,3703 2737,3703 2736,3704 2736,3705 2735,3706 2735,3707 2735,3707 2718,3707 2716,3705 2533,3705 2532,3705 2532,3742 2532,3743 2500,3743 2499,3742 2492,3742 2491,3741 2491,3731 2491,3731 2360,3730 2359,3730 2359,3703 2359,3702 2285,3702 2284,3701 2284,3699 2283,3698 2095,3698 2095,3698 2094,3704 2094,3705 2093,3705 2092,3705 2092,3711 2092,3712 2091,3712 2090,3712 2090,3714 2089,3715 2089,3717 2088,3719 2086,3719 2085,3719 2085,3723 2085,3724 2079,3724 2078,3724 2078,3725 2078,3726 2076,3726 2075,3727 2069,3727 2068,3726 2066,3726 2063,3723 2063,3703 2063,3703 1898,3702 1897,3703 1794,3703 1793,3704 1793,3717 1793,3717 1751,3717 1750,3718 1750,3730 1747,3733 1718,3733 1717,3734 1717,3739 1716,3740 1696,3740 1695,3739 1542,3739 1540,3741 1539,3741 1538,3741 1538,3742 1538,3743"/><TextEquiv><Unicode/></TextEquiv><TextEquiv index="1"><Unicode>peine vingt-ſix ans, &amp; me paroiſſoit fort</Unicode></TextEquiv></TextLine><TextLine id="l23"><Coords points="2650,3902 2649,3902 2649,3861 2649,3860 2642,3860 2640,3858 2530,3858 2525,3863 2516,3863 2515,3862 2429,3862 2427,3860 2391,3860 2390,3859 2372,3859 2291,3858 2289,3860 2284,3860 2282,3862 2278,3862 2274,3858 2176,3858 2174,3860 2170,3860 2169,3861 2169,3862 2169,3862 2162,3862 2161,3862 2161,3861 2161,3860 2155,3860 2154,3860 2154,3859 2154,3858 2152,3858 2150,3856 2140,3856 2139,3857 2139,3898 2139,3898 2123,3898 2122,3897 2122,3856 2122,3856 2062,3856 2061,3855 1966,3855 1963,3858 1959,3858 1957,3860 1955,3860 1954,3860 1954,3861 1954,3862 1947,3862 1946,3863 1936,3863 1935,3862 1934,3862 1932,3860 1930,3860 1929,3860 1929,3897 1929,3898 1862,3897 1861,3897 1861,3895 1860,3894 1860,3890 1860,3889 1857,3889 1856,3889 1856,3859 1856,3858 1789,3858 1787,3856 1681,3856 1679,3858 1615,3858 1614,3857 1614,3856 1614,3856 1556,3856 1554,3854 1554,3853 1554,3853 1439,3852 1438,3853 1422,3853 1421,3854 1421,3858 1421,3858 1412,3858 1411,3858 1411,3854 1411,3853 1257,3853 1256,3854 1256,3855 1256,3855 1204,3855 1203,3856 1193,3856 1192,3855 1185,3855 1184,3854 1184,3853 1184,3853 1147,3853 1146,3853 1146,3895 1146,3896 1010,3896 1008,3898 1001,3898 1000,3897 1000,3896 1000,3896 998,3896 996,3894 994,3894 993,3893 993,3891 991,3889 991,3854 991,3854 970,3853 969,3853 969,3852 969,3851 941,3851 940,3850 935,3850 933,3848 929,3848 926,3846 926,3842 926,3841 925,3841 924,3841 924,3837 922,3835 922,3824 924,3822 924,3820 927,3817 928,3817 928,3817 928,3782 929,3781 931,3781 931,3781 931,3780 932,3779 936,3779 940,3775 941,3776 1015,3777 1015,3776 1015,3761 1017,3760 1019,3760 1019,3760 1019,3769 1020,3770 1082,3770 1082,3769 1082,3768 1084,3767 1087,3767 1088,3768 1088,3767 1088,3748 1089,3748 1091,3748 1091,3748 1091,3778 1092,3779 1132,3779 1134,3781 1179,3781 1179,3780 1179,3760 1180,3759 1180,3757 1181,3757 1191,3757 1191,3756 1191,3753 1192,3752 1192,3745 1193,3745 1194,3745 1194,3744 1194,3743 1195,3743 1196,3743 1196,3742 1196,3740 1198,3739 1279,3739 1280,3738 1342,3738 1342,3738 1342,3737 1343,3736 1345,3736 1347,3734 1404,3734 1404,3735 1404,3736 1405,3736 1409,3736 1414,3742 1414,3744 1416,3746 1416,3748 1417,3748 1418,3748 1418,3749 1418,3779 1419,3779 1471,3780 1472,3779 1497,3779 1497,3778 1497,3767 1498,3767 1505,3767 1505,3766 1505,3763 1507,3762 1535,3762 1535,3761 1535,3760 1536,3760 1540,3760 1540,3760 1540,3761 1541,3762 1543,3762 1543,3762 1543,3773 1544,3774 1564,3774 1567,3777 1567,3779 1569,3781 1631,3781 1634,3784 1636,3784 1636,3784 1636,3785 1637,3786 1640,3786 1640,3786 1640,3788 1643,3791 1645,3791 1645,3791 1645,3792 1647,3794 1647,3795 1648,3796 1648,3800 1649,3801 1729,3801 1729,3801 1729,3744 1729,3743 1696,3743 1695,3743 1695,3741 1696,3740 1762,3740 1763,3739 1787,3739 1789,3741 1892,3741 1892,3742 1892,3744 1896,3748 1896,3774 1897,3774 1945,3775 1946,3776 1946,3783 1947,3784 2021,3784 2023,3782 2055,3782 2057,3784 2162,3784 2164,3782 2169,3782 2169,3783 2169,3784 2170,3784 2199,3784 2199,3784 2199,3766 2200,3765 2264,3765 2264,3765 2264,3751 2266,3749 2266,3747 2268,3745 2274,3745 2274,3745 2274,3744 2275,3743 2276,3743 2276,3743 2276,3742 2277,3741 2284,3741 2288,3745 2350,3745 2350,3746 2350,3748 2352,3750 2352,3764 2353,3764 2358,3764 2359,3765 2429,3766 2430,3765 2431,3765 2431,3764 2431,3762 2434,3759 2434,3755 2435,3755 2436,3755 2436,3754 2436,3752 2439,3749 2439,3745 2440,3745 2491,3745 2491,3744 2491,3742 2492,3742 2499,3742 2500,3743 2532,3743 2532,3743 2532,3744 2533,3745 2572,3745 2572,3745 2572,3749 2573,3750 2573,3783 2574,3784 2666,3784 2668,3786 2673,3786 2673,3787 2673,3789 2678,3793 2748,3793 2750,3791 2754,3791 2759,3786 2773,3786 2773,3786 2773,3751 2774,3750 2776,3750 2781,3745 2790,3745 2791,3746 2797,3746 2797,3747 2797,3748 2798,3748 2799,3748 2799,3749 2799,3750 2800,3751 2800,3754 2802,3756 2802,3781 2803,3781 2860,3782 2862,3784 2872,3784 2874,3786 2958,3786 2962,3782 3007,3782 3007,3781 3007,3745 3010,3743 3060,3743 3060,3743 3060,3742 3061,3741 3067,3741 3068,3742 3114,3742 3117,3746 3117,3748 3119,3750 3119,3751 3120,3752 3120,3781 3121,3781 3213,3781 3213,3781 3213,3779 3217,3775 3226,3775 3229,3779 3229,3780 3230,3780 3279,3781 3280,3782 3280,3783 3281,3784 3283,3784 3285,3786 3287,3786 3289,3788 3289,3790 3291,3792 3291,3795 3292,3796 3292,3836 3294,3838 3294,3847 3294,3848 3293,3848 3292,3848 3292,3866 3291,3867 3291,3869 3291,3870 3290,3870 3289,3870 3289,3872 3288,3874 3286,3874 3285,3875 3283,3875 3282,3875 3282,3876 3282,3877 3281,3877 3280,3877 3280,3878 3280,3879 3273,3878 3272,3879 3272,3880 3272,3880 3270,3880 3266,3884 3254,3884 3251,3882 3251,3880 3249,3878 3249,3854 3249,3853 3238,3853 3237,3854 3237,3901 3237,3901 3221,3901 3220,3901 3220,3854 3220,3853 3171,3853 3170,3854 3170,3855 3170,3855 3168,3855 3165,3858 2960,3858 2959,3858 2959,3896 2957,3899 2952,3899 2950,3901 2919,3901 2916,3898 2916,3858 2916,3858 2808,3857 2807,3858 2803,3858 2802,3859 2802,3860 2802,3860 2796,3860 2795,3861 2795,3862 2795,3862 2761,3862 2759,3860 2754,3860 2753,3859 2707,3859 2706,3860 2706,3882 2706,3882 2693,3882 2692,3882 2692,3860 2692,3859 2682,3859 2681,3860 2679,3860 2678,3861 2678,3862 2678,3862 2672,3862 2671,3863 2671,3902 2671,3902"/><TextEquiv><Unicode/></TextEquiv><TextEquiv index="1"><Unicode>appétiſſante. Elle me détâcha du pilier;</Unicode></TextEquiv></TextLine><TextLine id="l24"><Coords points="2460,4056 2459,4055 2295,4054 2295,4054 2295,4020 2294,4019 1012,4017 1012,4017 1012,4027 1011,4028 1008,4028 1007,4026 1007,4025 1006,4025 1005,4025 1005,4024 1005,4007 1004,4007 928,4006 924,4002 924,3937 925,3935 927,3935 928,3935 928,3933 928,3932 932,3932 933,3932 933,3931 934,3930 987,3931 988,3930 988,3920 989,3920 1124,3920 1124,3919 1124,3896 1125,3896 1356,3896 1356,3896 1356,3895 1357,3894 1971,3896 1973,3894 1978,3894 1981,3891 1985,3891 1985,3890 1985,3889 1986,3889 1992,3889 1994,3891 1997,3891 1998,3892 2027,3892 2029,3894 2042,3894 2042,3894 2042,3895 2043,3896 2044,3896 2044,3896 2044,3897 2045,3898 2140,3898 2141,3899 3086,3901 3086,3901 3086,3900 3087,3899 3104,3899 3106,3901 3237,3901 3242,3907 3242,3909 3244,3911 3244,3937 3244,3937 3245,3937 3246,3938 3246,3955 3246,3955 3294,3956 3297,3958 3297,3960 3297,3961 3298,3961 3299,3961 3299,3963 3301,3966 3303,3966 3304,3966 3304,3971 3303,3972 3303,3973 3301,3975 3301,3976 3300,3977 3297,3977 3297,3977 3297,3979 3296,3980 3272,3979 3271,3980 3249,3980 3249,3981 3249,4004 3248,4005 3248,4007 3246,4008 3203,4008 3202,4009 3200,4009 3198,4011 3069,4011 3067,4014 3067,4018 3066,4018 2790,4017 2789,4018 2696,4018 2696,4019 2696,4022 2694,4023 2477,4023 2477,4023 2477,4055 2476,4056"/><TextEquiv><Unicode/></TextEquiv><TextEquiv index="1"><Unicode>mais elle me laiſſoit les mains enchaî-</Unicode></TextEquiv></TextLine><TextLine id="l25"><Coords points="1779,4211 1778,4210 1746,4210 1745,4209 1744,4209 1743,4209 1743,4208 1745,4206 1745,4205 1746,4204 1767,4204 1767,4204 1767,4167 1767,4166 1452,4166 1450,4168 1438,4167 1437,4168 1378,4168 1376,4166 1374,4166 1373,4166 1373,4165 1373,4164 1302,4164 1301,4163 1181,4163 1180,4164 1127,4164 1125,4166 1113,4166 1111,4164 1108,4164 1107,4163 1041,4163 1037,4159 943,4158 942,4159 931,4159 931,4159 931,4158 930,4157 928,4157 926,4155 926,4148 926,4147 928,4147 929,4147 929,4145 929,4144 931,4144 933,4142 935,4142 938,4140 938,4102 937,4101 935,4101 933,4099 933,4098 932,4097 931,4097 929,4095 928,4095 927,4094 926,4094 926,4094 926,4088 930,4083 1009,4084 1010,4083 1010,4077 1012,4075 1012,4070 1012,4070 1045,4070 1046,4069 1046,4055 1047,4054 1049,4054 1050,4053 1050,4051 1052,4049 1066,4049 1067,4049 1067,4050 1067,4051 1068,4051 1069,4051 1069,4053 1070,4054 1070,4065 1070,4066 1097,4066 1098,4066 1098,4069 1098,4070 1099,4070 1100,4070 1100,4089 1100,4090 1157,4090 1158,4089 1158,4056 1158,4056 1159,4056 1160,4055 1160,4054 1160,4054 1166,4054 1167,4053 1167,4049 1167,4049 1171,4049 1172,4049 1172,4089 1172,4090 1174,4090 1175,4089 1175,4073 1175,4073 1178,4073 1179,4072 1179,4064 1180,4063 1180,4062 1181,4061 1183,4061 1184,4061 1184,4089 1184,4090 1189,4090 1194,4095 1196,4095 1199,4097 1199,4099 1201,4101 1201,4125 1201,4126 1272,4126 1273,4126 1273,4123 1278,4118 1278,4071 1278,4070 1279,4070 1280,4070 1280,4066 1282,4064 1282,4060 1282,4059 1284,4059 1285,4059 1285,4057 1285,4056 1286,4056 1287,4056 1287,4055 1287,4054 1289,4054 1291,4052 1293,4052 1294,4051 1296,4051 1298,4049 1312,4049 1313,4049 1313,4048 1313,4047 1320,4047 1322,4049 1334,4049 1336,4051 1338,4051 1339,4052 1340,4052 1342,4054 1344,4054 1346,4056 1346,4059 1347,4060 1347,4069 1349,4071 1349,4080 1349,4080 1389,4080 1390,4081 1390,4092 1390,4092 1399,4092 1400,4093 1523,4094 1525,4092 1530,4092 1532,4090 1614,4090 1616,4092 1704,4092 1705,4092 1705,4090 1705,4089 1749,4089 1750,4089 1750,4088 1750,4087 1752,4087 1753,4088 1753,4090 1755,4092 1755,4094 1755,4094 1786,4094 1787,4094 1787,4058 1790,4054 1797,4054 1798,4055 1798,4094 1798,4094 1946,4095 1947,4094 2043,4094 2044,4095 2116,4095 2118,4097 2223,4097 2225,4095 2242,4095 2243,4095 2243,4061 2245,4059 2245,4057 2245,4056 2254,4056 2256,4054 2354,4054 2355,4054 2355,4053 2356,4051 2358,4051 2359,4050 2360,4051 2362,4049 2369,4049 2371,4051 2380,4051 2383,4054 2385,4054 2386,4054 2386,4055 2386,4056 2478,4056 2479,4056 2479,4058 2481,4060 2481,4086 2481,4087 2500,4087 2501,4087 2501,4094 2501,4095 2598,4095 2599,4094 2644,4094 2648,4090 2660,4090 2661,4091 2661,4093 2665,4097 2768,4097 2770,4095 2812,4095 2813,4094 2846,4095 2849,4092 2849,4090 2849,4090 2856,4090 2858,4088 2862,4088 2864,4090 2866,4090 2868,4091 2868,4093 2868,4094 2927,4094 2928,4095 3026,4095 3027,4094 3027,4058 3029,4056 3031,4056 3033,4054 3049,4054 3050,4055 3050,4056 3052,4058 3052,4092 3052,4092 3138,4092 3140,4090 3228,4090 3229,4089 3230,4089 3234,4085 3243,4085 3244,4086 3244,4088 3245,4089 3284,4090 3289,4095 3291,4095 3292,4095 3292,4097 3295,4101 3296,4101 3297,4102 3299,4102 3306,4108 3306,4115 3305,4116 3298,4116 3298,4116 3298,4150 3296,4152 3296,4156 3295,4157 3289,4157 3289,4157 3289,4159 3285,4163 3278,4163 3277,4164 3272,4163 3271,4164 3163,4164 3161,4166 3159,4166 3158,4167 3158,4168 3158,4168 3109,4168 3108,4169 3090,4169 3089,4168 2984,4168 2983,4169 2981,4169 2979,4171 2974,4171 2972,4173 2859,4173 2858,4172 2750,4171 2749,4172 2749,4173 2749,4173 2743,4173 2741,4175 2738,4175 2737,4176 2726,4176 2723,4173 2650,4173 2649,4173 2649,4172 2647,4169 2542,4169 2541,4169 2541,4170 2541,4171 2540,4171 2539,4171 2539,4172 2539,4173 2456,4173 2455,4172 2455,4171 2455,4171 2437,4171 2436,4171 2436,4206 2436,4207 2432,4207 2431,4206 2431,4171 2431,4171 2399,4171 2398,4170 2398,4169 2398,4169 2316,4168 2315,4169 2312,4169 2310,4171 2284,4171 2282,4169 2255,4169 2254,4168 2188,4168 2187,4169 2187,4206 2189,4207 2190,4207 2190,4208 2190,4209 2191,4209 2192,4209 2192,4210 2192,4210 2172,4210 2171,4210 2172,4209 2174,4209 2174,4209 2174,4207 2175,4206 2175,4169 2175,4168 2169,4168 2168,4169 2138,4169 2137,4170 2137,4196 2136,4197 2133,4197 2131,4196 2131,4174 2131,4173 2095,4173 2093,4171 2090,4171 2087,4168 1990,4168 1989,4168 1989,4206 1990,4207 2069,4207 2071,4209 2073,4209 2073,4209 2073,4210 1990,4210 1989,4211 1940,4211 1939,4210 1939,4209 1939,4209 1930,4209 1928,4207 1926,4207 1923,4204 1921,4204 1920,4203 1920,4202 1920,4202 1919,4202 1918,4201 1918,4199 1918,4199 1916,4199 1915,4198 1915,4194 1913,4192 1913,4172 1913,4172 1809,4171 1808,4172 1808,4209 1808,4209 1806,4209 1804,4211"/><TextEquiv><Unicode/></TextEquiv><TextEquiv index="1"><Unicode>nées. Ses compagnes diſoient entre leurs</Unicode></TextEquiv></TextLine><TextLine id="l26"><Coords points="2109,4369 2107,4367 2105,4367 2103,4365 2100,4365 2099,4364 2093,4364 2092,4363 2092,4360 2092,4360 2091,4360 2090,4359 2089,4359 2087,4357 2086,4357 2085,4356 2085,4354 2083,4352 1916,4352 1915,4352 1915,4357 1914,4359 1806,4358 1805,4359 1805,4360 1805,4360 1802,4360 1801,4360 1801,4344 1801,4343 1588,4343 1585,4345 1585,4347 1585,4348 1582,4348 1581,4348 1581,4357 1579,4360 1519,4360 1518,4359 1518,4320 1518,4320 1338,4319 1337,4320 1337,4360 1337,4360 1168,4360 1167,4359 1167,4353 1167,4353 1049,4353 1048,4352 1048,4319 1048,4319 1035,4319 1034,4318 1034,4317 1034,4317 955,4316 953,4314 951,4314 950,4314 950,4313 950,4312 943,4312 940,4310 940,4308 940,4307 937,4307 936,4307 936,4306 933,4302 932,4302 931,4302 931,4299 931,4298 930,4298 929,4297 927,4297 926,4297 926,4288 924,4286 924,4272 925,4271 926,4271 926,4271 926,4265 928,4263 928,4258 931,4255 933,4255 933,4255 933,4253 936,4250 938,4250 938,4250 940,4248 940,4246 941,4245 943,4245 946,4242 956,4242 958,4240 971,4240 971,4240 971,4205 972,4204 979,4204 979,4204 979,4202 980,4201 984,4201 986,4200 993,4200 993,4200 993,4203 994,4204 996,4204 998,4206 998,4239 999,4240 1179,4240 1179,4240 1179,4244 1180,4245 1442,4245 1443,4244 1445,4245 1447,4243 1449,4243 1449,4242 1449,4240 1450,4239 1450,4230 1452,4228 1452,4220 1454,4218 1454,4214 1460,4209 1461,4209 1461,4208 1461,4207 1465,4204 1471,4204 1471,4203 1471,4202 1472,4202 1473,4202 1473,4201 1473,4200 1474,4200 1490,4200 1490,4200 1490,4201 1491,4202 1526,4202 1526,4202 1526,4203 1527,4204 1536,4204 1539,4207 1540,4207 1540,4207 1540,4208 1541,4209 1542,4209 1542,4209 1542,4213 1543,4214 1543,4216 1545,4218 1545,4244 1546,4245 1559,4245 1559,4245 1559,4246 1560,4247 1569,4247 1570,4248 1572,4248 1574,4250 1739,4250 1739,4250 1739,4210 1740,4209 1745,4209 1746,4210 1762,4210 1763,4212 1763,4219 1764,4220 1764,4243 1765,4243 1947,4244 1947,4243 1947,4211 1948,4211 2009,4211 2009,4210 2009,4209 2010,4209 2028,4209 2029,4210 2212,4210 2213,4209 2310,4209 2312,4212 2312,4214 2313,4214 2314,4214 2314,4215 2314,4244 2315,4244 2412,4245 2412,4245 2412,4249 2413,4250 2656,4250 2656,4250 2656,4246 2657,4245 2682,4245 2682,4246 2682,4248 2685,4251 2685,4252 2686,4252 2850,4253 2851,4252 2936,4252 2936,4251 2936,4211 2939,4209 2952,4209 2952,4208 2952,4207 2955,4205 3057,4205 3058,4204 3213,4204 3213,4205 3213,4207 3214,4207 3215,4207 3215,4208 3215,4223 3216,4223 3217,4223 3217,4224 3217,4240 3218,4240 3260,4240 3260,4241 3260,4242 3261,4242 3263,4242 3266,4245 3270,4245 3270,4246 3270,4248 3271,4248 3272,4248 3272,4249 3272,4251 3273,4252 3273,4254 3274,4254 3275,4254 3275,4255 3275,4294 3276,4294 3277,4295 3277,4295 3277,4296 3278,4297 3280,4297 3282,4299 3282,4301 3283,4302 3284,4302 3284,4302 3284,4304 3285,4305 3302,4305 3303,4306 3303,4318 3304,4319 3344,4319 3344,4319 3344,4325 3344,4326 3321,4326 3320,4326 3320,4328 3320,4329 3298,4329 3297,4329 3297,4335 3297,4336 3262,4335 3261,4336 3261,4341 3261,4341 3194,4341 3193,4342 3193,4358 3192,4359 3191,4359 3189,4358 3189,4354 3189,4353 3061,4353 3060,4353 3060,4325 3060,4324 2944,4324 2943,4323 2777,4322 2776,4323 2776,4355 2776,4355 2774,4355 2773,4355 2773,4323 2773,4322 2753,4322 2752,4323 2752,4324 2751,4325 2751,4327 2750,4328 2745,4328 2744,4329 2700,4329 2699,4330 2699,4343 2699,4343 2576,4343 2575,4343 2575,4347 2575,4348 2571,4348 2570,4348 2570,4365 2570,4366 2521,4366 2520,4367 2490,4367 2489,4366 2489,4336 2489,4336 2303,4335 2302,4336 2302,4367 2302,4367 2172,4367 2171,4368 2118,4368 2117,4369"/><TextEquiv><Unicode/></TextEquiv><TextEquiv index="1"><Unicode>dents, aſſez intelligiblement: „Fi, la</Unicode></TextEquiv></TextLine><TextLine id="l27"><Coords points="2137,4521 2136,4520 2045,4520 2044,4519 2031,4519 2031,4518 2031,4515 2030,4515 2027,4515 2027,4514 2027,4501 2026,4501 1953,4501 1953,4500 1953,4491 1952,4491 1929,4491 1929,4490 1929,4482 1928,4482 1765,4481 1765,4482 1765,4493 1764,4493 1679,4493 1679,4494 1679,4496 1678,4496 1612,4496 1612,4496 1612,4500 1607,4505 1607,4507 1606,4508 1604,4508 1602,4510 1600,4510 1598,4512 1590,4512 1590,4511 1590,4510 1589,4510 1580,4510 1580,4509 1580,4508 1579,4508 1549,4508 1548,4506 1548,4505 1547,4504 1547,4503 1546,4503 1545,4503 1545,4502 1545,4501 1544,4501 1543,4501 1543,4500 1543,4498 1542,4497 1542,4476 1541,4476 1392,4475 1392,4476 1392,4487 1390,4488 1387,4488 1387,4488 1387,4482 1386,4481 1322,4481 1322,4481 1322,4473 1321,4472 1280,4472 1280,4472 1280,4471 1279,4470 1119,4470 1115,4474 1109,4474 1106,4470 1106,4462 1105,4461 1105,4458 1104,4458 972,4457 971,4459 971,4461 969,4462 967,4462 966,4463 964,4463 964,4464 964,4465 963,4465 962,4465 962,4466 962,4467 961,4467 954,4467 952,4465 923,4465 919,4461 919,4453 922,4450 922,4448 924,4446 924,4398 926,4395 999,4396 1000,4395 1000,4386 1001,4386 1003,4386 1005,4383 1005,4379 1006,4379 1012,4379 1012,4379 1012,4380 1013,4381 1014,4381 1014,4381 1014,4383 1015,4384 1162,4384 1162,4383 1162,4377 1163,4377 1167,4377 1167,4376 1167,4360 1168,4360 1213,4360 1215,4358 1228,4358 1230,4360 1338,4360 1339,4362 1339,4369 1340,4369 1435,4369 1435,4370 1435,4373 1436,4373 1500,4374 1500,4374 1500,4376 1501,4377 1505,4377 1505,4377 1505,4378 1506,4379 1541,4379 1542,4380 1542,4399 1542,4400 1695,4400 1696,4400 1696,4384 1699,4381 1700,4381 1700,4381 1700,4380 1701,4379 1701,4376 1703,4374 1707,4374 1707,4374 1707,4373 1711,4369 1715,4369 1719,4365 1751,4365 1752,4364 1837,4364 1837,4365 1837,4369 1838,4369 1863,4369 1863,4370 1863,4401 1863,4401 1995,4402 1996,4401 1996,4377 1997,4377 2075,4377 2075,4376 2075,4369 2076,4369 2168,4369 2169,4368 2280,4368 2281,4367 2302,4367 2303,4368 2489,4369 2489,4368 2489,4367 2490,4367 2565,4367 2566,4366 2570,4366 2570,4366 2570,4382 2571,4383 2613,4383 2613,4384 2613,4386 2614,4386 2652,4386 2653,4388 2653,4389 2654,4389 2661,4389 2661,4390 2661,4400 2661,4400 2849,4401 2850,4400 2850,4385 2852,4384 2864,4384 2864,4383 2864,4367 2865,4367 2869,4367 2869,4367 2869,4368 2870,4369 2898,4369 2898,4369 2898,4383 2899,4384 2976,4384 2976,4384 2976,4394 2976,4395 3188,4395 3189,4395 3189,4382 3190,4381 3192,4381 3194,4379 3201,4379 3201,4380 3201,4381 3202,4381 3203,4381 3203,4382 3203,4384 3204,4384 3256,4384 3256,4385 3256,4394 3256,4394 3291,4395 3294,4397 3294,4399 3294,4400 3295,4400 3296,4400 3296,4404 3298,4406 3298,4409 3299,4410 3299,4416 3296,4419 3294,4419 3293,4420 3285,4420 3285,4420 3285,4471 3284,4472 3271,4471 3270,4472 3150,4472 3148,4474 3144,4474 3142,4476 3088,4476 3088,4477 3088,4501 3087,4501 3057,4501 3057,4502 3057,4516 3056,4516 3030,4516 3029,4517 2878,4517 2878,4516 2878,4513 2877,4513 2713,4512 2713,4513 2713,4518 2711,4519 2710,4518 2708,4518 2708,4518 2708,4511 2707,4510 2632,4510 2632,4510 2632,4492 2631,4491 2486,4491 2486,4491 2486,4493 2484,4495 2458,4495 2458,4495 2458,4505 2456,4507 2425,4507 2425,4507 2425,4509 2424,4510 2316,4509 2316,4510 2316,4512 2314,4513 2297,4513 2297,4514 2297,4515 2296,4515 2199,4515 2199,4516 2199,4518 2198,4518 2197,4518 2196,4519 2140,4519 2140,4520 2140,4521 2139,4521"/><TextEquiv><Unicode/></TextEquiv><TextEquiv index="1"><Unicode>“vilaine goulue, qui veut tout pour</Unicode></TextEquiv></TextLine><TextLine id="l28"><Coords points="2298,4684 2296,4683 2296,4679 2296,4678 2294,4678 2293,4678 2293,4674 2293,4673 1997,4673 1996,4672 1996,4667 1996,4667 1120,4665 1119,4664 1119,4628 1118,4627 1104,4627 1103,4626 1103,4624 1101,4622 1098,4622 1097,4621 955,4620 953,4618 920,4618 919,4617 918,4617 917,4616 917,4605 916,4604 914,4604 914,4604 914,4602 914,4601 921,4601 922,4601 922,4551 923,4549 1106,4550 1107,4549 1152,4549 1153,4548 1153,4531 1153,4531 1154,4531 1155,4530 1155,4513 1155,4513 1164,4513 1165,4512 1627,4513 1628,4512 1628,4508 1628,4508 1638,4508 1640,4509 1640,4511 1640,4512 1960,4513 1961,4514 3056,4516 3057,4517 3057,4518 3057,4518 3095,4518 3096,4519 3096,4520 3096,4520 3097,4520 3098,4521 3283,4522 3284,4522 3284,4552 3286,4555 3288,4555 3291,4557 3291,4559 3292,4560 3292,4565 3296,4570 3301,4570 3303,4571 3303,4574 3302,4575 3301,4575 3301,4575 3301,4576 3300,4577 3298,4577 3298,4577 3298,4606 3294,4610 3294,4614 3293,4615 3292,4615 3292,4615 3292,4617 3291,4618 3291,4620 3289,4622 3287,4622 3286,4623 3285,4623 3284,4623 3284,4624 3284,4625 3281,4625 3280,4625 3280,4626 3280,4627 3271,4626 3270,4627 3249,4627 3248,4628 3248,4659 3247,4660 3247,4667 3247,4667 2911,4667 2910,4667 2910,4674 2910,4675 2519,4674 2518,4674 2518,4675 2518,4676 2339,4675 2338,4676 2338,4684 2338,4684"/><TextEquiv><Unicode/></TextEquiv><TextEquiv index="1"><Unicode>“elle“! Ces Déeſſes, pour rentrer dans</Unicode></TextEquiv></TextLine><TextLine id="l29"><Coords points="2912,4852 2912,4851 2912,4850 2911,4850 2909,4850 2909,4849 2907,4849 2905,4847 2905,4843 2904,4842 2904,4832 2904,4832 1930,4830 1929,4830 1929,4842 1927,4844 1927,4846 1927,4847 1926,4847 1925,4847 1925,4848 1924,4849 1918,4849 1917,4850 1895,4849 1895,4849 1895,4834 1895,4833 1894,4833 1892,4831 1881,4831 1880,4831 1880,4822 1880,4821 1180,4820 1179,4819 1179,4817 1179,4817 974,4816 972,4815 972,4779 972,4778 929,4778 924,4774 924,4767 925,4766 928,4766 928,4766 928,4764 931,4761 933,4761 933,4761 933,4662 936,4659 941,4659 942,4658 948,4658 949,4659 956,4659 960,4663 962,4663 963,4664 1124,4665 1124,4665 1124,4677 1125,4678 2052,4680 2056,4675 2056,4673 2057,4673 2061,4673 2063,4671 2066,4671 2067,4670 2069,4670 2071,4668 2130,4668 2130,4669 2130,4673 2133,4675 3203,4677 3203,4677 3203,4674 3204,4673 3205,4673 3205,4673 3205,4671 3208,4668 3215,4668 3215,4668 3215,4667 3216,4666 3218,4666 3218,4666 3218,4664 3219,4663 3223,4663 3223,4664 3223,4667 3224,4667 3248,4667 3248,4668 3248,4702 3249,4702 3269,4702 3270,4703 3278,4704 3284,4710 3284,4712 3285,4713 3285,4718 3287,4720 3287,4729 3288,4730 3294,4730 3294,4730 3294,4760 3295,4761 3296,4761 3296,4761 3296,4775 3294,4777 3294,4779 3294,4780 3254,4779 3253,4780 3253,4814 3253,4814 3045,4814 3044,4814 3044,4826 3044,4827 2992,4827 2991,4827 2991,4844 2991,4845 2946,4845 2945,4845 2945,4851 2944,4852"/><TextEquiv><Unicode/></TextEquiv><TextEquiv index="1"><Unicode>leur couvent, paſſerent toutes par la</Unicode></TextEquiv></TextLine><TextLine id="l30"><Coords points="2013,4993 2011,4991 1767,4990 1767,4990 1767,4989 1766,4988 1760,4988 1760,4988 1760,4984 1758,4982 1758,4948 1757,4947 1463,4947 1462,4945 1462,4944 1461,4944 952,4942 952,4942 952,4941 951,4940 949,4940 947,4938 945,4938 943,4936 933,4936 933,4936 933,4845 926,4838 926,4836 926,4835 925,4835 924,4835 924,4828 926,4826 926,4819 927,4818 2585,4822 2585,4821 2585,4818 2586,4818 3220,4819 3221,4818 3225,4818 3225,4818 3225,4817 3226,4816 3227,4816 3227,4816 3227,4815 3228,4814 3240,4814 3242,4816 3244,4816 3246,4818 3254,4818 3256,4821 3256,4823 3257,4823 3258,4823 3258,4824 3258,4858 3258,4858 3279,4859 3281,4861 3284,4861 3287,4864 3289,4864 3291,4865 3291,4867 3292,4869 3293,4869 3294,4869 3294,4873 3296,4875 3296,4879 3297,4880 3297,4882 3297,4883 3305,4883 3306,4883 3306,4884 3306,4885 3308,4885 3309,4885 3309,4886 3311,4888 3311,4897 3308,4900 3306,4900 3306,4900 3306,4901 3303,4904 3303,4935 3302,4936 3300,4936 3294,4942 3289,4942 3286,4945 3270,4944 3269,4945 3112,4945 3110,4947 3009,4947 3009,4947 3009,4962 3007,4964 3007,4971 3005,4973 3005,4977 3004,4978 3003,4978 3003,4978 3003,4982 3002,4983 3000,4983 2995,4988 2986,4988 2986,4988 2986,4989 2985,4990 2984,4990 2983,4991 2983,4992 2982,4993 2055,4991 2053,4993"/><TextEquiv><Unicode/></TextEquiv><TextEquiv index="1"><Unicode>breche dont j'ai parlé. La Religieuſe</Unicode></TextEquiv></TextLine><TextEquiv><Unicode/></TextEquiv></TextRegion></Page></PcGts>