4266 6032
919 274 3294 454 “vous ſentez toutes les conſéquences
916 432 3296 613 “qui en réſulteroient, & l'idée qu'on
922 592 3298 752 “auroit de moi. J'aurois eu beau reſ-
897 749 3299 924 “ter innocente auprès de vous, comme
886 905 3301 1082 “je le dois, que des gens diaboliques
878 1057 3304 1237 “auroient la noirceur de n'en rien
878 1214 3308 1390 “croire; & telle eſt même l'opinion
878 1371 3304 1535 “publique, pardonnez-moi de le dire,
895 1528 3316 1701 “ou du moins de le penſer, que ce ſe-
934 1676 3315 1856 “roit...“. Ici je vis ma Religieuſe
933 1830 3320 2011 embarraſſée, & je repris, „que ce ſe-
941 1994 3339 2171 “roit de la vertu perdue, n'eſt-ce pas?
928 2152 3316 2321 “-- Que vous êtes méchant! reprit-
878 2302 3310 2477 “elle“. Enfin la perſonne mitonnée
885 2459 3316 2629 me parut une franche hypocrite. Je ne
891 2614 3313 2786 veux point ſcandaliſer les ames hon-
883 2770 3313 2939 nêtes, en leur offrant tous les détails
885 2929 3318 3093 qui me donnerent cette opinion de ma
881 3083 3318 3254 Capucine, ni leur rendre un compte
879 3238 3322 3412 exact de la nuit qu'il fallut paſſer dans
886 3389 3318 3562 ſa compagnie. Il eſt vrai que les cir-
878 3548 3316 3723 conſtances étoient contre elle; &, mal-
881 3708 3318 3870 gré mes bonnes intentions, elles étoient
881 3866 1934 4025 auſſi contre moi.
1043 3998 3322 4190 Le Chapitre féminin avoit décidé
881 4178 3325 4345 qu'on laiſſeroit cette matinée entiere
878 4337 3320 4506 aux jeunes Religieuſes, pour qu'elles
878 4491 3325 4658 puſſent ſe rétablir des fatigues de la nuit
878 4642 3325 4815 du Mardi Gras. Il paroît qu'on avoit
878 4802 3322 4993 daigné fermer les yeux, afin de leslaiſſer
