4266 6032
979 319 3334 498 jouir du bal dont j'ai parlé. Nos Prieures
971 481 3335 656 de France ne ſeroient probablement
983 634 2432 809 pas ſi complaiſantes.
1033 785 3365 958 Après une nuit paſſée, dirai - je en
917 943 3327 1109 bonne fortune? avec la Capucine, qui
965 1103 3328 1268 me parut plus contente de moi que je
974 1260 3322 1423 ne l'étois moi - même, je dis à cette
977 1414 3365 1579 belle: „Il faut que je vous quitte un
898 1567 3315 1729 “inſtant, ma chere amie; car enfin,
979 1719 3332 1886 “vous ſentez que je ſuis obligé d'aller
902 1882 3325 2039 “délivrer ma compagne“. En effet, la
898 2033 3325 2199 chere Artémiſe ne m'étoit point ſortie
898 2191 3322 2354 de la tête pendant toute la nuit. Je me
972 2345 3330 2512 la repréſentois entre les bras des auda-
898 2496 3323 2677 cieux Capucins, & je frémiſſois de ja-
964 2655 3315 2818 louſie & d'indignation. „Ah! cruel,
965 2811 3322 2972 “me dit la None, vous brûlez de me
964 2966 3311 3128 “fuir & de rejoindre votre complice.
909 3115 3340 3285 “Pourquoi ne pas la laiſſer où elle eſt?
965 3275 3323 3442 “Je vous jure qu'elle ne manquera de
904 3432 3313 3596 “rien. -- Je le crois bien, répondis-je;
900 3589 3318 3758 “mais je ne veuxpas, moi, que tout lui
907 3745 3313 3909 “ſoit fourni par des Capucins, & que
960 3898 3310 4065 “ſon honneur ſoit expoſé... --Qu'ap-
964 4054 3308 4224 “pelez-vous, ſon honneur! s'écria la
962 4214 3306 4377 “Religieuſe: ô Ciel! qu'oſez - vous
955 4367 3316 4534 “penſer ſur le compte des Séraphi-
955 4523 3327 4685 “ques? Ah! mon cher ami, ſon hon-
924 4676 3311 4846 “neur eſt en ſûreté chez les Capucins
938 4826 3313 5019 “autant que chez nous - mêmes. Ils
2897 4983 3315 5153 ſont
