<?xml version="1.0" encoding="UTF-8" standalone="no"?><PcGts xmlns="http://schema.primaresearch.org/PAGE/gts/pagecontent/2017-07-15" xmlns:xsi="http://www.w3.org/2001/XMLSchema-instance" xsi:schemaLocation="http://schema.primaresearch.org/PAGE/gts/pagecontent/2017-07-15 http://schema.primaresearch.org/PAGE/gts/pagecontent/2017-07-15/pagecontent.xsd"><Metadata><Creator/><Created>2020-10-14T10:36:17</Created><LastChange>1970-01-01T00:00:00</LastChange><Comments/></Metadata><Page imageFilename="0027.png" imageHeight="6032" imageWidth="4266"><TextRegion id="r1" orientation="1.125" type="paragraph"><Coords points="1,1 4264,1 4264,6030 1,6030"/><TextLine id="l1"><Coords points="3245,438 3244,436 3244,432 3242,431 3242,396 3241,396 3201,397 3200,396 3155,396 3152,393 3052,395 3051,394 3051,392 3050,391 3048,392 3047,391 3034,391 3034,390 3034,389 3033,389 2853,392 2852,393 2849,393 2845,389 2842,390 2842,390 2842,431 2842,432 2827,432 2826,431 2826,390 2825,390 2742,392 2742,391 2742,390 2740,389 2611,391 2611,391 2611,389 2610,388 2607,388 2607,388 2606,387 2606,386 2599,386 2598,386 2598,385 2598,384 2412,388 2410,386 2406,386 2405,385 2349,386 2348,385 2284,387 2283,386 2263,386 2262,385 2119,388 2118,388 2118,390 2118,391 2112,391 2110,389 2084,389 2083,388 2080,389 2079,389 2080,433 2080,434 2064,434 2063,433 2062,387 2062,387 2021,388 2020,388 2021,421 2021,422 2017,422 2016,421 2015,388 2015,388 1924,390 1923,391 1864,392 1863,393 1729,395 1728,396 1578,399 1578,400 1578,442 1577,443 1548,444 1547,443 1545,443 1543,442 1543,404 1542,403 1385,406 1384,407 1369,407 1367,406 1196,409 1196,409 1196,451 1196,452 1181,452 1180,452 1180,410 1179,409 1129,410 1127,412 1113,413 1112,412 1000,414 965,414 964,415 960,416 959,415 947,415 943,410 943,405 943,405 944,405 947,401 947,353 947,352 947,348 950,346 1050,344 1050,343 1050,324 1051,323 1051,320 1053,318 1053,316 1057,312 1057,309 1058,308 1058,304 1059,303 1060,303 1061,304 1069,303 1070,304 1070,308 1071,309 1073,309 1074,310 1074,314 1074,314 1075,314 1076,315 1076,317 1077,318 1077,334 1078,334 1111,334 1112,335 1120,334 1120,335 1120,336 1121,336 1237,334 1237,335 1237,336 1238,336 1239,336 1239,337 1239,339 1241,340 1242,340 1242,340 1242,341 1246,345 1247,375 1248,376 1381,373 1382,373 1381,309 1379,307 1375,307 1375,307 1375,306 1374,305 1368,305 1365,303 1364,303 1364,302 1364,298 1364,297 1364,294 1365,294 1366,294 1368,291 1375,291 1376,290 1393,290 1395,288 1400,288 1402,290 1416,290 1417,291 1418,290 1420,293 1421,327 1422,327 1468,327 1469,328 1469,329 1470,329 1476,329 1476,330 1476,331 1477,331 1632,328 1633,327 1652,327 1652,326 1652,324 1653,324 1711,323 1712,322 1763,321 1763,320 1763,314 1763,314 1764,314 1765,313 1765,302 1767,300 1767,298 1767,298 1768,298 1769,297 1769,295 1770,294 1771,294 1772,293 1774,293 1774,292 1774,289 1775,288 1784,288 1784,288 1784,284 1785,283 1787,283 1787,283 1787,281 1789,279 1793,279 1794,278 1812,278 1813,279 1815,279 1815,279 1815,280 1816,281 1817,281 1817,281 1817,282 1821,286 1949,283 1949,283 1949,281 1952,278 1955,278 1957,276 1965,276 1965,276 1965,277 1966,278 1970,278 1972,280 1972,285 1973,286 2102,283 2102,283 2102,282 2103,281 2104,281 2104,281 2104,279 2105,278 2119,278 2119,278 2119,285 2120,286 2121,286 2121,286 2122,314 2122,315 2180,314 2181,315 2194,314 2196,315 2198,315 2199,316 2272,315 2273,316 2353,314 2354,315 2432,314 2434,316 2513,314 2514,315 2554,314 2555,315 2559,315 2560,316 2732,313 2733,311 2733,309 2733,309 2740,309 2741,310 2743,309 2745,310 2747,310 2747,311 2747,313 2749,315 2749,316 2750,316 2855,314 2856,316 2856,317 2857,317 2866,317 2867,318 2912,317 2912,317 2912,284 2913,283 2912,279 2913,278 2924,278 2924,278 2924,279 2925,280 3050,277 3051,276 3058,276 3060,278 3097,278 3099,280 3100,285 3100,285 3238,283 3239,283 3239,287 3239,288 3240,288 3241,288 3241,290 3242,291 3242,319 3243,320 3301,319 3302,320 3304,319 3306,322 3306,324 3307,324 3309,324 3311,326 3337,326 3337,326 3337,328 3338,329 3340,329 3341,329 3341,330 3342,331 3342,337 3341,338 3340,338 3340,338 3340,342 3339,343 3311,343 3311,344 3311,345 3310,345 3309,346 3308,346 3308,347 3308,350 3307,350 3303,350 3301,353 3296,353 3296,353 3296,354 3295,355 3294,355 3294,355 3294,364 3289,370 3287,370 3285,371 3285,375 3284,376 3284,379 3283,381 3282,381 3280,383 3280,385 3279,386 3279,388 3278,389 3277,389 3277,390 3277,391 3276,391 3275,391 3275,392 3275,394 3273,396 3273,398 3272,399 3272,401 3270,403 3270,406 3268,408 3268,415 3267,416 3267,426 3266,427 3264,427 3263,428 3263,429 3263,429 3262,429 3261,430 3262,432 3261,432 3253,432 3253,433 3253,437 3252,438"/><TextEquiv><Unicode/></TextEquiv><TextEquiv index="1"><Unicode>nêtre. Je profitai du moment où il n'y</Unicode></TextEquiv></TextLine><TextLine id="l2"><Coords points="3194,596 3194,595 3193,577 3193,577 3170,577 3168,576 3168,551 3167,550 3010,553 3010,554 3010,587 3010,587 3007,587 3007,588 3007,589 3006,589 3005,589 3005,590 3005,592 3004,592 3002,592 3001,591 2972,592 2972,592 2972,591 2971,590 2909,591 2909,591 2908,550 2907,549 2759,552 2759,553 2759,568 2757,570 2757,572 2756,573 2756,575 2756,575 2755,575 2754,576 2754,577 2754,577 2753,577 2752,578 2752,580 2752,580 2750,580 2749,581 2749,582 2749,582 2740,583 2739,583 2739,585 2738,587 2709,587 2708,587 2708,585 2708,584 2706,584 2704,582 2549,585 2548,586 2548,587 2548,587 2540,588 2539,587 2535,587 2534,586 2534,582 2534,582 2533,582 2532,581 2532,580 2532,580 2531,580 2530,579 2529,540 2529,540 2288,544 2288,545 2288,547 2286,549 2286,551 2285,552 2285,553 2282,556 2281,556 2281,556 2281,559 2280,560 2279,560 2278,561 2275,561 2273,563 2273,565 2271,567 2263,567 2260,564 2260,546 2259,545 2090,548 2090,549 2090,551 2089,551 2087,551 2087,551 2087,547 2086,546 2082,547 2081,546 2054,546 2053,545 1995,546 1994,545 1874,548 1874,548 1874,593 1874,594 1854,594 1853,594 1853,549 1852,548 1829,548 1829,549 1829,551 1828,551 1777,552 1777,553 1777,554 1776,555 1674,557 1673,556 1660,556 1659,555 1436,559 1435,560 1337,562 1337,563 1337,602 1336,603 1300,604 1297,601 1297,564 1296,564 1002,570 1000,572 979,572 979,573 979,580 978,580 971,580 966,575 962,575 961,574 961,573 960,573 957,573 956,572 950,572 950,571 950,568 949,568 947,568 946,567 944,567 943,565 943,563 941,561 940,556 941,555 941,547 943,545 943,507 945,505 949,505 952,501 952,499 953,499 1119,495 1120,494 1179,493 1179,493 1179,454 1180,452 1195,452 1196,453 1198,453 1199,453 1199,457 1199,458 1316,456 1317,457 1318,456 1320,458 1320,489 1321,489 1398,488 1399,487 1404,487 1405,486 1416,486 1419,489 1585,485 1586,484 1591,484 1591,484 1591,450 1592,448 1596,448 1598,446 1600,446 1602,444 1604,444 1605,443 1610,443 1610,443 1610,446 1611,447 1612,477 1613,478 1815,474 1815,473 1815,460 1815,460 1816,460 1817,459 1817,451 1818,450 1818,446 1818,445 1818,444 1820,442 1820,440 1822,439 1824,439 1825,438 1831,437 1833,439 1834,439 1834,440 1835,478 1836,478 2063,474 2063,473 2063,444 2063,443 2063,434 2064,434 2080,434 2080,434 2080,437 2082,439 2083,474 2084,474 2131,474 2132,475 2154,474 2155,475 2214,474 2215,475 2217,475 2217,475 2217,477 2219,479 2369,476 2369,475 2369,448 2370,447 2370,445 2374,440 2374,438 2375,438 2377,438 2377,437 2377,436 2378,436 2381,436 2381,435 2381,432 2382,432 2392,431 2394,429 2400,429 2400,430 2400,431 2402,432 2408,432 2408,433 2408,434 2409,434 2410,434 2410,435 2410,436 2411,436 2412,436 2414,438 2415,438 2416,439 2417,439 2418,440 2550,437 2551,439 2552,440 2555,443 2555,468 2556,468 2557,468 2558,470 2558,475 2559,475 2618,474 2620,476 2735,474 2736,475 2823,473 2823,472 2823,436 2823,435 2823,432 2824,432 2843,432 2843,432 2844,474 2845,475 2895,474 2896,475 2946,474 2948,476 2948,478 2949,478 3020,477 3022,479 3027,479 3028,480 3117,478 3117,478 3117,444 3119,442 3119,440 3121,437 3129,437 3132,439 3132,441 3134,443 3134,445 3134,446 3274,443 3275,444 3275,446 3275,446 3276,446 3277,447 3277,448 3277,448 3279,448 3280,448 3280,462 3282,464 3283,485 3283,486 3298,486 3301,489 3302,489 3303,490 3305,489 3306,490 3307,538 3308,539 3308,551 3307,551 3306,551 3306,552 3306,556 3305,556 3301,557 3300,558 3299,558 3299,558 3299,559 3299,560 3206,561 3205,562 3206,595 3205,595"/><TextEquiv><Unicode/></TextEquiv><TextEquiv index="1"><Unicode>avoit pas de témoins, &amp; je grimpai, à</Unicode></TextEquiv></TextLine><TextLine id="l3"><Coords points="3114,747 3112,745 3111,707 3110,706 3101,707 3100,706 3097,706 3095,704 3067,704 3066,703 2860,707 2860,708 2861,744 2860,744 2843,745 2843,744 2843,743 2842,743 2696,745 2696,745 2696,744 2695,744 2575,746 2574,745 2572,745 2572,744 2571,743 2571,743 2464,745 2463,745 2463,706 2462,705 2395,706 2395,706 2395,700 2394,699 2311,701 2310,700 2089,704 2087,706 1960,709 1960,709 1960,728 1954,735 1954,737 1954,737 1950,737 1949,738 1948,738 1946,740 1945,740 1944,741 1944,742 1944,742 1942,742 1939,745 1937,745 1935,747 1926,748 1925,749 1916,749 1915,748 1915,747 1915,747 1904,747 1903,747 1903,745 1903,744 1901,744 1899,742 1895,742 1894,742 1894,740 1891,737 1891,733 1889,731 1889,711 1888,710 1874,711 1873,710 1693,713 1692,714 1674,715 1674,715 1674,752 1674,753 1658,753 1657,752 1657,711 1656,711 1438,715 1438,716 1438,718 1437,719 1437,721 1436,721 1433,721 1433,721 1433,717 1432,716 1421,717 1420,716 1266,719 1264,721 1257,721 1255,723 1109,726 1108,727 1100,727 1100,727 1101,766 1100,767 1089,767 1089,767 1088,729 1087,728 963,731 962,730 957,730 957,729 957,728 956,728 950,728 948,726 945,726 945,725 945,718 947,716 954,716 955,715 953,619 954,618 1000,617 1002,615 1102,613 1103,612 1103,610 1105,608 1114,608 1115,609 1119,608 1122,611 1122,612 1122,612 1195,611 1196,611 1196,612 1196,613 1198,613 1199,613 1199,623 1201,625 1201,649 1202,650 1300,648 1300,647 1300,604 1300,604 1331,603 1332,604 1419,603 1420,604 1460,603 1468,610 1468,617 1469,618 1469,642 1470,643 1693,638 1693,638 1693,624 1693,623 1695,623 1700,628 1700,640 1701,640 1853,637 1853,637 1853,599 1853,598 1853,595 1854,594 1874,594 1874,594 1875,634 1876,635 2018,632 2020,634 2023,634 2024,635 2183,632 2183,631 2183,629 2184,629 2185,629 2185,628 2185,612 2187,610 2187,609 2188,608 2188,604 2190,602 2190,600 2190,599 2191,599 2192,599 2192,598 2192,597 2194,597 2196,595 2197,595 2197,595 2197,593 2198,592 2200,592 2200,592 2200,590 2201,589 2202,589 2202,589 2202,588 2203,587 2221,587 2223,585 2227,585 2229,587 2234,587 2234,587 2234,588 2235,589 2236,626 2237,626 2336,625 2337,626 2345,625 2345,626 2345,627 2346,627 2475,625 2477,627 2573,625 2573,625 2573,627 2575,629 2633,628 2635,630 2635,631 2636,632 2789,629 2790,628 2795,628 2796,629 2907,626 2907,626 2907,594 2909,591 2925,591 2926,591 2926,628 2927,629 3034,627 3035,628 3037,628 3037,628 3038,629 3038,631 3040,633 3191,630 3191,629 3191,598 3192,597 3193,597 3194,596 3245,595 3248,592 3252,592 3253,593 3269,592 3270,593 3270,597 3270,597 3272,597 3273,598 3274,659 3274,659 3303,659 3304,660 3305,660 3306,660 3306,661 3307,661 3308,661 3308,662 3308,670 3310,672 3310,683 3308,685 3307,685 3306,686 3306,687 3306,688 3305,689 3304,689 3303,690 3251,691 3251,691 3251,705 3250,706 3147,708 3147,708 3148,742 3146,744 3144,744 3144,744 3144,746 3143,747"/><TextEquiv><Unicode/></TextEquiv><TextEquiv index="1"><Unicode>l'aide d'une vigne ſauvage qui tapiſ-</Unicode></TextEquiv></TextLine><TextLine id="l4"><Coords points="2728,900 2727,899 2701,899 2701,899 2700,863 2699,862 2644,864 2644,864 2644,896 2644,897 2605,897 2605,897 2604,896 2603,895 2603,856 2602,855 2517,857 2516,856 2317,860 2317,860 2317,891 2317,892 2296,892 2295,893 2295,895 2295,895 2293,895 2291,894 2291,861 2290,860 2237,862 2236,861 2223,861 2223,860 2223,859 2222,859 2218,859 2216,857 2043,860 2042,861 2039,861 2039,862 2039,864 2038,864 1932,867 1930,865 1858,866 1857,865 1793,866 1792,865 1633,868 1632,869 1605,870 1604,871 1460,874 1458,876 1442,876 1442,876 1442,874 1441,873 1282,876 1282,877 1282,878 1281,878 1148,881 1148,881 1148,882 1147,883 1043,885 1042,886 979,887 978,888 978,891 977,892 971,892 969,891 969,888 967,886 967,884 966,883 964,884 963,883 957,883 957,882 957,881 956,881 948,881 948,880 947,814 947,814 952,814 955,810 955,809 956,809 957,809 957,808 957,790 960,787 960,785 960,785 961,785 962,784 962,783 962,783 964,782 965,782 965,780 966,778 970,778 971,778 971,777 974,773 983,773 986,771 986,769 986,768 992,768 993,767 993,766 993,766 1000,766 1002,768 1006,768 1007,769 1207,765 1208,764 1210,764 1211,764 1211,766 1213,768 1213,772 1213,773 1214,773 1215,773 1215,804 1216,805 1591,797 1593,795 1655,794 1655,793 1655,756 1657,754 1657,753 1657,753 1715,752 1716,753 1757,752 1758,752 1758,754 1760,756 1760,793 1761,794 1932,791 1932,790 1932,755 1934,752 1965,752 1967,750 1968,751 1982,751 1984,752 1986,752 1987,753 1987,788 1988,788 2032,788 2033,789 2035,788 2036,789 2169,787 2170,788 2329,785 2331,783 2338,783 2339,784 2341,783 2342,784 2453,782 2453,782 2453,764 2455,762 2455,753 2456,752 2456,749 2459,745 2462,745 2463,744 2464,745 2468,745 2469,745 2469,746 2469,747 2574,745 2575,746 2590,746 2591,746 2591,747 2591,748 2714,745 2715,746 2715,747 2715,747 2860,744 2861,745 2861,748 2861,748 2948,747 2949,748 2959,747 2960,748 2960,752 2960,752 2961,752 2962,753 2962,778 2963,778 2964,778 2964,779 2964,783 2965,783 3000,783 3001,784 3007,783 3007,784 3007,785 3008,785 3177,782 3177,782 3177,759 3179,757 3179,753 3179,752 3188,752 3189,752 3189,753 3189,754 3190,754 3191,754 3192,793 3192,794 3240,793 3241,794 3294,793 3296,795 3298,795 3299,795 3299,796 3299,797 3300,797 3301,797 3301,798 3301,799 3302,799 3303,799 3303,837 3304,838 3305,839 3304,840 3304,853 3301,856 3301,859 3299,861 3297,861 3296,862 3296,863 3295,864 3292,864 3292,864 3292,865 3292,866 3276,866 3275,866 3275,864 3274,863 3227,864 3227,864 3227,863 3226,862 3222,862 3221,861 3216,861 3215,860 3171,861 3170,860 3123,861 3121,859 3117,859 3117,859 3117,858 3116,857 3024,859 3024,859 3024,858 3023,857 3012,857 3011,856 2952,857 2949,855 2761,858 2760,859 2759,859 2759,860 2759,861 2758,861 2732,862 2732,862 2733,899 2732,900"/><TextEquiv><Unicode/></TextEquiv><TextEquiv index="1"><Unicode>ſoit la muraille. Je me précipitai dansles</Unicode></TextEquiv></TextLine><TextLine id="l5"><Coords points="2692,1055 2692,1054 2692,1053 2691,1053 2479,1057 2479,1056 2479,1055 2478,1055 2477,1055 2477,1054 2477,1053 2476,1053 2475,1053 2475,1052 2474,1016 2473,1016 2396,1017 2396,1017 2396,1016 2395,1015 2391,1016 2390,1015 2341,1016 2339,1014 2252,1015 2251,1014 2151,1016 2151,1017 2152,1058 2151,1058 2135,1059 2135,1058 2134,1017 2133,1017 2047,1018 2046,1019 2005,1020 2004,1021 1995,1021 1994,1020 1965,1021 1965,1020 1965,1019 1964,1019 1736,1023 1735,1024 1731,1024 1729,1027 1583,1029 1583,1030 1583,1031 1582,1031 1577,1032 1576,1031 1559,1031 1558,1030 1380,1033 1379,1034 1375,1034 1375,1035 1375,1036 1375,1036 1374,1037 1372,1036 1359,1036 1358,1035 1070,1040 1069,1041 996,1043 993,1046 987,1046 986,1045 969,1045 966,1043 962,1043 960,1041 958,1041 957,1040 957,1022 956,1022 955,1022 955,1021 953,948 952,947 950,947 948,945 948,943 948,943 946,943 945,942 945,933 945,933 949,933 950,932 950,931 950,931 957,931 959,929 961,929 962,928 964,928 965,929 978,928 981,931 982,966 982,966 1117,964 1118,965 1229,962 1230,962 1229,954 1230,953 1296,952 1296,952 1296,925 1298,922 1303,922 1304,921 1306,921 1308,919 1315,919 1316,919 1316,921 1320,925 1321,962 1321,963 1499,959 1501,957 1563,956 1564,955 1609,954 1610,952 1610,951 1614,948 1617,948 1618,947 1626,947 1627,948 1667,947 1668,948 1670,948 1671,949 1671,952 1672,953 1841,949 1842,948 1872,948 1872,947 1872,912 1872,912 1874,912 1876,910 1878,910 1880,908 1891,907 1894,910 1894,912 1894,912 1895,912 1896,913 1896,946 1897,946 2056,943 2057,944 2331,939 2332,938 2339,938 2340,939 2341,939 2343,940 2345,940 2346,941 2407,940 2408,941 2413,941 2415,943 2685,938 2685,937 2685,931 2686,931 2687,931 2687,930 2687,919 2687,919 2688,919 2689,918 2689,914 2692,911 2692,909 2697,904 2697,903 2697,902 2699,902 2701,901 2701,900 2701,899 2727,899 2728,900 2732,900 2735,902 2735,938 2736,939 2761,938 2762,939 2848,938 2849,939 2895,938 2896,939 2921,938 2921,939 2921,940 2922,940 2926,940 2927,941 2929,941 2930,942 2989,941 2991,943 2995,943 2995,943 2996,945 2997,947 2999,947 3000,948 3001,948 3003,949 3003,950 3003,950 3205,947 3206,946 3206,942 3207,940 3208,940 3208,940 3208,937 3209,936 3210,936 3210,936 3210,934 3211,933 3211,929 3212,928 3213,928 3213,928 3213,924 3215,922 3217,922 3222,917 3223,917 3224,916 3225,916 3225,916 3225,913 3225,912 3229,912 3234,907 3255,907 3256,908 3267,907 3280,920 3280,922 3281,922 3285,922 3285,922 3285,923 3286,924 3287,924 3287,924 3287,925 3288,926 3289,926 3289,926 3289,927 3290,928 3292,928 3294,930 3294,932 3295,933 3297,933 3297,933 3298,942 3299,943 3299,949 3299,950 3300,950 3301,950 3301,959 3303,961 3303,963 3304,964 3304,973 3303,974 3303,976 3299,980 3299,983 3298,984 3298,991 3298,992 3297,992 3296,993 3296,995 3294,997 3294,999 3293,1000 3292,1000 3292,1000 3292,1001 3290,1003 3288,1003 3286,1005 3284,1005 3284,1005 3284,1007 3281,1010 3279,1010 3274,1015 3265,1015 3265,1016 3265,1017 3264,1017 3263,1017 3263,1018 3263,1019 3263,1019 3261,1019 3259,1021 3258,1022 3257,1021 3255,1021 3253,1019 3240,1019 3239,1018 3239,1017 3238,1017 3236,1017 3234,1015 3230,1015 3229,1014 3229,1013 3228,1012 3227,1012 3227,1012 3227,1011 3226,1010 3222,1010 3221,1009 3039,1013 3037,1015 3029,1015 3028,1014 2974,1015 2973,1014 2971,1014 2971,1014 2971,1013 2970,1012 2967,1012 2967,1012 2967,1011 2966,1010 2962,1010 2961,1009 2914,1010 2913,1009 2708,1013 2708,1014 2709,1054 2708,1054"/><TextEquiv><Unicode/></TextEquiv><TextEquiv index="1"><Unicode>bras de cette charmante perſonne. „O</Unicode></TextEquiv></TextLine><TextLine id="l6"><Coords points="2823,1215 2823,1215 2823,1214 2822,1213 2821,1213 2820,1212 2739,1214 2739,1213 2738,1170 2737,1170 2732,1170 2731,1169 2654,1170 2653,1169 2623,1170 2623,1170 2623,1169 2622,1168 2500,1170 2499,1169 2463,1170 2462,1169 2260,1173 2259,1174 2257,1174 2256,1175 2245,1175 2244,1174 2240,1175 2239,1174 2235,1174 2234,1173 1980,1178 1979,1179 1965,1179 1964,1178 1917,1179 1915,1177 1733,1180 1732,1181 1671,1183 1671,1183 1671,1184 1669,1186 1541,1188 1540,1189 1529,1189 1528,1189 1388,1191 1387,1191 1387,1190 1387,1189 1125,1194 1123,1196 1121,1197 1120,1196 1113,1196 1112,1195 1022,1196 1021,1195 984,1196 983,1196 983,1194 983,1193 953,1194 950,1191 949,1137 948,1136 948,1129 948,1129 1113,1126 1114,1125 1192,1123 1193,1122 1237,1121 1238,1120 1240,1120 1241,1119 1251,1119 1253,1117 1258,1117 1260,1119 1269,1119 1272,1122 1423,1119 1424,1118 1423,1079 1423,1079 1424,1079 1425,1078 1432,1077 1433,1076 1437,1076 1439,1074 1443,1074 1444,1075 1444,1077 1445,1078 1445,1082 1447,1084 1448,1114 1448,1114 1603,1111 1604,1110 1605,1110 1607,1108 1761,1105 1762,1103 1762,1100 1763,1099 1763,1093 1764,1093 1765,1093 1765,1092 1765,1088 1767,1086 1767,1083 1769,1081 1769,1079 1770,1078 1770,1074 1770,1074 1771,1074 1772,1073 1772,1071 1774,1069 1774,1067 1778,1063 1779,1064 1784,1063 1788,1067 1790,1067 1791,1068 1791,1072 1793,1074 1793,1076 1794,1077 1794,1078 1796,1080 1796,1082 1798,1084 1798,1086 1800,1088 1800,1091 1801,1092 1801,1094 1803,1096 1803,1098 1804,1098 1805,1098 1805,1099 1805,1100 1806,1100 1970,1097 1970,1096 1970,1083 1971,1082 1971,1075 1973,1073 1973,1067 1973,1067 1976,1067 1977,1066 1977,1065 1977,1065 2134,1062 2135,1061 2135,1059 2135,1059 2202,1057 2204,1055 2218,1055 2220,1057 2225,1057 2227,1059 2332,1057 2333,1057 2333,1058 2333,1059 2419,1057 2420,1058 2548,1055 2549,1056 2549,1057 2549,1057 2708,1054 2709,1055 2709,1064 2709,1064 2839,1062 2842,1064 2842,1066 2842,1067 2844,1067 2845,1067 2845,1096 2846,1097 2896,1096 2898,1098 2901,1098 2902,1099 3053,1096 3054,1096 3054,1098 3054,1099 3085,1098 3086,1098 3086,1099 3086,1100 3179,1098 3181,1100 3181,1101 3181,1101 3182,1101 3184,1103 3186,1103 3187,1104 3243,1103 3246,1105 3246,1124 3247,1125 3306,1124 3306,1124 3306,1126 3307,1127 3308,1127 3308,1127 3309,1161 3310,1162 3310,1166 3309,1167 3308,1167 3308,1167 3308,1169 3307,1170 3182,1172 3180,1174 2967,1178 2966,1179 2966,1180 2964,1182 2964,1184 2964,1184 2963,1184 2962,1185 2962,1186 2962,1186 2961,1186 2960,1187 2960,1191 2960,1191 2955,1191 2954,1193 2848,1195 2847,1195 2847,1198 2846,1200 2845,1200 2845,1200 2845,1202 2843,1204 2843,1205 2842,1206 2840,1206 2840,1206 2840,1210 2839,1211 2834,1211 2832,1213 2830,1213 2828,1215"/><TextEquiv><Unicode/></TextEquiv><TextEquiv index="1"><Unicode>“ma chere Artémiſe! lui dis-je, avez-</Unicode></TextEquiv></TextLine><TextLine id="l7"><Coords points="2947,1369 2947,1368 2946,1329 2946,1329 2834,1331 2833,1332 2832,1332 2831,1332 2831,1336 2830,1337 2830,1339 2826,1344 2824,1344 2822,1346 2820,1346 2819,1347 2810,1347 2809,1347 2809,1324 2808,1323 2732,1325 2731,1324 2577,1327 2577,1326 2577,1325 2576,1325 2563,1325 2563,1325 2563,1324 2562,1323 2561,1323 2561,1323 2561,1322 2560,1321 2558,1321 2557,1320 2551,1320 2551,1320 2551,1317 2550,1316 2548,1317 2546,1315 2545,1315 2544,1313 2544,1311 2538,1305 2537,1304 2534,1301 2534,1300 2534,1300 2291,1305 2290,1305 2291,1322 2290,1323 2290,1327 2287,1330 2210,1331 2209,1332 2204,1332 2203,1331 2051,1334 1985,1336 1985,1337 1898,1338 1897,1339 1898,1376 1896,1377 1886,1378 1885,1377 1859,1377 1858,1376 1857,1339 1857,1338 1784,1340 1783,1339 1775,1339 1774,1338 1774,1337 1773,1337 1612,1340 1610,1342 1558,1343 1557,1344 1506,1345 1505,1346 1379,1348 1378,1349 1377,1350 1376,1349 1150,1353 1149,1354 1142,1354 1141,1354 1141,1352 1139,1349 985,1352 984,1351 954,1352 953,1351 951,1351 950,1350 950,1339 951,1338 950,1286 952,1284 961,1284 962,1285 964,1285 966,1287 1128,1283 1129,1282 1211,1281 1214,1278 1305,1276 1306,1275 1308,1275 1310,1273 1324,1273 1325,1274 1330,1273 1332,1275 1332,1276 1332,1276 1488,1273 1489,1273 1488,1254 1489,1253 1490,1253 1490,1253 1490,1249 1492,1247 1492,1238 1495,1234 1496,1234 1497,1234 1497,1233 1497,1232 1614,1230 1616,1232 1618,1232 1619,1232 1620,1267 1620,1268 1725,1266 1726,1265 1726,1263 1726,1263 1827,1261 1827,1260 1827,1251 1828,1251 1829,1251 1829,1250 1829,1237 1832,1234 1832,1232 1832,1232 1835,1231 1837,1230 1837,1228 1837,1227 1841,1227 1844,1225 1844,1223 1844,1222 1848,1222 1850,1220 1852,1220 1853,1220 1853,1218 1853,1217 1866,1217 1867,1218 1870,1218 1874,1222 1876,1222 1877,1222 1878,1263 1878,1264 2032,1261 2033,1260 2032,1242 2033,1241 2033,1238 2035,1236 2035,1232 2035,1232 2036,1232 2037,1231 2038,1230 2039,1230 2039,1228 2044,1222 2048,1222 2049,1222 2049,1221 2049,1220 2051,1220 2053,1218 2063,1218 2065,1220 2273,1216 2274,1215 2274,1213 2274,1213 2275,1213 2277,1211 2282,1211 2283,1210 2291,1210 2292,1211 2294,1210 2295,1211 2298,1211 2304,1217 2306,1217 2309,1220 2309,1222 2309,1222 2311,1222 2312,1223 2312,1227 2312,1227 2313,1227 2314,1228 2315,1279 2315,1279 2521,1275 2522,1275 2522,1262 2522,1261 2523,1261 2524,1260 2524,1254 2525,1252 2525,1248 2527,1246 2527,1244 2528,1244 2529,1244 2529,1243 2529,1241 2530,1240 2530,1238 2534,1234 2534,1232 2537,1229 2537,1227 2537,1227 2540,1227 2541,1226 2541,1224 2543,1222 2545,1222 2546,1221 2548,1220 2551,1217 2555,1217 2556,1217 2556,1216 2556,1215 2558,1215 2562,1211 2571,1211 2572,1210 2588,1210 2589,1211 2596,1211 2597,1212 2601,1211 2603,1213 2603,1215 2603,1215 2605,1215 2606,1216 2897,1211 2900,1213 2900,1215 2902,1217 2903,1253 2903,1254 2932,1253 2933,1254 2990,1253 2991,1254 3055,1253 3056,1254 3106,1253 3107,1254 3130,1253 3131,1254 3131,1255 3131,1255 3245,1253 3248,1255 3248,1277 3249,1278 3292,1277 3293,1278 3305,1278 3306,1279 3306,1282 3308,1284 3308,1288 3310,1290 3309,1291 3310,1302 3308,1304 3308,1313 3306,1315 3255,1316 3255,1316 3255,1323 3254,1325 3178,1326 3177,1327 3175,1327 3174,1328 3172,1328 3170,1330 3159,1331 3153,1325 2964,1328 2963,1329 2964,1368 2963,1368"/><TextEquiv><Unicode/></TextEquiv><TextEquiv index="1"><Unicode>“vous été reſpectée? -- Oui, heureu-</Unicode></TextEquiv></TextLine><TextLine id="l8"><Coords points="3237,1524 3237,1524 3237,1521 3236,1520 3062,1523 3062,1523 3062,1522 3061,1521 3059,1522 3058,1520 3058,1513 3057,1513 1495,1543 1495,1544 1476,1545 1475,1544 1475,1520 1474,1520 920,1531 919,1530 918,1530 917,1528 917,1527 918,1526 1474,1515 1474,1514 1474,1505 1474,1505 1399,1506 1398,1505 1195,1509 1194,1509 1194,1508 1194,1507 1190,1507 1189,1506 1184,1506 1183,1505 991,1509 990,1509 990,1506 990,1505 959,1506 957,1504 957,1495 958,1494 957,1444 957,1444 1128,1440 1132,1437 1132,1435 1134,1433 1134,1421 1134,1420 1134,1419 1136,1417 1136,1414 1137,1413 1137,1409 1139,1407 1139,1405 1140,1404 1141,1404 1141,1404 1141,1403 1142,1402 1143,1402 1144,1401 1144,1399 1146,1397 1149,1397 1153,1392 1162,1392 1164,1390 2313,1367 2314,1366 2330,1366 2331,1366 2331,1367 2331,1368 2332,1368 2333,1368 2333,1370 2334,1372 2531,1368 2532,1369 2572,1368 2577,1372 2577,1375 2577,1376 2963,1368 2964,1369 2964,1371 2966,1373 2967,1409 2967,1409 3105,1407 3108,1410 3249,1407 3250,1408 3303,1407 3304,1407 3304,1408 3304,1409 3305,1409 3306,1409 3306,1411 3307,1413 3308,1413 3310,1414 3310,1417 3311,1418 3311,1436 3311,1437 3309,1437 3308,1438 3303,1438 3302,1438 3303,1483 3302,1485 3248,1486 3247,1486 3248,1523 3247,1524"/><TextEquiv><Unicode/></TextEquiv><TextEquiv index="1"><Unicode>“ſement, me répondit-elle; mais pour</Unicode></TextEquiv></TextLine><TextLine id="l9"><Coords points="3167,1676 3167,1676 3166,1637 3166,1636 2988,1640 2987,1640 2988,1675 2987,1676 2976,1676 2976,1676 2976,1675 2975,1674 2958,1675 2957,1674 2950,1674 2950,1673 2950,1672 2949,1672 2948,1672 2948,1671 2947,1638 2947,1638 2830,1640 2828,1638 2826,1638 2825,1637 2767,1638 2766,1638 2766,1637 2766,1636 2762,1636 2760,1634 2753,1635 2751,1634 2593,1637 2592,1638 2588,1638 2587,1638 2587,1639 2587,1640 2518,1641 2517,1642 2518,1681 2517,1681 2501,1681 2501,1681 2500,1640 2500,1640 2451,1640 2450,1640 2450,1639 2450,1639 2154,1644 2153,1645 2154,1684 2153,1684 2151,1684 2149,1686 2136,1687 2135,1688 2118,1688 2116,1686 2115,1648 2115,1647 1726,1655 1725,1655 1726,1694 1725,1695 1707,1695 1706,1695 1705,1651 1705,1650 1567,1653 1566,1653 1566,1654 1566,1655 1563,1655 1562,1655 1562,1656 1560,1659 1558,1659 1557,1660 1508,1661 1507,1662 1507,1665 1507,1665 1496,1665 1495,1665 1495,1663 1495,1662 1369,1665 1368,1664 1368,1662 1368,1662 1227,1665 1226,1664 1138,1665 1137,1665 1137,1663 1137,1662 989,1665 988,1665 988,1664 988,1663 960,1664 957,1661 957,1655 958,1655 959,1655 959,1654 959,1652 960,1651 960,1650 961,1649 960,1601 961,1600 966,1600 971,1604 1134,1600 1135,1598 1140,1598 1143,1595 1148,1595 1150,1593 1213,1592 1214,1591 1219,1591 1220,1590 1225,1590 1226,1591 1382,1587 1383,1587 1382,1553 1383,1552 1383,1550 1386,1547 1475,1546 1476,1545 1495,1544 1495,1545 1496,1583 1496,1583 1616,1581 1618,1579 1738,1576 1739,1576 1738,1543 1739,1542 1746,1542 1746,1542 1746,1541 1746,1540 1755,1540 1758,1542 1760,1542 1760,1543 1760,1547 1761,1547 1762,1547 1762,1547 1763,1573 1763,1574 1912,1571 1914,1573 1916,1573 1917,1573 1917,1574 1917,1575 2039,1573 2040,1574 2217,1570 2218,1569 2220,1569 2221,1568 2221,1567 2221,1567 2293,1566 2294,1565 2293,1526 2293,1526 2296,1525 2298,1523 2299,1523 2300,1523 2300,1522 2300,1521 2319,1521 2322,1523 2322,1525 2322,1526 2471,1523 2472,1524 2481,1524 2482,1524 2482,1525 2482,1526 2650,1523 2651,1524 2657,1523 2658,1524 2661,1524 2663,1526 2669,1526 2670,1527 2670,1530 2670,1530 2671,1530 2673,1532 2673,1536 2675,1538 2676,1562 2676,1562 2677,1562 2681,1566 2682,1566 2683,1567 2685,1567 2686,1568 2784,1566 2785,1567 2844,1566 2845,1567 3029,1563 3030,1562 3052,1562 3053,1562 3053,1564 3053,1565 3174,1562 3175,1562 3174,1532 3175,1531 3201,1531 3201,1530 3201,1526 3201,1526 3203,1526 3205,1524 3210,1524 3211,1525 3248,1524 3249,1524 3249,1525 3249,1526 3250,1526 3251,1526 3252,1588 3253,1589 3308,1588 3308,1588 3308,1589 3310,1591 3310,1597 3311,1598 3311,1602 3311,1603 3311,1618 3310,1619 3310,1621 3309,1622 3308,1622 3308,1622 3308,1623 3307,1624 3255,1625 3254,1626 3254,1633 3253,1635 3190,1636 3189,1636 3189,1654 3189,1655 3188,1655 3187,1657 3187,1660 3186,1661 3186,1665 3184,1667 3184,1669 3183,1669 3182,1669 3182,1670 3182,1671 3181,1672 3181,1673 3177,1676"/><TextEquiv><Unicode/></TextEquiv><TextEquiv index="1"><Unicode>“combien de temps? C'eſt ce que j'i-</Unicode></TextEquiv></TextLine><TextLine id="l10"><Coords points="2980,1833 2979,1832 2900,1834 2900,1833 2899,1791 2899,1791 2888,1791 2886,1793 2884,1793 2883,1794 2872,1794 2871,1793 2869,1793 2868,1792 2662,1796 2661,1797 2661,1810 2659,1813 2659,1819 2658,1820 2658,1823 2656,1825 2656,1827 2655,1827 2654,1828 2654,1828 2654,1830 2653,1831 2647,1831 2646,1832 2643,1832 2641,1834 2634,1834 2630,1829 2629,1794 2629,1793 2552,1795 2551,1794 2543,1794 2542,1793 2501,1794 2500,1793 2463,1793 2462,1792 2299,1795 2298,1796 2298,1800 2298,1801 2297,1800 2274,1800 2272,1798 2270,1798 2269,1798 2269,1797 2269,1796 2268,1796 2267,1796 2267,1795 2267,1794 2074,1798 2072,1800 2069,1800 2066,1803 2064,1803 2062,1805 2007,1806 2006,1807 2006,1819 2006,1820 2006,1830 2004,1831 2003,1831 2003,1832 2003,1833 1999,1837 1999,1841 1998,1841 1994,1841 1992,1844 1958,1844 1958,1845 1958,1848 1958,1848 1940,1849 1939,1848 1939,1827 1938,1827 1896,1827 1894,1825 1892,1825 1892,1825 1891,1808 1891,1808 1763,1810 1760,1807 1600,1810 1500,1812 1499,1813 1498,1813 1497,1814 1497,1815 1497,1815 1446,1816 1445,1817 1435,1817 1434,1816 1237,1820 1236,1821 1237,1864 1237,1864 1218,1865 1217,1864 1146,1865 1144,1863 1139,1863 1138,1862 1133,1862 1131,1861 1131,1860 1126,1855 1126,1854 1125,1853 1125,1851 1124,1850 1123,1820 1123,1820 994,1822 993,1821 965,1822 962,1819 962,1814 966,1810 965,1759 967,1758 972,1758 973,1759 1139,1755 1139,1755 1139,1754 1140,1753 1144,1753 1145,1751 1147,1751 1148,1750 1150,1750 1151,1750 1151,1749 1151,1748 1308,1745 1309,1744 1321,1744 1322,1745 1430,1743 1431,1744 1573,1741 1574,1740 1573,1703 1576,1701 1655,1699 1656,1698 1705,1697 1705,1697 1705,1696 1706,1695 1725,1695 1727,1696 1728,1733 1728,1734 1984,1729 1985,1728 1984,1698 1987,1696 1990,1696 1991,1697 1998,1696 2000,1698 2001,1698 2001,1699 2002,1728 2003,1729 2206,1725 2207,1724 2216,1724 2217,1725 2371,1722 2372,1722 2372,1718 2372,1717 2373,1717 2374,1717 2374,1715 2374,1713 2374,1700 2376,1698 2376,1695 2377,1694 2377,1692 2381,1688 2381,1686 2381,1686 2383,1686 2384,1685 2384,1683 2386,1681 2388,1681 2390,1679 2392,1679 2394,1677 2395,1677 2396,1676 2397,1676 2398,1677 2423,1676 2424,1677 2424,1679 2427,1681 2427,1682 2427,1683 2517,1681 2518,1682 2518,1688 2519,1688 2651,1686 2653,1687 2656,1686 2656,1687 2656,1691 2658,1692 2811,1689 2811,1689 2811,1687 2812,1686 2812,1684 2812,1683 2813,1683 2814,1683 2814,1682 2814,1681 2823,1681 2824,1682 3084,1677 3086,1679 3086,1681 3086,1681 3088,1681 3089,1681 3090,1718 3090,1719 3212,1717 3213,1717 3213,1718 3215,1720 3258,1720 3261,1723 3301,1722 3303,1724 3305,1724 3307,1726 3309,1726 3311,1727 3311,1731 3313,1733 3313,1747 3315,1749 3314,1750 3315,1781 3313,1784 3311,1784 3306,1789 3297,1789 3296,1789 3296,1790 3296,1791 3290,1791 3288,1793 3278,1793 3277,1793 3277,1792 3277,1791 3276,1791 3275,1790 3130,1793 3129,1793 3129,1792 3129,1791 3123,1791 3122,1791 3122,1790 3122,1789 3118,1789 3117,1788 3065,1789 3064,1789 3064,1788 3064,1787 2995,1789 2994,1789 2995,1832 2994,1833"/><TextEquiv><Unicode/></TextEquiv><TextEquiv index="1"><Unicode>“gnore. Hier, je me ſuis jetée à leurs</Unicode></TextEquiv></TextLine><TextLine id="l11"><Coords points="2813,1987 2811,1987 2809,1986 2808,1986 2807,1984 2806,1948 2806,1948 2712,1949 2711,1948 2588,1951 2587,1950 2587,1949 2587,1949 2580,1949 2579,1948 2386,1952 2385,1953 2375,1953 2374,1952 2130,1957 2129,1957 2130,1996 2129,1998 2091,1999 2090,1998 2090,1996 2088,1994 2087,1958 2087,1958 1845,1962 1844,1963 1698,1966 1696,1968 1610,1970 1609,1971 1610,2008 1610,2008 1605,2008 1604,2009 1604,2010 1603,2011 1587,2012 1586,2011 1574,2011 1571,2008 1571,1989 1570,1989 1519,1990 1519,1990 1519,2013 1519,2014 1513,2014 1512,2013 1512,1990 1511,1990 1484,1991 1483,1990 1475,1990 1475,1989 1474,1974 1474,1974 1163,1980 1162,1980 1163,2017 1162,2018 1162,2020 1162,2021 1123,2022 1122,2021 1121,1978 1121,1978 975,1981 974,1980 963,1980 962,1979 962,1970 963,1969 962,1913 963,1913 974,1913 975,1914 1139,1910 1139,1910 1139,1909 1140,1908 1161,1908 1163,1906 1218,1905 1218,1904 1217,1865 1218,1865 1362,1862 1363,1861 1379,1861 1380,1862 1380,1865 1381,1866 1381,1867 1382,1868 1383,1901 1383,1901 1611,1897 1612,1896 1614,1896 1616,1894 1679,1893 1680,1892 1849,1888 1850,1887 1937,1886 1938,1885 1937,1850 1939,1849 1958,1848 1958,1849 1959,1887 1959,1887 2127,1884 2128,1883 2128,1882 2128,1882 2176,1881 2177,1880 2176,1845 2178,1843 2180,1843 2181,1842 2181,1841 2181,1841 2194,1841 2195,1842 2196,1842 2197,1842 2197,1844 2199,1846 2200,1879 2200,1879 2337,1877 2338,1878 2522,1874 2523,1874 2522,1842 2524,1839 2528,1839 2529,1838 2529,1837 2529,1837 2539,1837 2543,1840 2543,1842 2544,1843 2545,1875 2545,1876 2678,1873 2680,1875 2689,1875 2690,1876 2748,1875 2749,1875 2749,1876 2749,1877 2898,1874 2899,1873 2898,1835 2899,1834 2918,1833 2919,1834 2994,1833 2995,1833 2995,1835 2997,1837 3183,1833 3184,1833 3184,1832 3185,1830 3186,1831 3225,1830 3227,1832 3227,1834 3228,1834 3229,1834 3229,1835 3229,1836 3230,1836 3254,1836 3255,1837 3256,1837 3256,1837 3257,1875 3257,1876 3296,1875 3298,1877 3303,1877 3306,1880 3308,1880 3310,1882 3312,1882 3313,1882 3314,1923 3315,1924 3315,1951 3314,1953 3313,1953 3311,1951 3311,1949 3310,1948 3282,1948 3280,1946 3278,1946 3277,1946 3277,1945 3277,1944 3273,1944 3272,1943 3216,1945 3215,1944 3183,1944 3182,1944 3182,1943 3182,1942 2959,1947 2958,1948 2847,1950 2846,1950 2847,1988 2846,1989 2843,1989 2843,1990 2819,1990 2818,1991"/><TextEquiv><Unicode/></TextEquiv><TextEquiv index="1"><Unicode>“pieds, pour implorer leur pitié. Ils</Unicode></TextEquiv></TextLine><TextLine id="l12"><Coords points="3214,2143 3213,2142 3212,2099 3212,2099 3065,2102 3064,2102 3065,2140 3065,2141 3057,2141 3056,2142 3049,2142 3047,2144 3042,2144 3041,2145 3030,2145 3027,2143 3027,2125 3026,2124 2968,2125 2967,2124 2966,2106 2966,2105 2861,2108 2860,2107 2853,2107 2852,2106 2848,2106 2847,2105 2847,2104 2847,2104 2843,2104 2840,2101 2673,2104 2671,2106 2663,2106 2661,2104 2659,2104 2658,2104 2606,2105 2605,2104 2462,2106 2461,2107 2462,2148 2462,2148 2445,2149 2444,2148 2443,2109 2443,2109 2390,2110 2389,2110 2389,2112 2389,2113 2384,2113 2381,2110 2381,2109 2381,2109 2380,2109 2379,2108 2379,2106 2379,2106 2220,2109 2219,2110 2219,2111 2217,2113 2205,2113 2204,2113 2204,2112 2204,2111 1983,2116 1981,2118 1979,2118 1978,2119 1969,2119 1968,2118 1966,2118 1965,2117 1842,2120 1841,2119 1816,2119 1815,2118 1721,2120 1720,2120 1721,2163 1721,2164 1541,2167 1540,2167 1539,2127 1539,2126 1403,2129 1402,2130 1349,2131 1349,2132 1349,2171 1349,2171 1340,2171 1339,2171 1339,2132 1338,2131 1316,2132 1313,2135 1306,2135 1306,2135 1306,2134 1305,2133 1299,2133 1298,2132 1002,2138 1002,2139 1002,2140 1001,2140 998,2140 998,2140 998,2139 997,2138 996,2138 996,2138 996,2136 995,2135 977,2136 976,2135 968,2135 967,2134 966,2081 965,2080 965,2070 966,2070 975,2070 976,2071 1123,2068 1123,2067 1122,2022 1123,2022 1154,2021 1154,2022 1155,2060 1156,2061 1220,2060 1221,2059 1249,2058 1250,2057 1292,2056 1292,2056 1292,2055 1292,2054 1293,2054 1294,2054 1294,2053 1294,2052 1393,2050 1394,2050 1394,2033 1395,2032 1394,2029 1395,2028 1395,2023 1397,2021 1397,2019 1398,2018 1399,2018 1399,2018 1399,2017 1400,2016 1520,2014 1521,2015 1522,2048 1522,2049 1607,2047 1609,2049 1860,2044 1861,2044 1860,2012 1861,2011 1863,2011 1865,2009 1867,2009 1868,2007 1868,2006 1869,2006 2093,2002 2093,2001 2093,1999 2094,1999 2150,1997 2150,1998 2150,2000 2152,2001 2154,2001 2154,2002 2154,2009 2156,2011 2157,2037 2157,2037 2196,2037 2197,2038 2211,2037 2212,2038 2556,2031 2557,2031 2556,1997 2559,1994 2561,1994 2563,1992 2568,1992 2569,1990 2573,1990 2576,1992 2577,1992 2577,1993 2577,1996 2578,1996 2579,1996 2579,1997 2580,2031 2580,2031 2626,2030 2627,2031 2627,2032 2627,2032 2755,2030 2756,2030 2756,2031 2757,2033 2913,2029 2914,2028 2919,2028 2921,2030 3113,2027 3114,2028 3137,2027 3138,2028 3240,2026 3242,2028 3242,2029 3242,2029 3293,2028 3294,2028 3294,2029 3294,2030 3296,2030 3298,2032 3307,2032 3310,2034 3310,2036 3311,2037 3313,2037 3313,2037 3313,2041 3315,2043 3315,2061 3315,2062 3315,2092 3313,2094 3313,2098 3313,2099 3305,2099 3304,2099 3304,2100 3303,2102 3281,2102 3280,2101 3277,2101 3275,2099 3273,2099 3272,2098 3227,2099 3226,2100 3227,2142 3227,2142"/><TextEquiv><Unicode/></TextEquiv><TextEquiv index="1"><Unicode>“ont été touchés de mes larmes, parce</Unicode></TextEquiv></TextLine><TextLine id="l13"><Coords points="3070,2295 3069,2295 3068,2256 3068,2255 3066,2256 3065,2255 3058,2255 3057,2254 3050,2254 3048,2252 2812,2257 2811,2257 2811,2269 2811,2270 2809,2270 2808,2271 2807,2271 2806,2272 2806,2273 2805,2274 2803,2274 2798,2279 2785,2279 2785,2279 2784,2261 2784,2260 2549,2265 2548,2265 2548,2271 2547,2272 2548,2283 2546,2285 2546,2288 2544,2290 2544,2292 2541,2295 2539,2295 2535,2300 2533,2300 2532,2301 2532,2302 2532,2302 2530,2302 2529,2303 2524,2303 2522,2305 2506,2306 2505,2305 2504,2305 2502,2303 2497,2303 2496,2302 2494,2302 2492,2300 2487,2300 2481,2295 2481,2293 2479,2291 2478,2264 2478,2263 2406,2264 2405,2263 2372,2264 2371,2263 2231,2266 2230,2266 2231,2308 2231,2309 2223,2309 2222,2308 2210,2308 2209,2308 2208,2267 2208,2266 2190,2267 2188,2269 2177,2269 2176,2268 2176,2267 2176,2267 1998,2270 1997,2272 1924,2273 1923,2274 1785,2277 1784,2278 1782,2278 1781,2279 1729,2280 1727,2282 1727,2284 1725,2286 1720,2286 1720,2285 1719,2278 1719,2278 1698,2278 1697,2279 1698,2318 1698,2318 1690,2319 1689,2318 1688,2279 1688,2279 1603,2280 1602,2281 1443,2284 1442,2285 1383,2287 1383,2287 1383,2327 1383,2328 1376,2328 1375,2329 1365,2329 1364,2328 1364,2287 1363,2287 1356,2287 1355,2288 1354,2288 1354,2289 1354,2295 1353,2295 1211,2298 1211,2298 1211,2325 1210,2326 1210,2328 1210,2329 1209,2329 1208,2330 1208,2331 1208,2331 1182,2332 1181,2331 1171,2331 1170,2330 1170,2291 1169,2291 1010,2294 1009,2295 997,2295 994,2298 991,2298 991,2298 991,2294 990,2293 978,2294 977,2293 976,2293 972,2288 971,2237 971,2236 971,2228 972,2228 977,2228 978,2229 1148,2225 1150,2223 1158,2223 1158,2222 1158,2221 1159,2221 1195,2220 1196,2219 1225,2219 1227,2217 1290,2215 1290,2215 1290,2183 1290,2182 1291,2182 1292,2181 1294,2181 1294,2181 1294,2179 1297,2176 1301,2176 1303,2174 1337,2173 1337,2173 1337,2172 1338,2171 1352,2171 1353,2172 1539,2168 1540,2167 1547,2167 1548,2168 1702,2165 1703,2164 1722,2164 1722,2164 1722,2165 1723,2166 1724,2166 1724,2166 1725,2201 1725,2202 1846,2199 1847,2198 1890,2198 1891,2197 1967,2195 1970,2192 1983,2192 1985,2193 1985,2195 1985,2196 2044,2195 2046,2197 2286,2192 2288,2190 2288,2176 2288,2176 2289,2176 2290,2175 2290,2174 2295,2168 2295,2166 2297,2164 2297,2161 2298,2160 2298,2158 2300,2157 2304,2156 2306,2154 2308,2154 2310,2152 2314,2152 2314,2152 2314,2151 2315,2150 2334,2150 2335,2151 2462,2148 2462,2149 2462,2150 2463,2150 2465,2150 2465,2151 2466,2189 2466,2189 2592,2187 2593,2186 2599,2186 2601,2188 2605,2188 2606,2189 2613,2188 2614,2189 2664,2188 2665,2188 2665,2170 2666,2168 2666,2162 2667,2161 2668,2161 2668,2161 2668,2155 2670,2153 2670,2151 2672,2149 2683,2149 2684,2150 2686,2150 2687,2151 2688,2188 2688,2189 2735,2188 2737,2190 2739,2190 2741,2192 2744,2192 2745,2192 2745,2193 2747,2195 2897,2192 2898,2191 2898,2167 2898,2167 2899,2167 2900,2165 2900,2161 2902,2159 2902,2156 2904,2154 2904,2152 2907,2150 2909,2150 2909,2149 2909,2147 2911,2146 2938,2145 2938,2146 2938,2147 2939,2147 2940,2147 2940,2147 2940,2148 2942,2150 2944,2150 2945,2151 2945,2153 2946,2154 2947,2154 2947,2154 2947,2155 2948,2156 2949,2186 2949,2187 3095,2184 3096,2183 3144,2182 3145,2181 3179,2180 3180,2180 3179,2150 3180,2149 3180,2147 3182,2145 3213,2145 3213,2144 3213,2143 3214,2143 3227,2142 3228,2143 3257,2143 3261,2147 3262,2183 3262,2184 3301,2183 3303,2185 3307,2185 3308,2186 3311,2186 3313,2187 3313,2191 3314,2192 3316,2192 3316,2192 3316,2198 3315,2199 3316,2242 3315,2243 3315,2247 3315,2248 3313,2248 3311,2250 3309,2250 3308,2250 3308,2251 3308,2252 3304,2252 3302,2254 3284,2254 3282,2252 3107,2256 3106,2256 3107,2288 3105,2290 3103,2290 3102,2291 3099,2291 3098,2293 3096,2293 3094,2295"/><TextEquiv><Unicode/></TextEquiv><TextEquiv index="1"><Unicode>“qu'ils étoient tous fatigués, &amp; qu'ils</Unicode></TextEquiv></TextLine><TextLine id="l14"><Coords points="2710,2460 2674,2460 2673,2460 2673,2459 2671,2457 2670,2419 2670,2418 2494,2422 2493,2422 2494,2461 2494,2462 2476,2462 2475,2462 2474,2423 2474,2422 2468,2422 2466,2420 2464,2420 2463,2419 2456,2420 2455,2419 2415,2419 2414,2418 2382,2419 2381,2418 2162,2422 2160,2424 2055,2426 2052,2429 1743,2436 1743,2436 1743,2438 1742,2439 1671,2440 1671,2440 1671,2474 1671,2475 1646,2475 1645,2476 1645,2477 1645,2477 1642,2478 1641,2477 1634,2477 1632,2475 1630,2475 1629,2474 1629,2435 1628,2435 1450,2438 1449,2439 1444,2439 1442,2441 1440,2441 1440,2442 1440,2443 1439,2443 1389,2444 1388,2445 1236,2448 1234,2451 1233,2450 1229,2450 1229,2449 1229,2447 1227,2446 1183,2447 1182,2446 1032,2448 1015,2449 1014,2450 1007,2450 1007,2449 1007,2448 1006,2448 1005,2448 1005,2448 1005,2447 1004,2446 979,2447 976,2443 975,2393 974,2392 973,2389 974,2388 974,2381 975,2381 978,2381 979,2382 1140,2378 1141,2377 1146,2377 1147,2376 1152,2376 1154,2374 1307,2371 1308,2370 1311,2370 1312,2369 1364,2368 1364,2367 1363,2334 1364,2333 1364,2329 1365,2329 1375,2329 1376,2328 1383,2328 1384,2329 1385,2329 1385,2329 1386,2366 1387,2367 1508,2364 1510,2362 1551,2361 1553,2358 1616,2357 1617,2356 1617,2342 1618,2341 1679,2340 1680,2339 1679,2326 1680,2326 1689,2326 1689,2325 1689,2319 1690,2319 1698,2318 1699,2319 1739,2319 1741,2321 1742,2358 1743,2359 1924,2355 1924,2354 1923,2321 1924,2321 1925,2321 1925,2320 1925,2317 1926,2317 1928,2317 1930,2315 2101,2311 2102,2310 2107,2310 2108,2309 2110,2309 2112,2307 2123,2307 2123,2308 2123,2309 2124,2309 2131,2309 2132,2310 2222,2308 2223,2309 2231,2309 2231,2309 2232,2345 2232,2346 2250,2346 2251,2347 2403,2344 2404,2343 2403,2312 2405,2311 2408,2310 2409,2309 2424,2309 2426,2312 2427,2347 2427,2347 2482,2346 2483,2347 2712,2342 2713,2341 2718,2341 2719,2342 2802,2341 2805,2344 3044,2339 3045,2338 3059,2338 3061,2340 3063,2340 3064,2341 3223,2337 3224,2336 3237,2336 3238,2336 3237,2301 3238,2300 3241,2300 3241,2300 3241,2299 3242,2298 3249,2298 3249,2298 3249,2299 3250,2300 3253,2300 3253,2300 3254,2336 3254,2337 3307,2336 3308,2336 3308,2337 3317,2346 3319,2346 3320,2347 3320,2352 3321,2353 3322,2353 3322,2353 3322,2366 3322,2367 3322,2370 3321,2371 3320,2371 3320,2371 3320,2397 3320,2398 3319,2398 3318,2398 3318,2402 3316,2405 3314,2405 3312,2407 3310,2407 3309,2408 3283,2408 3282,2407 3002,2413 3001,2413 3002,2448 3001,2450 2992,2450 2991,2451 2984,2451 2983,2452 2983,2453 2983,2453 2966,2454 2962,2450 2961,2412 2961,2412 2713,2416 2712,2417 2713,2458 2713,2458 2712,2459 2711,2459 2711,2460 2711,2461"/><TextEquiv><Unicode/></TextEquiv><TextEquiv index="1"><Unicode>“avoient plus beſoin de repos que de</Unicode></TextEquiv></TextLine><TextLine id="l15"><Coords points="1330,2643 1330,2642 1329,2600 1328,2600 1228,2602 1226,2604 1206,2604 1205,2603 1149,2604 1148,2603 1146,2603 1146,2603 1146,2602 1145,2601 1008,2604 1008,2603 1008,2601 1007,2601 981,2602 981,2601 980,2593 981,2592 980,2542 981,2542 982,2541 984,2539 1120,2537 1120,2536 1120,2491 1120,2491 1124,2491 1125,2491 1125,2536 1126,2537 1142,2536 1143,2535 1143,2533 1144,2532 1144,2530 1145,2529 1146,2529 1146,2529 1146,2528 1147,2527 1158,2527 1161,2530 1344,2526 1344,2526 1344,2523 1345,2522 1349,2522 1349,2522 1349,2521 1350,2520 1359,2520 1361,2522 1363,2522 1364,2523 1587,2519 1588,2518 1625,2517 1629,2513 1631,2513 1633,2511 1634,2512 1640,2512 1640,2512 1640,2514 1642,2516 1642,2517 1643,2518 1692,2517 1693,2518 1862,2514 1863,2513 1896,2513 1896,2512 1895,2482 1896,2481 1896,2477 1898,2475 1904,2475 1905,2474 1920,2474 1921,2475 2075,2472 2075,2472 2075,2471 2076,2470 2078,2470 2083,2465 2090,2465 2092,2463 2099,2463 2100,2464 2110,2463 2112,2465 2116,2465 2116,2466 2116,2470 2118,2471 2171,2470 2171,2471 2172,2508 2173,2508 2353,2505 2353,2504 2353,2503 2353,2503 2474,2500 2475,2500 2474,2464 2476,2462 2494,2462 2494,2462 2495,2500 2495,2501 2756,2496 2757,2495 2757,2474 2757,2473 2757,2466 2759,2465 2763,2465 2764,2463 2771,2463 2771,2464 2771,2465 2772,2465 2774,2465 2775,2467 2776,2496 2776,2496 3029,2491 3030,2491 3029,2461 3030,2460 3031,2460 3031,2460 3031,2459 3032,2458 3034,2458 3037,2455 3067,2455 3068,2456 3234,2452 3234,2452 3234,2451 3235,2450 3237,2450 3237,2450 3237,2449 3238,2448 3247,2448 3249,2450 3251,2450 3251,2450 3251,2452 3252,2453 3253,2453 3253,2453 3255,2527 3255,2528 3310,2527 3313,2529 3313,2531 3316,2534 3316,2546 3318,2548 3318,2570 3318,2571 3318,2572 3317,2573 3315,2573 3315,2573 3315,2574 3314,2575 3313,2575 3313,2575 3313,2577 3311,2579 3308,2579 3305,2582 3292,2582 3292,2582 3292,2581 3291,2580 3290,2560 3290,2559 3237,2560 3236,2559 3055,2563 3053,2565 3051,2565 3049,2567 2967,2569 2966,2568 2948,2568 2947,2567 2778,2570 2777,2571 2778,2594 2776,2596 2776,2598 2774,2599 2773,2599 2773,2600 2773,2602 2770,2605 2770,2607 2767,2610 2755,2611 2754,2610 2752,2610 2751,2609 2750,2570 2750,2570 2537,2574 2536,2575 2501,2576 2500,2576 2500,2577 2499,2578 2500,2580 2498,2582 2498,2581 2497,2574 2497,2574 2444,2575 2443,2574 2230,2578 2229,2579 2230,2585 2228,2587 2228,2590 2226,2592 2226,2594 2224,2596 2224,2598 2222,2599 2220,2599 2215,2604 2211,2604 2209,2606 2207,2606 2207,2607 2207,2608 2207,2608 2204,2609 2203,2608 2191,2608 2190,2607 2189,2579 2189,2579 2026,2582 2025,2583 2024,2583 2023,2584 1872,2587 1872,2588 1872,2589 1871,2589 1745,2592 1744,2591 1738,2591 1737,2590 1477,2595 1477,2595 1477,2638 1477,2639 1349,2641 1348,2642"/><TextEquiv><Unicode/></TextEquiv><TextEquiv index="1"><Unicode>“toute autre choſe; mais aujourd'hui,</Unicode></TextEquiv></TextLine><TextLine id="l16"><Coords points="1282,2797 1282,2796 1281,2757 1280,2757 1018,2762 1017,2763 1005,2763 1004,2764 1002,2764 1002,2765 1002,2767 1000,2768 997,2768 996,2767 996,2765 995,2764 995,2762 994,2761 982,2762 981,2760 981,2759 980,2759 979,2759 979,2758 979,2749 980,2748 979,2698 981,2696 1144,2692 1146,2690 1170,2690 1171,2689 1212,2688 1213,2687 1275,2686 1276,2685 1330,2684 1330,2683 1330,2643 1330,2643 1463,2640 1464,2639 1477,2639 1480,2641 1480,2643 1483,2646 1483,2648 1483,2649 1484,2649 1485,2649 1485,2650 1485,2651 1486,2651 1487,2651 1487,2655 1488,2656 1488,2658 1490,2660 1490,2672 1491,2673 1589,2671 1592,2674 1882,2668 1882,2667 1882,2661 1882,2661 1886,2661 1889,2663 1889,2665 1890,2666 2136,2661 2138,2663 2327,2659 2328,2660 2385,2659 2387,2661 2394,2661 2395,2662 2544,2659 2544,2658 2544,2629 2544,2628 2544,2627 2545,2627 2546,2627 2546,2626 2546,2625 2547,2625 2549,2625 2552,2622 2558,2622 2559,2623 2559,2624 2561,2626 2562,2655 2563,2655 2696,2653 2697,2652 2697,2651 2697,2651 2699,2651 2701,2649 2710,2649 2711,2649 2711,2650 2711,2651 2712,2652 2713,2652 2717,2654 2763,2654 2764,2655 2960,2651 2960,2650 2959,2615 2960,2615 2962,2615 2962,2614 2962,2613 2963,2613 2964,2613 2964,2612 2964,2611 2965,2611 3053,2609 3054,2608 3060,2608 3062,2610 3062,2617 3064,2619 3065,2647 3065,2648 3221,2645 3222,2644 3222,2642 3223,2641 3223,2637 3227,2633 3227,2631 3227,2630 3228,2630 3229,2630 3229,2629 3230,2628 3230,2627 3231,2625 3233,2625 3234,2625 3234,2624 3234,2623 3235,2623 3236,2622 3237,2622 3237,2622 3237,2620 3239,2618 3239,2616 3245,2610 3249,2610 3249,2609 3249,2607 3251,2606 3253,2606 3253,2605 3253,2604 3254,2604 3272,2604 3273,2605 3278,2604 3279,2606 3279,2608 3282,2610 3287,2610 3287,2611 3287,2613 3288,2613 3289,2613 3289,2614 3289,2615 3290,2615 3292,2615 3294,2618 3294,2620 3295,2620 3297,2620 3297,2621 3298,2623 3299,2624 3299,2625 3299,2625 3300,2625 3301,2625 3301,2626 3301,2627 3302,2627 3303,2627 3303,2629 3303,2630 3305,2630 3306,2630 3306,2632 3310,2636 3310,2641 3311,2642 3311,2650 3312,2651 3316,2651 3316,2651 3316,2671 3315,2672 3316,2700 3316,2701 3304,2701 3303,2702 3299,2702 3293,2708 3292,2708 3291,2709 3290,2709 3289,2710 3289,2712 3287,2714 3287,2718 3287,2718 3281,2718 3280,2718 3280,2717 3280,2716 3121,2720 3120,2721 3118,2721 3117,2721 3117,2722 3117,2723 2989,2725 2988,2725 2988,2724 2988,2723 2826,2726 2825,2727 2821,2727 2820,2728 2622,2732 2621,2733 2567,2734 2567,2735 2567,2753 2565,2755 2565,2759 2565,2759 2564,2759 2563,2760 2563,2764 2563,2764 2561,2765 2560,2765 2560,2768 2559,2770 2554,2770 2553,2771 2544,2771 2542,2769 2542,2754 2541,2754 2440,2756 2438,2754 2434,2754 2434,2754 2434,2733 2433,2732 2360,2733 2359,2732 2156,2736 2156,2737 2156,2743 2154,2745 2153,2745 2152,2744 2151,2744 2150,2742 2150,2740 2149,2739 2149,2736 2148,2736 2052,2738 2051,2739 1953,2740 1953,2741 1953,2747 1952,2747 1950,2748 1949,2746 1949,2743 1948,2743 1658,2748 1657,2749 1601,2750 1600,2751 1593,2752 1592,2751 1585,2751 1585,2750 1585,2749 1584,2749 1399,2752 1399,2753 1399,2754 1398,2754 1392,2754 1392,2755 1392,2756 1391,2756 1287,2759 1287,2759 1288,2796 1287,2797"/><TextEquiv><Unicode/></TextEquiv><TextEquiv index="1"><Unicode>“mais à tous momens, je tremble. O</Unicode></TextEquiv></TextLine><TextLine id="l17"><Coords points="3064,2916 3063,2915 3060,2915 3059,2914 3058,2853 3057,2853 2862,2857 2861,2857 2861,2868 2861,2869 2860,2869 2859,2869 2859,2871 2857,2873 2857,2878 2855,2880 2856,2881 2854,2883 2838,2883 2837,2882 2673,2885 2670,2888 2664,2889 2663,2888 2654,2888 2654,2887 2654,2886 2652,2885 2650,2885 2649,2884 2434,2888 2434,2889 2434,2890 2433,2890 2421,2890 2419,2888 2415,2888 2413,2886 2316,2888 2314,2886 2197,2889 2149,2890 2146,2893 2119,2893 2118,2892 2082,2893 2081,2892 1913,2895 1913,2896 1913,2898 1911,2899 1908,2899 1907,2900 1903,2900 1903,2901 1903,2902 1902,2902 1897,2903 1896,2904 1806,2905 1805,2904 1805,2902 1804,2901 1519,2907 1519,2908 1519,2909 1518,2909 1365,2912 1363,2914 1356,2914 1354,2916 1340,2917 1339,2916 1337,2916 1337,2915 1337,2914 1336,2914 1159,2917 1157,2919 1151,2919 1151,2919 1151,2918 1150,2917 1146,2917 1145,2916 1010,2919 1010,2919 1010,2917 1009,2916 984,2917 983,2915 983,2914 982,2914 981,2914 981,2913 980,2857 979,2856 979,2852 979,2852 982,2852 983,2853 994,2852 995,2853 995,2854 995,2854 1141,2851 1142,2851 1141,2807 1141,2806 1143,2806 1144,2806 1144,2805 1144,2804 1150,2804 1152,2802 1162,2802 1164,2800 1279,2798 1280,2797 1288,2797 1292,2800 1294,2800 1296,2802 1296,2838 1297,2838 1497,2834 1497,2834 1497,2802 1499,2800 1499,2798 1501,2795 1613,2793 1616,2790 1621,2790 1621,2789 1621,2788 1622,2788 1624,2788 1625,2787 1641,2787 1645,2791 1647,2790 1648,2791 1648,2795 1648,2795 1649,2795 1650,2796 1650,2830 1651,2830 1991,2824 1992,2823 2013,2822 2014,2821 2131,2819 2132,2818 2185,2817 2186,2816 2312,2813 2312,2813 2311,2784 2312,2783 2312,2781 2313,2780 2322,2780 2324,2778 2326,2778 2326,2778 2326,2777 2327,2776 2334,2776 2336,2778 2336,2779 2337,2780 2338,2780 2338,2780 2339,2813 2340,2814 2510,2811 2511,2812 2524,2811 2525,2812 2610,2811 2611,2812 2808,2808 2809,2807 2815,2807 2816,2808 2816,2809 2821,2814 2822,2832 2822,2832 2980,2829 2981,2828 2995,2828 2995,2828 2995,2827 2996,2826 3059,2825 3059,2824 3058,2765 3061,2763 3068,2763 3070,2761 3088,2760 3089,2759 3108,2759 3108,2759 3108,2761 3111,2764 3141,2763 3143,2766 3144,2797 3144,2797 3250,2795 3251,2796 3301,2795 3307,2800 3309,2800 3313,2804 3313,2805 3314,2806 3316,2806 3317,2807 3318,2807 3318,2807 3318,2810 3319,2811 3320,2811 3320,2811 3320,2815 3322,2817 3323,2837 3323,2838 3324,2838 3325,2838 3325,2842 3324,2843 3322,2843 3322,2843 3322,2861 3322,2862 3321,2862 3320,2862 3320,2866 3318,2868 3318,2870 3318,2871 3316,2871 3314,2873 3287,2873 3285,2871 3083,2875 3082,2876 3079,2876 3077,2878 3066,2879 3066,2879 3066,2915 3066,2916"/><TextEquiv><Unicode/></TextEquiv><TextEquiv index="1"><Unicode>“Dieu! ſauve mon honneur. -- Il ne</Unicode></TextEquiv></TextLine><TextLine id="l18"><Coords points="3259,3076 3258,3075 3258,3068 3258,3068 3175,3070 3174,3069 3173,3069 3172,3068 3172,3031 3171,3031 2954,3035 2954,3035 2954,3076 2954,3077 2953,3077 2952,3077 2952,3078 2952,3079 2921,3080 2920,3079 2762,3082 2761,3082 2761,3084 2761,3085 2742,3085 2741,3085 2741,3082 2741,3081 2576,3084 2575,3085 2575,3086 2575,3086 2567,3086 2565,3089 2564,3089 2563,3088 2552,3088 2551,3087 2551,3086 2549,3084 2549,3043 2548,3043 2402,3046 2400,3048 2390,3048 2388,3046 2386,3046 2385,3045 2176,3049 2176,3050 2176,3090 2175,3091 2154,3092 2153,3091 2153,3054 2152,3054 2061,3055 2061,3055 2061,3054 2060,3053 2054,3054 2053,3053 2030,3053 2029,3052 1813,3056 1811,3058 1720,3060 1720,3061 1720,3095 1719,3097 1719,3099 1717,3100 1708,3100 1707,3101 1699,3102 1698,3101 1677,3101 1676,3099 1675,3068 1674,3068 1616,3069 1614,3067 1614,3065 1613,3064 1460,3067 1460,3068 1461,3106 1459,3107 1437,3108 1436,3107 1434,3107 1433,3105 1432,3071 1431,3071 1363,3072 1361,3070 1240,3073 1239,3072 1237,3072 1236,3071 1156,3072 1155,3071 988,3074 988,3074 988,3065 989,3064 988,3013 990,3011 990,3010 990,3009 1154,3006 1155,3006 1155,3004 1156,3003 1156,3002 1158,3000 1157,2999 1158,2998 1158,2986 1160,2984 1160,2982 1162,2980 1162,2977 1163,2976 1165,2976 1165,2975 1165,2973 1167,2971 1169,2971 1170,2970 1170,2969 1170,2969 1171,2969 1172,2968 1172,2966 1172,2966 1175,2966 1181,2960 1186,2960 1187,2959 1188,2960 1193,2959 1194,2960 1201,2960 1205,2964 1205,2966 1206,2967 1207,3000 1207,3000 1344,2997 1345,2996 1346,2996 1351,2991 1361,2991 1361,2992 1361,2993 1362,2993 1363,2993 1364,2994 1544,2991 1545,2992 1550,2991 1551,2992 1714,2989 1717,2986 1792,2985 1793,2984 1860,2982 1861,2981 1925,2980 1925,2980 1925,2946 1925,2945 1927,2945 1929,2943 1931,2943 1933,2941 1934,2941 1935,2940 1943,2940 1946,2942 1946,2944 1948,2946 1948,2979 1949,2980 2002,2979 2003,2980 2172,2976 2174,2974 2176,2974 2176,2974 2176,2939 2176,2938 2178,2938 2178,2938 2178,2937 2179,2936 2180,2936 2181,2935 2199,2935 2199,2935 2200,2967 2201,2968 2333,2965 2334,2966 2345,2966 2345,2966 2345,2970 2347,2972 2477,2969 2479,2971 2511,2971 2512,2972 2664,2969 2665,2970 2876,2965 2877,2964 3023,2962 3024,2960 3053,2960 3053,2959 3052,2929 3053,2928 3053,2919 3054,2919 3057,2919 3057,2918 3057,2917 3058,2916 3058,2915 3059,2915 3063,2915 3064,2916 3067,2916 3068,2917 3070,2917 3071,2918 3071,2919 3072,2920 3072,2925 3073,2926 3191,2923 3193,2926 3194,2956 3195,2956 3247,2955 3248,2957 3248,2959 3250,2960 3252,2960 3254,2962 3254,2964 3256,2966 3256,2969 3258,2971 3259,2986 3259,2987 3312,2986 3313,2986 3313,2987 3313,2988 3314,2988 3315,2988 3315,2989 3315,2990 3317,2990 3318,2991 3320,2991 3322,2992 3322,2994 3323,2995 3323,2999 3323,3000 3324,3000 3325,3000 3325,3013 3326,3014 3327,3014 3327,3014 3327,3022 3327,3023 3326,3023 3325,3023 3325,3026 3323,3029 3323,3035 3320,3038 3316,3038 3315,3039 3315,3040 3314,3041 3313,3041 3313,3041 3313,3042 3312,3043 3306,3043 3306,3043 3306,3044 3305,3045 3303,3045 3302,3046 3275,3047 3275,3047 3275,3075 3275,3076"/><TextEquiv><Unicode/></TextEquiv><TextEquiv index="1"><Unicode>“faut pas perdre de temps, repris-je,</Unicode></TextEquiv></TextLine><TextLine id="l19"><Coords points="1418,3266 1418,3266 1417,3226 1416,3225 1191,3230 1190,3229 1146,3229 1143,3227 1018,3230 1016,3229 988,3229 988,3229 987,3173 986,3172 986,3168 986,3168 1150,3164 1151,3164 1151,3163 1153,3160 1179,3160 1181,3158 1223,3157 1224,3156 1279,3155 1280,3154 1280,3153 1280,3153 1291,3153 1292,3154 1456,3150 1457,3150 1456,3132 1457,3131 1457,3122 1459,3120 1459,3116 1459,3115 1460,3115 1463,3112 1470,3112 1471,3113 1471,3115 1471,3115 1472,3115 1473,3115 1473,3146 1474,3147 1738,3142 1738,3141 1738,3127 1739,3127 1785,3126 1786,3124 1786,3122 1789,3119 1789,3116 1791,3114 1791,3107 1793,3105 1793,3101 1794,3100 1799,3100 1800,3101 1809,3100 1810,3101 1810,3103 1813,3106 1813,3108 1813,3108 1814,3108 1815,3109 1815,3112 1815,3112 1816,3112 1817,3113 1817,3115 1819,3117 1819,3120 1820,3121 1820,3122 1821,3122 1822,3122 1822,3123 1822,3125 1824,3127 1824,3131 1826,3132 1827,3132 1827,3133 1827,3134 1828,3134 1989,3131 1989,3130 1989,3120 1990,3119 1990,3106 1992,3104 1992,3100 1994,3098 1994,3096 1994,3096 1995,3096 1997,3094 1998,3095 2216,3090 2217,3089 2221,3089 2222,3088 2224,3088 2224,3088 2224,3087 2225,3086 2228,3086 2228,3086 2228,3085 2229,3084 2239,3084 2241,3086 2243,3086 2246,3089 2250,3089 2250,3089 2251,3131 2252,3132 2283,3131 2284,3132 2444,3129 2444,3128 2444,3095 2444,3095 2459,3095 2460,3094 2462,3095 2462,3096 2463,3097 2463,3125 2465,3127 2465,3129 2466,3129 2513,3129 2514,3130 2674,3126 2675,3125 2685,3125 2686,3124 2740,3123 2740,3123 2740,3086 2740,3085 2760,3085 2760,3085 2761,3119 2763,3121 2763,3123 2765,3125 2809,3124 2810,3125 2969,3122 2969,3121 2969,3120 2970,3120 2977,3119 2979,3117 3062,3116 3063,3115 3204,3112 3206,3110 3259,3109 3259,3108 3258,3076 3259,3076 3275,3076 3275,3076 3276,3125 3277,3126 3326,3125 3327,3126 3327,3127 3328,3128 3328,3130 3328,3131 3328,3155 3327,3156 3327,3171 3327,3172 3285,3172 3282,3175 3282,3177 3282,3177 3245,3178 3244,3179 3243,3179 3242,3180 3242,3181 3242,3181 3129,3183 3128,3184 3127,3184 3127,3185 3127,3186 3126,3187 2914,3191 2911,3194 2911,3196 2909,3198 2469,3206 2469,3207 2469,3225 2469,3225 2468,3225 2467,3226 2467,3228 2465,3230 2465,3234 2465,3235 2464,3235 2463,3235 2463,3236 2461,3239 2459,3239 2458,3239 2458,3240 2458,3241 2455,3241 2452,3244 2441,3244 2441,3243 2440,3240 2439,3240 2439,3231 2439,3230 2330,3232 2329,3232 2329,3231 2328,3229 2327,3229 2326,3229 2326,3206 2325,3205 2187,3208 2187,3208 2187,3217 2186,3218 2176,3218 2176,3218 2176,3207 2175,3206 2173,3206 2172,3205 2002,3209 2001,3210 1999,3210 1997,3212 1848,3215 1848,3215 1848,3217 1847,3218 1832,3218 1832,3217 1832,3215 1831,3215 1573,3220 1571,3222 1429,3225 1429,3225 1430,3265 1429,3266"/><TextEquiv><Unicode/></TextEquiv><TextEquiv index="1"><Unicode>“ma chere Artémiſe; je vais vous ai-</Unicode></TextEquiv></TextLine><TextLine id="l20"><Coords points="2393,3401 2393,3400 2392,3358 2391,3358 2335,3359 2334,3361 2334,3363 2333,3363 2238,3365 2238,3365 2238,3394 2237,3396 2238,3401 2237,3401 2236,3401 2235,3402 2216,3402 2216,3403 2216,3404 2215,3404 2211,3405 2210,3404 2199,3404 2195,3399 2194,3364 2193,3364 2082,3366 2081,3365 2079,3365 2078,3364 1964,3366 1964,3367 1965,3408 1964,3408 1947,3409 1947,3408 1946,3367 1945,3367 1830,3369 1829,3370 1824,3370 1823,3371 1760,3372 1759,3373 1649,3376 1649,3377 1647,3377 1646,3378 1630,3378 1629,3377 1626,3377 1624,3376 1577,3377 1576,3376 1331,3381 1330,3382 1328,3382 1327,3383 1281,3384 1280,3385 1268,3385 1264,3389 1254,3389 1253,3389 1253,3388 1253,3387 1247,3387 1246,3386 1204,3387 1201,3384 1171,3385 1170,3384 1034,3387 1032,3389 993,3389 990,3387 990,3385 988,3383 988,3374 988,3374 990,3373 991,3373 990,3323 990,3322 1002,3322 1003,3321 1164,3318 1165,3318 1165,3317 1165,3316 1176,3316 1177,3315 1191,3315 1192,3314 1191,3280 1192,3279 1192,3277 1193,3275 1198,3275 1200,3273 1210,3273 1213,3276 1214,3311 1214,3311 1337,3309 1338,3310 1416,3308 1417,3308 1416,3268 1417,3266 1430,3266 1432,3268 1568,3265 1569,3265 1569,3264 1569,3263 1573,3263 1575,3261 1702,3258 1703,3258 1703,3256 1704,3254 1729,3254 1733,3257 1733,3259 1733,3260 1735,3260 1736,3260 1736,3290 1737,3291 1751,3291 1752,3292 1753,3291 1758,3296 1896,3294 1896,3293 1896,3292 1897,3292 1975,3290 1975,3290 1975,3259 1977,3257 1977,3255 1977,3254 1983,3254 1984,3253 1987,3253 1989,3251 1993,3251 1994,3251 1994,3253 1994,3254 1996,3254 1997,3254 1997,3289 1998,3290 2049,3289 2051,3291 2056,3291 2057,3292 2236,3288 2236,3288 2236,3287 2238,3285 2300,3284 2300,3283 2300,3282 2301,3282 2311,3282 2312,3283 2320,3282 2321,3283 2389,3282 2391,3284 2393,3284 2394,3285 2397,3285 2398,3286 2619,3281 2622,3278 2622,3276 2623,3275 2667,3275 2668,3276 2676,3275 2677,3277 2677,3280 2678,3280 2824,3277 2824,3277 2824,3265 2826,3263 2826,3261 2828,3259 2828,3254 2830,3252 2830,3250 2831,3249 2831,3246 2832,3244 2834,3244 2838,3241 2838,3240 2838,3239 2841,3239 2842,3239 2842,3238 2842,3237 2843,3237 2846,3234 2853,3234 2855,3232 2860,3232 2862,3234 2867,3234 2869,3236 2870,3238 2871,3239 2871,3241 2871,3242 2872,3242 2873,3242 2873,3273 2874,3273 3014,3271 3014,3270 3014,3258 3015,3257 3015,3255 3017,3253 3017,3250 3019,3248 3019,3246 3022,3243 3022,3239 3022,3239 3023,3239 3024,3238 3024,3236 3025,3235 3033,3234 3033,3235 3034,3237 3034,3237 3035,3237 3036,3238 3036,3239 3036,3239 3038,3239 3041,3242 3041,3244 3041,3244 3042,3244 3043,3245 3043,3246 3043,3246 3044,3246 3045,3247 3045,3249 3046,3250 3046,3265 3047,3265 3074,3265 3075,3266 3082,3265 3083,3266 3136,3265 3137,3266 3171,3266 3172,3267 3260,3265 3260,3265 3260,3266 3261,3267 3261,3268 3263,3270 3265,3270 3265,3270 3265,3271 3266,3272 3266,3273 3268,3275 3270,3275 3270,3275 3270,3276 3271,3277 3272,3277 3272,3277 3272,3279 3273,3280 3273,3282 3274,3283 3275,3285 3275,3286 3329,3285 3330,3285 3330,3333 3329,3334 3330,3338 3329,3339 3328,3339 3327,3340 3327,3341 3326,3342 3325,3342 3325,3342 3325,3344 3322,3347 3316,3347 3315,3345 3315,3340 3314,3340 3178,3343 3177,3342 3163,3342 3162,3341 3076,3343 3075,3342 2915,3345 2913,3347 2904,3347 2902,3349 2902,3350 2901,3351 2900,3351 2900,3351 2900,3365 2900,3366 2898,3366 2897,3365 2895,3365 2892,3363 2892,3350 2891,3349 2885,3349 2883,3347 2747,3350 2746,3351 2745,3351 2745,3352 2745,3353 2744,3353 2733,3353 2732,3354 2685,3355 2682,3358 2585,3360 2584,3361 2575,3361 2575,3361 2575,3360 2574,3359 2572,3359 2571,3358 2515,3360 2514,3359 2506,3359 2505,3358 2498,3358 2498,3357 2498,3356 2497,3356 2414,3358 2414,3358 2415,3400 2414,3401"/><TextEquiv><Unicode/></TextEquiv><TextEquiv index="1"><Unicode>“der à deſcendre par cette fenêtre“.</Unicode></TextEquiv></TextLine><TextLine id="l21"><Coords points="1396,3580 1396,3579 1396,3573 1395,3573 1320,3574 1318,3572 1318,3570 1317,3569 1316,3569 1316,3569 1315,3554 1315,3553 1013,3559 1012,3559 1012,3551 1012,3550 996,3550 995,3549 993,3549 991,3548 991,3538 992,3537 990,3441 991,3440 991,3438 992,3437 993,3437 993,3437 993,3436 994,3435 1008,3435 1009,3433 1102,3431 1103,3430 1725,3418 1726,3418 1726,3417 1728,3414 1733,3414 1734,3413 1738,3413 1740,3411 3217,3382 3217,3381 3217,3378 3218,3378 3223,3378 3224,3377 3225,3377 3225,3376 3225,3375 3226,3375 3227,3375 3227,3374 3227,3373 3228,3373 3229,3374 3244,3373 3244,3374 3244,3375 3245,3375 3246,3375 3246,3376 3246,3378 3247,3378 3249,3378 3249,3379 3250,3418 3251,3418 3268,3418 3270,3420 3279,3420 3279,3420 3279,3422 3280,3423 3280,3424 3282,3426 3284,3425 3284,3426 3284,3430 3285,3430 3328,3430 3328,3430 3328,3432 3329,3433 3330,3433 3330,3433 3331,3439 3334,3442 3334,3460 3332,3462 3332,3464 3332,3465 3331,3465 3330,3465 3330,3475 3330,3476 3293,3476 3292,3477 3292,3481 3291,3482 3291,3483 3291,3483 3285,3483 3281,3488 3277,3488 3277,3488 3277,3489 3276,3490 3275,3490 3275,3490 3275,3491 3274,3492 3119,3495 3117,3497 3114,3497 3112,3499 3103,3499 3102,3500 2926,3504 2925,3505 2924,3505 2923,3506 2795,3508 2795,3509 2795,3516 2793,3518 2590,3522 2589,3523 2589,3538 2587,3540 2587,3542 2587,3542 2586,3542 2585,3543 1655,3561 1655,3562 1655,3572 1654,3572 1408,3577 1407,3578 1400,3578 1399,3579"/><TextEquiv><Unicode/></TextEquiv><TextEquiv index="1"><Unicode>Elle y conſentit; mais malheureuſe-</Unicode></TextEquiv></TextLine><TextLine id="l22"><Coords points="2231,3716 2231,3716 2231,3714 2230,3713 2165,3714 2163,3712 2163,3711 2162,3710 2161,3681 2161,3681 1934,3685 1933,3686 1934,3718 1932,3719 1922,3719 1920,3721 1916,3721 1915,3722 1908,3723 1907,3722 1905,3722 1904,3721 1900,3721 1898,3719 1894,3719 1894,3718 1893,3686 1893,3686 1766,3688 1765,3688 1765,3687 1764,3685 1638,3688 1586,3689 1585,3689 1585,3690 1585,3691 1584,3691 1583,3691 1583,3692 1583,3693 1575,3693 1574,3692 1303,3697 1302,3698 1171,3701 1170,3702 1161,3702 1160,3703 1149,3703 1148,3702 1146,3702 1144,3701 1001,3703 1000,3703 1000,3694 1001,3693 1000,3634 1000,3633 1004,3633 1005,3633 1005,3632 1005,3631 1146,3628 1148,3626 1226,3625 1227,3624 1273,3623 1277,3619 1281,3619 1282,3618 1282,3617 1282,3617 1392,3615 1393,3614 1392,3581 1392,3581 1393,3581 1394,3580 1399,3579 1400,3578 1410,3578 1411,3579 1447,3579 1448,3580 1450,3579 1452,3581 1452,3588 1453,3588 1454,3588 1454,3589 1455,3618 1455,3618 1631,3615 1632,3614 1631,3576 1631,3576 1632,3576 1633,3575 1633,3574 1634,3573 1654,3572 1655,3573 1656,3607 1656,3607 1767,3605 1770,3608 2088,3602 2089,3601 2088,3565 2089,3564 2094,3564 2099,3559 2108,3559 2109,3559 2109,3563 2111,3565 2111,3599 2112,3600 2285,3596 2285,3596 2285,3568 2286,3567 2286,3565 2286,3564 2287,3564 2288,3564 2288,3563 2288,3562 2289,3562 2292,3559 2308,3559 2309,3559 2309,3560 2310,3562 2311,3562 2312,3562 2312,3563 2312,3564 2313,3564 2316,3566 2316,3569 2317,3570 2317,3589 2319,3591 2319,3593 2321,3594 2398,3593 2399,3594 2616,3590 2616,3589 2616,3556 2617,3555 2638,3554 2641,3557 2641,3561 2642,3562 2642,3591 2643,3591 2721,3590 2722,3591 2771,3590 2772,3591 2950,3587 2950,3587 2950,3548 2952,3545 2956,3545 2957,3544 2957,3543 2957,3543 2967,3543 2971,3546 2971,3548 2972,3549 2972,3581 2973,3582 3182,3577 3183,3576 3184,3576 3184,3576 3184,3575 3185,3574 3257,3573 3259,3571 3313,3570 3314,3569 3316,3569 3318,3567 3320,3567 3321,3566 3323,3566 3323,3565 3323,3564 3324,3564 3330,3564 3330,3564 3330,3566 3332,3568 3332,3569 3334,3571 3334,3574 3335,3575 3335,3588 3335,3589 3335,3592 3333,3594 3332,3594 3331,3595 3328,3595 3328,3595 3328,3639 3327,3641 3324,3641 3322,3643 3206,3645 3206,3646 3206,3647 3205,3647 3198,3647 3197,3648 3144,3649 3141,3652 3033,3654 3032,3655 2976,3657 2976,3657 2976,3661 2975,3662 2974,3662 2974,3662 2974,3663 2973,3664 2963,3664 2963,3664 2964,3698 2963,3699 2961,3699 2960,3700 2955,3700 2955,3699 2954,3664 2953,3664 2826,3666 2825,3666 2817,3666 2816,3665 2671,3668 2670,3667 2627,3667 2626,3666 2450,3670 2450,3670 2451,3707 2450,3708 2450,3709 2449,3710 2441,3710 2440,3709 2437,3709 2436,3708 2435,3669 2434,3668 2251,3672 2251,3672 2252,3715 2251,3716"/><TextEquiv><Unicode/></TextEquiv><TextEquiv index="1"><Unicode>ment il vint quelqu'un dans la cour</Unicode></TextEquiv></TextLine><TextLine id="l23"><Coords points="1407,3894 1402,3890 1401,3856 1401,3856 1161,3860 1159,3862 1036,3865 1035,3865 1036,3867 1034,3869 1034,3873 1033,3874 1023,3874 1020,3871 1020,3869 1019,3868 1018,3864 1018,3863 1013,3863 1012,3862 1010,3862 1008,3860 1006,3860 1005,3860 1005,3859 1005,3858 1003,3858 1000,3856 1000,3849 1001,3848 1000,3792 1001,3791 1003,3791 1007,3786 1009,3786 1010,3786 1010,3770 1012,3768 1011,3764 1022,3752 1022,3750 1023,3750 1027,3750 1029,3748 1031,3748 1031,3747 1031,3746 1032,3746 1033,3746 1034,3745 1042,3745 1043,3746 1062,3745 1064,3748 1064,3750 1065,3751 1066,3786 1066,3786 1261,3782 1262,3782 1261,3746 1262,3745 1266,3745 1268,3743 1270,3743 1270,3743 1270,3742 1271,3741 1272,3741 1272,3741 1272,3740 1273,3739 1283,3739 1284,3740 1284,3747 1285,3748 1286,3777 1286,3778 1598,3772 1599,3771 1598,3737 1600,3735 1600,3734 1601,3734 1608,3733 1609,3731 1647,3731 1648,3730 1648,3729 1648,3729 1652,3729 1653,3730 1663,3729 1664,3730 1664,3733 1665,3734 1666,3770 1666,3770 1848,3767 1850,3765 1867,3764 1868,3764 1867,3730 1869,3727 1871,3727 1872,3726 1875,3726 1877,3724 1890,3724 1891,3724 1891,3728 1892,3729 1893,3763 1893,3764 2099,3760 2101,3758 2103,3758 2104,3757 2231,3754 2232,3754 2231,3717 2231,3716 2251,3716 2252,3716 2252,3751 2253,3752 2286,3751 2288,3753 2288,3755 2288,3755 2289,3755 2290,3756 2480,3752 2481,3751 2527,3750 2528,3749 2529,3749 2532,3746 2567,3746 2568,3745 2570,3745 2571,3746 2579,3745 2581,3748 2582,3751 2582,3751 2748,3748 2749,3747 2749,3741 2751,3738 2751,3733 2752,3732 2752,3726 2753,3726 2754,3726 2754,3725 2754,3722 2754,3722 2755,3722 2756,3721 2756,3719 2757,3718 2757,3716 2759,3714 2761,3714 2767,3708 2772,3708 2773,3707 2774,3707 2775,3706 2777,3705 2779,3703 2787,3703 2789,3705 2791,3705 2792,3706 2952,3703 2954,3702 2954,3701 2954,3700 2960,3700 2961,3699 2963,3699 2964,3699 2964,3702 2964,3703 2966,3703 2967,3703 2967,3705 2972,3710 2972,3714 2972,3715 2973,3715 2974,3715 2974,3718 2974,3719 2975,3719 2976,3719 2976,3721 2977,3722 2977,3723 2978,3724 2978,3734 2979,3735 3013,3734 3015,3736 3248,3731 3248,3731 3248,3692 3248,3691 3248,3689 3249,3688 3249,3686 3251,3684 3265,3684 3266,3683 3317,3682 3318,3681 3323,3681 3325,3683 3327,3778 3328,3779 3330,3779 3332,3781 3334,3781 3334,3781 3334,3782 3335,3783 3335,3791 3334,3793 3334,3795 3333,3796 3330,3796 3330,3796 3330,3797 3329,3798 3157,3801 3156,3803 3156,3805 3155,3805 3126,3806 3125,3807 3120,3807 3119,3808 3117,3808 3117,3808 3117,3809 3116,3810 3056,3811 3055,3812 3038,3812 3037,3811 3006,3812 3005,3811 2994,3811 2994,3812 2995,3854 2994,3854 2981,3854 2981,3854 2980,3812 2979,3812 2838,3814 2830,3822 2825,3823 2824,3822 2651,3825 2649,3827 2623,3828 2622,3827 2578,3827 2577,3826 2537,3827 2536,3826 2475,3827 2473,3826 2302,3830 2301,3831 2286,3831 2285,3830 2186,3832 2185,3831 2003,3835 2002,3836 1956,3837 1955,3838 1952,3838 1951,3839 1935,3839 1933,3837 1930,3837 1929,3836 1737,3840 1736,3841 1735,3841 1734,3841 1734,3842 1734,3843 1730,3843 1729,3844 1727,3844 1725,3846 1573,3849 1572,3850 1568,3850 1567,3851 1445,3854 1444,3854 1445,3888 1444,3889 1444,3891 1443,3893 1432,3893 1431,3894"/><TextEquiv><Unicode/></TextEquiv><TextEquiv index="1"><Unicode>ſur laquelle donnoit cette fenêtre. Il</Unicode></TextEquiv></TextLine><TextLine id="l24"><Coords points="2128,4064 2128,4064 2126,3993 2126,3992 1993,3995 1992,3995 1992,4003 1990,4005 1990,4007 1990,4008 1988,4008 1987,4009 1986,4009 1982,4013 1972,4013 1971,4012 1971,4011 1970,4010 1820,4013 1820,4013 1819,4002 1819,4001 1563,4006 1562,4007 1562,4008 1562,4008 1554,4009 1552,4011 1550,4011 1548,4013 1545,4013 1544,4013 1545,4017 1544,4018 1315,4022 1315,4023 1315,4024 1313,4025 1310,4025 1308,4023 1308,4019 1307,4018 1300,4019 1299,4018 1294,4018 1292,4016 1292,4013 1292,4013 1103,4016 1102,4017 1101,4017 1100,4018 1079,4019 1078,4020 1077,4020 1077,4020 1077,4022 1076,4023 1069,4023 1068,4022 1031,4023 1031,4022 1030,4016 1030,4016 1008,4016 1005,4014 1004,3958 1003,3957 1003,3951 1005,3949 1005,3947 1006,3946 1010,3946 1010,3946 1010,3942 1012,3940 1012,3928 1014,3926 1014,3921 1014,3920 1016,3920 1017,3920 1016,3917 1018,3915 1022,3915 1024,3912 1024,3910 1025,3910 1030,3910 1034,3906 1036,3906 1038,3904 1180,3901 1180,3901 1180,3903 1182,3905 1183,3933 1183,3934 1294,3932 1295,3933 1480,3929 1482,3927 1491,3927 1492,3927 1492,3928 1493,3930 1494,3930 1495,3931 1678,3927 1679,3927 1679,3926 1679,3925 1703,3925 1704,3924 1703,3889 1704,3889 1712,3888 1713,3887 1720,3887 1722,3889 1724,3889 1724,3890 1724,3891 1725,3891 1726,3891 1726,3892 1726,3899 1727,3900 1728,3925 1728,3925 1906,3922 1907,3921 1906,3884 1907,3884 1910,3884 1910,3883 1912,3882 1914,3880 1923,3880 1925,3882 1925,3884 1926,3884 1927,3884 1927,3885 1927,3903 1928,3903 1929,3903 1929,3904 1930,3921 1930,3921 2110,3918 2111,3917 2121,3916 2122,3916 2121,3882 2123,3879 2125,3879 2126,3879 2126,3878 2126,3877 2188,3876 2190,3874 2203,3874 2204,3874 2205,3913 2205,3914 2318,3912 2319,3910 2335,3910 2336,3910 2336,3909 2336,3908 2433,3906 2435,3904 2556,3902 2556,3901 2556,3874 2560,3870 2560,3868 2560,3868 2570,3868 2571,3869 2575,3868 2579,3872 2579,3874 2580,3875 2581,3908 2581,3908 2747,3905 2748,3904 2751,3904 2752,3903 2861,3901 2863,3899 2864,3899 2864,3898 2864,3896 2865,3896 2866,3896 2866,3895 2866,3894 2867,3894 2876,3894 2877,3895 2881,3894 2881,3895 2881,3896 2882,3896 2976,3895 2976,3894 2976,3858 2976,3858 2979,3858 2981,3856 2981,3855 2981,3854 2994,3854 2995,3855 2995,3858 2997,3860 2997,3894 2998,3894 3156,3891 3158,3889 3210,3888 3211,3886 3211,3885 3213,3884 3267,3883 3268,3882 3280,3882 3283,3879 3284,3879 3285,3880 3294,3879 3296,3882 3296,3894 3297,3894 3333,3894 3333,3894 3334,3895 3335,3896 3335,3898 3336,3899 3336,3900 3337,3901 3337,3904 3339,3906 3339,3911 3340,3912 3340,3926 3342,3928 3342,3941 3342,3941 3341,3941 3340,3942 3290,3943 3289,3944 3289,3945 3289,3946 3289,3952 3285,3956 3156,3958 3156,3959 3156,3960 3155,3961 3155,3998 3155,3999 3155,4006 3154,4006 3138,4006 3136,4008 3133,4009 3132,4008 3126,4008 3124,4006 3122,4006 3122,4005 3122,4004 3121,4004 3120,4004 3119,4002 3118,3980 3118,3980 2834,3985 2833,3986 2833,3987 2833,3987 2831,3987 2828,3985 2828,3983 2827,3982 2826,3982 2824,3980 2820,3980 2819,3979 2819,3978 2819,3978 2655,3981 2654,3981 2654,3995 2653,3997 2648,3997 2647,3997 2647,3988 2647,3987 2464,3991 2463,3991 2463,3995 2460,3999 2447,3999 2446,3999 2446,3990 2446,3989 2444,3989 2443,3989 2443,3988 2443,3987 2439,3987 2435,3983 2266,3987 2265,3987 2266,4027 2265,4028 2264,4028 2264,4028 2264,4029 2263,4030 2262,4030 2262,4030 2262,4031 2260,4034 2251,4034 2250,4034 2250,4045 2250,4046 2249,4046 2248,4047 2236,4047 2235,4047 2235,4035 2235,4034 2224,4034 2223,4034 2222,3991 2222,3990 2145,3992 2144,3992 2145,4057 2144,4059 2144,4063 2143,4064"/><TextEquiv><Unicode/></TextEquiv><TextEquiv index="1"><Unicode>fallut attendre le départ de cet impor-</Unicode></TextEquiv></TextLine><TextLine id="l25"><Coords points="1006,4100 1244,4095 1245,4178 1007,4183"/><TextEquiv><Unicode/></TextEquiv><TextEquiv index="1"><Unicode>tun.</Unicode></TextEquiv></TextLine><TextLine id="l26"><Coords points="2118,4349 2117,4348 2090,4348 2087,4346 2086,4307 2086,4306 1942,4309 1941,4310 1897,4311 1896,4312 1784,4314 1783,4313 1459,4319 1458,4320 1459,4321 1458,4321 1457,4322 1456,4323 1455,4322 1294,4325 1293,4326 1209,4327 1208,4328 1201,4329 1200,4328 1164,4328 1162,4326 1160,4326 1160,4326 1159,4315 1159,4314 1076,4316 1074,4314 1073,4314 1072,4314 1072,4308 1073,4307 1074,4307 1074,4307 1074,4303 1075,4302 1157,4300 1157,4300 1155,4221 1156,4220 1157,4220 1158,4219 1158,4217 1161,4214 1199,4214 1200,4215 1201,4215 1201,4215 1201,4216 1202,4216 1215,4216 1216,4217 1223,4217 1225,4219 1228,4219 1228,4219 1229,4222 1230,4224 1232,4224 1234,4225 1234,4229 1234,4230 1236,4230 1237,4230 1237,4233 1239,4235 1239,4239 1239,4240 1240,4240 1241,4240 1241,4248 1242,4249 1431,4245 1431,4245 1431,4220 1432,4217 1432,4212 1433,4211 1433,4209 1434,4209 1447,4209 1447,4208 1447,4207 1448,4207 1454,4207 1454,4207 1454,4209 1455,4210 1456,4210 1456,4210 1457,4226 1457,4226 1458,4226 1459,4227 1459,4242 1459,4242 1620,4239 1623,4236 1635,4236 1636,4236 1636,4239 1636,4240 1637,4240 1638,4240 1638,4241 1638,4242 1863,4238 1867,4234 1867,4232 1868,4230 1929,4229 1930,4230 1930,4232 1930,4232 2083,4229 2084,4229 2083,4191 2084,4190 2092,4190 2092,4191 2093,4231 2093,4231 2271,4227 2272,4227 2272,4225 2274,4223 2273,4210 2274,4209 2276,4209 2276,4209 2276,4201 2277,4200 2278,4200 2278,4200 2278,4189 2279,4188 2295,4188 2298,4185 2300,4185 2300,4184 2300,4183 2300,4183 2318,4183 2319,4183 2319,4184 2321,4186 2321,4188 2322,4189 2323,4220 2323,4220 2489,4217 2490,4217 2489,4184 2490,4183 2494,4183 2495,4181 2497,4181 2498,4180 2501,4180 2503,4178 2510,4178 2512,4179 2512,4180 2513,4181 2513,4185 2514,4186 2649,4183 2649,4184 2649,4185 2650,4185 2651,4185 2653,4187 2653,4189 2654,4190 2655,4218 2655,4219 2808,4216 2809,4215 2809,4214 2809,4214 2899,4212 2900,4212 2900,4205 2900,4204 2902,4204 2902,4204 2902,4198 2904,4196 2904,4189 2905,4188 2905,4186 2906,4185 2907,4185 2907,4185 2907,4184 2908,4183 2910,4183 2910,4182 2910,4179 2911,4178 2913,4178 2914,4177 2914,4176 2914,4176 2915,4176 2916,4175 2917,4174 2917,4173 2917,4173 2921,4173 2925,4169 2927,4169 2928,4168 3056,4165 3064,4157 3071,4157 3072,4157 3072,4158 3072,4159 3226,4156 3230,4159 3230,4188 3231,4189 3276,4188 3277,4189 3338,4188 3339,4189 3340,4189 3342,4191 3342,4199 3342,4199 3341,4199 3340,4200 3341,4211 3340,4212 3340,4226 3339,4227 3340,4301 3340,4302 3340,4303 3339,4304 3335,4304 3334,4305 3318,4305 3318,4304 3317,4265 3316,4265 3132,4269 3132,4269 3132,4270 3131,4271 3129,4271 3129,4271 3129,4273 3126,4276 3050,4277 3050,4278 3051,4318 3050,4318 3038,4318 3038,4318 3037,4278 3036,4277 3015,4278 3014,4279 2917,4281 2915,4283 2882,4284 2880,4286 2874,4286 2873,4286 2873,4287 2873,4288 2865,4288 2864,4288 2864,4289 2864,4290 2707,4293 2706,4293 2706,4294 2706,4295 2655,4296 2654,4296 2654,4307 2653,4309 2654,4316 2653,4317 2653,4322 2651,4324 2651,4327 2649,4328 2647,4328 2644,4332 2644,4333 2643,4333 2641,4333 2641,4334 2637,4334 2635,4336 2630,4336 2625,4332 2625,4315 2624,4315 2552,4316 2549,4313 2548,4296 2548,4295 2366,4299 2365,4300 2360,4300 2359,4299 2132,4303 2131,4304 2132,4342 2127,4347 2122,4347 2121,4348"/><TextEquiv><Unicode/></TextEquiv><TextEquiv index="1"><Unicode>Pendant ce temps fatal, je reſtois de-</Unicode></TextEquiv></TextLine><TextLine id="l27"><Coords points="1865,4528 1865,4527 1865,4526 1862,4524 1859,4524 1858,4522 1857,4508 1857,4508 1835,4508 1834,4508 1834,4476 1833,4475 1773,4476 1772,4475 1771,4468 1771,4467 1680,4469 1679,4470 1676,4470 1675,4471 1676,4472 1675,4472 1502,4476 1501,4477 1461,4477 1460,4476 1458,4477 1457,4476 1273,4479 1273,4480 1273,4481 1271,4482 1262,4482 1260,4484 1258,4484 1258,4485 1258,4486 1257,4486 1256,4486 1256,4486 1256,4485 1255,4484 1253,4485 1252,4484 1203,4485 1203,4485 1203,4525 1203,4526 1196,4526 1195,4525 1195,4485 1194,4485 1056,4487 1055,4489 1055,4491 1054,4491 1053,4491 1053,4492 1053,4494 1050,4497 1049,4496 1041,4496 1041,4495 1041,4493 1039,4491 1039,4487 1038,4486 1038,4483 1036,4481 1035,4477 1035,4477 1034,4477 1033,4476 1033,4471 1031,4469 1031,4467 1031,4467 1030,4467 1029,4466 1029,4460 1027,4458 1027,4455 1026,4454 1026,4450 1025,4450 1024,4450 1024,4450 1024,4444 1022,4442 1022,4435 1020,4433 1013,4433 1008,4428 1007,4426 1008,4425 1008,4422 1010,4420 1010,4417 1012,4415 1068,4414 1070,4412 1107,4411 1108,4410 1239,4408 1242,4405 1252,4405 1253,4406 1258,4405 1258,4406 1258,4407 1259,4407 1392,4405 1392,4404 1392,4400 1393,4400 1395,4400 1395,4399 1395,4395 1395,4395 1397,4395 1399,4393 1399,4390 1400,4389 1404,4389 1405,4389 1405,4390 1406,4392 1408,4391 1409,4392 1409,4394 1410,4395 1413,4395 1414,4396 1414,4400 1415,4400 1418,4400 1418,4401 1418,4402 1419,4402 1484,4401 1486,4403 1657,4400 1657,4399 1657,4398 1658,4398 1661,4398 1662,4397 1675,4396 1676,4397 1870,4393 1870,4393 1870,4392 1870,4391 1934,4390 1935,4389 1947,4389 1948,4390 2015,4389 2016,4390 2163,4387 2164,4386 2168,4386 2169,4387 2172,4386 2173,4387 2173,4388 2173,4388 2177,4388 2178,4389 2186,4389 2188,4391 2188,4393 2189,4393 2190,4393 2193,4397 2193,4399 2195,4401 2195,4405 2196,4405 2197,4405 2197,4405 2198,4429 2198,4430 2328,4427 2329,4427 2329,4414 2330,4412 2331,4412 2331,4412 2331,4408 2333,4406 2333,4404 2334,4403 2334,4401 2335,4400 2336,4400 2336,4400 2336,4399 2337,4398 2338,4398 2338,4398 2338,4396 2339,4395 2341,4395 2341,4395 2341,4394 2342,4393 2343,4393 2343,4393 2343,4391 2345,4389 2350,4389 2352,4386 2352,4384 2352,4384 2361,4384 2362,4383 2376,4382 2377,4382 2376,4346 2379,4343 2393,4343 2393,4344 2393,4345 2394,4345 2395,4345 2395,4346 2395,4348 2396,4349 2397,4379 2398,4380 2452,4379 2453,4380 2717,4375 2718,4374 2799,4372 2800,4371 2830,4371 2831,4370 2868,4369 2870,4367 3034,4364 3035,4363 3034,4324 3036,4322 3036,4320 3036,4319 3037,4319 3038,4318 3093,4317 3096,4314 3098,4314 3100,4312 3114,4312 3115,4312 3115,4313 3115,4314 3119,4314 3120,4314 3120,4316 3120,4317 3122,4317 3124,4318 3124,4320 3125,4322 3126,4322 3127,4322 3127,4353 3128,4354 3226,4352 3228,4350 3230,4350 3232,4348 3265,4347 3265,4347 3265,4344 3266,4342 3266,4340 3267,4340 3315,4339 3315,4339 3315,4327 3316,4326 3316,4307 3317,4305 3334,4305 3335,4304 3339,4304 3340,4304 3340,4344 3342,4346 3342,4348 3343,4348 3345,4348 3346,4350 3347,4398 3346,4399 3346,4403 3346,4403 3344,4403 3344,4404 3344,4405 3343,4405 3340,4406 3336,4410 3334,4410 3334,4410 3334,4412 3331,4415 3289,4416 3288,4417 3246,4417 3243,4420 3237,4421 3236,4422 3172,4423 3171,4424 3170,4424 3170,4424 3170,4425 3169,4426 3168,4426 3167,4427 3059,4429 3057,4431 3002,4432 3002,4433 3002,4434 3002,4434 3001,4434 3000,4435 3000,4436 3000,4436 2992,4436 2991,4437 2991,4438 2991,4438 2989,4438 2988,4439 2884,4442 2883,4442 2883,4443 2883,4444 2881,4444 2880,4445 2879,4445 2878,4446 2860,4446 2859,4445 2798,4446 2797,4447 2798,4488 2798,4488 2781,4489 2780,4488 2779,4447 2779,4447 2583,4450 2582,4451 2577,4452 2576,4451 2414,4454 2413,4454 2414,4479 2411,4482 2405,4482 2405,4481 2404,4457 2404,4457 2386,4457 2385,4456 2265,4459 2264,4460 2263,4460 2262,4460 2262,4461 2262,4462 2261,4462 2259,4463 2259,4464 2257,4467 2257,4469 2249,4477 2247,4477 2245,4479 2243,4479 2243,4480 2243,4481 2241,4482 2235,4482 2235,4482 2235,4480 2234,4479 2233,4479 2233,4479 2232,4462 2232,4461 2170,4463 2169,4462 2142,4462 2141,4463 2142,4506 2142,4506 2136,4506 2135,4506 2134,4463 2134,4462 2051,4464 2050,4464 2051,4481 2050,4482 2049,4482 2049,4482 2049,4486 2047,4488 2046,4488 2045,4489 2035,4489 2035,4490 2035,4501 2033,4503 2019,4504 2018,4504 2018,4505 2018,4506 2017,4505 2011,4505 2009,4503 1992,4503 1989,4500 1880,4502 1879,4503 1879,4519 1878,4520 1876,4520 1872,4524 1868,4524 1867,4526 1867,4527 1866,4528"/><TextEquiv><Unicode/></TextEquiv><TextEquiv index="1"><Unicode>vant ma compagne, dans une oiſiveté</Unicode></TextEquiv></TextLine><TextLine id="l28"><Coords points="1068,4684 1064,4681 1064,4647 1063,4646 1060,4646 1060,4646 1060,4645 1059,4644 1051,4645 1050,4644 1045,4644 1043,4642 1039,4642 1038,4641 1037,4641 1033,4637 1031,4637 1026,4632 1025,4629 1022,4626 1022,4623 1020,4621 1020,4617 1019,4616 1019,4609 1020,4608 1020,4593 1022,4591 1022,4590 1022,4589 1023,4589 1024,4589 1024,4588 1024,4587 1025,4587 1026,4587 1027,4586 1027,4585 1027,4584 1028,4584 1029,4583 1029,4581 1030,4580 1038,4580 1039,4579 1040,4579 1041,4577 1041,4575 1042,4575 1046,4575 1049,4572 1052,4572 1053,4570 1094,4570 1094,4569 1094,4566 1096,4565 1192,4563 1192,4562 1192,4530 1194,4528 1193,4526 1194,4526 1203,4526 1204,4525 1215,4524 1215,4525 1216,4530 1218,4532 1218,4562 1219,4562 1732,4552 1732,4552 1732,4551 1734,4549 1734,4535 1734,4534 1735,4534 1736,4534 1736,4530 1738,4528 1738,4525 1741,4521 1740,4520 1741,4520 1743,4520 1745,4518 1746,4518 1746,4517 1746,4515 1747,4515 1748,4515 1748,4514 1748,4513 1749,4513 1751,4513 1752,4512 1754,4512 1756,4510 1758,4510 1760,4508 1762,4508 1763,4509 3198,4480 3199,4480 3199,4474 3200,4472 3202,4472 3203,4472 3203,4471 3203,4470 3204,4470 3205,4469 3206,4469 3206,4468 3206,4467 3219,4467 3222,4469 3222,4497 3223,4498 3308,4496 3308,4497 3309,4534 3310,4534 3341,4534 3342,4535 3345,4534 3347,4537 3347,4539 3348,4539 3349,4539 3349,4540 3349,4541 3350,4541 3351,4541 3351,4542 3351,4544 3353,4546 3353,4554 3351,4556 3350,4556 3349,4558 3349,4580 3348,4580 3347,4580 3347,4581 3347,4589 3345,4591 3227,4594 3226,4594 3227,4619 3226,4620 3077,4623 3077,4623 3077,4628 3076,4629 3068,4629 3067,4630 3036,4631 3036,4631 3036,4632 3035,4633 2959,4634 2958,4635 2954,4635 2953,4637 2941,4637 2939,4639 2930,4640 2929,4641 2633,4646 2632,4646 2632,4645 2632,4645 2630,4645 2629,4644 2629,4643 2628,4642 2623,4642 2622,4641 2622,4618 2621,4618 2598,4618 2596,4616 2595,4613 2595,4612 1614,4631 1614,4632 1614,4668 1614,4668 1611,4669 1610,4670 1608,4670 1606,4672 1599,4672 1598,4673 1090,4683 1089,4684"/><TextEquiv><Unicode/></TextEquiv><TextEquiv index="1"><Unicode>qui me peſoit. Je la voyois grande,</Unicode></TextEquiv></TextLine><TextLine id="l29"><Coords points="1483,4832 1483,4832 1482,4829 1483,4828 1490,4828 1490,4827 1490,4826 1491,4826 1496,4826 1498,4828 1501,4828 1501,4827 1501,4803 1500,4803 1384,4805 1383,4806 1383,4807 1383,4807 1382,4807 1376,4813 1366,4813 1363,4811 1363,4798 1362,4797 1136,4802 1135,4801 1052,4803 1051,4802 1029,4802 1029,4802 1029,4798 1026,4795 1025,4762 1024,4761 1023,4705 1022,4704 1017,4704 1017,4704 1017,4693 1017,4692 1018,4692 1021,4689 1035,4689 1036,4688 1036,4687 1036,4687 1229,4683 1230,4682 1233,4682 1234,4681 1233,4678 1234,4678 2193,4659 2194,4658 2197,4658 2197,4658 2197,4655 2198,4654 2199,4654 2200,4653 2212,4653 2212,4652 2212,4651 2213,4651 2219,4651 2221,4653 2222,4653 2223,4654 3017,4638 3018,4637 3022,4637 3024,4634 3026,4634 3027,4633 3035,4633 3036,4632 3060,4631 3061,4630 3067,4630 3068,4629 3112,4628 3113,4627 3116,4627 3117,4626 3117,4625 3120,4622 3226,4620 3227,4620 3227,4621 3227,4622 3228,4622 3229,4622 3229,4648 3230,4649 3342,4647 3352,4657 3353,4664 3351,4666 3351,4708 3350,4709 3351,4714 3347,4718 3347,4720 3344,4723 3344,4725 3343,4726 3232,4728 3232,4728 3232,4729 3231,4730 3211,4730 3211,4731 3211,4739 3211,4739 3066,4742 3065,4743 3065,4744 3065,4744 3046,4744 3044,4746 2877,4750 2876,4751 2875,4751 2874,4751 2874,4755 2874,4756 2869,4756 2867,4758 2865,4758 2862,4761 2804,4762 2803,4763 2804,4799 2804,4799 2799,4799 2798,4800 2795,4800 2794,4799 2793,4799 2792,4799 2792,4778 2791,4777 1509,4803 1509,4803 1509,4828 1508,4829 1509,4831 1508,4832"/><TextEquiv><Unicode/></TextEquiv><TextEquiv index="1"><Unicode>belle, enchantereſſe. Je me diſois:</Unicode></TextEquiv></TextLine><TextLine id="l30"><Coords points="1391,5024 1390,5023 1390,5019 1389,5018 1388,4979 1388,4979 1302,4981 1300,4983 1299,4983 1297,4985 1296,4985 1296,4985 1296,4987 1295,4988 1285,4988 1285,4989 1285,4995 1284,4995 1223,4996 1223,4997 1223,5000 1222,5000 1207,5001 1206,5000 1201,5000 1201,4999 1201,4998 1200,4998 1199,4998 1199,4997 1198,4961 1198,4961 1034,4964 1033,4963 1033,4957 1035,4955 1037,4955 1038,4954 1038,4952 1038,4952 1048,4952 1049,4951 1048,4909 1050,4907 1050,4904 1051,4903 1051,4899 1053,4897 1053,4892 1053,4892 1054,4892 1057,4888 1059,4888 1060,4888 1060,4886 1060,4885 1069,4885 1070,4885 1069,4884 1073,4880 1199,4878 1199,4877 1199,4875 1203,4871 1203,4869 1204,4869 1205,4869 1206,4867 1206,4865 1207,4865 1210,4864 1210,4864 1210,4862 1213,4859 1215,4859 1215,4859 1215,4858 1215,4857 1216,4857 1218,4856 1218,4855 1218,4854 1220,4854 1222,4853 1222,4851 1223,4849 1225,4849 1231,4843 1233,4843 1234,4842 1236,4842 1237,4841 1237,4840 1237,4840 1240,4840 1241,4839 1241,4838 1241,4838 1482,4833 1483,4832 1508,4832 1509,4832 1509,4864 1510,4865 1538,4864 1538,4865 1538,4868 1539,4868 1792,4863 1793,4862 1793,4860 1794,4859 1956,4856 1956,4855 1956,4830 1956,4830 2043,4828 2044,4828 2044,4826 2046,4823 2047,4823 2051,4819 2054,4819 2055,4818 2071,4818 2071,4818 2071,4823 2073,4824 2073,4856 2074,4857 2517,4848 2518,4846 2518,4844 2519,4843 2520,4843 2521,4844 2794,4838 2795,4838 2794,4801 2795,4800 2798,4800 2799,4799 2907,4797 2907,4797 2907,4793 2908,4792 2933,4792 2933,4792 2933,4793 2934,4794 3249,4787 3249,4787 3249,4783 3249,4782 3251,4782 3254,4780 3254,4778 3258,4774 3258,4772 3258,4771 3260,4771 3265,4766 3274,4766 3276,4764 3282,4764 3284,4766 3288,4766 3289,4766 3289,4801 3290,4802 3293,4802 3294,4803 3296,4802 3296,4803 3296,4804 3297,4804 3313,4804 3313,4805 3313,4806 3314,4806 3315,4806 3316,4807 3318,4807 3319,4808 3359,4807 3359,4808 3359,4810 3358,4811 3359,4861 3358,4862 3359,4878 3358,4878 3326,4879 3320,4885 3318,4885 3314,4890 3264,4891 3263,4892 3192,4894 3191,4895 3189,4895 3187,4897 3185,4897 3184,4897 3184,4904 3182,4906 3182,4908 3182,4909 3180,4909 3178,4911 3174,4911 3173,4910 2862,4916 2860,4918 2861,4919 2860,4919 2847,4919 2847,4920 2847,4921 2846,4921 2818,4922 2818,4922 2818,4935 2817,4936 2721,4938 2721,4938 2721,4961 2720,4962 2720,4966 2720,4967 2684,4968 2683,4967 2676,4967 2675,4966 2675,4929 2674,4929 2418,4934 2417,4935 2211,4939 2211,4939 2211,4940 2209,4942 2208,4942 2205,4939 2173,4940 2172,4939 1920,4944 1920,4944 1920,4952 1920,4953 1918,4952 1905,4952 1905,4951 1905,4949 1904,4949 1585,4955 1583,4958 1583,4967 1581,4969 1581,4972 1581,4972 1580,4972 1578,4974 1574,4974 1572,4976 1570,4976 1569,4977 1569,4978 1569,4978 1562,4979 1561,4979 1561,4980 1561,4981 1560,4981 1557,4978 1553,4978 1552,4977 1552,4976 1552,4976 1402,4979 1401,4979 1402,5023 1402,5024"/><TextEquiv><Unicode/></TextEquiv><TextEquiv index="1"><Unicode>„Quoi, cette charmante perſonne ſe-</Unicode></TextEquiv></TextLine><TextEquiv><Unicode/></TextEquiv></TextRegion></Page></PcGts>