<?xml version="1.0" encoding="UTF-8" standalone="no"?><PcGts xmlns="http://schema.primaresearch.org/PAGE/gts/pagecontent/2017-07-15" xmlns:xsi="http://www.w3.org/2001/XMLSchema-instance" xsi:schemaLocation="http://schema.primaresearch.org/PAGE/gts/pagecontent/2017-07-15 http://schema.primaresearch.org/PAGE/gts/pagecontent/2017-07-15/pagecontent.xsd"><Metadata><Creator/><Created>2020-10-14T10:36:24</Created><LastChange>1970-01-01T00:00:00</LastChange><Comments/></Metadata><Page imageFilename="0028.png" imageHeight="6032" imageWidth="4266"><TextRegion id="r1" orientation="-0.75" type="paragraph"><Coords points="1,1 4264,1 4264,6030 1,6030"/><TextLine id="l1"><Coords points="1192,477 1191,477 1192,438 1191,437 1183,437 1182,438 1127,438 1126,439 1117,438 1116,439 1073,439 1069,443 961,441 959,444 959,446 958,446 939,446 939,447 939,448 938,448 936,448 934,450 931,450 929,449 930,448 928,446 928,393 926,390 926,381 927,381 1044,383 1044,382 1045,370 1045,370 1049,370 1054,365 1117,365 1118,365 1164,365 1165,365 1165,320 1166,319 1187,319 1189,322 1189,324 1190,324 1191,324 1191,325 1191,357 1191,357 1357,360 1358,359 1358,319 1361,316 1361,314 1362,314 1547,316 1547,316 1547,315 1548,314 1557,314 1557,315 1557,319 1558,319 1559,319 1559,320 1559,356 1559,356 1606,357 1607,358 1804,360 1805,359 1910,361 1911,360 1911,319 1912,319 1916,319 1918,317 1925,317 1925,318 1925,319 1926,319 1930,319 1930,320 1930,324 1931,324 1932,324 1932,325 1932,359 1932,359 2105,361 2106,361 2106,330 2107,329 2109,329 2109,329 2109,327 2111,325 2116,326 2116,325 2116,324 2117,324 2123,324 2123,324 2123,325 2124,326 2125,326 2125,326 2125,333 2126,334 2126,364 2126,365 2287,367 2288,366 2288,365 2288,365 2293,365 2295,366 2295,368 2295,369 2505,372 2506,371 2506,335 2508,333 2508,329 2509,329 2511,329 2512,327 2512,326 2513,326 2524,326 2524,326 2524,328 2525,329 2527,329 2527,329 2527,330 2528,331 2710,333 2711,332 2711,330 2712,329 2721,329 2722,328 2726,329 2728,331 2728,333 2730,335 2730,371 2730,372 2861,373 2862,373 2862,372 2863,370 2871,370 2872,371 2875,372 2876,372 2876,374 2877,376 2940,376 2941,377 2941,378 2941,378 3136,381 3137,380 3137,370 3138,369 3140,369 3141,370 3143,370 3144,371 3144,380 3144,380 3190,381 3191,382 3194,382 3196,383 3196,384 3197,385 3196,392 3197,393 3210,393 3210,393 3210,399 3211,400 3259,401 3263,405 3265,405 3265,405 3265,406 3266,407 3270,407 3270,407 3270,409 3272,411 3272,414 3273,415 3273,417 3275,419 3275,426 3273,428 3273,431 3272,432 3272,436 3270,438 3212,437 3212,437 3211,492 3212,493 3261,494 3261,494 3261,495 3261,496 3242,495 3241,496 3103,494 3101,496 3099,496 3098,497 3098,498 3098,498 3096,498 3095,499 3089,499 3088,498 3084,498 3082,496 3068,496 3067,496 3067,495 3067,494 3066,494 3065,493 3066,456 3065,455 2812,452 2812,452 2811,467 2809,469 2809,473 2809,474 2808,474 2807,474 2807,478 2804,481 2804,483 2804,484 2798,483 2797,484 2797,486 2797,486 2795,486 2794,487 2794,488 2793,489 2745,489 2744,489 2744,491 2744,492 2726,492 2725,491 2726,452 2725,452 2720,451 2720,451 2720,449 2719,448 2649,448 2649,447 2649,445 2648,445 2583,444 2583,444 2582,486 2582,487 2569,486 2568,486 2569,444 2568,443 2491,442 2420,442 2419,443 2416,442 2415,443 2343,443 2342,442 2182,439 2180,441 2163,441 2161,439 1988,437 1987,438 1916,437 1915,438 1861,437 1860,438 1795,437 1794,438 1725,437 1725,438 1724,473 1723,474 1701,474 1700,475 1652,474 1651,474 1652,434 1651,433 1475,431 1474,432 1401,431 1400,432 1335,431 1334,432 1331,432 1325,438 1228,437 1227,438 1203,438 1203,438 1202,477 1202,478"/><TextEquiv><Unicode/></TextEquiv><TextEquiv index="1"><Unicode>“roit-elle la proie de ces indignes pe-</Unicode></TextEquiv></TextLine><TextLine id="l2"><Coords points="3095,653 3095,652 2808,649 2807,648 2808,605 2807,605 2625,602 2624,603 2575,603 2575,603 2575,605 2572,608 2570,608 2570,607 2570,604 2569,604 2565,603 2565,603 2565,602 2564,601 2563,601 2563,601 2563,600 2562,599 2400,597 2399,598 2301,597 2300,598 2291,598 2290,597 2129,595 2128,596 2126,596 2124,598 2112,598 2109,594 1934,592 1932,590 1932,589 1931,588 1760,586 1759,587 1755,587 1755,587 1755,588 1754,589 1753,589 1750,592 1735,592 1733,594 1635,592 1633,594 1628,594 1628,594 1628,593 1627,592 1547,591 1547,591 1547,590 1546,589 1344,586 1343,587 1337,587 1337,588 1337,589 1336,589 1332,589 1332,590 1332,592 1331,592 1263,591 1262,592 1191,591 1190,592 1141,592 1141,592 1141,593 1140,594 1139,594 1139,594 1139,595 1138,596 1099,595 1098,596 1077,596 1075,598 962,596 962,597 962,600 960,601 960,603 960,603 934,603 933,603 933,602 933,601 932,601 931,600 931,578 930,577 914,577 914,576 914,572 912,570 912,562 914,560 914,556 915,556 931,556 931,556 931,537 932,536 953,536 953,536 953,532 955,530 1051,532 1053,529 1053,527 1054,527 1055,527 1055,526 1055,525 1056,525 1126,526 1127,525 1130,525 1132,523 1132,522 1132,522 1133,522 1134,521 1134,520 1134,520 1183,520 1184,520 1184,482 1187,479 1189,479 1189,479 1189,478 1190,477 1202,478 1203,477 1204,478 1294,479 1296,481 1296,512 1296,513 1544,516 1545,515 1546,515 1547,515 1547,475 1548,474 1550,474 1550,474 1550,471 1551,470 1554,470 1554,470 1554,469 1555,468 1570,468 1571,470 1571,472 1573,473 1699,475 1699,476 1699,513 1699,513 1880,515 1881,515 1888,515 1891,518 2053,520 2054,519 2054,481 2057,479 2062,479 2064,477 2073,477 2073,478 2073,479 2074,479 2075,479 2075,480 2075,487 2076,487 2236,489 2238,487 2238,485 2239,484 2248,484 2250,482 2250,480 2251,479 2262,479 2263,478 2271,479 2273,481 2274,481 2274,481 2274,483 2275,484 2278,484 2278,484 2278,491 2279,492 2439,494 2440,493 2442,493 2446,489 2456,489 2458,487 2460,487 2461,486 2498,487 2498,486 2498,484 2499,484 2510,484 2510,484 2510,485 2511,486 2582,487 2582,487 2582,488 2583,489 2584,489 2585,490 2744,492 2744,492 2744,493 2745,494 2745,531 2745,532 2904,534 2906,532 2923,532 2925,534 2930,534 2931,535 2932,535 2933,536 3147,539 3148,539 3148,521 3150,519 3150,518 3151,517 3151,515 3160,505 3162,505 3163,505 3163,504 3163,503 3164,503 3165,503 3165,502 3165,501 3166,501 3167,501 3167,500 3168,499 3175,499 3176,498 3179,498 3180,497 3237,498 3237,498 3237,497 3238,496 3241,496 3242,495 3261,496 3264,499 3266,499 3268,501 3268,503 3270,505 3270,514 3269,515 3268,515 3268,515 3268,516 3266,518 3265,518 3265,518 3265,519 3264,520 3263,590 3263,591 3264,591 3268,594 3268,596 3270,598 3270,600 3270,601 3271,601 3272,601 3272,606 3270,608 3270,612 3269,613 3265,613 3265,613 3265,614 3264,615 3255,614 3254,615 3253,614 3174,613 3173,612 3111,612 3111,612 3110,653 3109,654"/><TextEquiv><Unicode/></TextEquiv><TextEquiv index="1"><Unicode>“naillons? Je ne le ſouffrirai pas. Si</Unicode></TextEquiv></TextLine><TextLine id="l3"><Coords points="1206,790 1205,789 1206,752 1205,752 1085,750 1084,751 1081,751 1080,752 965,751 964,752 963,752 962,752 941,752 941,753 940,754 940,754 939,754 938,754 939,753 938,752 935,752 935,752 935,745 934,744 934,695 933,694 933,691 934,690 962,690 963,689 1051,691 1051,690 1051,686 1053,685 1055,685 1060,680 1089,680 1091,678 1131,679 1132,678 1150,678 1151,677 1151,675 1151,675 1210,676 1211,675 1317,676 1318,675 1320,675 1321,675 1321,673 1323,671 1323,650 1323,649 1324,649 1325,649 1325,647 1328,644 1328,642 1331,639 1333,639 1333,639 1333,637 1336,634 1345,634 1345,634 1345,633 1347,632 1350,632 1352,630 1364,630 1366,628 1379,628 1382,631 1382,663 1382,664 1654,668 1655,667 1655,660 1657,658 1657,654 1658,653 1658,650 1660,648 1660,646 1665,641 1665,639 1666,639 1667,639 1667,638 1667,637 1668,637 1669,637 1669,636 1669,635 1670,635 1671,635 1672,634 1673,634 1677,630 1679,630 1681,628 1688,628 1689,627 1698,627 1699,628 1804,629 1805,631 1805,632 1806,633 1982,635 1983,634 1994,634 1994,634 1994,638 1995,639 1996,639 1996,640 1996,674 1996,674 2185,676 2187,675 2191,675 2192,674 2192,644 2193,643 2193,641 2195,640 2202,640 2203,639 2324,640 2325,639 2338,639 2339,639 2341,639 2341,639 2341,642 2342,643 2487,644 2487,645 2487,647 2488,647 2489,647 2489,648 2489,649 2489,649 2490,649 2491,650 2491,653 2493,655 2493,657 2496,661 2497,661 2498,661 2498,676 2498,677 2535,677 2536,678 2536,680 2537,681 2537,683 2537,683 2646,685 2648,687 2649,687 2650,688 2909,691 2910,690 2965,691 2966,690 2966,651 2967,651 3055,652 3056,651 3062,651 3063,653 3110,654 3112,655 3111,694 3112,695 3173,695 3174,697 3174,699 3175,699 3178,699 3179,701 3181,701 3182,702 3182,704 3184,706 3184,708 3186,710 3186,713 3187,714 3187,735 3187,736 3264,737 3265,737 3265,741 3267,743 3267,756 3268,757 3268,766 3269,767 3268,770 3269,771 3270,771 3270,771 3270,777 3270,778 3268,778 3261,784 3261,793 3261,794 3254,793 3253,794 3247,794 3246,795 3245,795 3244,794 3234,794 3230,791 3230,789 3227,786 3227,773 3227,772 3152,771 3151,770 3018,768 3017,767 2912,766 2911,765 2880,765 2880,765 2879,804 2878,805 2864,804 2864,804 2865,765 2864,764 2650,762 2649,763 2643,762 2642,763 2625,763 2624,762 2623,762 2623,762 2623,759 2622,758 2386,755 2385,756 2331,755 2330,756 2326,756 2326,756 2326,755 2325,754 2175,752 2174,751 2172,751 2171,750 2007,748 2007,749 2006,790 2006,790 1988,790 1987,789 1988,748 1987,748 1906,747 1906,747 1906,748 1905,749 1789,747 1789,747 1789,746 1787,744 1572,741 1569,744 1542,744 1541,745 1438,744 1437,745 1436,745 1434,747 1421,747 1420,747 1414,747 1414,747 1414,746 1412,744 1410,744 1409,743 1246,741 1245,742 1242,742 1242,743 1242,745 1241,745 1239,745 1239,746 1239,747 1238,747 1234,747 1232,749 1230,749 1230,749 1230,750 1229,751 1225,751 1224,752 1222,752 1222,752 1221,788 1221,789 1219,789 1218,790"/><TextEquiv><Unicode/></TextEquiv><TextEquiv index="1"><Unicode>“une fleur ſi belle doit-être cueillie,</Unicode></TextEquiv></TextLine><TextLine id="l4"><Coords points="1088,948 1088,948 1088,912 1088,911 960,909 959,909 959,908 959,907 939,907 937,905 936,905 936,905 936,900 938,898 938,893 940,891 940,841 941,840 1070,842 1072,840 1075,840 1077,838 1079,838 1079,838 1079,836 1080,835 1125,836 1126,835 1158,835 1158,835 1159,831 1159,830 1202,831 1203,830 1203,794 1205,792 1205,790 1206,790 1218,790 1219,789 1222,789 1224,791 1224,826 1224,827 1398,829 1399,828 1436,829 1437,828 1437,826 1439,824 1496,824 1497,824 1525,824 1526,823 1526,821 1526,821 1527,821 1528,820 1528,819 1528,819 1537,819 1538,820 1538,822 1540,824 1770,827 1771,826 1781,826 1783,824 1789,824 1793,828 1984,831 1985,830 1985,792 1986,792 1987,792 1987,791 1987,790 1988,790 2006,790 2006,791 2006,793 2008,795 2008,827 2008,827 2056,828 2058,830 2063,830 2064,830 2064,832 2064,833 2225,835 2226,835 2226,802 2229,799 2229,797 2231,795 2233,795 2235,793 2241,793 2242,795 2242,799 2243,800 2243,834 2243,834 2318,835 2320,837 2321,837 2322,838 2484,840 2485,840 2485,839 2485,838 2488,838 2489,838 2489,803 2491,801 2491,799 2492,799 2512,799 2512,799 2512,803 2513,804 2513,838 2513,839 2680,841 2681,840 2682,840 2683,840 2683,807 2683,806 2684,806 2685,806 2685,805 2685,804 2694,804 2697,802 2700,802 2701,804 2861,806 2862,806 2862,805 2862,804 2879,805 2881,806 2881,839 2881,840 2915,840 2918,843 2917,845 2918,845 2919,845 2919,846 2919,848 2920,848 3100,850 3101,849 3236,851 3237,850 3253,850 3254,850 3259,850 3264,855 3266,855 3268,857 3270,857 3270,857 3270,859 3273,862 3273,871 3275,873 3275,880 3273,882 3273,884 3271,886 3270,886 3270,886 3270,914 3267,917 3265,917 3265,917 3265,918 3264,919 3264,921 3262,923 3261,923 3260,923 3260,924 3257,928 3254,928 3252,929 3252,930 3251,931 3108,930 3107,930 3107,957 3106,959 3101,959 3099,959 3096,959 3096,960 3096,965 3095,965 3079,965 3079,965 3079,926 3079,925 2947,923 2945,921 2914,921 2913,920 2865,919 2864,918 2697,916 2696,917 2662,917 2662,917 2661,956 2660,957 2573,956 2573,955 2573,924 2573,924 2560,923 2558,922 2558,919 2556,917 2557,916 2555,914 2550,914 2548,912 2364,910 2364,910 2364,911 2363,912 2349,912 2349,912 2348,950 2348,951 2337,951 2336,950 2337,909 2336,908 2175,906 2175,907 2174,954 2173,954 2138,954 2137,952 2137,949 2136,948 2131,948 2128,945 2129,904 2128,904 1945,901 1944,902 1939,902 1937,904 1854,903 1853,905 1853,907 1852,907 1846,907 1846,907 1846,904 1845,903 1643,900 1643,901 1643,903 1642,904 1642,910 1640,911 1640,917 1640,917 1639,917 1638,918 1638,922 1636,924 1636,926 1635,927 1635,930 1632,933 1630,933 1629,934 1629,935 1628,936 1627,936 1626,937 1626,938 1626,938 1617,938 1610,931 1610,929 1609,928 1610,903 1609,903 1418,900 1418,901 1418,902 1417,902 1406,902 1406,903 1406,905 1405,905 1340,904 1340,905 1339,945 1339,945 1310,945 1309,946 1261,945 1260,946 1115,945 1113,946 1113,948 1112,948"/><TextEquiv><Unicode/></TextEquiv><TextEquiv index="1"><Unicode>“qui peut y avoir plus de droits que</Unicode></TextEquiv></TextLine><TextLine id="l5"><Coords points="3196,1128 3196,1127 3196,1079 3196,1079 3023,1076 3022,1077 2870,1075 2869,1076 2869,1077 2869,1077 2803,1077 2802,1076 2802,1074 2801,1073 2628,1070 2627,1071 2627,1087 2625,1089 2625,1094 2623,1096 2623,1098 2622,1099 2622,1101 2622,1101 2621,1101 2620,1102 2620,1103 2620,1103 2619,1103 2618,1104 2618,1105 2618,1105 2617,1105 2616,1106 2616,1108 2616,1108 2613,1108 2610,1110 2603,1110 2599,1105 2599,1070 2599,1070 2561,1069 2560,1068 2398,1066 2397,1067 2336,1067 2335,1067 2325,1067 2323,1065 2321,1065 2320,1064 2169,1062 2169,1063 2169,1064 2168,1064 2141,1064 2141,1064 2141,1066 2140,1067 2139,1067 2139,1066 2139,1065 2136,1063 2084,1062 2081,1059 2067,1059 2067,1059 2066,1104 2065,1105 2045,1105 2045,1104 2046,1059 2045,1059 1917,1057 1917,1058 1917,1061 1915,1062 1854,1061 1853,1062 1681,1060 1679,1058 1529,1056 1528,1057 1455,1056 1454,1057 1398,1056 1397,1057 1321,1056 1320,1057 1316,1057 1315,1059 1315,1060 1314,1060 1286,1060 1286,1060 1285,1100 1284,1101 1268,1101 1268,1100 1269,1060 1268,1060 1252,1059 1252,1060 1251,1065 1251,1065 1245,1065 1244,1065 1244,1063 1244,1062 1087,1060 1086,1061 1086,1062 1086,1062 971,1061 970,1062 968,1062 965,1065 963,1065 962,1064 962,1063 962,1063 943,1062 941,1061 942,1059 941,1058 941,1002 943,1000 943,999 944,998 945,998 947,996 1060,998 1063,995 1087,995 1089,993 1089,991 1090,990 1122,991 1123,990 1182,990 1182,990 1182,989 1183,988 1185,988 1189,984 1190,984 1191,984 1241,984 1242,984 1242,947 1243,946 1307,947 1310,945 1339,945 1339,946 1339,947 1340,948 1341,948 1342,949 1342,951 1342,951 1343,952 1344,952 1344,956 1346,958 1345,1022 1346,1023 1589,1026 1590,1025 1591,985 1592,984 1597,984 1598,984 1598,985 1599,986 1598,988 1600,990 1779,992 1779,992 1779,991 1780,990 1781,985 1782,984 1782,981 1784,979 1784,977 1788,973 1788,972 1789,971 1789,970 1789,969 1790,969 1791,969 1791,967 1793,964 1795,964 1796,964 1796,962 1798,959 1800,959 1801,959 1801,957 1801,956 1802,957 1803,956 1803,954 1804,953 1807,953 1810,950 1810,948 1811,948 1817,948 1818,947 1820,947 1820,946 1820,945 1821,945 1823,945 1825,943 1847,943 1851,947 1855,947 1856,948 1859,948 1861,950 1863,950 1865,953 1867,953 1868,954 1868,955 1868,955 1869,955 1870,956 1870,957 1870,957 1871,957 1872,958 1872,959 1872,959 1873,959 1875,961 1875,962 1875,962 1876,962 1877,963 1878,964 1880,965 1880,967 1881,969 1883,969 1884,969 1884,971 1887,974 1887,976 1889,978 1889,980 1889,981 2038,983 2039,982 2039,974 2040,973 2040,969 2040,969 2041,969 2042,968 2042,964 2044,962 2044,960 2045,959 2046,959 2047,958 2047,956 2050,953 2051,953 2052,952 2052,951 2056,948 2063,948 2064,947 2067,947 2069,945 2083,945 2087,950 2087,953 2087,953 2173,954 2174,955 2174,962 2175,963 2175,989 2175,989 2328,991 2329,991 2329,958 2329,957 2330,957 2331,957 2331,955 2336,950 2348,951 2348,951 2348,952 2349,953 2351,953 2352,954 2352,956 2352,957 2501,959 2503,957 2503,955 2504,955 2505,955 2505,954 2505,953 2506,953 2518,953 2519,955 2810,959 2811,960 2968,962 2969,962 2969,963 2969,964 3096,965 3100,969 3099,1005 3100,1005 3148,1006 3149,1005 3163,1005 3165,1007 3247,1008 3248,1009 3254,1010 3256,1012 3258,1012 3258,1012 3258,1013 3259,1014 3261,1014 3262,1015 3266,1015 3272,1021 3272,1033 3272,1034 3270,1034 3269,1034 3268,1080 3267,1081 3267,1086 3263,1090 3263,1092 3263,1093 3261,1093 3256,1098 3254,1098 3253,1098 3253,1102 3251,1104 3251,1106 3248,1109 3248,1111 3245,1113 3222,1113 3220,1111 3220,1109 3220,1108 3219,1108 3218,1108 3218,1080 3218,1079 3207,1079 3206,1079 3206,1127 3205,1128"/><TextEquiv><Unicode/></TextEquiv><TextEquiv index="1"><Unicode>moi?...“. On frémit déjà de loin;</Unicode></TextEquiv></TextLine><TextLine id="l6"><Coords points="2401,1266 2400,1265 2398,1265 2398,1265 2398,1264 2397,1263 2395,1263 2395,1263 2395,1224 2395,1223 2215,1221 2214,1222 2050,1220 2049,1220 2049,1221 2049,1222 1895,1220 1894,1220 1894,1258 1893,1259 1888,1259 1888,1258 1888,1220 1888,1220 1785,1218 1784,1219 1784,1222 1784,1222 1782,1222 1781,1222 1781,1218 1780,1216 1779,1216 1779,1216 1779,1215 1778,1214 1581,1212 1580,1213 1576,1213 1576,1213 1576,1214 1575,1215 1571,1215 1570,1215 1565,1215 1563,1213 1401,1211 1399,1213 1314,1212 1314,1213 1313,1222 1313,1222 1310,1222 1309,1223 1308,1223 1306,1225 1257,1224 1256,1225 1256,1227 1256,1227 1249,1227 1247,1226 1247,1220 1247,1219 1026,1216 1025,1217 1018,1217 1017,1218 981,1218 977,1222 960,1222 959,1222 959,1223 957,1225 957,1227 957,1227 946,1227 945,1227 945,1223 945,1222 941,1222 938,1220 939,1211 938,1210 938,1204 937,1203 935,1203 935,1203 935,1202 935,1201 939,1201 940,1201 940,1176 941,1175 941,1173 942,1172 943,1172 943,1172 943,1171 944,1170 947,1170 947,1170 947,1161 950,1158 950,1156 957,1149 966,1150 968,1148 1034,1148 1037,1146 1122,1147 1123,1146 1179,1146 1179,1146 1179,1145 1180,1144 1189,1144 1190,1144 1205,1144 1206,1142 1206,1141 1207,1141 1208,1141 1208,1140 1208,1139 1209,1139 1264,1139 1264,1139 1265,1104 1266,1103 1267,1103 1268,1102 1268,1101 1268,1101 1284,1101 1285,1101 1285,1102 1285,1103 1286,1103 1287,1103 1286,1138 1287,1139 1341,1139 1342,1138 1378,1139 1380,1137 1380,1134 1380,1134 1503,1136 1504,1135 1504,1103 1504,1103 1511,1103 1514,1101 1519,1101 1519,1101 1519,1102 1519,1103 1523,1103 1524,1103 1524,1137 1524,1138 1579,1139 1580,1140 1796,1142 1796,1142 1797,1140 1797,1139 1799,1139 1800,1140 1801,1141 1803,1143 1981,1145 1982,1144 2044,1145 2044,1144 2045,1105 2045,1105 2065,1105 2066,1105 2065,1143 2066,1144 2113,1145 2114,1144 2121,1144 2121,1144 2121,1145 2122,1146 2123,1146 2124,1147 2335,1149 2336,1149 2435,1150 2436,1149 2439,1149 2440,1148 2547,1149 2547,1149 2548,1120 2549,1119 2549,1117 2552,1113 2559,1113 2560,1112 2563,1112 2564,1111 2602,1112 2603,1112 2603,1111 2603,1110 2610,1110 2611,1111 2611,1112 2611,1112 2654,1113 2656,1114 2656,1116 2656,1117 2816,1119 2818,1117 2825,1117 2826,1116 2826,1115 2826,1115 2990,1117 2992,1119 2996,1119 2997,1120 2997,1122 2997,1122 3145,1124 3146,1125 3146,1127 3146,1127 3205,1128 3206,1128 3205,1166 3209,1170 3211,1170 3211,1170 3211,1172 3215,1177 3215,1185 3216,1185 3277,1186 3279,1188 3279,1190 3280,1191 3280,1202 3279,1203 3279,1208 3276,1211 3213,1210 3213,1210 3212,1230 3207,1236 3199,1236 3198,1237 3192,1237 3191,1236 3080,1234 3022,1233 3021,1234 3015,1234 3013,1232 3003,1232 3002,1232 3002,1230 3002,1229 3000,1229 2999,1228 2936,1227 2935,1226 2839,1225 2838,1226 2838,1270 2837,1270 2824,1270 2824,1269 2824,1225 2824,1225 2722,1224 2721,1224 2721,1226 2721,1227 2717,1227 2716,1227 2710,1227 2709,1228 2709,1229 2709,1229 2697,1229 2696,1228 2437,1225 2436,1225 2436,1262 2435,1263 2415,1263 2415,1263 2415,1264 2414,1265 2411,1265 2410,1265 2408,1265 2407,1266"/><TextEquiv><Unicode/></TextEquiv><TextEquiv index="1"><Unicode>on craint de me voir coupable &amp; ſcélé-</Unicode></TextEquiv></TextLine><TextLine id="l7"><Coords points="1084,1413 1084,1413 1084,1383 1084,1382 951,1380 950,1380 950,1379 950,1378 948,1378 947,1377 945,1377 943,1376 943,1374 941,1372 941,1368 942,1367 943,1362 943,1361 944,1361 945,1361 945,1360 945,1359 946,1359 947,1359 947,1307 950,1304 959,1304 960,1304 967,1304 970,1301 991,1301 993,1299 1000,1299 1000,1299 1000,1298 1001,1297 1036,1298 1036,1297 1036,1296 1039,1294 1172,1295 1172,1295 1173,1290 1174,1289 1174,1285 1175,1284 1175,1283 1175,1282 1176,1282 1177,1282 1177,1280 1178,1278 1179,1278 1180,1278 1180,1275 1182,1273 1182,1268 1184,1266 1184,1264 1186,1262 1186,1259 1186,1258 1187,1258 1189,1257 1189,1256 1189,1256 1541,1260 1542,1260 1542,1259 1542,1258 1554,1258 1556,1256 1883,1261 1886,1258 2837,1270 2838,1271 2838,1273 2838,1273 2970,1275 2971,1275 2971,1276 2971,1277 2973,1277 2974,1278 2976,1278 2977,1279 3351,1284 3352,1284 3351,1285 2979,1280 2979,1280 2979,1299 2980,1300 2979,1311 2980,1312 3251,1315 3251,1316 3251,1317 3252,1318 3256,1318 3258,1320 3263,1320 3264,1321 3267,1321 3269,1323 3270,1323 3270,1323 3270,1324 3271,1325 3273,1325 3273,1325 3273,1327 3274,1328 3275,1328 3275,1328 3275,1329 3276,1330 3277,1330 3277,1330 3277,1331 3279,1333 3279,1339 3280,1340 3280,1346 3279,1347 3279,1375 3278,1376 3277,1380 3276,1382 3269,1382 3264,1387 3259,1387 3256,1390 3252,1390 3251,1390 3251,1391 3250,1392 3031,1390 3029,1392 3021,1391 3020,1392 2232,1382 2231,1383 2231,1397 2230,1398 2230,1401 2228,1403 2228,1407 2224,1411 2224,1413 2223,1413 2221,1413 2221,1414 2221,1418 2220,1418 2209,1418 2208,1419 1096,1404 1096,1405 1096,1413 1095,1413"/><TextEquiv><Unicode/></TextEquiv><TextEquiv index="1"><Unicode>rat. Ames honnêtes, je tâcherai de ne</Unicode></TextEquiv></TextLine><TextLine id="l8"><Coords points="951,1573 948,1570 948,1567 947,1566 948,1472 947,1471 947,1465 951,1461 957,1461 957,1461 957,1460 959,1459 976,1459 976,1458 976,1457 977,1457 1029,1457 1032,1454 1034,1454 1035,1454 1080,1454 1080,1454 1081,1415 1082,1413 1095,1413 1096,1412 1097,1413 1099,1413 1100,1414 1099,1443 1100,1443 1196,1445 1196,1445 1196,1446 1199,1449 1199,1451 1200,1452 1390,1454 1392,1452 1395,1452 1397,1450 1401,1450 1402,1449 1490,1450 1491,1449 1492,1449 1493,1449 1509,1449 1511,1451 1511,1452 1512,1453 1671,1455 1672,1453 1672,1446 1674,1445 1674,1430 1676,1428 1676,1425 1677,1424 1677,1420 1679,1418 1681,1418 1686,1413 1691,1413 1695,1410 1695,1408 1696,1407 1711,1407 1712,1409 1717,1409 1719,1411 1722,1412 1726,1415 1725,1450 1726,1451 1960,1454 1960,1453 1961,1420 1963,1418 1967,1418 1968,1417 1968,1416 1968,1416 2076,1417 2077,1416 2129,1417 2130,1418 2208,1419 2209,1419 2208,1457 2209,1458 2303,1459 2305,1462 2305,1463 2306,1463 2526,1466 2526,1466 2527,1440 2529,1438 2529,1436 2530,1435 2530,1433 2532,1431 2532,1429 2532,1428 2534,1428 2537,1425 2538,1425 2539,1425 2539,1424 2539,1423 2561,1423 2562,1422 2569,1423 2570,1423 2570,1425 2570,1426 2572,1428 2574,1428 2577,1430 2577,1434 2579,1436 2578,1465 2579,1466 2615,1466 2616,1467 2798,1470 2799,1469 2804,1469 2805,1468 2809,1468 2809,1467 2809,1466 2810,1466 2821,1466 2822,1467 2977,1469 2979,1471 3263,1475 3264,1474 3266,1476 3268,1476 3268,1476 3268,1478 3270,1480 3272,1480 3273,1481 3273,1482 3274,1483 3277,1483 3277,1483 3277,1484 3279,1486 3279,1492 3280,1493 3280,1504 3279,1505 3278,1505 3278,1505 3277,1535 3273,1539 3273,1541 3272,1542 3272,1544 3272,1545 3271,1545 3270,1545 3270,1547 3268,1549 3268,1551 3268,1552 3259,1552 3258,1551 3258,1550 3258,1550 3236,1549 3234,1547 3228,1547 3227,1547 3227,1545 3227,1544 2975,1541 2974,1542 2946,1542 2945,1541 2915,1540 2914,1539 2738,1537 2737,1538 2736,1538 2735,1538 2735,1541 2735,1542 2730,1542 2728,1540 2728,1537 2726,1535 2726,1533 2726,1533 2549,1530 2548,1531 2397,1529 2396,1530 2396,1538 2395,1539 2395,1541 2393,1543 2393,1545 2393,1545 2392,1545 2391,1546 2391,1547 2391,1547 2390,1547 2389,1548 2389,1550 2386,1553 2386,1557 2386,1557 2384,1557 2383,1558 2383,1560 2382,1561 2380,1561 2379,1562 2358,1562 2357,1561 2357,1538 2357,1538 2124,1535 2123,1535 2123,1540 2122,1542 2116,1542 2114,1540 2114,1535 2113,1534 2113,1532 2111,1530 1951,1528 1950,1528 1753,1526 1751,1528 1744,1528 1743,1527 1743,1526 1743,1526 1732,1526 1730,1524 1567,1521 1565,1523 1562,1523 1561,1524 1552,1524 1550,1526 1544,1526 1543,1525 1333,1522 1332,1523 1332,1524 1330,1526 1209,1525 1208,1526 1114,1525 1113,1525 1113,1566 1112,1567 978,1565 978,1565 978,1566 977,1567 976,1567 976,1567 976,1568 975,1569 974,1569 974,1569 974,1570 973,1571 966,1571 964,1573 958,1573 957,1573"/><TextEquiv><Unicode/></TextEquiv><TextEquiv index="1"><Unicode>point vous ſcandaliſer; &amp; vous me</Unicode></TextEquiv></TextLine><TextLine id="l9"><Coords points="1428,1724 1428,1723 1428,1687 1428,1687 1376,1686 1375,1685 1375,1683 1375,1683 1114,1680 1082,1679 1080,1681 1033,1680 1032,1681 1010,1681 1007,1678 976,1678 974,1676 974,1672 974,1672 955,1671 953,1669 952,1669 952,1669 952,1662 950,1660 950,1646 948,1644 948,1630 948,1629 946,1629 941,1625 941,1621 943,1619 943,1617 946,1614 955,1614 955,1614 955,1613 956,1612 957,1612 958,1612 974,1612 976,1610 1014,1610 1014,1610 1015,1574 1015,1573 1017,1573 1021,1569 1099,1570 1103,1566 1239,1568 1240,1567 1253,1567 1254,1568 1254,1594 1255,1595 1254,1604 1255,1604 1304,1605 1304,1606 1304,1608 1305,1608 1491,1610 1492,1610 1493,1610 1494,1609 1586,1610 1587,1609 1644,1609 1645,1609 1675,1609 1677,1607 1720,1607 1721,1606 1721,1605 1724,1603 1817,1604 1817,1603 1818,1592 1820,1590 1820,1588 1820,1588 1821,1588 1822,1587 1822,1585 1825,1582 1825,1578 1825,1578 1826,1578 1827,1577 1827,1576 1827,1576 1828,1576 1829,1575 1829,1573 1829,1573 1831,1573 1832,1572 1832,1569 1832,1569 1840,1569 1841,1570 1841,1571 1844,1574 1844,1576 1844,1576 1845,1576 1846,1577 1846,1578 1846,1578 1847,1578 1848,1579 1848,1581 1851,1584 1851,1588 1851,1588 1852,1588 1853,1589 1853,1590 1853,1590 1854,1590 1855,1591 1855,1598 1856,1599 1855,1602 1856,1602 1888,1603 1891,1606 1891,1607 1892,1608 1953,1609 1954,1610 2099,1611 2099,1611 2100,1575 2102,1573 2102,1572 2102,1571 2103,1571 2104,1571 2106,1569 2113,1569 2115,1571 2153,1571 2155,1573 2156,1573 2157,1574 2157,1575 2157,1575 2189,1576 2190,1576 2190,1577 2190,1578 2192,1578 2195,1580 2194,1615 2195,1616 2367,1618 2368,1617 2374,1617 2375,1616 2498,1618 2498,1617 2499,1584 2501,1582 2501,1580 2502,1579 2505,1579 2506,1578 2517,1578 2518,1579 2520,1579 2522,1580 2522,1601 2523,1602 2522,1620 2523,1621 2725,1624 2725,1623 2725,1622 2726,1622 2834,1623 2835,1622 2840,1622 2841,1621 2854,1621 2855,1622 3125,1626 3127,1628 3190,1629 3192,1631 3196,1631 3196,1631 3196,1633 3197,1634 3200,1634 3202,1636 3203,1636 3203,1636 3203,1667 3203,1668 3267,1669 3269,1671 3278,1671 3279,1671 3279,1682 3280,1683 3279,1684 3278,1684 3278,1684 3278,1685 3277,1686 3276,1686 3275,1686 3275,1721 3275,1722 3256,1722 3250,1727 3248,1727 3247,1727 3236,1727 3236,1728 3236,1735 3234,1737 3234,1739 3232,1741 3232,1743 3231,1743 3224,1743 3223,1742 3223,1702 3223,1701 3056,1699 3055,1700 3053,1700 3051,1702 3039,1702 3038,1701 3038,1700 3038,1700 3036,1700 3034,1698 3032,1698 3031,1697 2856,1694 2854,1696 2844,1696 2843,1695 2629,1692 2628,1693 2624,1693 2623,1694 2623,1695 2623,1695 2618,1695 2616,1693 2404,1690 2403,1691 2320,1690 2319,1691 2319,1731 2318,1731 2305,1731 2305,1731 2305,1691 2305,1690 2279,1690 2278,1690 2278,1693 2276,1695 2276,1697 2276,1698 2275,1698 2274,1698 2274,1700 2273,1701 2273,1705 2271,1707 2271,1709 2271,1710 2270,1710 2269,1710 2269,1716 2266,1719 2266,1721 2265,1722 2257,1722 2257,1722 2257,1723 2256,1724 2255,1724 2254,1724 2249,1724 2247,1722 2245,1722 2243,1720 2243,1688 2243,1687 2103,1686 2102,1686 1998,1685 1997,1686 1981,1686 1980,1685 1743,1682 1742,1683 1606,1681 1605,1681 1605,1682 1605,1683 1517,1682 1516,1682 1516,1719 1513,1722 1491,1722 1490,1722 1447,1722 1447,1722 1447,1723 1446,1724"/><TextEquiv><Unicode/></TextEquiv><TextEquiv index="1"><Unicode>plaindrez peut-être. Il y a des momens,</Unicode></TextEquiv></TextLine><TextLine id="l10"><Coords points="2704,1892 2704,1892 2704,1849 2704,1848 2572,1847 2568,1851 2560,1850 2559,1851 2549,1851 2547,1849 2542,1849 2539,1846 2379,1844 2377,1846 2278,1845 2277,1846 2157,1844 2156,1843 1969,1841 1968,1840 1968,1839 1968,1839 1720,1836 1719,1836 1644,1836 1643,1836 1642,1836 1641,1837 1578,1837 1576,1838 1576,1841 1574,1843 1574,1845 1573,1846 1573,1848 1571,1851 1570,1851 1569,1851 1569,1855 1569,1856 1568,1856 1567,1857 1564,1856 1562,1858 1560,1858 1558,1860 1553,1860 1552,1860 1552,1859 1552,1858 1551,1858 1550,1858 1550,1839 1550,1838 1376,1836 1375,1836 1375,1840 1375,1841 1367,1841 1366,1840 1366,1836 1364,1834 1150,1831 1149,1832 1142,1832 1141,1832 1141,1833 1141,1834 1140,1834 1139,1834 1139,1835 1139,1836 1064,1835 1063,1836 1024,1835 1023,1836 967,1836 963,1832 961,1832 960,1831 959,1831 957,1829 957,1826 957,1826 954,1825 953,1825 954,1822 952,1820 952,1818 951,1817 950,1817 950,1817 950,1816 949,1815 948,1815 948,1815 948,1813 947,1812 948,1728 947,1727 947,1726 945,1724 945,1716 945,1715 946,1715 947,1715 947,1713 947,1712 949,1712 950,1712 950,1694 951,1693 952,1693 952,1693 952,1684 955,1681 956,1681 957,1681 965,1681 967,1683 967,1686 969,1688 969,1709 971,1712 973,1712 976,1714 976,1723 976,1724 994,1724 995,1725 995,1726 996,1727 997,1727 998,1728 998,1746 999,1747 998,1760 999,1760 1033,1761 1034,1762 1217,1764 1217,1763 1218,1724 1218,1724 1219,1724 1220,1723 1220,1722 1220,1722 1231,1722 1232,1723 1232,1727 1234,1729 1234,1747 1235,1748 1234,1757 1235,1757 1276,1758 1278,1760 1280,1760 1281,1761 1425,1763 1425,1762 1426,1728 1428,1726 1428,1724 1428,1724 1446,1724 1447,1724 1446,1761 1447,1762 1648,1765 1650,1763 1718,1763 1718,1763 1719,1728 1720,1727 1721,1727 1722,1726 1836,1727 1839,1730 1839,1751 1840,1752 1839,1756 1840,1756 1975,1758 1975,1758 1975,1759 1976,1760 1977,1760 1977,1760 1977,1762 1978,1763 1978,1765 1979,1766 2147,1768 2147,1768 2147,1765 2149,1763 2301,1765 2301,1765 2302,1734 2304,1731 2320,1731 2322,1733 2321,1772 2322,1772 2492,1775 2492,1774 2493,1748 2493,1748 2495,1748 2496,1747 2496,1745 2497,1744 2610,1745 2611,1745 2611,1744 2611,1743 2613,1743 2615,1741 2617,1741 2618,1741 2618,1739 2618,1738 2630,1738 2632,1736 2636,1736 2637,1736 2639,1736 2641,1738 2650,1738 2651,1738 2651,1740 2653,1742 2653,1744 2654,1745 2654,1755 2655,1756 2654,1776 2655,1777 2942,1780 2942,1780 2942,1779 2943,1779 2949,1779 2949,1778 2950,1745 2950,1745 2952,1745 2954,1743 3078,1744 3079,1743 3081,1743 3083,1741 3085,1741 3086,1741 3086,1740 3086,1739 3088,1739 3089,1738 3094,1738 3095,1737 3107,1738 3108,1739 3138,1739 3139,1740 3139,1741 3139,1741 3145,1741 3146,1742 3146,1743 3146,1743 3154,1743 3155,1744 3155,1748 3155,1748 3157,1748 3158,1749 3157,1783 3158,1783 3199,1784 3201,1786 3257,1787 3259,1789 3271,1789 3272,1790 3272,1792 3275,1795 3275,1798 3277,1800 3277,1807 3278,1808 3278,1825 3280,1827 3280,1829 3282,1831 3282,1835 3283,1836 3282,1838 3284,1840 3284,1853 3282,1856 3263,1856 3261,1857 3261,1859 3259,1862 3250,1862 3249,1861 3244,1860 3242,1858 3237,1858 3235,1856 3035,1854 3033,1856 3019,1856 3018,1856 3004,1856 3003,1855 2960,1855 2959,1854 2932,1853 2931,1852 2762,1850 2761,1851 2725,1851 2724,1851 2724,1892 2723,1893"/><TextEquiv><Unicode/></TextEquiv><TextEquiv index="1"><Unicode>dans la vie, où la tentation eſt au-deſſus</Unicode></TextEquiv></TextLine><TextLine id="l11"><Coords points="1849,2008 1848,2008 1848,1996 1848,1995 1783,1994 1782,1995 1782,1996 1782,1996 1692,1995 1691,1996 1592,1995 1591,1996 1576,1996 1575,1995 1514,1994 1513,1993 1250,1989 1249,1990 1235,1990 1234,1991 1047,1989 1046,1990 1041,1990 1039,1992 1032,1992 1031,1992 1027,1992 1026,1991 999,1991 998,1990 972,1990 971,1989 965,1989 964,1988 964,1986 963,1985 961,1985 959,1983 959,1982 959,1982 958,1982 957,1981 957,1980 957,1980 956,1980 955,1979 956,1975 955,1975 953,1974 953,1974 953,1971 952,1970 952,1940 953,1939 953,1935 954,1934 955,1934 955,1934 955,1931 959,1927 959,1923 960,1923 962,1923 964,1920 964,1918 965,1918 978,1918 978,1917 979,1882 979,1882 982,1882 983,1881 983,1880 983,1880 987,1880 988,1879 995,1879 996,1880 997,1880 998,1881 998,1898 999,1899 998,1912 999,1912 1316,1916 1316,1916 1316,1904 1317,1903 1318,1903 1318,1903 1319,1900 1320,1899 1320,1897 1321,1896 1321,1893 1323,1891 1323,1889 1325,1887 1325,1885 1325,1884 1327,1884 1329,1882 1331,1882 1332,1882 1332,1881 1332,1880 1333,1880 1335,1879 1335,1878 1335,1877 1337,1878 1338,1877 1356,1877 1359,1879 1359,1881 1359,1882 1360,1882 1361,1882 1361,1883 1361,1884 1362,1884 1363,1884 1362,1916 1363,1917 1574,1920 1576,1918 1583,1918 1584,1919 1740,1921 1740,1920 1741,1882 1741,1882 1742,1882 1743,1881 1743,1880 1743,1880 1744,1880 1745,1879 1839,1880 1841,1882 1853,1882 1858,1887 1857,1921 1858,1921 2043,1924 2044,1923 2134,1924 2135,1923 2177,1923 2178,1923 2181,1923 2181,1923 2181,1926 2182,1927 2472,1930 2474,1928 2474,1924 2475,1923 2475,1915 2476,1914 2477,1907 2477,1906 2478,1906 2479,1906 2479,1904 2481,1902 2481,1900 2483,1898 2483,1897 2488,1892 2492,1892 2493,1891 2495,1891 2496,1890 2496,1887 2496,1887 2507,1887 2508,1886 2517,1886 2518,1887 2519,1887 2520,1887 2520,1888 2520,1889 2521,1889 2522,1890 2522,1891 2522,1891 2523,1891 2525,1893 2524,1928 2525,1928 2661,1930 2662,1929 2673,1929 2674,1928 2701,1928 2701,1928 2702,1894 2703,1892 2724,1893 2727,1895 2727,1897 2728,1898 2727,1932 2728,1933 2864,1934 2865,1933 2873,1934 2874,1935 2879,1935 2881,1937 3126,1940 3127,1939 3186,1940 3186,1939 3187,1903 3187,1903 3191,1903 3193,1901 3195,1901 3198,1898 3204,1898 3206,1899 3206,1901 3208,1903 3208,1911 3209,1912 3208,1945 3209,1946 3288,1947 3289,1949 3289,1951 3289,1951 3288,1951 3287,1952 3287,1953 3286,1953 3283,1953 3282,1953 3282,1979 3280,1981 3280,1983 3278,1985 3277,1985 3277,1985 3277,1986 3276,1987 3275,1987 3275,1987 3275,1988 3273,1990 3270,1990 3268,1992 3264,1992 3263,1992 3263,1993 3263,1994 3216,1993 3215,1994 3215,2011 3215,2011 3169,2010 3168,2011 3163,2011 3161,2013 2930,2010 2929,2011 2915,2011 2914,2010 2766,2008 2765,2007 2542,2004 2541,2005 2541,2006 2541,2006 2521,2006 2520,2005 2234,2001 2233,2000 2038,1998 2037,1999 2025,1999 2024,1999 2023,1999 2023,1998 2023,1997 1857,1995 1856,1996 1856,2008 1856,2008"/><TextEquiv><Unicode/></TextEquiv><TextEquiv index="1"><Unicode>de nos forces. Nous nous ſentions mal-</Unicode></TextEquiv></TextLine><TextLine id="l12"><Coords points="1435,2189 1435,2188 1435,2151 1435,2151 1364,2150 1361,2147 1235,2145 1197,2145 1196,2145 1196,2146 1196,2147 1031,2145 1030,2145 1020,2145 1019,2145 1019,2143 1019,2142 1018,2142 1017,2141 949,2140 948,2140 950,2048 949,2047 948,2047 947,2046 947,2038 951,2033 954,2033 955,2033 959,2033 960,2032 966,2032 969,2034 969,2050 970,2051 969,2055 970,2056 1089,2057 1089,2058 1089,2070 1090,2070 1308,2073 1308,2073 1308,2062 1309,2061 1309,2059 1311,2057 1312,2053 1313,2052 1313,2048 1313,2047 1314,2047 1315,2047 1315,2043 1315,2042 1317,2042 1318,2042 1318,2040 1325,2032 1329,2032 1330,2032 1330,2031 1330,2030 1336,2031 1337,2030 1338,2030 1339,2029 1339,2028 1339,2028 1349,2028 1351,2030 1353,2030 1356,2032 1356,2034 1358,2036 1357,2071 1358,2072 1489,2073 1490,2073 1595,2074 1596,2073 1641,2073 1642,2073 1682,2073 1684,2071 1771,2072 1772,2071 1777,2071 1777,2072 1777,2073 1778,2073 1782,2073 1782,2074 1782,2076 1783,2076 1940,2078 1942,2080 2107,2083 2108,2082 2114,2082 2114,2081 2114,2080 2115,2080 2119,2080 2120,2078 2121,2044 2123,2042 2129,2042 2130,2041 2130,2040 2130,2040 2139,2040 2140,2041 2140,2042 2140,2042 2141,2042 2142,2043 2142,2058 2143,2059 2142,2081 2143,2081 2329,2083 2330,2083 2507,2085 2507,2084 2508,2049 2508,2049 2509,2049 2510,2048 2510,2047 2510,2047 2524,2047 2527,2050 2527,2061 2528,2062 2527,2084 2528,2084 2573,2085 2575,2087 2662,2088 2663,2089 2663,2090 2664,2091 2718,2092 2719,2093 2902,2095 2903,2094 2945,2095 2946,2094 2948,2094 2948,2093 2948,2092 2949,2092 2950,2092 2950,2091 2950,2090 2951,2090 2952,2090 2954,2088 2966,2088 2968,2090 2969,2090 2969,2090 2969,2092 2970,2093 3176,2096 3177,2095 3183,2095 3185,2097 3187,2097 3189,2099 3191,2099 3193,2101 3193,2103 3194,2104 3196,2104 3196,2104 3196,2106 3198,2108 3198,2113 3199,2114 3199,2116 3199,2117 3276,2118 3277,2118 3277,2122 3276,2123 3276,2142 3267,2150 3267,2154 3266,2156 3209,2155 3208,2156 3208,2171 3208,2171 3123,2170 3122,2171 2991,2169 2990,2170 2990,2179 2989,2180 2920,2179 2919,2180 2919,2192 2918,2192 2913,2192 2912,2191 2912,2169 2912,2168 2900,2168 2898,2166 2893,2166 2892,2165 2826,2164 2825,2163 2692,2161 2691,2160 2521,2158 2520,2159 2520,2161 2520,2161 2200,2157 2198,2159 2196,2159 2195,2159 2195,2160 2195,2161 2189,2161 2188,2162 2176,2161 2174,2160 2174,2157 2174,2156 1983,2154 1981,2156 1978,2156 1977,2156 1977,2173 1975,2175 1969,2175 1968,2173 1968,2152 1968,2152 1794,2149 1793,2150 1784,2150 1782,2152 1777,2152 1776,2151 1567,2149 1566,2149 1566,2190 1565,2191"/><TextEquiv><Unicode/></TextEquiv><TextEquiv index="1"><Unicode>heureuſement tous deux dans cet em-</Unicode></TextEquiv></TextLine><TextLine id="l13"><Coords points="2207,2355 2207,2354 2207,2333 2206,2333 2075,2331 2075,2331 2075,2312 2075,2311 1871,2309 1870,2309 1870,2340 1868,2341 1867,2341 1865,2344 1865,2345 1864,2345 1862,2345 1861,2346 1837,2346 1836,2345 1836,2308 1836,2307 1688,2305 1687,2306 1687,2347 1688,2348 1687,2348 1639,2347 1638,2346 1576,2346 1576,2345 1576,2303 1576,2303 1439,2301 1438,2302 1428,2302 1427,2301 1396,2300 1395,2301 1395,2343 1394,2343 1376,2343 1376,2343 1377,2342 1377,2301 1377,2300 1228,2298 1227,2299 1227,2300 1227,2300 1183,2300 1182,2301 1052,2299 1051,2300 992,2299 991,2300 991,2319 991,2319 989,2319 988,2318 988,2300 988,2300 972,2300 970,2298 960,2298 959,2297 959,2295 959,2295 958,2295 957,2294 958,2281 957,2280 957,2252 956,2252 955,2252 955,2251 955,2248 954,2248 953,2248 953,2247 954,2204 952,2202 952,2189 954,2187 954,2186 954,2186 969,2186 972,2188 972,2203 973,2204 972,2222 973,2223 1092,2224 1093,2225 1175,2226 1176,2227 1357,2230 1358,2229 1378,2229 1379,2228 1429,2229 1429,2228 1430,2202 1432,2200 1432,2192 1433,2191 1433,2190 1433,2190 1434,2190 1435,2189 1565,2191 1567,2192 1566,2230 1567,2231 1862,2234 1863,2233 1881,2234 1882,2233 1942,2233 1942,2234 1942,2235 1943,2235 1999,2236 1999,2237 1999,2238 2000,2238 2006,2238 2006,2239 2006,2240 2007,2240 2008,2240 2008,2241 2008,2242 2010,2243 2012,2243 2015,2247 2015,2248 2016,2248 2017,2248 2018,2250 2018,2253 2020,2255 2020,2277 2020,2277 2220,2280 2221,2280 2221,2246 2224,2243 2226,2243 2229,2240 2266,2241 2267,2240 2327,2240 2328,2239 2328,2238 2329,2238 2344,2238 2346,2240 2407,2241 2408,2242 2553,2243 2553,2243 2553,2234 2554,2233 2556,2233 2556,2233 2556,2219 2557,2218 2557,2217 2558,2217 2561,2217 2561,2217 2561,2218 2562,2219 2577,2219 2577,2219 2577,2220 2578,2221 2584,2221 2584,2221 2584,2232 2585,2233 2604,2233 2604,2234 2604,2237 2606,2239 2606,2240 2607,2240 2618,2240 2618,2241 2618,2242 2619,2242 2661,2243 2661,2243 2661,2244 2662,2245 2663,2245 2664,2246 2856,2248 2857,2247 2857,2241 2858,2240 2859,2240 2859,2240 2859,2234 2861,2232 2861,2231 2862,2230 2862,2229 2864,2227 2864,2225 2866,2223 2866,2221 2868,2219 2869,2217 2869,2217 2870,2217 2871,2216 2871,2214 2871,2214 2873,2214 2875,2212 2880,2212 2883,2209 2885,2209 2887,2207 2901,2207 2902,2208 2902,2209 2902,2209 2903,2209 2904,2210 2904,2211 2905,2212 2906,2212 2907,2213 2907,2216 2907,2216 2909,2216 2910,2217 2909,2246 2910,2246 3136,2249 3137,2248 3137,2238 3139,2236 3139,2233 3141,2231 3141,2229 3142,2228 3144,2228 3149,2223 3151,2223 3151,2223 3151,2222 3152,2221 3153,2221 3153,2221 3154,2219 3156,2216 3158,2216 3160,2214 3164,2214 3165,2214 3165,2213 3165,2212 3168,2212 3169,2212 3184,2212 3189,2217 3191,2217 3192,2218 3193,2218 3194,2218 3193,2252 3194,2253 3254,2254 3255,2255 3257,2255 3259,2257 3261,2257 3262,2259 3264,2259 3268,2262 3268,2263 3268,2264 3276,2264 3277,2264 3277,2266 3281,2271 3286,2271 3287,2272 3287,2274 3287,2274 3288,2274 3289,2275 3289,2295 3289,2295 3292,2295 3293,2296 3292,2298 3293,2298 3294,2298 3294,2299 3294,2300 3295,2300 3296,2300 3296,2301 3296,2310 3296,2310 3280,2310 3279,2310 3279,2329 3278,2331 3245,2331 3244,2329 3238,2329 3237,2328 3087,2326 3086,2326 3086,2325 3086,2324 3082,2324 3079,2321 3027,2321 3026,2320 2734,2316 2729,2321 2722,2321 2721,2322 2707,2321 2706,2321 2706,2320 2706,2319 2705,2319 2704,2318 2401,2314 2400,2315 2400,2356 2399,2356 2298,2355 2297,2356"/><TextEquiv><Unicode/></TextEquiv><TextEquiv index="1"><Unicode>barras réciproque, par une funeſte</Unicode></TextEquiv></TextLine><TextLine id="l14"><Coords points="2687,2517 2687,2517 2687,2476 2687,2475 2589,2474 2587,2472 2582,2472 2581,2471 2404,2469 2403,2469 2328,2469 2327,2469 2327,2470 2327,2471 2318,2470 2317,2469 2215,2468 2214,2469 2214,2489 2213,2489 2211,2489 2211,2488 2211,2466 2211,2466 2004,2463 2002,2465 1854,2463 1853,2464 1853,2465 1853,2465 1852,2465 1851,2466 1851,2470 1851,2470 1840,2470 1839,2470 1839,2467 1839,2466 1811,2466 1810,2466 1810,2493 1807,2496 1806,2496 1806,2496 1806,2500 1805,2501 1792,2501 1791,2501 1782,2501 1782,2501 1782,2466 1782,2465 1718,2465 1717,2464 1715,2463 1714,2462 1712,2462 1711,2461 1634,2460 1632,2458 1474,2456 1451,2456 1450,2457 1446,2457 1445,2458 1439,2458 1438,2457 1262,2455 1261,2455 1261,2496 1260,2497 1247,2496 1246,2497 1064,2495 1063,2496 1062,2496 1062,2495 1062,2487 1061,2487 985,2486 984,2484 984,2450 984,2450 955,2450 952,2447 953,2380 957,2377 959,2377 959,2376 960,2352 962,2350 962,2347 963,2346 964,2346 965,2345 965,2344 968,2341 971,2341 976,2336 994,2336 995,2337 995,2341 996,2342 995,2378 996,2378 1213,2381 1213,2380 1213,2379 1214,2379 1218,2379 1220,2377 1265,2378 1266,2377 1291,2377 1291,2376 1292,2350 1292,2350 1293,2350 1294,2349 1294,2348 1294,2348 1295,2348 1296,2347 1296,2346 1296,2346 1307,2346 1308,2345 1374,2346 1377,2343 1394,2343 1395,2342 1397,2344 1396,2383 1397,2383 1454,2384 1454,2385 1454,2386 1455,2386 1457,2386 1459,2388 1464,2388 1466,2391 1466,2393 1467,2393 1468,2393 1468,2394 1468,2395 1469,2396 1469,2399 1471,2401 1471,2423 1471,2423 1631,2425 1632,2425 1633,2353 1633,2352 1635,2352 1636,2352 1636,2349 1636,2348 1637,2348 1638,2347 1688,2348 1690,2350 1689,2387 1690,2387 1877,2390 1877,2389 1877,2388 1878,2388 1995,2389 1997,2391 2152,2393 2152,2393 2152,2392 2153,2391 2161,2391 2161,2391 2162,2358 2162,2357 2165,2357 2166,2357 2166,2354 2166,2353 2168,2353 2169,2352 2174,2352 2175,2352 2182,2352 2183,2352 2183,2353 2183,2354 2399,2356 2402,2359 2402,2365 2403,2366 2402,2397 2403,2397 2647,2401 2648,2400 2661,2400 2662,2401 2862,2403 2863,2403 2959,2404 2960,2403 2971,2403 2971,2402 2972,2368 2973,2367 2978,2367 2980,2365 2988,2365 2991,2368 2991,2369 2992,2370 2991,2404 2992,2404 3155,2406 3155,2406 3155,2404 3156,2403 3167,2403 3168,2403 3255,2404 3256,2403 3265,2403 3265,2403 3265,2406 3266,2407 3267,2407 3268,2408 3276,2408 3279,2411 3279,2430 3280,2431 3280,2438 3279,2439 3271,2439 3271,2439 3270,2485 3270,2486 3261,2486 3259,2484 3247,2484 3246,2483 3057,2480 3056,2481 2981,2480 2980,2481 2977,2481 2976,2481 2976,2478 2976,2477 2818,2475 2816,2477 2809,2477 2807,2479 2728,2478 2727,2478 2727,2510 2725,2512 2723,2512 2722,2513 2717,2513 2715,2515 2709,2515 2706,2517"/><TextEquiv><Unicode/></TextEquiv><TextEquiv index="1"><Unicode>ſympathie. Je me diſois cependant:</Unicode></TextEquiv></TextLine><TextLine id="l15"><Coords points="1857,2662 1857,2662 1857,2657 1856,2656 1839,2656 1839,2656 1839,2655 1838,2654 1837,2654 1836,2653 1836,2652 1835,2651 1833,2651 1831,2649 1831,2647 1830,2646 1829,2646 1829,2645 1829,2623 1829,2622 1689,2620 1686,2617 1458,2614 1457,2615 1403,2614 1402,2615 1402,2635 1401,2636 1401,2640 1397,2644 1397,2646 1396,2646 1394,2646 1394,2647 1394,2649 1393,2649 1392,2649 1392,2650 1392,2651 1391,2651 1387,2651 1385,2653 1379,2653 1377,2651 1375,2651 1375,2651 1375,2612 1375,2611 1203,2609 1202,2610 1068,2608 1067,2608 1067,2607 1067,2606 1065,2606 1062,2603 1062,2600 1062,2600 977,2599 969,2591 969,2589 969,2589 958,2589 957,2588 958,2586 957,2585 957,2584 959,2582 959,2563 960,2562 960,2558 960,2558 961,2558 962,2557 962,2553 964,2551 964,2549 965,2548 965,2547 967,2545 967,2543 969,2542 972,2542 973,2541 974,2541 974,2540 974,2539 975,2539 976,2539 976,2538 976,2537 977,2537 981,2537 981,2536 981,2534 982,2534 1057,2535 1057,2534 1058,2497 1059,2496 1063,2496 1064,2495 1246,2497 1247,2496 1260,2497 1261,2497 1261,2501 1261,2502 1393,2503 1394,2504 1394,2505 1394,2505 1398,2505 1401,2508 1401,2512 1402,2513 1401,2540 1402,2540 1562,2542 1563,2542 1633,2542 1634,2541 1639,2542 1640,2541 1683,2541 1683,2541 1683,2540 1686,2537 1696,2537 1696,2538 1696,2540 1697,2540 1809,2542 1810,2543 1870,2544 1870,2544 1870,2545 1871,2546 1873,2546 1874,2547 2051,2549 2052,2548 2097,2548 2098,2548 2173,2548 2174,2548 2338,2550 2338,2549 2338,2539 2340,2537 2340,2532 2341,2531 2341,2527 2342,2527 2343,2527 2343,2526 2343,2525 2344,2525 2345,2525 2345,2524 2345,2522 2346,2522 2348,2522 2348,2521 2349,2519 2350,2518 2350,2517 2350,2517 2352,2517 2353,2516 2353,2515 2353,2515 2356,2515 2357,2514 2357,2513 2358,2512 2362,2512 2366,2508 2369,2508 2371,2506 2383,2506 2384,2507 2384,2508 2384,2508 2386,2508 2390,2512 2622,2515 2624,2513 2626,2513 2627,2512 2631,2512 2632,2512 2645,2512 2646,2513 2648,2513 2649,2513 2649,2514 2649,2515 2650,2515 2651,2515 2651,2516 2651,2517 2653,2517 2655,2519 2733,2520 2736,2522 2735,2556 2736,2557 3045,2561 3045,2560 3045,2548 3046,2548 3048,2548 3048,2547 3048,2543 3050,2541 3050,2532 3052,2531 3052,2530 3053,2529 3053,2528 3054,2527 3055,2527 3055,2527 3055,2526 3056,2525 3057,2525 3057,2525 3058,2523 3058,2522 3067,2522 3069,2525 3069,2527 3071,2529 3071,2532 3072,2533 3072,2535 3076,2539 3076,2541 3077,2542 3077,2557 3078,2557 3115,2558 3117,2560 3117,2562 3118,2564 3178,2565 3179,2565 3179,2566 3179,2567 3183,2567 3184,2568 3188,2568 3189,2568 3189,2569 3189,2570 3190,2570 3191,2570 3191,2572 3194,2575 3194,2577 3198,2581 3198,2599 3198,2600 3261,2601 3267,2607 3267,2609 3268,2610 3268,2627 3267,2628 3267,2647 3263,2651 3263,2655 3262,2656 3241,2655 3240,2656 3227,2656 3227,2656 3227,2641 3226,2640 3166,2639 3165,2639 3165,2638 3165,2637 3156,2637 3154,2635 3056,2634 3055,2633 2812,2630 2811,2629 2809,2629 2808,2628 2545,2624 2544,2625 2542,2625 2537,2630 2513,2630 2512,2629 2508,2629 2505,2626 2311,2623 2310,2624 2310,2666 2309,2666 2154,2664 2154,2664 2154,2622 2154,2621 2003,2619 2002,2620 1945,2620 1944,2621 1943,2620 1942,2621 1942,2622 1942,2622 1900,2622 1899,2622 1899,2640 1898,2641 1898,2644 1896,2646 1894,2646 1889,2651 1887,2651 1887,2651 1887,2652 1886,2653 1886,2654 1884,2656 1875,2656 1875,2656 1875,2662 1874,2663"/><TextEquiv><Unicode/></TextEquiv><TextEquiv index="1"><Unicode>„Dois-je outrager une fille ſi honnête,</Unicode></TextEquiv></TextLine><TextLine id="l16"><Coords points="1471,2815 1471,2815 1471,2771 1471,2770 1464,2770 1463,2771 1463,2774 1461,2776 1461,2778 1461,2778 1460,2778 1459,2779 1459,2781 1457,2783 1457,2785 1456,2785 1454,2785 1454,2786 1454,2788 1451,2790 1449,2790 1447,2792 1445,2792 1445,2792 1445,2793 1443,2795 1335,2794 1334,2795 1334,2799 1333,2800 1332,2800 1331,2800 1329,2800 1328,2802 1328,2804 1325,2806 1320,2806 1319,2807 1317,2807 1315,2809 1310,2809 1308,2811 1294,2811 1294,2811 1294,2808 1293,2807 1291,2807 1290,2806 1282,2806 1282,2805 1282,2804 1281,2804 1280,2804 1280,2803 1280,2800 1279,2800 1275,2800 1275,2799 1275,2795 1274,2795 1273,2795 1273,2794 1273,2792 1272,2791 1272,2766 1272,2766 1176,2764 1175,2764 1175,2763 1175,2762 1070,2761 1068,2759 1065,2759 1063,2757 974,2756 972,2754 955,2754 953,2752 954,2738 955,2737 955,2689 958,2687 1069,2688 1070,2687 1070,2676 1071,2675 1072,2675 1072,2675 1072,2669 1073,2668 1074,2668 1074,2668 1075,2663 1076,2661 1078,2661 1079,2661 1079,2657 1079,2656 1080,2656 1081,2656 1081,2655 1084,2651 1088,2651 1090,2649 1092,2649 1093,2649 1093,2648 1094,2646 1110,2647 1111,2648 1219,2649 1220,2650 1220,2651 1220,2651 1228,2651 1229,2652 1229,2654 1230,2655 1230,2664 1231,2665 1230,2692 1231,2692 1337,2694 1337,2694 1337,2695 1338,2696 1389,2696 1390,2697 1397,2697 1397,2698 1397,2699 1398,2699 1399,2699 1400,2700 1542,2702 1543,2701 1548,2701 1550,2699 1552,2699 1552,2699 1552,2698 1553,2697 1580,2698 1581,2697 1586,2697 1587,2698 1759,2700 1759,2700 1760,2664 1762,2661 1769,2661 1771,2659 1784,2659 1786,2661 1874,2663 1875,2663 1875,2667 1876,2668 1875,2701 1876,2702 1958,2703 1959,2702 2040,2703 2040,2702 2040,2693 2042,2691 2042,2684 2044,2682 2044,2680 2045,2679 2045,2677 2046,2677 2047,2677 2047,2676 2047,2674 2053,2669 2053,2668 2055,2666 2057,2666 2059,2665 2059,2664 2059,2663 2061,2663 2063,2661 2086,2661 2087,2662 2170,2663 2171,2664 2311,2666 2312,2667 2312,2670 2313,2671 2312,2708 2313,2708 2358,2709 2359,2708 2487,2710 2487,2709 2487,2708 2488,2708 2490,2708 2491,2706 2492,2671 2493,2670 2493,2668 2495,2666 2520,2666 2522,2668 2522,2671 2522,2671 2524,2671 2526,2673 2525,2678 2527,2680 2527,2682 2528,2682 2529,2682 2529,2683 2529,2717 2529,2717 2700,2719 2701,2719 2701,2715 2702,2714 2702,2711 2706,2707 2706,2704 2707,2703 2707,2702 2709,2700 2709,2698 2711,2696 2711,2692 2712,2692 2714,2692 2719,2687 2721,2687 2721,2686 2721,2684 2724,2682 2726,2682 2730,2678 2732,2678 2733,2677 2738,2677 2740,2675 2742,2675 2743,2674 2743,2673 2743,2673 2746,2673 2748,2671 2781,2671 2782,2672 2785,2673 2786,2674 2787,2674 2790,2677 2792,2677 2797,2682 2797,2686 2798,2687 2799,2687 2799,2687 2799,2696 2800,2697 2800,2703 2801,2704 2801,2715 2801,2716 2966,2718 2967,2717 2967,2680 2968,2680 2969,2680 2971,2678 2976,2678 2977,2677 2993,2677 2993,2678 2993,2716 2993,2716 3097,2718 3098,2719 3210,2720 3211,2720 3211,2701 3213,2699 3220,2699 3220,2700 3220,2702 3222,2704 3222,2743 3222,2743 3265,2744 3266,2744 3266,2745 3270,2749 3270,2752 3271,2753 3270,2784 3271,2785 3285,2785 3285,2786 3285,2792 3285,2792 3092,2790 3091,2790 3091,2791 3091,2792 3090,2792 3088,2793 3002,2791 3000,2792 2829,2790 2828,2791 2828,2823 2827,2823 2825,2823 2825,2823 2825,2790 2825,2789 2746,2788 2745,2787 2742,2787 2740,2785 2733,2785 2730,2782 2504,2779 2503,2780 2502,2780 2501,2780 2501,2782 2501,2783 2499,2783 2498,2783 2498,2784 2498,2785 2435,2784 2434,2785 2415,2785 2413,2783 2413,2782 2413,2782 2294,2780 2293,2779 2205,2778 2204,2777 2096,2776 2095,2776 2095,2820 2094,2820 2076,2820 2076,2820 2076,2776 2076,2775 2017,2774 2016,2775 1941,2774 1940,2775 1935,2775 1934,2776 1932,2776 1930,2778 1638,2775 1637,2775 1631,2775 1628,2772 1482,2770 1481,2771 1481,2815 1480,2815"/><TextEquiv><Unicode/></TextEquiv><TextEquiv index="1"><Unicode>“ſi ſage, ma bienfaitrice?“ Ces bon-</Unicode></TextEquiv></TextLine><TextLine id="l17"><Coords points="2791,2987 2790,2986 2791,2945 2790,2945 2684,2943 2682,2940 2521,2938 2520,2939 2520,2940 2520,2940 2433,2939 2432,2940 2425,2940 2422,2942 2194,2939 2192,2940 2078,2938 2078,2939 2078,2940 2077,2940 2072,2940 2070,2938 2070,2934 2070,2933 1909,2931 1908,2932 1908,2933 1908,2933 1821,2932 1820,2932 1820,2972 1819,2973 1798,2973 1797,2974 1783,2973 1782,2972 1781,2972 1781,2972 1781,2932 1781,2931 1597,2929 1595,2931 1589,2931 1588,2930 1522,2929 1521,2928 1519,2928 1518,2927 1512,2927 1511,2927 1511,2968 1512,2969 1511,2970 1495,2970 1495,2969 1495,2969 1496,2969 1497,2968 1497,2927 1497,2927 1459,2926 1457,2924 1315,2922 1288,2922 1287,2922 1287,2923 1287,2924 1209,2923 1208,2923 1208,2959 1206,2961 1206,2963 1205,2964 1191,2964 1189,2966 1185,2966 1183,2964 1182,2964 1182,2963 1182,2960 1181,2960 1105,2959 1105,2958 1105,2920 1105,2920 1032,2919 1028,2915 955,2914 953,2912 953,2910 953,2910 924,2909 921,2907 921,2905 916,2899 914,2899 910,2896 911,2892 910,2890 910,2884 911,2883 954,2884 955,2883 955,2842 956,2842 958,2842 960,2840 965,2840 966,2841 1045,2842 1046,2843 1046,2844 1047,2845 1401,2849 1401,2849 1401,2834 1402,2833 1402,2829 1403,2828 1404,2828 1404,2828 1404,2827 1405,2826 1406,2826 1406,2826 1406,2822 1408,2820 1409,2816 1409,2816 1411,2816 1416,2811 1427,2811 1428,2810 1428,2809 1428,2809 1430,2809 1432,2807 1444,2807 1445,2807 1445,2808 1445,2809 1448,2809 1449,2810 1449,2811 1449,2811 1451,2811 1452,2812 1452,2815 1452,2815 1481,2815 1482,2816 1484,2817 1485,2817 1484,2854 1485,2855 1544,2855 1545,2856 1726,2859 1726,2858 1726,2857 1727,2857 1732,2857 1734,2855 1751,2855 1752,2856 1898,2858 1898,2857 1898,2845 1899,2844 1899,2832 1901,2830 1901,2825 1903,2823 1904,2820 1905,2819 1915,2819 1917,2821 1918,2821 1919,2822 1918,2856 1919,2856 2019,2858 2020,2857 2075,2857 2075,2857 2076,2821 2076,2820 2096,2821 2098,2822 2097,2860 2098,2861 2188,2862 2189,2861 2267,2862 2270,2859 2271,2859 2271,2858 2271,2857 2272,2857 2281,2857 2281,2857 2281,2859 2283,2861 2283,2863 2284,2865 2456,2867 2457,2866 2462,2866 2465,2864 2609,2866 2610,2866 2610,2863 2611,2862 2611,2850 2613,2848 2613,2845 2616,2842 2616,2840 2625,2831 2628,2831 2629,2830 2630,2831 2630,2830 2630,2828 2631,2828 2632,2828 2633,2827 2633,2826 2633,2826 2637,2826 2638,2825 2638,2824 2638,2824 2643,2824 2644,2823 2655,2823 2657,2825 2658,2825 2659,2826 2663,2826 2664,2826 2663,2829 2664,2830 2817,2832 2818,2831 2831,2831 2832,2830 2842,2830 2843,2831 2846,2831 2847,2833 2847,2870 2847,2870 2870,2871 2871,2872 3022,2874 3023,2875 3279,2878 3282,2881 3282,2888 3281,2888 3279,2888 3277,2890 3277,2902 3275,2904 3275,2905 3274,2906 3273,2908 3273,2909 3268,2909 3267,2909 3267,2951 3267,2952 3277,2952 3278,2953 3279,2953 3280,2954 3280,2955 3279,2955 3277,2955 3277,2955 3277,2969 3275,2971 3251,2971 3246,2976 3241,2976 3240,2977 3239,2976 3237,2978 3222,2978 3222,2978 3222,2977 3221,2976 3215,2976 3215,2976 3215,2952 3214,2951 3026,2949 3025,2950 3011,2950 3010,2950 2985,2950 2985,2951 2985,2956 2983,2957 2981,2957 2981,2957 2981,2952 2980,2951 2930,2950 2928,2948 2928,2947 2927,2946 2808,2945 2808,2945 2807,2986 2807,2987"/><TextEquiv><Unicode/></TextEquiv><TextEquiv index="1"><Unicode>nes penſées opéroient en ſa faveur;</Unicode></TextEquiv></TextLine><TextLine id="l18"><Coords points="3178,3149 3177,3148 3178,3107 3177,3107 3163,3107 3162,3107 3161,3106 2998,3104 2997,3106 2997,3109 2995,3111 2995,3113 2991,3117 2991,3119 2989,3120 2983,3120 2983,3121 2983,3122 2982,3122 2981,3122 2981,3123 2981,3124 2980,3124 2976,3124 2974,3126 2972,3126 2971,3124 2971,3122 2970,3122 2969,3122 2969,3121 2969,3106 2968,3106 2900,3105 2900,3105 2900,3104 2899,3103 2893,3103 2893,3102 2893,3101 2892,3101 2665,3098 2663,3100 2643,3100 2640,3097 2476,3095 2475,3096 2447,3095 2447,3096 2446,3137 2446,3137 2432,3137 2431,3136 2432,3095 2431,3095 2399,3095 2398,3095 2327,3095 2326,3093 2325,3093 2324,3092 2324,3091 2324,3091 2171,3089 2170,3089 2166,3089 2165,3090 2164,3132 2164,3132 2145,3132 2144,3132 2145,3090 2145,3089 2127,3089 2126,3088 1941,3086 1938,3088 1936,3088 1935,3089 1930,3089 1927,3091 1915,3091 1914,3089 1911,3089 1910,3088 1906,3088 1905,3087 1852,3086 1851,3085 1699,3083 1698,3084 1694,3084 1693,3085 1693,3086 1693,3086 1692,3086 1691,3087 1691,3088 1691,3088 1689,3088 1687,3089 1672,3089 1672,3088 1545,3086 1544,3085 1434,3084 1432,3082 1431,3082 1430,3081 1233,3078 1232,3079 1232,3101 1230,3103 1230,3107 1229,3108 1229,3109 1225,3113 1225,3115 1224,3115 1222,3115 1218,3119 1217,3119 1216,3120 1210,3120 1210,3119 1210,3117 1209,3117 1086,3115 1086,3115 1086,3072 1086,3071 964,3070 962,3071 962,3073 962,3074 960,3074 957,3071 957,3069 955,3067 955,3064 953,3062 953,3057 954,3057 955,3057 955,3056 955,3054 956,3053 957,2993 960,2991 968,2991 972,2995 1100,2996 1100,2996 1101,2962 1102,2961 1102,2960 1102,2960 1104,2960 1105,2959 1118,2959 1119,2960 1120,2960 1122,2961 1122,2962 1122,2963 1261,2965 1265,2968 1265,2969 1268,2973 1268,2976 1270,2978 1270,3004 1271,3005 1302,3005 1303,3006 1493,3009 1493,3008 1494,2971 1495,2970 1512,2970 1513,2971 1514,2971 1516,2973 1516,3010 1517,3011 1666,3013 1668,3012 1751,3013 1753,3012 1782,3012 1782,3012 1783,2974 1783,2973 1797,2974 1798,2973 1873,2974 1875,2976 1875,3014 1875,3015 2038,3017 2039,3016 2039,3015 2039,3015 2192,3017 2193,3016 2193,2983 2194,2983 2195,2983 2195,2982 2195,2981 2196,2981 2202,2981 2202,2980 2202,2979 2203,2979 2212,2979 2213,2980 2253,2981 2254,2982 2254,3020 2254,3021 2416,3023 2417,3022 2586,3024 2587,3023 2587,2986 2588,2986 2745,2988 2747,2986 2807,2987 2807,2987 2807,3025 2807,3026 2862,3027 2864,3029 2906,3029 2907,3030 2907,3031 2907,3031 2913,3031 2915,3033 2922,3033 2924,3035 2924,3036 2924,3036 3079,3038 3081,3036 3085,3036 3086,3036 3086,3035 3086,3034 3087,3034 3088,3034 3089,3033 3100,3033 3101,3032 3101,2999 3105,2996 3119,2996 3121,2998 3122,2998 3122,2998 3122,3000 3124,3002 3124,3034 3124,3035 3181,3036 3183,3038 3188,3038 3191,3040 3191,3042 3194,3045 3194,3047 3194,3048 3195,3048 3196,3048 3196,3050 3198,3052 3198,3055 3198,3056 3264,3057 3265,3058 3268,3058 3269,3058 3268,3073 3266,3075 3266,3076 3265,3077 3265,3078 3265,3079 3264,3079 3263,3079 3263,3080 3263,3081 3197,3080 3196,3080 3195,3145 3196,3146 3198,3146 3198,3146 3198,3148 3198,3149"/><TextEquiv><Unicode/></TextEquiv><TextEquiv index="1"><Unicode>mais j'avois eu le malheur de lire, de-</Unicode></TextEquiv></TextLine><TextLine id="l19"><Coords points="1212,3280 1211,3279 1212,3275 1211,3275 1208,3275 1208,3274 1208,3230 1208,3230 984,3227 983,3227 983,3263 981,3265 969,3265 964,3270 959,3270 957,3268 955,3268 955,3267 955,3265 953,3263 953,3250 954,3249 956,3249 957,3248 957,3246 958,3245 959,3167 958,3167 956,3167 953,3163 953,3157 955,3155 955,3153 956,3153 979,3153 981,3151 1024,3152 1025,3151 1081,3151 1081,3151 1082,3119 1084,3117 1084,3116 1084,3115 1099,3115 1100,3116 1100,3117 1101,3118 1101,3121 1102,3122 1101,3155 1102,3156 1137,3156 1137,3156 1137,3158 1139,3160 1386,3163 1388,3162 1406,3163 1407,3162 1411,3162 1413,3164 1413,3199 1414,3200 1413,3209 1414,3210 1596,3212 1596,3212 1597,3173 1601,3168 1725,3170 1726,3169 1726,3168 1726,3168 1734,3168 1736,3170 1940,3173 1941,3172 2008,3172 2010,3170 2016,3171 2017,3170 2034,3170 2035,3169 2035,3167 2036,3167 2049,3167 2049,3168 2141,3169 2142,3169 2142,3137 2143,3136 2143,3133 2144,3132 2165,3132 2166,3134 2166,3136 2167,3136 2168,3136 2168,3137 2168,3171 2168,3171 2378,3174 2379,3174 2379,3142 2380,3141 2384,3141 2386,3139 2389,3139 2391,3137 2393,3137 2394,3136 2446,3137 2446,3138 2446,3141 2447,3141 2448,3141 2448,3142 2448,3179 2448,3179 2632,3182 2634,3184 2636,3184 2639,3187 2641,3187 2642,3187 2642,3191 2643,3193 2645,3193 2647,3194 2647,3206 2648,3207 2647,3222 2648,3223 2676,3223 2678,3225 2680,3225 2680,3226 2680,3227 2681,3227 2863,3230 2863,3229 2864,3162 2862,3160 2862,3157 2862,3157 2850,3156 2849,3156 2849,3155 2847,3153 2847,3147 2848,3146 2850,3146 2850,3146 2850,3144 2851,3143 2852,3143 2852,3143 2852,3142 2853,3141 2857,3141 2858,3141 2859,3141 2859,3141 2859,3142 2860,3143 2866,3143 2867,3144 2924,3144 2924,3145 2924,3146 2925,3146 2929,3146 2931,3148 2934,3149 2936,3151 2938,3151 2938,3151 2938,3186 2938,3187 3174,3190 3175,3189 3175,3152 3177,3150 3177,3149 3178,3149 3198,3149 3199,3150 3199,3189 3199,3190 3245,3191 3247,3193 3307,3193 3310,3196 3310,3202 3308,3203 3262,3203 3262,3203 3261,3257 3260,3258 3258,3258 3256,3260 3249,3260 3248,3261 3246,3261 3246,3261 3246,3262 3245,3263 3239,3263 3238,3264 3124,3262 3123,3263 3108,3263 3107,3262 3034,3261 3033,3260 3031,3260 3030,3259 2849,3256 2848,3255 2841,3255 2840,3254 2681,3252 2678,3255 2668,3255 2667,3256 2493,3254 2493,3254 2493,3255 2492,3256 2486,3256 2483,3253 2379,3251 2379,3251 2379,3250 2378,3249 2371,3249 2370,3248 2154,3245 2153,3246 2088,3245 2087,3246 2056,3246 2054,3248 1949,3247 1948,3248 1942,3248 1941,3249 1940,3249 1939,3249 1932,3249 1931,3248 1929,3248 1927,3246 1925,3246 1924,3245 1838,3244 1838,3245 1837,3286 1837,3286 1817,3286 1816,3285 1817,3244 1816,3244 1695,3242 1695,3243 1695,3244 1694,3244 1693,3244 1693,3245 1693,3247 1688,3251 1683,3251 1683,3251 1683,3248 1682,3247 1493,3245 1492,3246 1492,3248 1491,3249 1490,3249 1490,3249 1490,3252 1489,3253 1488,3253 1487,3254 1487,3256 1483,3260 1482,3260 1480,3262 1480,3263 1479,3263 1476,3263 1476,3264 1476,3265 1475,3265 1461,3265 1461,3265 1461,3254 1460,3253 1459,3253 1459,3253 1459,3242 1458,3241 1371,3240 1371,3241 1370,3279 1370,3279 1369,3279 1368,3280 1223,3278 1222,3279 1222,3280 1222,3280"/><TextEquiv><Unicode/></TextEquiv><TextEquiv index="1"><Unicode>puis peu, un certain livre. J'avois</Unicode></TextEquiv></TextLine><TextLine id="l20"><Coords points="1691,3451 1689,3450 1689,3448 1689,3447 1685,3447 1684,3447 1684,3446 1684,3445 1682,3445 1681,3444 1677,3444 1676,3444 1676,3443 1676,3442 1674,3442 1672,3440 1668,3440 1667,3439 1668,3402 1667,3402 1583,3401 1582,3400 1502,3399 1502,3398 1502,3397 1501,3397 1487,3397 1486,3396 1299,3393 1298,3394 1279,3394 1277,3392 1166,3390 1165,3389 1158,3389 1156,3387 1154,3387 1153,3387 1153,3386 1153,3385 1152,3385 1151,3384 984,3382 983,3382 983,3416 981,3418 979,3418 979,3418 979,3419 978,3420 964,3420 964,3420 964,3424 963,3425 959,3425 959,3424 959,3422 955,3418 956,3322 955,3322 952,3322 952,3321 952,3311 953,3310 953,3308 954,3308 955,3308 955,3307 955,3306 956,3306 998,3306 998,3306 998,3292 999,3291 1074,3292 1074,3292 1074,3276 1076,3275 1076,3273 1077,3272 1077,3271 1077,3270 1125,3271 1126,3270 1128,3270 1129,3269 1129,3268 1129,3268 1136,3268 1138,3266 1144,3266 1146,3268 1150,3268 1151,3269 1151,3270 1151,3270 1154,3270 1155,3271 1155,3272 1156,3273 1156,3274 1157,3275 1156,3310 1157,3310 1215,3311 1216,3312 1287,3313 1291,3318 1291,3320 1291,3320 1358,3321 1359,3320 1359,3281 1362,3279 1373,3279 1376,3282 1652,3286 1653,3285 1657,3285 1658,3284 1660,3284 1660,3283 1660,3282 1661,3282 1662,3282 1662,3281 1662,3280 1663,3280 1682,3280 1686,3284 1837,3286 1837,3287 1837,3288 1839,3290 1839,3320 1839,3320 1868,3321 1872,3325 2089,3327 2091,3329 2092,3330 2093,3331 2163,3331 2164,3331 2164,3302 2165,3301 2166,3301 2166,3301 2166,3300 2167,3299 2169,3300 2169,3299 2169,3296 2170,3296 2178,3296 2183,3301 2185,3301 2185,3301 2185,3331 2185,3332 2306,3333 2307,3332 2321,3333 2322,3332 2332,3332 2333,3333 2550,3336 2551,3335 2551,3296 2552,3296 2589,3296 2589,3296 2589,3295 2590,3294 2594,3294 2594,3294 2594,3292 2595,3291 2606,3291 2606,3292 2606,3294 2607,3294 2609,3294 2611,3296 2628,3297 2630,3299 2630,3300 2631,3301 2637,3301 2642,3306 2649,3306 2649,3306 2649,3310 2650,3311 2651,3311 2651,3311 2651,3314 2652,3315 2653,3315 2654,3316 2654,3318 2656,3320 2656,3322 2658,3324 2658,3326 2659,3327 2659,3329 2659,3330 2916,3333 2917,3332 2918,3332 2919,3332 2919,3330 2923,3326 2923,3322 2924,3321 2924,3318 2926,3316 2926,3307 2927,3306 2929,3306 2930,3305 2931,3304 2931,3302 2933,3301 2936,3301 2938,3299 2945,3299 2945,3299 2945,3300 2946,3301 2947,3301 2947,3301 2947,3303 2949,3305 3032,3306 3033,3307 3033,3342 3033,3343 3147,3344 3148,3345 3181,3346 3182,3347 3186,3347 3187,3347 3187,3351 3191,3355 3191,3362 3192,3363 3191,3366 3192,3367 3272,3368 3272,3368 3272,3370 3273,3371 3273,3400 3274,3401 3304,3401 3306,3404 3306,3409 3305,3409 3303,3409 3301,3411 3299,3411 3299,3412 3299,3413 3298,3413 3296,3413 3295,3414 3199,3413 3198,3414 3175,3414 3175,3414 3174,3460 3174,3461 3169,3461 3168,3460 3169,3414 3168,3414 3155,3413 3154,3414 3108,3414 3108,3414 3108,3422 3105,3425 3104,3425 3103,3423 3103,3421 3102,3421 3078,3420 3076,3418 3071,3418 3069,3416 2900,3414 2900,3415 2900,3439 2898,3440 2891,3440 2889,3438 2888,3438 2888,3437 2888,3414 2887,3414 2883,3414 2883,3413 2883,3411 2882,3411 2725,3409 2725,3409 2725,3410 2724,3411 2713,3411 2711,3413 2708,3413 2708,3413 2708,3418 2706,3420 2705,3420 2704,3418 2704,3413 2703,3413 2567,3411 2567,3411 2567,3432 2566,3433 2563,3433 2563,3432 2563,3411 2562,3411 2471,3409 2469,3411 2455,3411 2454,3410 2245,3408 2245,3408 2245,3409 2244,3410 2185,3409 2185,3409 2185,3429 2184,3430 2184,3434 2180,3437 2180,3439 2180,3440 2177,3440 2176,3440 2176,3443 2176,3444 2174,3444 2173,3445 2169,3445 2168,3446 2162,3445 2159,3443 2160,3406 2159,3405 2044,3404 2044,3403 2044,3400 2043,3400 1887,3398 1886,3399 1882,3399 1882,3399 1882,3400 1881,3401 1880,3401 1879,3402 1879,3403 1878,3404 1827,3403 1826,3404 1709,3403 1709,3403 1708,3440 1708,3440 1701,3440 1700,3441 1700,3449 1700,3449 1697,3449 1696,3450 1696,3451 1696,3451"/><TextEquiv><Unicode/></TextEquiv><TextEquiv index="1"><Unicode>préſent à l'eſprit un jeune Don Alon-</Unicode></TextEquiv></TextLine><TextLine id="l21"><Coords points="3012,3616 3010,3614 2429,3606 2428,3605 2429,3577 2428,3577 1239,3561 1239,3562 1239,3567 1238,3567 1225,3567 1225,3568 1225,3582 1221,3585 1191,3585 1189,3583 1190,3580 1189,3579 1189,3561 1188,3561 1083,3559 1082,3558 1082,3536 1082,3535 1029,3535 1028,3534 960,3533 957,3530 958,3485 957,3484 957,3473 959,3471 959,3469 960,3468 960,3466 961,3466 962,3466 962,3465 962,3464 963,3464 1020,3464 1021,3463 1022,3464 1022,3463 1022,3461 1023,3461 1447,3466 1447,3466 1447,3443 1450,3440 1457,3440 1459,3438 2037,3446 2038,3445 2047,3445 2047,3445 2047,3446 2048,3447 2049,3447 2049,3447 2049,3448 2050,3449 2051,3449 2051,3449 2051,3450 2052,3451 2052,3456 2053,3457 3167,3472 3167,3471 3167,3461 3168,3461 3174,3461 3174,3461 3174,3485 3174,3486 3303,3487 3304,3488 3305,3488 3306,3489 3306,3502 3304,3504 3303,3526 3303,3526 3298,3526 3297,3527 3297,3564 3296,3564 3251,3564 3251,3564 3251,3568 3249,3570 3249,3573 3248,3574 3196,3573 3195,3574 3146,3573 3145,3574 3136,3574 3136,3575 3136,3576 3135,3576 3049,3575 3049,3576 3048,3612 3046,3614 3035,3614 3034,3614 3034,3615 3034,3616"/><TextEquiv><Unicode/></TextEquiv><TextEquiv index="1"><Unicode>o, que l'Auteur donne pour un per-</Unicode></TextEquiv></TextLine><TextLine id="l22"><Coords points="1227,3747 1226,3747 1226,3737 1226,3736 980,3733 979,3731 979,3683 979,3683 957,3683 955,3681 956,3620 955,3619 955,3616 956,3616 958,3616 959,3614 959,3610 961,3609 962,3609 962,3608 962,3592 964,3590 964,3588 965,3587 965,3585 966,3585 967,3585 967,3584 968,3580 969,3579 970,3579 971,3578 971,3574 971,3574 980,3574 981,3573 981,3571 983,3569 992,3569 993,3570 993,3571 993,3571 995,3571 996,3572 996,3574 996,3574 997,3574 998,3575 998,3579 999,3580 998,3586 999,3586 2674,3608 2675,3609 2677,3609 2678,3610 2679,3610 2680,3612 2680,3644 2680,3644 2858,3647 2861,3650 3086,3653 3088,3655 3138,3655 3139,3656 3173,3657 3174,3657 3174,3658 3174,3659 3236,3660 3237,3660 3237,3661 3237,3662 3245,3662 3246,3662 3246,3663 3246,3664 3248,3664 3249,3665 3251,3665 3253,3667 3255,3667 3256,3667 3256,3668 3259,3672 3261,3672 3261,3672 3261,3673 3262,3674 3263,3674 3263,3674 3263,3678 3265,3680 3265,3682 3267,3684 3268,3684 3268,3684 3268,3695 3265,3698 3265,3723 3264,3724 3263,3724 3263,3724 3263,3725 3262,3726 3256,3726 3255,3727 3252,3727 3250,3729 3248,3729 3244,3733 3242,3733 3241,3734 3236,3734 3235,3735 2606,3726 2603,3729 2285,3725 2285,3726 2285,3734 2284,3734 1294,3721 1294,3722 1294,3725 1292,3727 1292,3734 1291,3734 1290,3734 1290,3735 1289,3736 1289,3736 1288,3736 1287,3737 1287,3738 1287,3738 1286,3738 1284,3739 1284,3740 1284,3741 1283,3741 1282,3741 1282,3742 1282,3743 1281,3743 1280,3743 1280,3744 1280,3745 1274,3745 1273,3746 1271,3746 1270,3746 1270,3747 1270,3748"/><TextEquiv><Unicode/></TextEquiv><TextEquiv index="1"><Unicode>ſonnage vertueux. Il ſurvient une</Unicode></TextEquiv></TextLine><TextLine id="l23"><Coords points="1105,3898 1103,3896 1103,3894 1103,3894 1101,3894 1100,3893 1100,3888 1098,3885 1098,3849 1098,3849 1060,3848 1058,3846 1054,3846 1053,3845 1011,3844 1010,3843 1007,3843 1005,3841 977,3841 976,3840 976,3839 976,3839 973,3839 972,3838 972,3837 972,3837 970,3837 965,3832 963,3832 960,3829 960,3825 959,3824 959,3823 957,3821 957,3817 957,3817 956,3817 955,3816 956,3808 955,3807 955,3791 955,3791 956,3791 957,3790 957,3786 959,3784 959,3781 962,3778 962,3776 965,3773 965,3771 967,3770 974,3770 974,3769 974,3757 976,3755 976,3750 977,3749 977,3735 980,3733 991,3733 991,3734 991,3769 992,3769 1213,3772 1213,3772 1213,3751 1215,3749 1215,3747 1216,3746 1217,3746 1218,3745 1219,3745 1221,3743 1226,3743 1226,3744 1226,3747 1227,3747 1234,3747 1234,3748 1234,3750 1236,3752 1236,3785 1236,3785 1288,3786 1289,3787 1528,3790 1529,3790 1529,3764 1531,3762 1531,3756 1532,3755 1571,3756 1572,3755 1574,3755 1576,3753 1584,3753 1586,3755 1591,3755 1591,3755 1591,3757 1592,3758 1593,3758 1593,3759 1593,3760 1594,3760 1595,3760 1595,3761 1595,3765 1598,3768 1598,3792 1598,3792 1731,3794 1733,3796 1957,3799 1958,3798 2017,3799 2018,3798 2018,3760 2019,3760 2026,3760 2028,3758 2035,3758 2035,3758 2035,3759 2036,3760 2037,3760 2037,3760 2037,3764 2039,3766 2039,3774 2040,3775 2196,3777 2197,3778 2197,3799 2197,3800 2445,3803 2446,3803 2446,3772 2448,3770 2448,3766 2449,3765 2451,3765 2451,3765 2451,3763 2452,3762 2473,3763 2475,3765 2506,3765 2506,3765 2506,3767 2508,3769 2508,3804 2508,3805 2734,3808 2735,3807 2735,3805 2735,3805 2765,3805 2766,3805 2766,3803 2767,3801 2775,3801 2776,3802 2776,3803 2776,3804 2938,3806 2939,3807 3009,3808 3010,3808 3010,3809 3010,3810 3241,3813 3242,3812 3248,3812 3249,3811 3249,3810 3249,3810 3250,3810 3251,3809 3251,3807 3252,3806 3257,3806 3258,3805 3259,3805 3260,3805 3260,3806 3261,3807 3261,3808 3264,3812 3265,3812 3266,3812 3266,3813 3267,3815 3288,3815 3289,3816 3289,3817 3289,3817 3290,3817 3291,3818 3291,3822 3291,3822 3297,3822 3299,3824 3297,3825 3274,3825 3273,3826 3273,3879 3272,3879 3270,3879 3270,3879 3270,3881 3267,3884 3267,3887 3265,3889 3263,3889 3263,3889 3263,3890 3262,3891 3228,3890 3228,3891 3227,3920 3227,3920 3219,3920 3218,3920 3219,3896 3218,3895 3075,3893 3073,3891 2611,3885 2611,3886 2610,3899 2610,3899 2604,3899 2603,3899 2604,3895 2603,3894 2603,3885 2602,3884 2295,3880 2295,3881 2295,3884 2294,3884 2292,3884 2290,3887 2290,3889 2289,3889 2281,3889 2281,3889 2281,3885 2279,3882 2279,3881 2278,3881 2127,3879 2124,3876 1892,3873 1890,3875 1889,3875 1889,3875 1889,3878 1888,3879 1881,3879 1880,3877 1880,3875 1879,3874 1879,3871 1878,3871 1648,3868 1648,3868 1648,3881 1645,3884 1643,3884 1643,3883 1643,3870 1642,3870 1540,3868 1539,3867 1513,3867 1512,3866 1218,3862 1217,3864 1217,3866 1215,3868 1215,3873 1213,3874 1135,3873 1135,3874 1134,3894 1132,3896 1116,3896 1115,3896 1115,3897 1115,3898"/><TextEquiv><Unicode/></TextEquiv><TextEquiv index="1"><Unicode>éruption d'un volcan. Le vertueux</Unicode></TextEquiv></TextLine><TextLine id="l24"><Coords points="1802,4070 1801,4069 1802,4029 1801,4029 1653,4027 1652,4028 1640,4028 1639,4027 1637,4027 1635,4025 1415,4022 1413,4020 1248,4018 1247,4019 1237,4018 1237,4018 1237,4017 1235,4015 1234,4015 1234,4015 1234,4010 1233,4009 1103,4008 1103,4007 1103,4006 1101,4005 958,4003 957,4001 957,3998 956,3997 954,3997 952,3995 952,3980 956,3977 961,3977 961,3976 962,3913 962,3913 953,3913 952,3912 952,3886 954,3885 954,3884 954,3884 956,3884 957,3883 957,3882 957,3882 958,3882 959,3881 959,3879 959,3879 964,3879 965,3880 981,3880 983,3882 997,3882 998,3883 998,3884 998,3884 1005,3884 1007,3886 1009,3886 1010,3888 1010,3889 1011,3889 1015,3889 1017,3892 1017,3893 1018,3893 1020,3894 1021,3895 1021,3897 1024,3900 1024,3903 1026,3905 1026,3907 1029,3910 1029,3914 1030,3915 1031,3915 1031,3915 1031,3919 1033,3921 1033,3924 1033,3925 1066,3925 1067,3926 1067,3928 1068,3929 1069,3929 1070,3930 1076,3930 1077,3931 1077,3932 1077,3932 1078,3932 1079,3933 1264,3936 1265,3935 1265,3932 1266,3931 1266,3929 1266,3929 1267,3929 1268,3928 1268,3925 1269,3925 1270,3925 1270,3924 1270,3918 1271,3918 1272,3918 1272,3917 1272,3913 1273,3912 1273,3910 1274,3910 1275,3910 1275,3909 1275,3905 1276,3905 1278,3905 1280,3903 1370,3904 1371,3906 1371,3909 1373,3911 1373,3944 1373,3944 1520,3946 1521,3947 1521,3951 1521,3951 1782,3955 1783,3954 1902,3955 1903,3955 1903,3921 1904,3920 1906,3920 1906,3920 1906,3918 1909,3915 1923,3915 1923,3916 1923,3919 1925,3921 1925,3955 1925,3955 2094,3958 2095,3957 2095,3924 2098,3922 2100,3922 2102,3920 2123,3920 2123,3920 2123,3922 2125,3924 2125,3958 2125,3959 2299,3961 2300,3960 2342,3961 2343,3960 2343,3927 2348,3923 2350,3923 2351,3922 2355,3922 2355,3921 2355,3920 2356,3920 2362,3920 2362,3921 2362,3922 2363,3922 2364,3922 2364,3923 2364,3925 2365,3926 2365,3937 2365,3937 2366,3937 2367,3938 2367,3952 2367,3952 2416,3953 2417,3953 2417,3960 2417,3961 2548,3963 2549,3964 2719,3966 2720,3965 2720,3930 2723,3927 2723,3925 2724,3925 2907,3927 2907,3927 2907,3926 2908,3925 2929,3926 2930,3925 2936,3925 2936,3925 2936,3927 2940,3931 2940,3965 2940,3966 2955,3966 2957,3967 2957,3968 2957,3969 3240,3973 3241,3972 3249,3972 3251,3970 3257,3970 3259,3972 3264,3972 3267,3974 3267,3975 3268,3977 3268,3991 3267,3992 3267,3994 3265,3997 3264,3997 3263,3997 3263,4046 3260,4049 3216,4048 3215,4049 3101,4048 3100,4049 3091,4049 3091,4048 3091,4047 3090,4047 2798,4043 2797,4044 2778,4044 2778,4043 2778,4042 2777,4042 2776,4042 2775,4041 2688,4039 2688,4040 2687,4071 2685,4073 2681,4073 2680,4073 2681,4040 2680,4039 2597,4038 2596,4039 2465,4037 2465,4038 2465,4039 2464,4039 2438,4039 2435,4036 2230,4033 2229,4034 2226,4034 2225,4035 2147,4034 2146,4035 2118,4035 2118,4035 2118,4036 2117,4037 2108,4037 2107,4036 1922,4033 1922,4034 1922,4036 1920,4037 1918,4037 1918,4037 1918,4031 1917,4030 1815,4029 1815,4029 1814,4069 1814,4070"/><TextEquiv><Unicode/></TextEquiv><TextEquiv index="1"><Unicode>Don Alonzo a le bonheur de ſauver</Unicode></TextEquiv></TextLine><TextLine id="l25"><Coords points="1982,4230 1980,4228 1963,4228 1961,4226 1233,4216 1232,4216 1232,4215 1232,4214 1231,4214 1230,4214 1230,4205 1231,4204 1233,4204 1233,4204 1234,4167 1233,4166 1089,4164 1088,4163 1083,4163 1082,4162 1082,4160 1080,4158 1010,4157 1010,4157 1010,4155 1008,4152 970,4152 968,4150 966,4150 964,4148 964,4147 964,4147 961,4147 960,4146 960,4142 959,4141 960,4104 959,4103 959,4096 952,4089 952,4082 957,4077 957,4075 958,4075 1003,4075 1003,4075 1003,4069 1004,4068 1239,4071 1241,4069 1241,4067 1244,4064 1247,4065 1248,4064 1696,4069 1697,4068 1706,4069 1707,4068 2491,4078 2493,4076 2503,4076 2504,4075 2515,4075 2516,4076 2518,4076 2518,4077 2518,4078 2519,4078 2522,4078 2523,4079 3183,4088 3186,4091 3186,4094 3187,4095 3187,4124 3187,4125 3255,4126 3256,4126 3256,4127 3256,4128 3258,4128 3259,4128 3259,4129 3259,4130 3263,4130 3263,4130 3263,4145 3264,4146 3313,4147 3313,4147 3313,4148 3314,4149 3315,4149 3316,4150 3316,4151 3317,4152 3318,4152 3318,4152 3318,4167 3318,4168 3317,4168 3316,4169 3273,4168 3272,4169 3272,4193 3270,4194 3270,4197 3268,4199 3267,4199 3267,4199 3267,4200 3263,4204 3213,4203 3213,4204 3212,4245 3211,4245 3209,4245 3209,4244 3199,4244 3198,4244 3198,4208 3198,4207 2060,4192 2060,4193 2059,4202 2059,4202 2016,4202 2015,4202 2015,4211 2015,4212 2014,4212 2013,4212 2013,4213 2013,4214 2011,4214 2010,4215 2009,4214 2008,4215 2008,4222 2006,4224 2001,4224 1995,4230"/><TextEquiv><Unicode/></TextEquiv><TextEquiv index="1"><Unicode>une jeune Vierge conſacrée à la</Unicode></TextEquiv></TextLine><TextLine id="l26"><Coords points="2118,4390 2117,4389 2118,4349 2117,4349 1007,4334 1007,4335 1007,4336 1006,4336 1005,4336 1005,4337 1005,4338 1004,4338 1003,4338 1003,4339 1003,4343 1002,4343 996,4343 994,4345 987,4345 986,4346 986,4348 986,4348 973,4348 972,4347 971,4347 967,4343 964,4343 959,4338 955,4338 955,4337 955,4331 953,4329 953,4316 955,4314 955,4312 955,4312 956,4312 957,4311 957,4310 958,4309 959,4254 960,4253 960,4249 962,4247 962,4245 962,4245 963,4245 964,4244 964,4240 964,4240 966,4240 969,4237 969,4235 969,4235 973,4235 974,4234 974,4233 974,4233 1114,4235 1115,4234 1115,4209 1116,4209 1151,4209 1151,4210 1151,4214 1152,4214 1918,4224 1918,4225 1918,4226 1919,4226 1920,4226 1921,4227 3060,4242 3060,4242 3060,4241 3061,4240 3076,4240 3076,4241 3076,4242 3077,4242 3209,4244 3209,4245 3212,4245 3213,4246 3213,4280 3213,4280 3249,4281 3251,4283 3251,4289 3252,4290 3266,4290 3269,4293 3270,4293 3270,4294 3270,4298 3272,4300 3272,4308 3273,4308 3320,4309 3320,4309 3320,4311 3322,4313 3322,4315 3323,4316 3323,4327 3322,4328 3320,4328 3319,4329 3276,4328 3276,4329 3275,4367 3273,4369 3161,4368 3160,4369 3156,4369 3155,4370 3101,4369 3100,4369 3100,4399 3099,4400 2132,4387 2131,4388 2131,4390 2131,4390"/><TextEquiv><Unicode/></TextEquiv><TextEquiv index="1"><Unicode>garde du feu ſacré. Il la conduit</Unicode></TextEquiv></TextLine><TextLine id="l27"><Coords points="3129,4564 3128,4563 3124,4563 3123,4562 3118,4562 3117,4561 3115,4561 3114,4560 3103,4560 3102,4559 3099,4559 3099,4558 3099,4523 3099,4523 2737,4518 2733,4522 2733,4524 2732,4525 2731,4525 2730,4525 2730,4528 2730,4529 2728,4529 2727,4529 2727,4530 2726,4532 2721,4532 2719,4534 2630,4533 2629,4533 2629,4549 2626,4552 2391,4549 2388,4552 2388,4553 2387,4553 2386,4553 2386,4553 2386,4552 2385,4551 2376,4551 2374,4549 2371,4549 2371,4549 2371,4548 2369,4546 2369,4543 2369,4542 2253,4541 2252,4540 2252,4539 2252,4539 2248,4539 2247,4538 2247,4536 2247,4536 1827,4530 1825,4532 1825,4534 1825,4534 1821,4534 1820,4535 1820,4537 1820,4537 1818,4537 1817,4538 1817,4539 1817,4539 1809,4539 1808,4539 1808,4541 1806,4543 1795,4543 1794,4542 1714,4541 1714,4540 1626,4539 1625,4537 1617,4537 1616,4537 1616,4506 1616,4505 1240,4500 1235,4505 1035,4503 1034,4503 1034,4510 1034,4511 1022,4511 1021,4510 1022,4467 1021,4467 1015,4467 1014,4465 991,4465 991,4465 991,4463 990,4462 971,4462 965,4455 965,4453 962,4450 962,4448 959,4445 959,4443 959,4443 958,4443 957,4442 957,4436 957,4436 956,4436 955,4435 955,4434 953,4432 953,4421 955,4420 955,4416 957,4414 957,4412 959,4410 959,4407 960,4406 960,4404 962,4402 962,4400 964,4398 964,4396 965,4395 971,4395 974,4392 974,4391 974,4391 989,4391 990,4391 990,4356 993,4353 1001,4353 1003,4356 1003,4361 1004,4361 1201,4364 1201,4364 1201,4366 1202,4367 1208,4367 1209,4368 1249,4369 1249,4369 1249,4373 1250,4374 1251,4374 1251,4374 1251,4409 1251,4410 1647,4415 1648,4414 1648,4412 1648,4412 1649,4412 1650,4411 1650,4410 1650,4410 1651,4410 1652,4409 1652,4405 1652,4405 1706,4406 1707,4405 1707,4395 1707,4395 1709,4395 1710,4395 1710,4397 1710,4398 1712,4398 1713,4398 1713,4400 1713,4401 2112,4406 2113,4405 2113,4398 2114,4397 2114,4395 2116,4393 2116,4390 2117,4390 2132,4390 2133,4392 2170,4393 2175,4397 2175,4409 2175,4410 2537,4414 2539,4413 2539,4411 2539,4410 2540,4410 2541,4410 2541,4408 2544,4405 2544,4400 2544,4400 2545,4400 2546,4399 2546,4398 2546,4398 2547,4398 2548,4397 2548,4395 2548,4395 2551,4395 2556,4391 2558,4391 2560,4389 2581,4389 2583,4391 2613,4391 2613,4392 2613,4393 2613,4393 2617,4393 2618,4394 2624,4395 2627,4397 2627,4399 2629,4401 2629,4426 2629,4427 3095,4433 3096,4432 3096,4400 3096,4400 3099,4400 3100,4401 3269,4403 3270,4404 3270,4405 3270,4405 3272,4405 3273,4406 3272,4461 3273,4461 3316,4462 3316,4462 3316,4474 3316,4475 3320,4475 3322,4476 3322,4477 3320,4479 3275,4478 3275,4479 3275,4505 3274,4505 3268,4505 3268,4505 3267,4515 3266,4517 3264,4517 3263,4518 3261,4518 3260,4518 3260,4520 3257,4524 3247,4524 3246,4524 3246,4541 3245,4543 3240,4543 3239,4543 3239,4545 3239,4546 3132,4544 3131,4545 3131,4564 3130,4564"/><TextEquiv><Unicode/></TextEquiv><TextEquiv index="1"><Unicode>dansla campagne, il y paſſe, tout au</Unicode></TextEquiv></TextLine><TextLine id="l28"><Coords points="3229,4719 3228,4717 2742,4711 2742,4711 2742,4709 2741,4708 2199,4701 2196,4698 1355,4687 1354,4686 1349,4686 1348,4685 1348,4672 1348,4672 982,4667 981,4666 968,4666 967,4665 967,4658 967,4658 955,4658 953,4656 955,4556 954,4556 953,4556 953,4555 953,4547 956,4544 1016,4545 1017,4544 1017,4539 1017,4539 1018,4539 1019,4538 1019,4512 1021,4511 1034,4511 1034,4511 1034,4519 1035,4520 1385,4524 1385,4525 1385,4534 1386,4534 3076,4556 3078,4555 3098,4555 3099,4555 3099,4558 3099,4559 3102,4559 3103,4560 3104,4560 3105,4561 3117,4561 3118,4562 3123,4562 3124,4563 3128,4563 3129,4564 3130,4564 3134,4568 3134,4570 3134,4570 3135,4570 3136,4571 3136,4573 3138,4575 3138,4577 3139,4578 3139,4583 3140,4584 3142,4584 3143,4585 3144,4586 3143,4588 3144,4588 3311,4591 3311,4591 3311,4593 3312,4594 3313,4594 3313,4594 3313,4598 3314,4599 3319,4599 3322,4602 3322,4604 3321,4606 3314,4606 3313,4606 3313,4615 3312,4617 3273,4616 3272,4617 3272,4649 3271,4649 3269,4649 3269,4650 3268,4673 3267,4674 3267,4678 3267,4678 3262,4678 3261,4678 3261,4718 3260,4719"/><TextEquiv><Unicode/></TextEquiv><TextEquiv index="1"><Unicode>plus, deux heures avec elle; &amp; là,</Unicode></TextEquiv></TextLine><TextLine id="l29"><Coords points="2111,4861 2111,4860 2111,4859 2110,4859 2108,4859 2107,4858 1850,4854 1849,4853 1849,4851 1848,4850 1376,4844 1376,4843 1364,4843 1363,4843 1363,4842 1363,4841 1316,4840 1315,4839 1307,4839 1306,4839 1306,4828 1306,4827 1081,4824 1080,4823 1078,4823 1077,4823 1077,4808 1077,4807 996,4806 995,4806 995,4805 995,4804 994,4804 993,4804 994,4793 993,4792 952,4792 952,4791 952,4782 950,4780 950,4777 948,4775 948,4772 949,4771 951,4771 952,4770 953,4696 953,4696 954,4696 955,4695 955,4694 955,4694 959,4694 960,4693 960,4684 962,4682 962,4675 963,4675 964,4675 964,4674 964,4672 965,4671 965,4667 967,4666 981,4666 982,4667 998,4667 998,4668 998,4678 999,4678 1011,4678 1012,4680 1012,4681 1013,4681 1354,4686 1355,4687 1378,4687 1379,4688 2572,4704 2574,4706 2608,4706 2609,4707 2958,4712 2960,4713 2960,4714 2960,4715 3261,4719 3263,4720 3262,4806 3262,4807 3263,4807 3265,4808 3264,4826 3265,4827 3265,4828 3230,4828 3229,4829 3139,4827 3138,4828 3138,4863 3132,4868 2128,4855 2128,4856 2128,4857 2125,4859 2121,4859 2121,4860 2121,4861 2120,4861"/><TextEquiv><Unicode/></TextEquiv><TextEquiv index="1"><Unicode>ſans reſpecter une jeune Beauté qui</Unicode></TextEquiv></TextLine><TextLine id="l30"><Coords points="3330,5096 3330,5095 3331,5030 3330,5030 2169,5015 2169,5015 2169,5018 2166,5021 2159,5021 2158,5022 2150,5021 2149,5022 2147,5022 2147,5023 2147,5024 2146,5024 2144,5024 2144,5025 2144,5034 2143,5034 2135,5034 2135,5034 2135,5025 2134,5024 2133,5024 2133,5024 2133,5023 2132,5022 2130,5022 2129,5021 2127,5021 2125,5019 2123,5019 2123,5019 2123,5012 2122,5011 2042,5010 2041,5009 2039,5009 2039,5008 2039,5004 2035,5000 2035,4997 2035,4997 1775,4993 1774,4993 1774,4989 1774,4988 1555,4986 1554,4985 1552,4985 1548,4981 1548,4978 1547,4977 1294,4973 1292,4972 1292,4959 1292,4958 1242,4958 1240,4955 1239,4955 1238,4954 1069,4952 1069,4952 1069,4945 1068,4944 1012,4944 1012,4943 1012,4932 1011,4931 984,4931 984,4931 984,4927 983,4926 967,4926 967,4925 967,4924 966,4923 966,4922 964,4921 962,4921 962,4920 962,4919 961,4919 960,4919 960,4918 960,4916 956,4912 954,4912 953,4911 952,4911 948,4907 948,4905 947,4904 947,4895 948,4894 948,4890 949,4890 950,4890 950,4889 950,4880 951,4879 952,4874 953,4873 953,4867 955,4865 955,4863 957,4861 957,4859 959,4857 959,4854 959,4854 969,4854 971,4852 978,4852 979,4852 979,4819 980,4818 981,4818 981,4818 981,4814 983,4812 984,4813 996,4813 996,4814 996,4817 998,4819 998,4822 999,4822 1080,4823 1081,4824 1093,4825 1093,4825 1093,4827 1095,4829 1095,4831 1096,4832 1203,4833 1203,4833 1203,4836 1204,4837 1205,4837 1206,4838 1315,4839 1316,4840 1320,4841 1322,4843 1376,4843 1376,4844 2727,4862 2728,4861 2728,4859 2728,4859 2731,4859 2732,4860 2732,4861 2732,4861 3061,4865 3062,4866 3080,4867 3081,4867 3080,4907 3081,4908 3205,4909 3205,4910 3205,4925 3206,4925 3259,4926 3260,4927 3260,4935 3261,4936 3261,4940 3263,4942 3263,4967 3264,4968 3263,4971 3265,4974 3265,4978 3267,4980 3267,4992 3268,4992 3316,4993 3316,4993 3316,4997 3317,4998 3323,4998 3323,4998 3323,4999 3324,5000 3325,5000 3325,5000 3325,5001 3326,5002 3328,5002 3329,5003 3331,5003 3334,5006 3334,5020 3334,5021 3343,5021 3344,5022 3343,5076 3344,5076 3346,5076 3346,5077 3346,5085 3344,5087 3344,5089 3343,5089 3341,5091 3339,5091 3339,5091 3339,5095 3338,5096"/><TextEquiv><Unicode/></TextEquiv><TextEquiv index="1"><Unicode>doit lui être ſacrée, parce qu'il l'a ſau-</Unicode></TextEquiv></TextLine><TextLine id="l31"><Coords points="2394,5148 2393,5147 2393,5143 2394,5143 2806,5148 2806,5148 2806,5146 2806,5145 2643,5143 2642,5142 2642,5138 2642,5138 2630,5138 2623,5131 2624,5117 2624,5117 2626,5117 2627,5116 2628,5025 2630,5023 2630,5019 2630,5019 2644,5019 2646,5017 2655,5017 2656,5018 2656,5019 2656,5019 2669,5019 2670,5020 2696,5021 2697,5022 2701,5022 2703,5024 2705,5024 2706,5024 2706,5025 2706,5026 2707,5026 2708,5026 2708,5027 2709,5029 2713,5029 2716,5031 2716,5037 2716,5038 2717,5038 2718,5038 2718,5040 2719,5041 2718,5052 2719,5053 2848,5055 2850,5057 2852,5057 2853,5058 2855,5058 2857,5060 2860,5060 2861,5061 2861,5063 2862,5064 2863,5065 2865,5065 2868,5068 2868,5069 2869,5070 2870,5070 2871,5071 2871,5075 2872,5076 2873,5076 2873,5076 2873,5106 2873,5107 2875,5107 2878,5109 2878,5117 2879,5118 2879,5119 2876,5121 2876,5136 2875,5138 2872,5138 2871,5139 2869,5139 2865,5143 2851,5143 2850,5143 2850,5147 2847,5150 2847,5152 2847,5153 2846,5153 2845,5154"/><TextEquiv><Unicode/></TextEquiv><TextEquiv index="1"><Unicode>Ba</Unicode></TextEquiv></TextLine><TextEquiv><Unicode/></TextEquiv></TextRegion></Page></PcGts>