4266 6032
971 319 3360 495 vée, parce qu'elle ſe confie à lui, parce
974 486 3332 654 qu'elle eſt jeune & innocente, parce
974 644 3323 812 qu'elle eſt d'un état révéré dans ce
967 797 3321 974 pays - là, parce qu'enfin elle doit être
971 952 3349 1118 enterrée vive ſi elle perd ſa virginité;
969 1108 3318 1277 le cruel lui ravit ſans pitié, dans ſi peu
974 1263 3313 1432 de temps, cette fleur précieuſe; & l'on
976 1419 3344 1584 donne cela pour un Sage! Cet exemple
971 1578 3337 1747 me fut bien dangereux. Je trouvai que
903 1732 3320 1907 la circonſtance où j'étois me rendoit
978 1887 3341 2040 bien moins condamnable que Don
965 2039 3339 2204 Alonzo. L'Auteur n'a pas, ſans doute,
971 2199 3340 2377 prévu ce mauvais effet que pouvoit
963 2352 3344 2532 produire ſon Ouvrage. Son Héros
972 2503 3308 2675 commet là une faute dont je n'aurois
964 2658 3342 2842 pas été capable; & il ne ſe la reproche
964 2807 3335 3172 oire preaus, e noniit uitaa manmni
957 3123 3303 3313 aux principes de la morale, communs à
947 3282 3337 3470 toutes les Nations! Moins coupable que
952 3442 3038 3623 lui, j'avois de cuiſans remords.
957 3574 3359 3783 La chere Artémiſe, qui portoit ci-
953 3741 3292 3918 devant, dans ſes beaux yeux, le calme
952 3889 3330 4090 de la vertu, ſe trouvoit alors confuſe
947 4049 3331 4231 & humiliée. Les importuns étant ſortis
909 4209 3316 4404 de deſſous nos fenêtres, je vins à bout
933 4358 3323 4570 de faire deſcendre ma compagne par la
929 4508 3325 4717 fenêtre, & je la conduiſis chez les Ca-
933 4674 3330 4907 pucines. La Mere Sainte-Monique, que
909 4823 3328 5025 e devois rejoindre, la revêtit d'une
