4266 6032
964 334 3328 512 qui m'impatienterent. Je lui répétois
965 503 3335 670 ſans ceſſe: „Qu'eſt devenue mon Arté-
979 654 3337 821 “miſe“? Elle ſembloit ouloir éluder
969 814 3349 982 ma queſtion, que je lui renouvelois im-
972 968 3335 1139 pitoyablement. „Mon cher ami, me
977 1124 3335 1281 “diſoit-elle, modérez-vous, elle n'eſt
974 1278 3334 1449 “pas perdue“. Pendant ces délais,
936 1433 3337 1602 elle rajuſtoit ma guimpe & mon habil-
977 1590 3337 1757 lement de None, que j'avois très-mal
979 1743 3337 1918 arrangés. J'avois l'habit d'une Reli-
943 1899 3339 2082 gieuſe; & la fureur qui éclatoit dans
998 2056 3347 2224 mes yeux, & la colere qui rendoit en-
940 2212 3340 2376 core ma voix plus forte, juroient avec
995 2364 3340 2530 ce modeſte uniforme. „Que voulez-
936 2513 3340 2689 “vous me dit Sainte-Monique?... Je
940 2671 3346 2846 “ne ſais pas... Il ſe pourroit que les
938 2826 3349 3005 “jeunes Capucins, ſachant que la bre-
945 2985 3351 3144 “che de notre mur ſouterrain étoit en-
967 3132 3351 3294 “core ouverte, fuſſent venus, & qu'ils
972 3308 3353 3459 “euſſent emmené avec eux cette
949 3444 3354 3624 “jeune perſonne... -- Ah! les ſcélé-
947 3600 3354 3777 “rats m'écriai-je en me ſaiſiſſant d'une
945 3757 3353 3936 “groſſe bûche, je les aſſommerai“.
957 3917 3359 4085 Je deſcends les montées quatre à qua-
1003 4059 3359 4248 tre. Je rencontre une vieille Mere, qui
986 4228 3356 4402 me crie: „Ecoutez donc, ma Sœur“.
959 4379 3359 4558 Je pourſuis mon chemin ſans faire at-
962 4527 3359 4714 tention à elle, & je l'entends dire de
965 4685 3359 4870 moi, en ſe fignant: „Ah! bon Dieu,
953 4839 3359 5024 “la dévergondée!“ J'arrive au lieu
