4266 6032
902 283 3332 458 à ſon tour, ſelon l'âge ou l'époque de
902 448 1867 619 la profeſſion.
909 597 3327 776 Je ne goûtois point du tout ces arran-
886 763 3323 940 gemens. C'étoit jouer dans ce Cou-
897 919 3320 1084 vent le rôle de la prétendue Sœur
904 1062 3318 1234 Beſogne, dont il eſt parlé dans la Pu-
902 1230 3310 1393 celle. Il en devoit réſulter les mêmes
895 1385 3310 1551 inconvéniens; ce qui étoit fort contraire
898 1538 3304 1703 à ma ſanté, & répugnoit à mes princi-
898 1695 3301 1856 pes: car enfin un homme qui penſoit,
907 1849 3301 2010 ne pouvoit conſentir à vivre dans un
902 2001 3303 2166 traveſtiſſement ſi ſcandaleux, à porter le
895 2159 3301 2321 libertinage & une malheureuſe fécon-
902 2303 3298 2475 dité dans l'aſile de la chaſteté & de la
893 2465 3296 2633 virginité. Je ſentois tout le danger au-
893 2624 3292 2787 quel je ſerois expoſé, ſi j'étois décou-
894 2782 3285 2945 vert. Il y avoit, dans ce bercail, plu-
893 2930 3289 3101 ſieurs, tant Novices que jeunes Pro-
893 3086 3275 3253 feſſes, très - jolies. Je me trouvois
890 3248 3282 3412 comme un Sultan dans un charmant
890 3390 3275 3569 ſérail. Tous les jeunes gens envieront
895 3559 3277 3722 mon ſort: mais je frémiſſois de m'y trou-
924 3714 3273 3882 ver, & je ſentois que la prudence &
883 3853 3263 4040 l'honnêteté me défendoient d'y reſter.
883 4025 3261 4209 Ce qui m'inquiétoit le plus, c'étoit
879 4173 3268 4349 le ſéjour de mon Artémiſe chez les Ca-
878 4341 3277 4504 pucins. Je vins à bout de la faire ré-
873 4467 3311 4660 clamer. Les Novices ſurent contraints
873 4620 3268 4820 de la réndre. Avoient- ils buſé ela
873 4797 3285 4998 circonſtance? Lui avoient-Ils faitvio-
2601 4968 3117 5129 B
