4266 6032
868 200 3332 388 ché à notre Couvent. Artémiſe témoi-
943 377 3384 562 gna le goût qu'elle avoit pour ſervir des
886 533 3322 698 malades, & fit voir les talens qu'elle
862 692 3322 890 poſſédoit dans cette partie. Je prétendis
883 850 3322 1015 avoir les mêmes talens & le même goût
933 988 3316 1172 qu'elle. On jugea donc à propos de
938 1160 3313 1324 nous attacher au ſervice des malades;
964 1320 3306 1482 & comme il n'y avoit plus là ni tour,
941 1476 3311 1636 ni grille, quoique les Nones, qui ſe
941 1628 3316 1790 méfioient de nous, nous ſurveillaſſent
962 1789 3315 1951 de près, nous trouvâmes le moyen de
933 1943 3316 2104 nous échapper, & nous courûmes à
931 2100 3315 2261 toutes jambes dans la rue, de peur d'être
957 2257 3310 2416 rattrapées. Heureuſement, nous étions
934 2408 3377 2568 dans un quartier fort écarté, où il y
935 2565 3315 2744 avoit très - peu de monde; car notre
869 2718 3315 2885 courſe précipitée, avec une miſe com-
916 2875 3308 3068 me la nôtre, devoit nous faire remar-
928 3038 1423 3187 quer.
930 3171 3327 3353 Nous ne tardâmes pas à rencontrer
862 3344 3308 3507 une voiture, où il y avoit deux jeunes
929 3498 3311 3672 gens qui paroiſſoient tout émerveillés
869 3656 3310 3818 de nous voir. Nous allâmes vers eux,
929 3807 3306 3978 en leur criant: „Ah! ſauvez nous“.
922 3956 3320 4135 Ils nous ouvrirent de grand cœur la
867 4122 3316 4449 omees , pus resrent avec eu, &
874 4429 3325 4606 Les deux jeunes gens paroiſſoient
883 4596 3377 4762 enchantés de nous poſſéder. Preſque
880 4734 3327 4950 toutes les politeſſes ſurent d'abord pour
2427 4900 3009 5038 B6
