4266 6032
959 290 3325 493 „répondis - je, nous ſerons partie
952 463 1675 614 “carréeu.
1122 592 3325 782 Nous arrivâmes dans un château qui
962 764 3323 928 étoit un vrai palais. Nous y fûmes ſervis
960 916 3322 1090 avec une magnificence ſinguliere, &
955 1082 3318 1268 l'on eut, pour ma compagne & pour
964 1234 3313 1398 moi, tous les égards dus a notre ſexe.
953 1395 3311 1531 Je racontai notre mort, notre arrivée
962 1545 3316 1710 dans le Couvent, & notre évaſion. Je
938 1698 3316 1862 n'omis que les paſſe-temps ſecrets que
969 1858 3316 2021 je me reprochois, & tout ce qui pou-
960 2016 3315 2175 voit me faire reconnoître pour ce que
961 2168 3308 2333 j'étois. Je dis que je ſerois charmée qu'on
959 2325 3311 2486 pût nous procurer à chacune un habit
960 2475 3311 2641 d'homme pour nous déguiſer, & quel-
962 2635 3310 2797 que argent, ſur notre billet, pour nous
945 2788 3311 3120 ooe les jlnen e se e eaamenppa
957 3100 3309 3282 preſſés de nous laiſſer partir. Ils nous
957 3257 3310 3418 mviterent beaucoup, au contraire, à
952 3409 3296 3574 reſter; & nous promirent d'ailleurs,
952 3569 3310 3729 de la meilleure grace du monde, tous
950 3724 3310 3887 les habits & l'argent que nous pourrions
952 3870 1589 4004 déſirer.
1101 4013 3315 4200 Vers la fin du repas, j'eus beſoin de
947 4184 3315 4359 ſortir un moment. Je pris un peu le frais
917 4333 3318 4510 dans le jardin. Il y avoit une grille ou-
917 4500 3315 4673 verte qui donnoit ſur le grand chemin.
928 4642 3320 4849 Je paſſai le ſeuil de la porte, pour re-
926 4795 3320 5010 garder cette grande route, qui me parut
