4266 6032
902 248 3285 452 belle. Un équipage à ſix chevaux venoit
859 446 3285 611 à toutes brides: je m'arrêtai un moment
938 603 3287 769 pour le voir paſſer; ce qui étoit impru-
938 763 3284 952 dent, pour un-homme qui avoit intérêt
900 916 1745 1074 de ſe cacher.
1026 1050 3287 1237 Une figure de Prêtre m'aborda poli-
933 1229 3385 1404 ment, & me parla de choſes indifférentes.
936 1385 3277 1546 J'eus la patience de reſter là quelques
916 1543 3277 1703 minutes pour l'écouter. Tout à coup je
938 1696 3361 1858 me vois aſſailli par une foule de gens ar-
936 1852 3370 2013 més, qui ſortent des haies & de je ne ſais
938 2008 3284 2169 où. Je voulus crier; on me boucha le
933 2156 3273 2322 paſſage de la voix. Ils étoient en ſi grand
936 2319 3301 2480 nombre, qu'ils m'entraînerent, malgré
934 2472 3285 2635 ma réſiſtance. Bientôt d'autres ſpadaſ-
929 2622 3315 2790 ſins vinrent me diſputer aux premiers.
931 2781 3277 2945 Je fus tiraillé d'un côté & de l'autre.
929 2935 3285 3101 L'on finit par s'accorder & me faire mon-
926 3098 3280 3258 ter dans une voiture bien eſcortée, pour
929 3254 3280 3415 me conduire, à quelques milles de là,
901 3404 3279 3569 chez un Juge ou Podeſta. Nous compa-
900 3556 3282 3727 rûmes devant l'Illuſtriſſime. Les pre-
919 3715 3282 3880 miers qui m'avoient arrêté, dirent que
916 3867 3279 4038 j'étois un mort décédé à l'Hôtel-Dieu,
919 4030 3284 4197 qui devoit être enterré dans le cimetiere
917 4192 3280 4355 commun, & qui précédemment avoit
914 4339 3282 4507 été enfermé comme fou. Ils me récla-
880 4500 3287 4668 moient donc gravement, dans la double
836 4651 3289 4827 qualité de fou & de mort. Les autres
836 4811 3420 5010 outenoient que j'étois une. Religieuſe
