4266 6032
935 333 3295 500 “il: quelle eſt cette nouvelle farce?
940 498 3333 654 “Vous croyez donc toujours être en
941 649 3289 812 “carnaval?“ Pour ma juſtiſication,
943 799 3287 972 je lui racontai l'hiſtoire de ma mort,
947 957 3301 1124 de ma réſurrection, de mon introduc-
945 1115 3301 1275 tion chez les Capucines, de mon éva-
957 1273 3299 1428 ſion, & du malheur que j'avois eu
947 1430 3301 1588 d'être arrêté comme mort & comme
947 1581 3304 1746 Religieuſe. „Je ſuis inquiet, ajoutai-
952 1741 3301 1899 “je, de ma compagne Artémiſe que
952 1891 3306 2056 “j'ai laiſſée chez deux jeunes gens
855 2044 3304 2209 “qui la trouvent appétiſſante, &
936 2202 3306 2365 “contre leſquels elle aura peut - être
938 2357 3308 2519 “peine à ſe défendre“. Je lui nommai
934 2513 3308 2675 les deux jeunes Seigneurs. „Si elle eſt
826 2666 3303 2833 “ſage, me répondit S. E., elle ſe dé-
928 2826 3301 2986 “fendra. Ce ſont deux jeunes gens
931 2978 3298 3143 “pleins d'honneur, qui ne ſont pas
862 3132 3299 3299 “capables de lui faire violence. Vous
931 3289 3299 3461 “êtes plus heureux que ſage; mais en
907 3442 3301 3605 “vérité la fortune s'amuſe à farcer avec
923 3601 3297 3761 “vous. Je ne ſais comment arranger
821 3753 3299 3916 “cela. Vous avez, ſur le corps, une
936 3913 3296 4073 “affaire d'honneur; de plus, vous avez
929 4063 3299 4231 “été deux fois enfermé comme fou;
924 4216 3303 4386 “après cela, vous voilà mort. On ſe
924 4375 3318 4543 “croyoit débarraſſé de vous. Point du
881 4534 3296 4697 “tout: voilà que vous vous échappez
821 4687 3296 4853 “enenlevant une autre morte; & vous
895 4840 3308 5017 “vous introduiſez dans un Couvent
