4266 6032
945 207 3359 397 “de Capucines. Vous vous donnez
914 377 3318 546 “pour une Religieuſe, & vous travail-
940 539 3318 702 “lez ſans doute à faire de petits Reli-
938 689 3311 859 “gieux; car nous ſavons comme vous
942 850 3310 1016 “beſognez; & ſans doute, dans quel-
945 1003 3311 1170 “ques mois, nous entendrons parler
950 1163 3310 1321 “des ſuites de ces belles opérations. Je
948 1320 3310 1480 “vous avoue qu'une conduite ou une
950 1469 3337 1636 “deſtinée ſi biſarres me paroiſſent fort
952 1628 3308 1791 “embarraſſantes, & qu'on ne ſait pas
950 1786 3308 1951 “trop comment laiſſer la liberté à un
952 1941 3315 2104 “jeune homme auſſi ingambe & auſſi
952 2094 3325 2261 “diſpos que vous. Quittez cette maſca-
950 2254 3320 2415 “rade; je vais vous faire donner d'au-
953 2410 3322 2596 “tres habits, & je verrai ce que je
952 2569 2704 2728 “pourrai faire pour vous“.
1110 2687 3322 2881 Madame la Gouvernante entra quand
960 2876 3327 3027 ſon mari finiſſoit ces mots. Elle me re-
964 3026 3322 3190 connut. „Ah! il eſt charmant, s'écria-
957 3180 3325 3344 “t-elle. Monſieur le Comte, il faut ab-
960 3334 3349 3500 “ſolument nous laiſſer le temps de
960 3488 3335 3659 “jouir de ſon déguiſement. Nous ſom-
959 3640 3359 3801 “mes encore en carnaval“. (Notez
948 3801 3328 3967 que le carnaval dure à Milan juſqu'au
959 3954 3330 4125 premier Dimanche de Carême, & l'on
966 4109 3332 4282 voit, par-là, que je n'avois été que quel-
943 4269 3330 4439 ques jours chez les Capucines.) Sans
957 4420 3335 4594 attendre la réponſe de ſon mari, la belle
965 4577 3346 4749 Dame m'emmena avec elle, & me pré-
943 4721 3349 4905 ſenta galamment à une nombreuſe aſ-
