4266 6032
878 284 3282 479 “mes, rien n'eſt ſacré pour vous, mon
888 460 3279 626 “cher. Vous allez prendre les Beautés
921 618 3279 787 “juſques dans les Cloîtres; vous les
878 773 3280 943 “prendriez ſur l'autel. Vous enlevez les
965 929 3280 1094 “vivans & les morts. Vous êtes à crain-
902 1087 3282 1254 “dre, reſpirant, comme ne reſpirant
964 1239 3282 1406 “pas. Je n'abuſerai pas de la confiance
888 1402 3282 1561 “que vous m'avez témoignée, en de-
962 1555 3279 1713 “mandant d'être conduit devant moi;
904 1708 3275 1871 “mais il faut partir abſolument; il faut
962 1866 3284 2025 “partir, vous dis-je, ou je vous fais
962 2018 3345 2184 “arrêter ſans rémiſſion. -- Mais Arté-
960 2171 3351 2334 “miſe? lui dis-je d'une voix tremblante.
960 2327 3277 2490 “-- J'aurai ſoin de la faire chercher,
960 2485 3347 2647 “me répondit-il, & de vous faire paſſer
959 2637 3267 2802 “de ſes nouvelles, quand je ſaurai où
955 2792 3270 2959 “vous ſerez réfugié. Je me charge, de
928 2950 3265 3126 “plus, d'employer tous les moyens
910 3109 3268 3268 “maginables pour la réconcilier avec
907 3254 3268 3423 “ſa mere, & lui faire un ſort auſſi heu-
895 3413 3260 3578 “reux que vous pourriez le déſirer:
888 3568 3260 3735 “mais partez ſur le champ. Voilà ma
888 3724 3258 3891 “bourſe. Ecrivez-moi, ſi vous avez
943 3879 3265 4064 “beſoin de quelque choſe; mais par-
940 4066 1781 4205 tez....
959 4178 3260 4360 Je n'avois rien à répondre à des inſ-
938 4348 3256 4517 tances ſi preſſantes; il falloitrecevoir les
905 4493 3253 4673 bienfaits de S. E. & ſuivre ſes volontés.
878 4642 3270 4844 llm'encoûta; mais je partis. Je me ren-
893 4808 3273 5014 dis d'abord au lieu où j'avois laiſſé Ar-
