4266 6032
887 227 3335 488 ivers. J'avois perdu mon Amante
902 458 3336 642 par ma propre main; mes vaines expia-
867 609 3325 795 tions pouvoient-elles effacer ce crime?
880 751 3344 924 La Princeſſe, ma bienfaitrice, étoit en-
900 913 3328 1108 fermée, ſouſtraite aux regards des mor-
971 1074 3318 1267 tels, & je ne pouvois rien faire pour
869 1223 3316 1406 elle. Enfin, je venois de perdre tout ré-
885 1390 3311 1572 cemment la tendre Artémiſe. Que de
974 1542 3361 1732 fautes, d'ailleurs, n'avois-je pas à me
967 1700 3305 1875 reprocher! Quels paſſe-temps crimi-
869 1851 3303 2041 nels! N'avois-je pas porté la débauche
873 2004 3301 2183 dans le ſanctuaire de la pudeur? Le lit
919 2166 3294 2330 conjugal m'avoit-il été ſacré? Dans les
924 2315 3294 2501 aſiles les plus ſaints, ſur les grandes
957 2474 3296 2645 routes, en veillant, en dormant même,
964 2622 3287 2802 ſous la terre, au milieu du feu, dans les
912 2783 3285 2961 airs, dans notre Religion, dans celle
967 2936 3289 3131 des Payens renouvelée; par-tout ma fu-
926 3093 3287 3284 neſte deſtinée ne m'avoit-elle pas pré-
876 3248 3299 3437 cipité dans des fautes que toutes mes
892 3394 3286 3588 larmes ne pouvoient effacer? Quoique
917 3556 3278 3745 jeune, bon Dieu! n'avois-je pas eu aſſez
921 3710 3284 3909 d'aventures? Adélaïde n'exiſtoit plus
910 3858 3284 4065 ſans doute. Je me devois au Dieu qui
912 4021 3285 4219 m'avoit ravi mon idole. La mélancolie
945 4185 3282 4371 conduit à la dévotion: tout, d'ailleurs,
907 4334 3280 4532 n'y portoit dans cette maiſon. Les
898 4492 3280 4688 antsreligieux que j'entendois répéter
867 4637 3281 4871 llT'emple du Seigneur, me ſem-
949 4818 3274 5024 llent des accens de voix céleſtes, qui
