4266 6032
1842 1031 2513 1240 DE
951 1229 3299 1582 LVENTURIERR ANçOIS.
914 2286 3338 2512 où je ſus poſtulant, & des cérémomes
950 2438 3284 2709 de la priſe d'habit. Me voilà Chartreux,
952 2605 3327 2843 comme je l'ai dit. On eſt toujours vis-à-
950 2748 3255 3012 vis de ſor dans cette ſolitude; & ſi quel-
948 2901 3310 3167 qu'un va là pour ſe guérir de quelque
943 3063 3246 3296 paſſion, il me paroît prendre la voie la
914 3213 3349 3472 plus détournée. La ſolitude remet ſous
914 3371 3308 3635 yeux l'image de la perſonne qu'il
914 3522 3236 3789 chérit; & cette image s'agrandit à ſa
924 3681 3299 3941 ve & le pourſuit ſans ceſſe; de même
914 3837 3303 4113 que quand on ſort d'une ville, les tours,
919 3991 3282 4262 le clochers, & tous les objets les plus
914 4140 3225 4398 ſuppans s'élevent & s'alongent. dans
914 4298 3220 4579 lssairs, à meſure qu'on s'éloigne. Ma
914 4451 3291 4732 iee délaide ſe préſenta donc à mes
914 4633 3294 4905 belle que jamais. J'avois ſu
1194 4801 3297 5069 ee un portrait de cette chere per-
914 4900 1712 5136 I.
