4266 6032
918 347 3261 533 melli, de toutes les perſonnes qui m'é-
922 520 3258 685 toient les plus cheres. Je faiſois, à l'aide
922 682 3258 842 de mes verres, paroître leurs images au-
926 831 3256 992 tour de celle de mon Adélaïde, comme
928 988 3258 1152 un cortége auguſte qui rendoit homma-
921 1146 3267 1462 ilaoiaovt vpmeueue corouvois
934 1456 3258 1618 dans la compagnie de ces ombres ché-
940 1612 3260 1770 ies, qui devoient l'exiſtence à mon
939 1767 2498 1924 amour & à mon induſtrie!
1039 1922 3263 2086 J'avouai à Don Prieur que j'étois tour-
943 2076 3265 2242 menté d'une paſſion malheureuſe, qui
948 2228 3267 2410 xigeoit que j'euſſe quelques occupa-
953 2388 3265 2555 i qui puſſent me diſtraire. Il me per-
953 2542 3265 2713 mit, puiſque j'étois verſé dans la pein-
950 2698 3323 2865 tre & dans la ſculpture, de cultiver ces
953 2850 3261 3022 nlens, pourvu que je ne cherchaſſe à
959 3008 3272 3170 tendre que des objets relatifs à la Reli-
964 3161 3268 3334 gion. Je lui dis que, s'il me le permet-
919 3316 3272 3488 oit, j'entreprendrois la ſtatue de la
919 3458 3261 3638 erge, objet de nos plus ſaints hom-
919 3629 3267 3812 ages. Il y conſentit, & je fis une ſta-
919 3781 3263 3966 te qui repréſentoit parfattement mon
921 3934 3340 4105 Amante, avec les attributs & le coſtume
926 4092 3265 4423 rnn ee ee ompoioipapa e ela
931 4413 3268 4737 ldiius, ptmnolsirprueſenles
935 4702 3268 4895 rſonnages céleſtes, ſont obligés tou-
940 4859 3266 5059 ous de prendre pour modeles des
2712 5046 2948 5174 Ca
