4266 6032
919 314 3301 480 voyois les révérends Peres, mes maîtres
950 472 3299 634 ou mes confreres, qu'une fois la ſemai-
941 627 3298 788 ne; mais, les euſſé-je vus tous les jours,
943 785 3301 944 des Chartreux n'étoient pas tout à fait ce
950 940 3301 1103 qu'il falloit pour me dédommager de la
941 1094 3297 1263 perte d'Adélaïde, & de tant de Beautés
922 1249 3296 1409 enchantereſſes, dont j'avois été l'heureux
938 1404 3291 1569 poſſeſſeur. Un chat, un chien, quelques
938 1560 3289 1720 oiſeaux, joints à ces vénérables Peres,
933 1718 3430 1877 ne me dédommageoient point encore.
938 1872 3292 2051 La culture de mon petit jardin avoit ſes
936 2025 3282 2184 charmes. J'y voyois naître, ſous mes
936 2182 3282 2340 yeux, les fruits & les fleurs. Les végé-
933 2334 3284 2495 taux ſembloient ſe diſputer, avec les
940 2487 3275 2649 animaux, le ſoin de varier mes loiſirs.
931 2637 3284 2803 Mlais combien il me reſtoit de vuide!
933 2788 3282 2959 D'ailleurs, je l'avoue à ma confuſion,
938 2948 3268 3112 les exercices monotones du chœur me
933 3105 3273 3269 paroiſſoient bien longs. Quand on n'eſt
933 3263 3275 3426 pas conduit, dans de pareilles maiſons,
926 3416 3275 3573 par la vraie dévotion, on y eſt bien
926 3571 3268 3736 malheureux. Mon pere a vécu dans une
922 3720 3267 3893 ile déſerte; mais il y reſpiroit en plein
921 3878 3265 4047 air, il y étoit libre, il y étoit Roi d'un
921 4039 3267 4223 pays charmant, il n'y avoit point de
926 4190 3265 4365 chœur. Moi, au contraire, j'étois chargé
922 4341 3261 4529 d'entraves. Son île étoit un Empire,
922 4493 2661 4674 & ma retraite une priſon.
1038 4654 3270 4828 Chaque fois qu'on recevoit un nou-
909 4816 3261 4998 veau Néophite, je plaignois le jeune
