4266 6032
967 329 3341 496 ment elle vint à bout de me dire tout
976 492 3339 654 bas: „Je ſuis logée immédiatement
957 649 3335 837 “auprès de vous. Tâchons de nous
971 806 3328 959 “voir“. Cette nouvelle me donna
952 960 3316 1125 beaucoup de courage & d'eſpérance.
971 1115 3332 1276 Dès le ſoir, quoique je n'euſſe point
972 1271 3327 1437 d'échelle, & malgré les obſtacles qui
947 1421 3325 1597 rendoient la communication preſque
941 1583 3328 1769 impoſſible, je parvins à franchir le mur
971 1738 3316 1905 qui ſéparoit nos deux jardins. Je volai
945 1892 3313 2042 dans les bras de ma chere Artémiſe. O
948 2047 3315 2214 quels embraſſemens! quelle douce
950 2205 3308 2367 réunion! Mais il fallut nous priver
943 2355 3311 2525 promptement de cette douceur. „A
922 2517 3304 2675 “tous momens, me dit - elle, Don
935 2670 3299 2837 “Prieur peut entrer chez nous. Si l'on
953 2824 3294 2988 “nous trouvoit enſemble, ce ſeroit un
941 2983 3296 3146 “crime capital. Il ne faut pas nous
936 3136 3301 3299 “trahir dès les premiers jours. Il eſt
931 3292 3296 3452 “néceſſaire que nous reſtions encore
929 3445 3287 3610 “ici quelque temps, parce que, ſelon
929 3605 3285 3770 “des rapports vrais ou faux, on ma-
924 3757 3279 3922 “chine quelque choſe contre nous.
928 3915 3287 4058 “On nous cherche tous deux, & vous
922 4068 3284 4235 “ſur-tout, dans toute la France & l'I-
926 4229 3284 4396 “talie. Votre ſignalement eſt répandu
917 4384 3279 4548 “par-tout. On a intéreſſé les Gouver-
914 4542 3273 4705 mens, les Puiſſances. Perſonne ne
914 4693 3267 4898 “nous ſoupçonne ici. Retournez vîte
914 4850 2491 5031 dans votre cellule“.
2483 5000 2947 5184 Ca
