4266 6032
912 357 3285 541 per les yeux les plus clairvoyans. Pour
919 515 3280 830 orele u uulaa qu on meioes
919 824 3296 986 mis de peindre, repréſentant mon Adé-
919 979 3334 1145 laide en pied, ſous le coſtume de la
912 1139 3277 1297 Reine des Cieux. Quand je voulois
922 1292 3275 1453 voir Artémiſe, j'avois auſſi l'indignité
917 1447 3280 1606 de faire deſcendre Adélaïde, mais Adé-
926 1602 3275 1766 laide ſeulement en peinture. De ſon
931 1760 3282 1922 côté, ma compagne avoit une armoire
933 1913 3284 2076 qui couvroit l'ouverture. Elle n'avoit
936 2070 3305 2233 que les deux battans à ouvrir ou fer-
928 2225 3306 2384 mer; & la clôture ou jointure du pan-
933 2380 3282 2538 neau étoit imperceptible chez elle com-
933 2534 3282 2672 me chez moi. Nous avions eu ſoin,
936 2690 3287 2850 d'ailleurs, d'arranger nos portes de ma-
933 2845 3291 3005 niere qu'elles fuſſent difficiles & très-
933 3000 3279 3160 bruyantes à ouvrir. De ſorte que Don
940 3159 3292 3315 Prieur auroit eu beau venir pour nous
940 3313 3294 3473 ſurprendre, il auroit toujours trouvé
921 3468 3330 3628 notre panneau bien fermé; mais d'ail-
892 3624 3296 3781 leurs il ne s'en doutoit pas, le bon
929 3775 3306 3953 homme. Il étoit venu pluſieurs fois chez
888 3932 3296 4092 Artémiſe ou chez moi, tandis que nous
888 4090 3296 4249 étions en converſation, & l'ouverture
902 4245 3298 4407 avoit été ſi promptement fermée, qu'il
888 4405 2834 4564 n'avoit pu ſe douter de rien.
888 4545 3294 4720 A la faveur de cette communication,
890 4714 3303 4873 nous vivions enſemble auſſi parfaite-
896 4862 3303 5064 ment & preſque auſſi ſûrement que
2584 5027 3122 5219 cC
