4266 6032
946 311 3316 478 dans le monde; & c'étoit un double
941 474 3313 634 agrément pour nous, de jouir de cette
945 631 3316 793 liberté, au milieu de la captivité auſtere
941 785 3313 945 d'un Couvent de Chartreux. Cette vie
943 943 3313 1105 devint par-là très-agréable; nous man-
940 1098 3308 1263 gions enſemble, & nous vivions preſ-
943 1254 3311 1415 que comme mari & femme. Les heures
941 1413 3310 1572 du chœur étoient longues; mais, pen-
941 1569 3310 1727 dant ce temps au moins, nous jouiſſions
943 1723 3303 1884 de la vue l'un de l'autre; & nous avions,
940 1880 3306 2043 par ſignes imperceptibles, des entre-
938 2037 3303 2197 tiens muets, qui avoient leurs charmes.
943 2189 3303 2352 On me demandera ſi la communication
941 2341 3308 2506 étoit ouverte la nuit. Je répondrai
933 2501 3299 2817 nns aeune mauvaile imettoos, e la
935 2806 3301 2979 preſſai beaucoup pour y conſentir, &
943 2965 3301 3132 qu'enfin j'obtins ſon aveu tacite. Nous
938 3118 3303 3288 avions aſſurément les vues les plus in-
936 3275 3301 3445 nocentes; mais les paſſions ont plus
943 3430 3306 3600 d'ardeur & font plus de ravage dans
941 3595 3308 3755 ces afiles, où elles ont, pour s'évaporer,
936 3742 3306 3907 moins de diſtractions & de diſſipations.
936 3886 3335 4065 Elles nous tyranniſerent impérieuſe-
940 4064 3315 4238 ment, & confondirent tous les projets que
943 4206 3323 4381 nous avions faits d'être parfaitement ſa-
936 4370 3316 4539 ges. Je ne donnerai pas ici des aveux
916 4513 3318 4852 teeeaes qui omitoint éue daees
923 4828 3330 5014 ne jamais ſe mettre dans un pareil dan-
