4266 6032
902 372 3284 543 “vez-moi. -- Ne craignez rien, reprit-
928 534 3299 697 “il, ma belle enfant; les deux inſo-
928 690 3291 851 “lens qui vous pourſuivent, ne vous
914 847 3287 1009 “feront pas violence en public. En
905 998 3289 1162 “effet, ils accouroient; mais le Pélé-
919 1158 3292 1316 “rin, avec un piſtolet à chaque main,
941 1314 3291 1469 “leur cria: „Si vous avancez, je vous
936 1467 3298 1628 “brûle la cervelle.“ Ils firent ſemblant
940 1622 3299 1782 “de rire, me dirent que je n'entendois
919 1777 3298 1938 “point la plaiſanterie, & rentrerent
919 1931 3308 2093 “chez eux. Je remerciai mon libéra-
929 2085 3299 2256 “teur. -- Mais, Monſieur, lui dis - je,
941 2245 3299 2402 “votre ouvrage n'eſt fait qu'à moitié.
934 2395 3301 2560 “Vous voyez l'habit que je porte; il
938 2553 3308 2710 “va m'être funeſte, ſi vous ne me ſe-
934 2708 3303 2869 “condez. On me pourſuit, & ſi je pa-
938 2861 3308 3024 “rois ſur le grand chemin-ſous cet
938 3017 3306 3184 “habit, à coup ſûr je ſerai arrêtée. J'a-
940 3179 3308 3339 “vois une compagne qui pourroit bien
923 3332 3323 3493 “être tombée dans les mains des Sbir-
900 3485 3325 3647 “res. (C'étoit de moi qu'elle parloit.)
943 3642 3320 3805 “Je tremble, je ne ſais ce qu'elle eſt de-
940 3801 3310 3961 “venue. Ne l'auriez-vous pointrencon-
938 3953 3308 4116 “trée? -- Et oui, vraiment, répondit le
945 4107 3378 4273 “Pélérin, je l'ai vue très-clairement au
941 4268 3310 4433 “milieu d'un régiment de Sbirres qui
905 4421 3311 4589 “s'étoient emparés de ſa perſonne. --
883 4579 3318 4740 “O bon Dieu! m'écriai-je en pleu-
893 4737 3313 4900 “rant. -- Ma belle enfant, reprit ce
934 4886 3327 5055 “brave homme, il ne faut pas vous
