4266 6032
950 284 3371 475 “déſeſpérer; il ne faut pas ſur - tout
964 444 3311 613 “que vous vous expoſiez a être arrêtée
967 603 3315 764 “comme elle. Je n'ai point d'habits à
964 759 3313 920 “vous donner pour vous déguiſer;
967 910 3334 1081 “mais prenez ma ſouguenille de Pé-
969 1072 3337 1232 “lérin, elle couvrira du moins votre
962 1222 3310 1386 “uniforme de Religieuſe. Je paſſai le
962 1383 3303 1541 “ſurtout du bienheureux voyageur.
962 1536 3308 1697 “J'endoſſai le grand chapeau & le col-
962 1692 3304 1854 “lier de coquillages; je pris en main
959 1846 3294 2002 “le bourdon, & me voilà Pélérin.
950 2001 3303 2161 “Mon conducteur, qui reſta leſtement
933 2159 2862 2321 “vêtu, me donna le bras.
1112 2307 3296 2477 “J'appris qu'on vous avoit mené
948 2463 3297 2628 “d'abord chez le Podeſta du village le
931 2625 3298 2788 “plus prochain. Nous nous achemi-
947 2779 3296 2929 “nâmes vers cet endroit; mais nous
919 2935 3296 3100 “apprimes, ſur la route, qu'on vous
926 3084 3292 3253 “conduifoit à Milan, mon cher Ca-
924 3242 3294 3404 “taudin; nous nous y rendîmes le
938 3392 3313 3566 “plus ſecretement qu'il nous fut poſ-
936 3552 3294 3721 “ſible. Là, mon guide me propoſa un
929 3702 3298 3875 “habit d'homme pour me déguiſer
933 3868 3291 4035 “mieux. Nous perdîmes bientôt vos
931 4011 3292 4192 “traces dans cette grande Ville. Quel-
928 4188 3291 4348 “qu'un me dit pourtant que vous
933 4329 3292 4501 “aviez pris la route de France. On
924 4487 3291 4659 “vous repréſentoit comme habillé en
928 4638 3294 4852 “homme; ce qui étoit naturel. On ſpé-
917 4788 3292 4983 “cifioit même a peu près quel habit
