4266 6032
981 296 3322 475 “qui touſſoient & crachoient ſur leurs
976 458 3316 624 “tiſons: je vis, de plus, une vieille
976 611 3316 778 “ſervante auſſi infirme qu'eux; mais je
972 769 3313 954 “n'apperçus pas l'ombre d'un jeune
964 929 1741 1046 “homme.
1132 1076 3311 1244 “Embraſſez, me dit le béat, ce bon
979 1238 3315 1392 “vieillard & cette chere vieille; re-
971 1392 3308 1554 “gardez-les comme votre pere & votre
971 1547 3385 1709 “mere. -- Mais mon Amant, lui dis-je,
971 1700 3298 1865 “où eſt-il? -- Mon bon ami, reprit
964 1856 3294 2016 “l'hypocrite, fiez-vous à moi, vous ne
885 2015 3291 2172 “vous en repentirez pas. -- Moi, plus
964 2164 3289 2328 “ſotte que lui, je m'y fiai; & j'appris
962 2324 3287 2496 “à connoître l'homme auſtere en pa-
962 2478 3287 2636 “roles, qui avoit eu l'art de m'aturer
957 2632 3284 2790 “chez lui. Sans vous offrir à mes yeux,
960 2788 3285 2940 “il vint à bout de m'y retenir long-
953 2936 3285 3107 “temps. On me demandera pour quel
952 3096 3285 3257 “but; car mon habit d'homme devoit
955 3249 3282 3412 “empêcher ſes déſirs de naître à mon
959 3406 3280 3573 “égard: mais, à ſes regards paſſionnés
953 3555 3277 3726 “d'une maniere odieuſe, je voyois qu'il
948 3719 3284 3881 “devinoit mon véritable ſexe. Les pre-
945 3872 3279 4037 “miers jours, il me diſoit que vous l'a-
941 4028 3366 4197 “viez quitté ſans qu'il ſût pourquoi;
943 4185 3334 4350 “mais que ſûrement vous ne tarderiez
902 4343 3315 4504 “pas à revenir. Il s'étonnoit de ce que
941 4500 3330 4663 “vous aviez pu fuir un homme comme
924 4651 3275 4821 “lui. Il m'aſſuroit enſuite qu'il vous
