4266 6032
917 298 3255 461 “avoit vu dans tel endroit; & „ſi vous
922 456 3256 618 “voulez, diſoit-il, je vous y menerai
924 617 2629 779 “le plutôt que je pourrai“.
902 769 3265 931 “Que vous dirai-je enfin, mon cher
912 924 3263 1086 “Chevalier? Levieux fourbe cherchoit,
931 1083 3303 1249 “par tous ces délais, à me retenir, pour
929 1235 3270 1395 “vous effacer de mon cœur, & pren-
933 1392 3272 1554 “dre votre place. Bientôt il me ma-
933 1545 3275 1706 “nifeſta ſes mauvais deſſeins, auxquels
934 1702 3267 1868 “je n'eus pas de peine àréſiſter. Enfin,
917 1851 3277 2020 “un jour que j'étois à la Meſſe aux
938 2018 3282 2187 “Chartreux, je vous reconnus pour un
916 2164 3277 2325 des Novices. Le déſir me prit ſur le
935 2323 3282 2501 “champ de vous rejoindre. Je me pro-
921 2474 3284 2638 “menai dans votre maiſon, dans ce
940 2634 3292 2790 “clos ſolitaire où vous ne pouvez vous
938 2781 3287 2949 “promener vous-même qu'une fois la
917 2935 3287 3100 “ſemaine. Le charme de la ſolitude, la
922 3091 3292 3257 “douce mélancolie empreinte ſur tout
919 3246 3289 3412 “ce qu'on voit ici, ſaiſirent mon ame, &
919 3402 3356 3569 “m'inſpirerent le déſir ſingulier de par-
924 3557 3291 3726 “tager avec vous un ſort qui avoit ſes
922 3708 3287 3880 “douceurs. Déguiſée en homme, je fus
941 3861 3296 4035 reçue ſur un très-léger examen, &
921 4030 3358 4190 “j'ai le bonheur de mener, avec mon
926 4176 3291 4348 “cher Chevalier, une vie que je ſou-
921 4338 3253 4499 haiterois de ne voir jamais finir“.
904 4480 3306 4659 J'embraſſai tendrement ma chere Ar-
924 4637 3309 4816 témiſe, après ſon récit. Je l'aimois, ſans
929 4803 3370 4991 tanſport cependant; & je goûtois avec
