4266 6032
1038 283 3291 471 Ces occupations ne me ſufſiſoient pas
919 460 3282 644 encore. On doit ſe rappeler que j'ai
926 621 3289 783 voyagé chez des peuples que j'ai nom-
916 775 3280 941 més Sylphes, dans une Ville aérienne,
931 929 3291 1091 où l'on avoit l'uſage de s'élever dans
931 1088 3296 1251 l'air, à l'aide de globes vuides, ou rem-
928 1242 3291 1414 plis de fumée ou d'air inflammable. La
933 1397 3291 1562 captivité où je me trouvois, m'inſpira
931 1555 3299 1700 l'envie de monter dans les airs. Je vou-
933 1710 3294 1874 lus pour cet effet compoſer un globe &
931 1861 3289 2025 une nacelle. Je ne pus y travailler ſans
936 2004 3292 2197 la permiſſion de D. Prieur, qui, par
938 2174 3296 2336 curioſité, me le permit d'abord. Il me
931 2326 3299 2484 donna du taffetas. Artémiſe m'aida à le
941 2481 3292 2643 coudre, ſans qu'on en ſût rien. J'en for-
943 2631 3298 2795 mai mon globe. Je le remplis d'air
943 2793 3294 2952 chaud, & j'y attachai une petite lampe,
934 2948 3299 3105 dont la lumiere, entrant par une étroite
940 3100 3294 3261 ouverture, entretenoit la chaleur & la
936 3254 3298 3415 raréfaction de l'air. Cet air raréfié deve-
943 3407 3301 3573 noit plus léger que l'air atmoſpheri-
941 3569 3301 3730 que, & le globe s'élevoit naturellement
945 3719 3323 3884 dans les Cieux. Le mien fut compoſé
929 3874 3299 4041 de taffetas azuré, pour qu'on l'apperçût
936 4030 3301 4194 moins aiſément dans l'air. J'y ſuſpendis
940 4188 3304 4353 une nacelle pareillement de couleur
938 4341 3298 4512 d'azur; & je m'élançai dans l'Empyrée,
938 4490 3298 4664 d'abord aux yeux du ſeul D. Prieur.
938 4647 3310 4842 Artémiſe, qui étoit prévenue, meregarda
940 4806 3315 4986 d'une petite fenêtre. Pour les autres
