4266 6032
976 200 3359 369 Chartreux, ils étoient chacun dans leur
975 367 3320 512 cellule, & ne ſe doutoient de rien. Parha-
936 522 3320 690 ſard, perſonne du canton n'apperçut le
965 677 3311 845 globe, parce que nul n'étoit prévenu.
965 828 3313 999 Je m'élevai à plus de mille toiſes. Je
965 987 3313 1156 reſtai quelque temps ſtationnaire dans
964 1139 3310 1310 l'air, jouiſſant du plus beau ſpectacle
965 1296 3313 1466 qu'il fût poſſible de concevoir. Je redeſ-
969 1450 3311 1619 cendis enſuite à plomb dans mon jardin,
960 1603 3304 1764 où D. Prieur m'embraſſa avec tranſport.
981 1763 3304 1930 „Mon cher enfant, me dit-il, vous
962 1918 3310 2084 “avez fait là une découverte des plus
959 2071 3299 2252 “belles qu'il ſoit poſſible d'imaginer.
957 2226 3304 2393 “Mais il faut voi le parti qu'on en
959 2376 3308 2551 “peut tirer; car ce n'eſt rien d'être
959 2530 3299 2703 “merveilleux, on doit être utile. Je
955 2682 3298 2858 “réfléchirai là-deſſus, mon bon ami.
956 2836 3304 3008 “Amuſez-vous toujours à perfection-
957 2991 3301 3154 “ner votre invention; nous reparle-
955 3151 3299 3310 “rons de cela dans une quinzaine“.
904 3304 3299 3479 Il faut noter que, dans ce temps là, on
955 3454 3306 3636 n'avoit point encore entendu parler de
950 3613 3303 3786 la découverte des globes aéroſtatiques.
960 3764 3303 3944 Au moment où j'écris, il commence à
962 3925 3304 4101 en être queſtion; mais j'étois un précur-
962 4071 3310 4257 ſeur ignoré. Je ne prétends point ici di-
960 4224 3344 4413 minuer la gloire de M. Mongolfier. Je
962 4388 3308 4565 ne me ſuis pas apperçu qu'il ait en-
969 4531 3313 4721 tendu parler de mes expériences. Sa
964 4704 3311 4909 gloire lui appartient donc entierement.
