<?xml version="1.0" encoding="UTF-8" standalone="no"?><PcGts xmlns="http://schema.primaresearch.org/PAGE/gts/pagecontent/2017-07-15" xmlns:xsi="http://www.w3.org/2001/XMLSchema-instance" xsi:schemaLocation="http://schema.primaresearch.org/PAGE/gts/pagecontent/2017-07-15 http://schema.primaresearch.org/PAGE/gts/pagecontent/2017-07-15/pagecontent.xsd"><Metadata><Creator/><Created>2020-10-14T10:45:54</Created><LastChange>1970-01-01T00:00:00</LastChange><Comments/></Metadata><Page imageFilename="0070.png" imageHeight="6032" imageWidth="4266"><TextRegion id="r1" orientation="0.125" type="paragraph"><Coords points="1,1 4264,1 4264,6030 1,6030"/><TextLine id="l1"><Coords points="3065,357 3064,356 3064,319 3064,319 2946,319 2945,319 2945,318 2945,317 2944,317 2943,317 2943,316 2943,315 2941,315 2939,313 2769,314 2768,313 2768,312 2768,312 2764,312 2762,310 2561,310 2560,311 2560,312 2560,312 2554,312 2552,314 2459,314 2458,315 2458,321 2457,322 2457,323 2456,324 2454,324 2453,325 2453,326 2453,326 2451,326 2448,329 2442,329 2441,330 2441,331 2441,331 2440,331 2439,332 2439,333 2438,334 2432,334 2431,334 2431,315 2431,314 2406,314 2405,314 2405,313 2405,312 2392,312 2391,311 2231,312 2229,314 2174,314 2173,315 2170,315 2169,314 2167,314 2166,313 2166,312 2166,312 2004,312 2002,314 1960,314 1959,315 1959,354 1959,354 1942,354 1941,354 1941,316 1941,315 1921,315 1920,314 1914,314 1913,313 1767,314 1765,312 1515,312 1514,313 1514,314 1514,314 1482,314 1481,315 1480,315 1478,317 1338,318 1337,319 1281,319 1280,319 1280,320 1280,321 1271,321 1266,326 1156,326 1154,328 1150,328 1149,329 1147,329 1146,330 1146,331 1146,331 1139,331 1137,329 1056,329 1054,327 1052,327 1051,327 1051,325 1051,324 1044,324 1043,324 1043,311 1043,310 1001,310 1000,309 995,309 990,305 990,297 991,296 991,293 993,291 1069,291 1069,291 1069,238 1067,236 1058,236 1057,235 1057,231 1056,230 950,231 950,230 950,226 950,226 1056,225 1057,225 1057,218 1058,216 1062,216 1066,212 1067,212 1069,214 1090,214 1091,215 1091,216 1091,216 1102,216 1103,217 1105,217 1107,219 1107,246 1107,246 1252,246 1255,243 1405,243 1407,241 1456,240 1460,236 1494,236 1495,236 1495,200 1496,198 1498,198 1499,198 1499,196 1499,195 1511,195 1514,198 1514,200 1516,202 1516,204 1516,204 1517,204 1518,205 1518,238 1518,238 1645,238 1648,235 1654,235 1655,236 1671,236 1672,236 1672,237 1672,238 1766,238 1767,237 1767,200 1767,200 1768,200 1769,199 1769,198 1770,197 1877,197 1879,195 1888,195 1889,194 1889,193 1889,193 1894,193 1896,195 1898,195 1899,195 1899,196 1900,197 1905,197 1906,198 1946,198 1947,199 1947,238 1947,238 2151,238 2152,237 2152,235 2154,233 2161,233 2163,235 2167,235 2169,236 2169,237 2169,238 2304,238 2305,239 2476,238 2478,236 2528,236 2529,235 2713,235 2714,236 2787,236 2788,236 2788,238 2790,241 2954,240 2955,240 2955,239 2955,238 2990,238 2992,236 3044,236 3045,235 3056,235 3057,234 3057,231 3057,231 3179,231 3180,230 3180,220 3182,218 3182,207 3182,207 3183,207 3184,206 3184,204 3184,204 3200,204 3201,204 3201,205 3201,206 3336,205 3337,206 3337,209 3336,209 3206,210 3206,210 3206,261 3206,262 3207,262 3208,262 3208,265 3209,266 3241,266 3242,267 3256,267 3256,267 3256,268 3257,269 3274,269 3275,270 3280,269 3280,270 3280,284 3278,286 3272,287 3271,288 3209,288 3208,288 3208,307 3207,309 3206,309 3205,310 3204,310 3203,310 3203,312 3202,314 3197,314 3196,315 3192,315 3191,315 3191,316 3191,317 3108,317 3107,317 3107,350 3103,354 3103,356 3103,357"/><TextEquiv><Unicode/></TextEquiv><TextEquiv index="1"><Unicode>Je continuai ſecretement mes expé-</Unicode></TextEquiv></TextLine><TextLine id="l2"><Coords points="2944,529 2940,525 2940,511 2939,510 2510,511 2510,511 2509,470 2509,469 1462,471 1461,472 1341,473 1340,474 1298,474 1296,475 1296,476 1296,477 1279,477 1278,477 1279,518 1277,520 1260,520 1260,519 1259,492 1259,492 940,493 938,491 938,439 938,439 937,439 936,438 936,434 934,432 934,423 938,420 959,420 960,419 979,419 979,418 979,374 980,374 985,373 986,372 1414,372 1414,371 1414,366 1416,364 1416,362 1417,362 1421,362 1425,358 1432,358 1433,357 1504,356 1505,355 1960,354 1961,355 2308,355 2309,356 2590,355 2593,358 3079,357 3080,358 3195,358 3196,359 3196,364 3198,366 3198,390 3199,391 3237,391 3237,391 3237,393 3242,398 3265,398 3265,398 3265,402 3266,403 3268,403 3268,403 3268,407 3269,408 3271,408 3273,410 3274,410 3277,413 3277,417 3279,419 3279,469 3277,471 3277,472 3277,472 3276,472 3275,473 3275,474 3275,475 3096,475 3095,475 3096,512 3095,513 2957,513 2957,514 2957,527 2956,527 2952,527 2950,529"/><TextEquiv><Unicode/></TextEquiv><TextEquiv index="1"><Unicode>riences. Nous étions dans le temps de</Unicode></TextEquiv></TextLine><TextLine id="l3"><Coords points="1086,682 1086,682 1086,681 1085,680 1022,680 1022,680 1022,646 1021,645 937,646 936,644 936,636 941,631 941,557 943,555 943,553 945,551 945,537 945,537 946,537 948,535 948,534 948,534 958,534 959,534 959,536 960,537 960,563 960,564 1155,563 1156,563 1156,527 1159,523 1257,523 1260,520 1277,520 1280,522 1280,555 1280,556 1398,556 1399,555 1399,553 1401,551 1486,550 1487,550 1487,516 1487,515 1496,515 1497,515 1497,514 1497,513 1506,513 1507,514 1507,520 1507,520 1508,520 1509,521 1509,549 1509,549 1707,549 1708,548 1708,543 1709,542 1842,542 1843,541 1843,511 1843,511 1894,511 1896,512 1896,549 1896,550 1946,549 1948,551 2130,551 2131,550 2131,523 2133,521 2133,515 2133,515 2134,515 2135,514 2135,512 2137,510 2254,510 2255,510 2255,512 2255,513 2256,513 2257,513 2257,514 2257,515 2258,515 2259,515 2259,550 2259,551 2456,550 2457,549 2507,549 2508,549 2508,513 2509,511 2657,511 2658,510 2658,508 2660,506 2675,506 2680,510 2680,513 2680,514 2834,513 2837,511 2837,509 2837,508 2861,508 2864,511 2864,513 2866,515 2866,553 2866,553 3081,553 3082,552 3082,513 3082,513 3191,513 3193,515 3198,515 3199,515 3199,524 3199,525 3200,525 3201,525 3201,548 3201,549 3253,549 3255,551 3258,551 3260,553 3262,553 3263,553 3263,555 3265,557 3265,559 3266,560 3266,561 3268,563 3268,565 3270,567 3270,602 3270,603 3274,603 3275,603 3275,604 3275,605 3279,604 3280,605 3280,615 3279,616 3279,619 3277,620 3274,621 3270,625 3265,625 3263,627 3257,627 3255,625 3107,625 3107,625 3107,639 3105,641 3104,641 3103,639 3103,625 3102,625 3095,625 3093,623 2737,624 2737,624 2737,627 2736,628 2732,628 2731,627 2647,627 2647,627 2647,646 2646,647 2642,647 2642,646 2642,627 2641,627 2569,627 2567,625 2383,625 2378,630 2371,630 2371,630 2371,628 2370,627 2369,627 2369,627 2369,623 2368,622 2206,623 2204,625 2197,625 2195,623 2193,623 2192,622 2191,622 2189,620 1956,620 1956,621 1956,623 1955,623 1943,623 1941,625 1930,625 1930,625 1930,624 1928,622 1921,622 1920,621 1732,622 1731,623 1728,623 1726,625 1712,625 1710,623 1554,623 1552,625 1502,625 1502,626 1502,627 1501,627 1401,628 1399,630 1231,630 1230,631 1230,633 1229,634 1119,634 1118,635 1112,635 1112,636 1112,676 1110,678 1110,680 1109,680 1096,680 1096,681 1096,682 1095,682"/><TextEquiv><Unicode/></TextEquiv><TextEquiv index="1"><Unicode>la pleine lune. Je m'élevois le ſoir à la</Unicode></TextEquiv></TextLine><TextLine id="l4"><Coords points="2554,822 2553,822 2553,803 2553,802 2552,802 2549,800 2549,783 2549,782 2496,782 2494,780 2485,780 2484,780 2484,779 2484,778 2442,778 2441,777 2126,778 2124,780 2122,780 2120,782 2115,782 2113,780 1924,780 1922,782 1901,782 1900,782 1900,781 1899,780 1629,780 1626,783 1596,783 1595,784 1595,797 1595,797 1587,797 1586,797 1586,795 1585,794 1585,784 1585,783 1382,784 1381,785 1374,785 1373,785 1373,786 1373,787 1199,787 1198,788 1196,788 1194,790 1152,790 1151,791 1151,792 1151,792 1010,792 1008,794 1003,794 1002,795 978,796 977,797 972,797 970,799 965,799 964,798 964,797 964,797 960,797 958,795 953,795 952,794 952,792 952,792 951,792 950,791 950,790 950,790 949,790 948,789 948,788 947,787 946,787 945,786 945,785 945,785 944,785 943,784 943,775 941,773 941,756 942,756 943,756 943,755 943,746 945,744 945,740 946,740 947,740 947,739 947,738 948,737 948,735 949,735 950,735 950,734 950,733 951,733 955,733 955,732 955,730 956,730 957,730 957,729 957,728 958,728 998,727 998,727 998,686 998,685 999,685 1001,683 1021,683 1022,683 1022,681 1022,680 1188,680 1189,680 1189,679 1189,678 1191,678 1192,677 1303,677 1304,676 1304,675 1304,675 1306,675 1308,673 1324,673 1325,673 1325,708 1325,709 1380,709 1381,710 1592,709 1593,709 1593,707 1593,706 1594,706 1595,706 1595,705 1595,704 1596,704 1597,704 1597,703 1598,701 1756,701 1757,700 1757,689 1758,688 1758,686 1760,684 1760,682 1762,680 1762,678 1762,678 1764,678 1765,677 1765,675 1765,675 1766,675 1767,674 1767,673 1767,673 1769,673 1770,672 1770,670 1770,670 1771,670 1772,669 1772,668 1772,668 1778,668 1779,667 1779,666 1779,666 1781,666 1782,665 1786,665 1788,663 1793,663 1795,665 1800,665 1801,665 1801,667 1801,668 1802,668 1803,668 1803,669 1803,670 1807,670 1810,672 1810,681 1810,682 1811,682 1812,682 1812,700 1813,701 1813,704 1814,706 1869,706 1870,707 2179,706 2180,705 2180,687 2181,686 2181,682 2181,682 2182,682 2183,681 2183,679 2186,676 2186,674 2189,671 2191,671 2192,670 2192,668 2194,666 2206,666 2207,666 2207,667 2207,668 2216,668 2221,673 2225,673 2226,673 2226,674 2226,675 2227,675 2228,675 2228,677 2231,680 2231,701 2231,702 2309,702 2310,702 2310,704 2310,705 2374,704 2376,706 2641,706 2642,705 2642,704 2642,704 2646,704 2648,702 2698,702 2699,701 2699,694 2701,692 2701,685 2702,684 2702,681 2705,678 2708,678 2709,677 2709,670 2709,670 2710,670 2711,669 2711,668 2711,668 2715,668 2718,665 2718,663 2718,663 2743,663 2744,663 2744,664 2744,665 2750,665 2752,666 2752,668 2753,670 2755,670 2757,671 2757,703 2757,704 2925,703 2926,703 2926,671 2926,670 2930,670 2931,670 2931,669 2931,668 2933,668 2935,666 2945,666 2948,669 2948,686 2950,688 2950,706 2950,706 3143,706 3144,705 3144,675 3144,675 3145,675 3146,674 3146,670 3148,668 3152,668 3153,667 3153,666 3153,666 3162,666 3164,668 3214,668 3215,668 3215,669 3215,670 3217,670 3220,672 3220,677 3222,680 3224,680 3227,682 3227,684 3229,686 3229,689 3230,690 3230,710 3230,711 3231,711 3232,711 3232,715 3232,716 3233,716 3234,716 3234,717 3237,720 3237,729 3238,730 3275,730 3276,730 3277,730 3277,731 3277,732 3278,732 3279,732 3280,733 3282,733 3282,734 3282,743 3280,745 3280,752 3276,756 3271,757 3270,757 3270,758 3270,759 3238,759 3237,759 3237,767 3236,768 3236,769 3234,771 3234,772 3234,773 3231,773 3230,773 3230,774 3229,776 3228,776 3227,776 3227,777 3227,778 3223,778 3222,778 3222,780 3220,783 3152,783 3151,783 3151,818 3151,819 3139,819 3138,818 3138,780 3138,780 3018,780 3016,782 3009,782 3008,783 2992,783 2991,782 2985,782 2983,780 2938,780 2936,778 2905,778 2903,776 2684,777 2681,780 2679,780 2677,782 2581,782 2577,786 2577,788 2577,788 2575,788 2573,790 2573,822 2573,822"/><TextEquiv><Unicode/></TextEquiv><TextEquiv index="1"><Unicode>clarté de cet aſtre nocturne, afin de n'ê-</Unicode></TextEquiv></TextLine><TextLine id="l5"><Coords points="1099,990 1097,988 1095,988 1093,986 1093,954 1092,953 965,954 964,953 952,953 950,951 950,950 950,950 948,950 945,947 945,945 945,945 944,945 943,944 943,902 941,900 941,898 940,897 940,895 940,895 939,895 938,894 938,887 940,885 940,883 941,883 945,883 945,882 945,878 950,874 955,874 956,875 1134,874 1135,873 1176,873 1178,871 1185,871 1187,869 1325,869 1327,867 1337,867 1338,866 1376,866 1376,865 1376,832 1383,826 1394,826 1394,825 1394,824 1395,824 1493,823 1497,819 1502,819 1503,818 1511,818 1512,819 1519,819 1519,820 1519,821 1520,821 1521,821 1521,822 1521,824 1523,826 1523,861 1524,861 1616,861 1616,862 1616,864 1617,864 1724,864 1724,863 1724,847 1725,847 1732,847 1732,846 1732,843 1734,841 1734,833 1735,833 1736,833 1736,832 1736,826 1737,826 1738,826 1738,825 1738,824 1740,823 1863,823 1863,822 1863,821 1864,821 1892,821 1894,823 1900,823 1901,823 1915,823 1915,824 1915,861 1916,861 1963,861 1964,862 2126,862 2127,861 2237,861 2239,859 2247,859 2247,859 2247,860 2248,861 2297,861 2298,862 2553,861 2553,861 2553,823 2554,822 2730,822 2731,821 2740,821 2742,823 2742,827 2743,828 2744,828 2744,828 2744,842 2745,843 2772,843 2775,846 2775,859 2776,860 2986,859 2986,859 2986,829 2987,828 2991,828 2993,826 2995,826 2997,824 2998,824 2999,823 3135,823 3136,821 3136,819 3137,819 3151,819 3151,819 3151,820 3152,821 3153,821 3153,821 3153,822 3154,823 3155,823 3156,824 3156,860 3157,861 3213,861 3213,861 3213,863 3214,864 3215,864 3215,864 3215,865 3216,866 3217,866 3217,866 3217,906 3218,907 3259,907 3261,909 3268,909 3269,910 3271,910 3273,912 3275,912 3275,912 3275,914 3276,914 3278,914 3279,916 3279,919 3280,920 3280,938 3280,938 3278,938 3276,940 3273,941 3272,941 3272,943 3269,947 3268,947 3267,947 3267,949 3267,950 3265,950 3264,950 3265,952 3263,954 3262,955 3260,955 3255,960 3242,960 3241,958 3240,936 3240,936 3182,936 3181,935 2925,935 2924,936 2922,936 2921,937 2921,938 2921,938 2912,938 2910,936 2905,936 2902,933 2901,933 2900,932 2583,933 2581,935 2578,935 2577,936 2550,936 2549,935 2394,935 2393,936 2393,948 2392,949 2393,953 2391,955 2391,959 2390,959 2389,959 2388,961 2388,962 2387,962 2386,962 2386,963 2386,964 2385,964 2384,964 2384,965 2384,967 2383,968 2383,970 2381,971 2377,971 2376,972 2373,972 2371,975 2371,977 2369,978 2360,978 2359,977 2352,978 2352,977 2352,976 2351,976 2347,976 2345,974 2340,974 2338,972 2336,972 2335,971 2330,971 2326,967 2190,967 2189,966 2184,966 2183,964 2182,943 2182,943 2131,943 2129,941 2053,941 2051,940 2051,939 2051,938 1996,938 1995,939 1996,960 1995,960 1992,960 1991,959 1989,959 1989,959 1988,939 1988,938 1956,938 1954,936 1945,936 1943,934 1749,935 1748,936 1665,936 1664,937 1664,938 1664,938 1629,938 1628,939 1629,977 1628,977 1614,977 1614,977 1613,939 1613,938 1418,939 1417,940 1345,940 1344,941 1194,941 1192,943 1129,943 1128,944 1129,986 1128,986 1127,986 1127,987 1127,988 1126,988 1105,988 1103,990"/><TextEquiv><Unicode/></TextEquiv><TextEquiv index="1"><Unicode>tre pas obſervé. Je voyageois dans l'air,</Unicode></TextEquiv></TextLine><TextLine id="l6"><Coords points="945,1146 945,1145 945,1041 948,1038 948,1004 950,1002 1105,1001 1106,1001 1106,993 1107,991 1212,991 1213,990 1215,990 1219,986 1222,986 1227,981 1231,981 1232,980 1232,979 1232,979 1236,979 1238,977 1244,977 1248,981 1252,981 1253,981 1253,982 1254,983 1254,985 1254,986 1255,986 1256,986 1256,994 1256,995 1487,994 1488,994 1488,984 1488,983 1489,983 1490,983 1490,982 1490,981 1496,981 1497,981 1497,980 1497,979 1609,979 1610,978 1612,978 1613,977 1629,977 1635,983 1635,1017 1635,1017 1792,1017 1793,1016 1793,1015 1794,1014 1794,995 1794,995 1795,995 1796,994 1796,990 1803,983 1803,981 1803,981 1804,981 1805,980 1805,979 1805,979 1807,979 1812,974 1819,974 1821,972 1823,972 1824,971 1830,971 1831,972 1834,972 1838,976 1843,976 1844,976 1844,1015 1844,1016 2005,1015 2006,1015 2006,982 2006,981 2008,981 2010,979 2012,979 2013,978 2015,978 2016,978 2016,977 2016,976 2024,976 2025,977 2025,981 2027,983 2027,991 2028,992 2028,996 2030,998 2030,1019 2030,1019 2276,1019 2278,1017 2304,1017 2305,1016 2305,986 2305,986 2306,986 2307,985 2307,983 2307,983 2309,983 2310,982 2310,981 2310,981 2411,980 2413,978 2419,978 2420,979 2422,979 2424,981 2424,984 2426,986 2426,990 2427,991 2428,991 2429,992 2429,998 2429,998 2431,998 2434,1001 2434,1012 2434,1012 2474,1012 2475,1013 2475,1014 2475,1014 2712,1014 2713,1015 2763,1015 2764,1015 2764,1016 2764,1017 2772,1017 2773,1017 2773,1060 2773,1061 2944,1060 2945,1060 2945,1025 2950,1020 2950,987 2950,986 2951,986 2952,986 2952,985 2952,984 2953,984 2954,983 2983,983 2984,983 2984,979 2984,978 3000,978 3001,977 3003,979 3005,979 3009,983 3011,983 3012,984 3012,988 3012,988 3013,988 3014,989 3014,1012 3014,1012 3104,1012 3105,1012 3105,1013 3105,1014 3143,1014 3144,1015 3145,1015 3146,1015 3146,1016 3146,1017 3184,1017 3186,1019 3200,1019 3201,1020 3204,1020 3206,1022 3207,1022 3208,1022 3208,1025 3208,1026 3210,1026 3211,1027 3212,1027 3213,1027 3213,1040 3213,1041 3274,1041 3275,1041 3275,1042 3276,1043 3277,1043 3279,1045 3284,1045 3285,1046 3286,1046 3287,1047 3287,1060 3285,1062 3285,1064 3283,1065 3277,1065 3277,1066 3277,1067 3276,1067 3269,1068 3268,1069 3267,1069 3266,1070 3225,1070 3225,1070 3225,1080 3224,1081 3224,1086 3222,1088 3218,1088 3215,1091 3151,1091 3151,1091 3151,1092 3150,1093 3140,1093 3138,1091 2976,1091 2976,1092 2976,1103 2975,1103 2974,1103 2974,1104 2974,1108 2972,1110 2972,1113 2971,1114 2971,1120 2970,1120 2969,1120 2969,1121 2969,1124 2968,1124 2967,1124 2967,1125 2967,1127 2966,1127 2961,1127 2957,1131 2944,1131 2941,1128 2941,1113 2940,1112 2818,1112 2817,1112 2816,1112 2816,1111 2816,1089 2815,1089 2540,1089 2538,1091 2410,1091 2410,1092 2410,1132 2409,1132 2393,1132 2393,1132 2393,1089 2392,1088 2089,1089 2087,1091 2065,1091 2063,1089 1911,1089 1910,1088 1774,1089 1774,1089 1774,1131 1773,1132 1769,1132 1768,1131 1754,1131 1753,1129 1753,1089 1752,1089 1685,1089 1683,1091 1683,1093 1681,1095 1677,1095 1675,1093 1674,1093 1674,1092 1674,1091 1673,1091 1506,1091 1504,1093 1346,1094 1345,1095 1342,1095 1341,1096 1336,1096 1334,1098 1177,1098 1175,1100 1174,1100 1173,1101 1156,1101 1156,1102 1156,1141 1155,1141 1141,1141 1141,1141 1141,1102 1140,1101 1014,1101 1012,1104 1012,1105 1011,1105 1010,1105 1008,1107 967,1108 967,1108 967,1126 966,1127 966,1132 964,1134 964,1138 963,1139 962,1139 962,1139 962,1141 960,1143 960,1145 959,1146"/><TextEquiv><Unicode/></TextEquiv><TextEquiv index="1"><Unicode>je deſcendois ſur les châteaux, j'atta-</Unicode></TextEquiv></TextLine><TextLine id="l7"><Coords points="3180,1287 3179,1286 3179,1242 3179,1242 2962,1242 2960,1244 2960,1248 2960,1248 2958,1248 2957,1249 2957,1251 2957,1251 2956,1251 2955,1252 2955,1254 2954,1255 2954,1257 2950,1261 2950,1286 2950,1286 2931,1286 2930,1286 2930,1267 2930,1266 2929,1266 2928,1265 2926,1265 2924,1264 2924,1247 2924,1246 2679,1247 2678,1248 2377,1248 2376,1249 2376,1264 2374,1266 2374,1270 2374,1270 2373,1270 2372,1271 2372,1272 2371,1273 2371,1274 2363,1282 2359,1283 2357,1285 2355,1285 2353,1287 2221,1287 2220,1287 2220,1288 2220,1289 2203,1289 2202,1288 2202,1244 2202,1244 2054,1244 2052,1246 1945,1246 1943,1248 1941,1248 1940,1249 1940,1286 1940,1286 1924,1286 1923,1286 1923,1249 1923,1248 1684,1249 1683,1249 1683,1263 1681,1265 1681,1267 1681,1268 1680,1268 1679,1268 1679,1272 1677,1274 1677,1278 1676,1280 1670,1280 1669,1281 1669,1283 1668,1284 1660,1284 1659,1285 1657,1285 1655,1287 1651,1287 1650,1288 1634,1288 1633,1287 1629,1287 1627,1285 1625,1285 1624,1284 1621,1284 1619,1282 1617,1282 1616,1282 1616,1278 1616,1277 1613,1277 1612,1277 1612,1276 1610,1274 1610,1269 1609,1268 1609,1247 1609,1246 1434,1247 1433,1248 1388,1248 1387,1248 1387,1289 1387,1290 1369,1290 1368,1289 1368,1248 1368,1248 1202,1248 1197,1253 1095,1253 1094,1254 1020,1254 1019,1255 1019,1256 1019,1256 1018,1256 1017,1257 1017,1258 1017,1258 983,1259 981,1261 970,1261 969,1260 965,1260 964,1259 964,1258 964,1258 962,1258 959,1255 959,1253 959,1253 958,1253 957,1252 957,1251 957,1251 956,1251 955,1250 955,1249 955,1249 954,1249 953,1248 953,1244 952,1243 952,1238 950,1236 950,1225 950,1225 949,1225 948,1224 948,1215 949,1215 950,1215 950,1214 950,1208 951,1208 952,1208 952,1207 952,1205 953,1205 954,1205 955,1203 955,1200 957,1199 959,1199 960,1197 960,1195 962,1194 964,1194 966,1192 969,1192 972,1189 1000,1188 1000,1188 1000,1151 1001,1149 1008,1149 1009,1148 1136,1148 1137,1148 1137,1144 1137,1143 1138,1143 1139,1143 1139,1142 1139,1141 1155,1141 1156,1142 1156,1180 1156,1180 1305,1180 1306,1179 1308,1179 1310,1177 1355,1177 1356,1176 1356,1175 1356,1175 1418,1175 1419,1174 1419,1147 1420,1146 1424,1146 1425,1146 1425,1173 1425,1174 1434,1174 1435,1175 1667,1174 1669,1172 1692,1172 1693,1171 1693,1136 1693,1136 1700,1136 1702,1134 1702,1132 1702,1132 1709,1132 1710,1132 1710,1133 1710,1134 1829,1134 1831,1135 1831,1140 1832,1141 1832,1153 1834,1155 1834,1174 1834,1175 1858,1175 1859,1176 2041,1175 2042,1174 2125,1174 2126,1174 2126,1173 2126,1172 2390,1171 2391,1171 2391,1134 2392,1132 2409,1132 2410,1133 2410,1134 2410,1134 2412,1134 2414,1136 2414,1172 2414,1172 2541,1172 2542,1172 2542,1170 2543,1168 2546,1168 2548,1170 2710,1170 2713,1167 2722,1167 2723,1168 2766,1168 2768,1169 2768,1171 2768,1172 2817,1172 2818,1172 2825,1172 2827,1174 3026,1174 3029,1172 3029,1171 3029,1170 3030,1170 3031,1170 3031,1151 3033,1149 3033,1145 3033,1144 3035,1144 3036,1144 3036,1142 3036,1141 3037,1141 3038,1141 3038,1140 3038,1139 3040,1139 3041,1139 3043,1137 3043,1135 3043,1134 3050,1134 3052,1132 3064,1132 3065,1132 3065,1133 3065,1134 3068,1134 3069,1134 3069,1135 3069,1136 3076,1136 3077,1136 3077,1138 3077,1139 3078,1139 3079,1139 3079,1140 3079,1141 3080,1141 3081,1141 3081,1143 3081,1144 3207,1144 3208,1144 3208,1173 3208,1174 3262,1174 3263,1175 3265,1175 3267,1177 3272,1177 3275,1179 3275,1181 3276,1182 3276,1183 3278,1184 3280,1184 3280,1185 3280,1189 3281,1189 3284,1189 3284,1190 3284,1192 3285,1193 3285,1194 3286,1194 3287,1194 3287,1195 3287,1228 3289,1230 3289,1237 3285,1241 3281,1241 3280,1242 3280,1244 3278,1246 3275,1247 3274,1248 3273,1248 3272,1249 3259,1249 3258,1249 3258,1250 3258,1251 3211,1251 3210,1251 3210,1260 3210,1261 3209,1261 3208,1261 3208,1274 3208,1275 3207,1275 3206,1275 3206,1277 3205,1278 3205,1279 3205,1280 3204,1280 3203,1280 3203,1281 3203,1282 3202,1282 3201,1282 3201,1283 3201,1284 3199,1284 3196,1287"/><TextEquiv><Unicode/></TextEquiv><TextEquiv index="1"><Unicode>chois mon globe aux girouettes, &amp; je</Unicode></TextEquiv></TextLine><TextLine id="l8"><Coords points="948,1457 948,1456 948,1447 948,1447 949,1447 952,1444 952,1442 953,1441 952,1359 952,1359 951,1359 948,1356 948,1349 949,1349 950,1349 950,1348 950,1346 953,1344 976,1344 976,1343 976,1342 980,1339 1036,1338 1036,1338 1036,1305 1037,1304 1038,1304 1038,1304 1038,1300 1039,1299 1041,1299 1043,1297 1051,1297 1052,1299 1052,1305 1053,1305 1164,1305 1165,1304 1165,1300 1166,1299 1168,1299 1170,1297 1172,1297 1173,1296 1179,1296 1179,1297 1179,1299 1180,1299 1234,1299 1234,1299 1234,1329 1235,1330 1366,1330 1366,1329 1366,1291 1368,1290 1388,1290 1389,1291 1389,1293 1390,1294 1390,1331 1391,1332 1516,1331 1516,1331 1516,1309 1517,1308 1555,1308 1555,1308 1555,1292 1557,1290 1561,1290 1562,1289 1574,1289 1578,1294 1578,1311 1579,1312 1579,1328 1580,1328 1633,1328 1633,1328 1633,1289 1634,1288 1650,1288 1650,1289 1650,1328 1651,1328 1696,1328 1697,1327 1712,1327 1713,1328 1846,1328 1846,1327 1846,1291 1847,1291 1849,1291 1851,1289 1922,1288 1924,1286 1941,1286 1941,1287 1941,1289 1942,1290 1942,1325 1943,1325 2042,1325 2042,1325 2042,1324 2043,1323 2102,1323 2102,1323 2102,1302 2103,1301 2104,1301 2104,1301 2104,1299 2106,1297 2106,1293 2110,1289 2221,1289 2221,1289 2221,1327 2222,1328 2317,1328 2318,1327 2417,1326 2418,1325 2429,1325 2429,1326 2429,1327 2430,1327 2539,1327 2539,1327 2539,1293 2540,1292 2541,1292 2543,1290 2551,1290 2552,1289 2565,1289 2565,1290 2565,1296 2566,1296 2567,1296 2567,1297 2567,1328 2568,1328 2618,1328 2618,1328 2618,1329 2619,1330 2738,1330 2740,1328 2768,1328 2769,1327 2868,1326 2869,1325 2878,1325 2878,1325 2878,1324 2879,1323 2929,1323 2929,1323 2929,1287 2930,1286 2994,1286 2998,1282 3012,1282 3012,1283 3012,1284 3013,1284 3022,1284 3028,1291 3028,1321 3029,1321 3111,1321 3113,1323 3137,1323 3139,1325 3222,1325 3222,1325 3222,1369 3223,1370 3268,1370 3273,1375 3276,1375 3279,1378 3279,1380 3280,1380 3284,1380 3284,1381 3284,1382 3285,1383 3285,1384 3287,1386 3287,1405 3286,1406 3285,1406 3284,1407 3284,1409 3284,1410 3284,1414 3281,1416 3280,1416 3280,1417 3280,1418 3277,1420 3257,1421 3255,1423 3249,1423 3249,1422 3248,1401 3248,1401 3045,1401 3043,1399 3036,1399 3034,1397 2865,1397 2864,1396 2668,1397 2666,1399 2623,1399 2620,1402 2600,1402 2599,1401 2518,1401 2517,1401 2517,1400 2517,1399 2406,1399 2405,1399 2405,1398 2405,1397 2292,1398 2291,1399 2284,1399 2282,1401 2115,1401 2114,1402 2052,1402 2051,1401 1918,1401 1917,1400 1846,1401 1844,1399 1824,1399 1823,1399 1824,1442 1823,1443 1805,1443 1805,1442 1804,1399 1804,1399 1648,1399 1646,1401 1604,1401 1603,1402 1604,1442 1603,1442 1591,1442 1590,1443 1588,1443 1588,1443 1587,1402 1587,1401 1567,1401 1566,1401 1566,1400 1566,1399 1439,1400 1438,1401 1436,1401 1435,1402 1333,1402 1332,1402 1332,1403 1332,1404 1331,1404 1330,1404 1330,1406 1329,1408 1175,1408 1174,1409 1161,1409 1160,1408 1038,1408 1037,1409 1038,1452 1037,1452 979,1453 978,1454 974,1454 974,1454 974,1455 973,1456 965,1456 964,1457"/><TextEquiv><Unicode/></TextEquiv><TextEquiv index="1"><Unicode>pénétrois dans l'intérieur des maiſons,</Unicode></TextEquiv></TextLine><TextLine id="l9"><Coords points="1134,1602 1134,1602 1134,1565 1133,1564 986,1564 985,1563 971,1564 968,1561 963,1561 960,1557 960,1550 959,1549 959,1544 953,1538 953,1522 955,1520 955,1513 957,1511 957,1506 959,1504 961,1504 962,1503 962,1502 962,1502 963,1502 964,1501 964,1500 965,1499 967,1499 973,1493 1026,1492 1027,1492 1027,1454 1028,1452 1038,1452 1043,1457 1151,1457 1153,1459 1155,1459 1156,1460 1156,1490 1156,1490 1334,1490 1337,1487 1340,1487 1342,1485 1396,1485 1397,1484 1397,1483 1397,1483 1420,1483 1421,1484 1587,1483 1588,1483 1588,1444 1588,1443 1590,1443 1591,1442 1652,1442 1654,1440 1656,1440 1657,1440 1657,1439 1657,1438 1668,1438 1669,1437 1707,1437 1708,1438 1715,1438 1719,1442 1723,1442 1724,1443 1823,1443 1824,1443 1824,1444 1825,1445 1825,1481 1825,1482 2062,1481 2063,1481 2063,1479 2064,1478 2064,1476 2065,1474 2168,1474 2169,1473 2169,1446 2171,1444 2247,1444 2248,1445 2249,1445 2250,1445 2250,1446 2250,1447 2251,1447 2252,1447 2252,1448 2252,1449 2254,1449 2255,1449 2255,1451 2255,1452 2256,1452 2257,1452 2257,1453 2257,1454 2258,1454 2259,1454 2259,1458 2261,1460 2261,1475 2261,1476 2283,1476 2285,1478 2289,1478 2290,1478 2290,1481 2290,1482 2535,1481 2536,1481 2536,1446 2536,1445 2545,1445 2546,1444 2666,1444 2668,1442 2670,1442 2674,1438 2696,1438 2697,1438 2697,1439 2697,1440 2698,1440 2699,1440 2699,1441 2699,1442 2700,1442 2701,1442 2701,1443 2702,1444 2702,1447 2704,1449 2704,1480 2704,1481 2942,1480 2943,1480 2943,1447 2945,1444 2948,1444 2950,1442 2964,1442 2966,1444 2966,1445 2967,1446 2967,1483 2967,1483 3173,1483 3174,1482 3174,1450 3175,1449 3177,1449 3179,1447 3181,1447 3184,1444 3192,1444 3193,1444 3193,1446 3194,1447 3194,1449 3196,1451 3196,1460 3196,1461 3197,1461 3198,1461 3198,1480 3198,1481 3261,1481 3263,1483 3274,1483 3275,1483 3275,1484 3275,1485 3276,1485 3277,1485 3277,1490 3279,1492 3279,1493 3280,1494 3280,1495 3280,1495 3281,1495 3282,1496 3282,1535 3282,1535 3288,1535 3291,1538 3291,1540 3292,1541 3292,1543 3292,1543 3293,1543 3294,1544 3294,1548 3296,1550 3296,1557 3295,1557 3294,1557 3294,1558 3294,1559 3293,1559 3277,1559 3277,1559 3277,1557 3276,1557 3263,1557 3263,1556 3263,1555 3262,1555 3105,1555 3105,1555 3105,1578 3104,1579 3096,1579 3095,1577 3095,1574 3094,1574 3089,1574 3089,1573 3089,1569 3088,1568 3088,1554 3087,1554 2966,1554 2965,1555 2954,1555 2953,1554 2925,1554 2924,1553 2620,1554 2617,1557 2615,1557 2613,1559 2610,1559 2608,1561 2600,1561 2598,1559 2594,1559 2594,1558 2594,1554 2593,1554 2414,1554 2414,1555 2414,1556 2412,1557 2405,1557 2405,1558 2405,1559 2404,1559 2390,1559 2388,1557 2386,1557 2385,1556 2180,1557 2178,1555 2134,1555 2134,1555 2134,1596 2133,1597 2121,1597 2121,1597 2121,1556 2120,1555 2039,1555 2038,1554 1867,1555 1867,1555 1867,1556 1866,1557 1856,1557 1856,1556 1856,1555 1855,1555 1597,1555 1597,1556 1597,1598 1596,1598 1579,1598 1579,1598 1579,1556 1578,1555 1544,1555 1540,1559 1530,1559 1528,1557 1526,1557 1526,1557 1526,1556 1525,1555 1345,1556 1344,1557 1340,1557 1340,1557 1340,1597 1339,1598 1324,1598 1323,1599 1151,1599 1148,1602"/><TextEquiv><Unicode/></TextEquiv><TextEquiv index="1"><Unicode>où je paroiſſois un Etre deſcendu du</Unicode></TextEquiv></TextLine><TextLine id="l10"><Coords points="1252,1758 1251,1757 1251,1704 1251,1704 1202,1704 1201,1705 1201,1712 1201,1712 1200,1712 1199,1713 1199,1714 1198,1715 1198,1717 1198,1717 1194,1717 1192,1715 1053,1715 1051,1717 1049,1717 1048,1718 1048,1719 1048,1719 1003,1719 1002,1720 996,1720 995,1721 993,1719 988,1719 986,1718 986,1717 986,1716 984,1717 982,1715 979,1715 978,1714 977,1714 976,1713 976,1710 976,1710 975,1710 974,1709 974,1707 972,1705 970,1705 969,1704 969,1700 969,1700 967,1700 965,1698 965,1696 964,1695 964,1693 964,1693 963,1693 962,1692 962,1690 960,1688 960,1686 957,1683 957,1676 955,1674 955,1664 953,1662 953,1652 953,1649 955,1647 955,1643 956,1643 957,1643 957,1642 957,1636 957,1636 959,1636 960,1635 960,1633 960,1633 962,1633 964,1631 964,1628 965,1627 965,1625 969,1621 969,1619 969,1619 970,1619 971,1618 971,1614 973,1612 975,1612 976,1611 976,1610 976,1610 977,1610 978,1609 983,1609 985,1606 987,1606 988,1605 990,1605 992,1603 1047,1603 1048,1602 1057,1602 1060,1605 1102,1605 1103,1606 1103,1607 1103,1607 1154,1607 1155,1608 1155,1609 1156,1610 1156,1686 1157,1686 1292,1686 1292,1685 1292,1649 1294,1647 1294,1640 1296,1638 1296,1636 1297,1635 1297,1633 1297,1633 1300,1633 1301,1632 1301,1629 1301,1629 1302,1629 1304,1627 1304,1599 1304,1599 1322,1599 1323,1599 1323,1601 1323,1602 1346,1602 1347,1603 1349,1603 1351,1605 1367,1605 1368,1605 1368,1608 1368,1609 1369,1609 1370,1610 1373,1610 1375,1612 1377,1612 1379,1614 1381,1614 1382,1614 1382,1615 1382,1616 1384,1616 1385,1616 1385,1618 1385,1619 1386,1619 1387,1619 1387,1620 1387,1621 1388,1621 1390,1622 1390,1625 1390,1626 1393,1626 1394,1626 1394,1630 1395,1631 1395,1638 1397,1641 1575,1640 1576,1640 1576,1603 1576,1602 1578,1602 1579,1602 1579,1599 1579,1598 1596,1598 1597,1599 1597,1600 1598,1601 1598,1640 1598,1640 1731,1640 1733,1638 1761,1638 1762,1638 1762,1639 1762,1640 1900,1640 1901,1639 1901,1604 1901,1603 1902,1603 1903,1602 1932,1602 1934,1601 1934,1599 1934,1598 2120,1598 2121,1597 2134,1597 2137,1600 2139,1600 2140,1600 2140,1632 2140,1633 2265,1633 2266,1632 2266,1628 2267,1627 2267,1626 2267,1626 2268,1626 2269,1625 2269,1624 2269,1624 2271,1624 2274,1621 2274,1619 2274,1619 2275,1619 2276,1618 2276,1616 2278,1614 2278,1610 2279,1609 2279,1607 2279,1607 2280,1607 2283,1604 2283,1602 2285,1600 2289,1600 2290,1599 2290,1595 2290,1595 2295,1595 2297,1593 2302,1593 2304,1591 2337,1591 2338,1590 2338,1586 2338,1586 2342,1586 2343,1586 2343,1587 2343,1588 2344,1588 2345,1588 2345,1590 2345,1591 2350,1591 2352,1593 2357,1593 2361,1596 2361,1597 2361,1597 2364,1597 2365,1598 2365,1601 2367,1603 2367,1605 2369,1607 2369,1640 2370,1640 2391,1640 2392,1641 2403,1641 2403,1642 2403,1643 2404,1643 2405,1643 2405,1644 2405,1645 2406,1645 2408,1645 2408,1646 2408,1649 2410,1650 2412,1650 2412,1651 2412,1653 2414,1655 2414,1657 2415,1658 2415,1679 2416,1679 2541,1679 2541,1679 2541,1601 2541,1600 2545,1600 2546,1600 2546,1599 2546,1598 2560,1598 2561,1599 2561,1615 2563,1617 2563,1638 2563,1638 2730,1638 2732,1636 2779,1636 2780,1635 2780,1595 2780,1595 2794,1595 2799,1599 2799,1601 2800,1602 2800,1634 2800,1635 2873,1634 2874,1635 2874,1637 2875,1638 2925,1638 2926,1638 2926,1601 2926,1600 2927,1600 2928,1600 2928,1599 2928,1598 2930,1598 2931,1599 2931,1640 2932,1640 3077,1640 3077,1639 3077,1638 3077,1638 3129,1638 3131,1636 3171,1636 3172,1635 3172,1609 3174,1607 3174,1604 3174,1604 3175,1604 3177,1602 3177,1600 3177,1600 3178,1600 3179,1599 3179,1598 3179,1598 3224,1598 3225,1597 3274,1597 3277,1599 3277,1693 3280,1695 3285,1695 3285,1696 3285,1697 3287,1699 3287,1700 3288,1700 3289,1700 3289,1701 3289,1708 3287,1710 3278,1710 3277,1711 3226,1712 3225,1712 3225,1713 3225,1714 3210,1714 3208,1712 3208,1708 3208,1708 3092,1708 3091,1708 3091,1749 3091,1750 3051,1750 3050,1749 3050,1712 3050,1712 2912,1712 2910,1710 2908,1710 2906,1708 2901,1708 2900,1707 2729,1708 2728,1708 2728,1747 2726,1750 2724,1750 2723,1751 2707,1751 2706,1751 2706,1752 2706,1753 2688,1753 2687,1752 2687,1712 2687,1712 2604,1712 2602,1710 2600,1710 2599,1709 2599,1708 2599,1708 2473,1708 2472,1709 2472,1712 2472,1712 2471,1712 2470,1713 2470,1714 2469,1715 2469,1718 2463,1724 2461,1724 2460,1725 2460,1727 2458,1729 2456,1729 2454,1731 2452,1731 2450,1733 2443,1733 2441,1732 2441,1715 2441,1714 2391,1714 2389,1712 2379,1712 2377,1710 2372,1710 2369,1707 2248,1708 2247,1708 2247,1709 2247,1710 2191,1710 2190,1710 2190,1711 2190,1712 2186,1712 2184,1714 2178,1714 2174,1710 1924,1710 1923,1711 1923,1712 1922,1713 1922,1741 1922,1741 1921,1741 1920,1742 1920,1743 1920,1743 1919,1743 1917,1745 1917,1747 1916,1748 1913,1748 1911,1750 1907,1750 1906,1751 1903,1751 1902,1750 1895,1751 1894,1750 1894,1714 1894,1714 1813,1714 1812,1713 1812,1712 1812,1712 1811,1712 1810,1711 1810,1710 1810,1710 1696,1710 1695,1710 1695,1743 1693,1745 1693,1747 1693,1748 1682,1748 1680,1750 1665,1750 1664,1750 1664,1749 1664,1748 1658,1748 1657,1748 1657,1746 1655,1744 1655,1711 1655,1710 1520,1710 1519,1710 1519,1709 1519,1708 1396,1709 1395,1709 1395,1733 1394,1734 1394,1736 1392,1739 1390,1739 1388,1741 1386,1741 1385,1741 1385,1742 1385,1743 1383,1743 1381,1745 1359,1745 1358,1744 1358,1743 1358,1743 1357,1743 1356,1742 1356,1741 1356,1741 1354,1741 1352,1739 1348,1739 1344,1735 1344,1733 1344,1733 1342,1733 1339,1730 1339,1728 1338,1727 1291,1727 1289,1725 1289,1724 1289,1724 1288,1724 1287,1723 1287,1704 1287,1704 1271,1704 1270,1704 1270,1757 1270,1758"/><TextEquiv><Unicode/></TextEquiv><TextEquiv index="1"><Unicode>Ciel. Quoique j'évitaſſe, le plus qu'il</Unicode></TextEquiv></TextLine><TextLine id="l11"><Coords points="2518,1911 2518,1911 2518,1909 2517,1908 2439,1908 2439,1908 2439,1907 2438,1906 2434,1906 2434,1906 2433,1866 2433,1865 2291,1866 2290,1867 2286,1867 2285,1868 2271,1868 2270,1867 2172,1867 2171,1866 2171,1865 2171,1865 1906,1865 1905,1866 1904,1866 1903,1867 1902,1867 1900,1869 1901,1872 1898,1875 1898,1877 1895,1880 1893,1880 1887,1886 1884,1886 1881,1889 1875,1889 1875,1888 1875,1887 1872,1884 1871,1868 1871,1868 1867,1868 1866,1868 1867,1901 1865,1903 1863,1903 1863,1903 1863,1908 1862,1909 1858,1909 1858,1908 1857,1868 1857,1868 1806,1868 1805,1867 1689,1867 1688,1866 1688,1865 1688,1865 1590,1865 1560,1865 1558,1867 1504,1867 1503,1868 1416,1869 1415,1869 1416,1903 1414,1905 1414,1907 1413,1908 1411,1908 1409,1910 1407,1910 1406,1911 1392,1911 1391,1910 1375,1910 1375,1909 1375,1908 1374,1908 1373,1908 1373,1907 1373,1886 1372,1886 1262,1886 1261,1884 1261,1882 1260,1881 1260,1872 1259,1872 1022,1872 1020,1874 1018,1874 1016,1872 1005,1872 1004,1871 957,1872 957,1871 956,1869 957,1868 957,1815 957,1815 956,1815 955,1814 955,1813 955,1813 953,1813 952,1812 952,1810 953,1809 953,1805 954,1805 955,1805 955,1804 955,1803 956,1803 960,1803 962,1801 979,1801 980,1800 1045,1799 1045,1799 1045,1766 1046,1765 1046,1763 1047,1762 1048,1762 1048,1762 1048,1761 1049,1760 1050,1760 1050,1760 1050,1756 1051,1755 1053,1755 1056,1758 1111,1758 1115,1763 1115,1794 1116,1794 1151,1794 1151,1795 1151,1796 1152,1796 1251,1796 1251,1795 1251,1758 1252,1758 1271,1758 1272,1759 1272,1795 1273,1796 1290,1796 1290,1795 1290,1794 1292,1793 1294,1793 1294,1792 1294,1791 1295,1791 1304,1791 1307,1794 1543,1793 1543,1793 1543,1792 1544,1791 1545,1791 1545,1791 1545,1785 1546,1784 1547,1784 1547,1784 1547,1777 1548,1776 1548,1772 1550,1770 1552,1770 1555,1767 1555,1763 1556,1762 1562,1762 1562,1762 1562,1760 1565,1757 1570,1757 1572,1755 1617,1755 1619,1753 1750,1753 1750,1752 1750,1751 1751,1751 1758,1751 1758,1751 1758,1753 1760,1755 1760,1757 1762,1759 1762,1793 1763,1794 1818,1794 1820,1796 1827,1796 1827,1796 1827,1797 1828,1798 1829,1798 1832,1801 1834,1801 1834,1801 1834,1802 1835,1803 1836,1803 1836,1803 1836,1805 1837,1806 1838,1806 1839,1807 1839,1809 1840,1810 1841,1810 1841,1810 1841,1833 1842,1834 1977,1833 1977,1833 1977,1818 1978,1817 1978,1815 1980,1813 1980,1811 1981,1810 1982,1810 1982,1810 1982,1809 1983,1808 1985,1808 1985,1808 1985,1803 1987,1801 1990,1801 1993,1798 1994,1798 1994,1798 1994,1797 1995,1796 1997,1796 1999,1794 2003,1794 2004,1793 2018,1793 2018,1793 2018,1759 2019,1758 2020,1758 2021,1757 2022,1757 2024,1755 2026,1755 2028,1753 2058,1753 2058,1753 2058,1752 2059,1751 2067,1751 2071,1755 2125,1755 2125,1756 2125,1757 2127,1758 2128,1758 2128,1759 2128,1760 2129,1760 2130,1760 2130,1761 2130,1765 2131,1765 2133,1765 2133,1765 2133,1767 2137,1771 2137,1774 2138,1775 2138,1788 2139,1789 2171,1789 2171,1789 2171,1790 2172,1791 2173,1791 2173,1791 2173,1792 2174,1793 2233,1793 2234,1794 2396,1793 2396,1793 2396,1792 2397,1791 2405,1791 2405,1792 2405,1793 2406,1793 2410,1793 2411,1794 2558,1794 2559,1793 2563,1793 2563,1793 2563,1792 2564,1791 2570,1791 2570,1792 2570,1793 2571,1793 2702,1793 2704,1791 2762,1791 2763,1792 2838,1791 2841,1794 2846,1794 2847,1796 2847,1832 2848,1832 3021,1832 3021,1832 3021,1801 3022,1800 3024,1800 3024,1800 3024,1765 3026,1763 3026,1761 3029,1758 3055,1758 3058,1755 3077,1755 3079,1757 3081,1757 3084,1760 3084,1762 3086,1764 3086,1766 3087,1767 3088,1767 3088,1767 3088,1793 3089,1794 3201,1794 3201,1794 3201,1795 3202,1796 3216,1796 3218,1798 3222,1798 3222,1798 3222,1799 3223,1800 3272,1800 3273,1801 3275,1801 3275,1801 3275,1802 3276,1803 3277,1802 3278,1803 3285,1803 3289,1808 3289,1844 3290,1844 3292,1844 3292,1845 3292,1860 3289,1863 3288,1863 3286,1865 3282,1865 3280,1867 3279,1867 3278,1868 3277,1868 3276,1870 3274,1870 3269,1875 3263,1875 3262,1874 3257,1874 3255,1872 3251,1872 3251,1871 3251,1870 3250,1870 3048,1870 3048,1870 3048,1872 3046,1875 3046,1894 3045,1895 3045,1897 3043,1899 3043,1901 3042,1901 3041,1901 3041,1902 3041,1903 3040,1903 3038,1903 3036,1905 3034,1905 3031,1908 3016,1908 3015,1907 3015,1888 3014,1887 2902,1887 2902,1887 2901,1863 2901,1862 2771,1863 2770,1863 2771,1890 2770,1891 2770,1892 2768,1894 2766,1894 2766,1894 2766,1895 2765,1896 2764,1896 2764,1896 2764,1897 2762,1899 2758,1899 2756,1901 2751,1901 2749,1903 2742,1903 2742,1902 2741,1868 2741,1868 2558,1868 2557,1869 2558,1904 2553,1908 2522,1908 2522,1909 2522,1911 2521,1911"/><TextEquiv><Unicode/></TextEquiv><TextEquiv index="1"><Unicode>m'étoit poſſible, d'être apperçu, j'eus</Unicode></TextEquiv></TextLine><TextLine id="l12"><Coords points="3193,2066 3191,2064 3187,2064 3186,2063 3184,2063 3184,2062 3184,2028 3183,2028 2967,2028 2967,2029 2967,2056 2966,2056 2928,2056 2926,2054 2926,2044 2925,2043 2789,2044 2787,2041 2787,2020 2786,2020 2598,2020 2597,2021 2536,2021 2535,2020 2341,2021 2341,2021 2341,2043 2333,2051 2333,2054 2331,2056 2328,2056 2326,2058 2324,2058 2321,2061 2319,2061 2317,2063 2312,2063 2311,2064 2302,2064 2301,2063 2297,2063 2295,2061 2292,2061 2290,2059 2278,2059 2278,2058 2278,2056 2277,2056 2276,2056 2276,2055 2276,2054 2275,2054 2273,2054 2271,2051 2271,2049 2270,2049 2269,2049 2269,2048 2269,2044 2267,2042 2267,2020 2266,2020 2001,2020 2000,2021 1993,2021 1991,2023 1984,2023 1981,2020 1901,2021 1901,2021 1901,2060 1900,2061 1887,2061 1887,2060 1887,2021 1886,2021 1680,2021 1678,2023 1593,2023 1593,2024 1593,2025 1592,2025 1587,2025 1585,2023 1585,2022 1584,2021 1412,2022 1412,2022 1412,2064 1411,2065 1396,2065 1396,2064 1396,2023 1395,2023 1227,2023 1227,2023 1227,2024 1226,2025 1021,2025 1021,2026 1021,2028 1020,2028 990,2028 990,2029 990,2067 988,2068 977,2069 976,2070 958,2070 957,2068 957,2066 956,2066 955,2066 955,2065 955,2058 959,2054 959,2052 960,2051 960,1972 959,1972 956,1972 953,1968 953,1962 955,1960 955,1958 955,1958 957,1958 959,1956 983,1956 985,1953 1025,1953 1026,1953 1026,1916 1026,1915 1138,1915 1139,1915 1139,1914 1139,1913 1143,1913 1145,1911 1147,1911 1148,1910 1164,1910 1165,1911 1167,1911 1169,1913 1172,1913 1174,1915 1174,1917 1175,1918 1176,1918 1177,1919 1177,1949 1177,1949 1308,1949 1310,1951 1508,1950 1509,1949 1716,1949 1718,1947 1740,1947 1741,1946 1788,1946 1789,1945 1789,1944 1789,1944 1790,1944 1791,1943 1791,1942 1791,1942 1857,1942 1858,1941 1858,1909 1858,1909 1862,1909 1863,1909 1863,1946 1863,1947 1943,1946 1944,1947 2115,1947 2116,1947 2116,1942 2118,1940 2118,1936 2119,1935 2119,1930 2121,1928 2121,1925 2123,1923 2123,1921 2126,1918 2126,1916 2126,1915 2128,1915 2130,1914 2130,1912 2131,1910 2135,1910 2137,1908 2141,1908 2142,1907 2142,1906 2142,1906 2154,1906 2156,1904 2162,1904 2164,1905 2164,1907 2164,1908 2165,1908 2166,1908 2166,1910 2166,1911 2170,1911 2171,1911 2171,1912 2171,1913 2172,1913 2173,1913 2173,1915 2174,1916 2174,1924 2175,1925 2175,1948 2175,1949 2292,1949 2294,1947 2433,1946 2434,1946 2434,1913 2436,1910 2438,1910 2439,1910 2439,1909 2439,1908 2495,1908 2496,1909 2496,1911 2498,1913 2498,1946 2498,1946 2725,1946 2726,1947 2730,1947 2732,1949 2736,1949 2737,1949 2737,1950 2737,1951 2739,1951 2740,1951 2740,1955 2740,1956 2741,1956 2742,1956 2742,1961 2742,1962 2896,1961 2897,1961 2897,1959 2899,1956 2901,1956 2902,1956 2902,1955 2902,1954 2903,1954 2904,1954 2904,1952 2904,1951 2909,1951 2911,1949 2913,1949 2915,1947 3027,1947 3029,1949 3035,1949 3036,1950 3036,1951 3036,1951 3195,1951 3196,1950 3196,1920 3196,1920 3209,1920 3210,1920 3210,1921 3212,1923 3212,1944 3212,1945 3289,1944 3290,1945 3290,1963 3290,1963 3291,1963 3294,1966 3294,2014 3292,2016 3292,2020 3291,2020 3287,2020 3286,2021 3284,2021 3284,2022 3284,2024 3282,2025 3276,2026 3275,2027 3273,2027 3272,2028 3270,2028 3270,2028 3270,2029 3269,2030 3217,2030 3217,2030 3217,2053 3216,2054 3215,2054 3215,2054 3215,2056 3213,2058 3210,2058 3209,2059 3207,2059 3205,2061 3205,2063 3204,2064 3200,2064 3198,2066"/><TextEquiv><Unicode/></TextEquiv><TextEquiv index="1"><Unicode>pluſieurs aventures ſingulieres, que je</Unicode></TextEquiv></TextLine><TextLine id="l13"><Coords points="3207,2223 3206,2222 3206,2180 3206,2180 3039,2180 3038,2181 3038,2195 3038,2195 3037,2195 3036,2196 3036,2200 3034,2202 3034,2204 3033,2205 3033,2207 3033,2207 3030,2207 3029,2208 3029,2211 3029,2211 3028,2211 3027,2212 3025,2212 3024,2213 3024,2214 3024,2214 3022,2214 3018,2218 2964,2218 2963,2218 2963,2193 2963,2192 2831,2192 2830,2193 2824,2193 2823,2194 2823,2195 2823,2195 2821,2195 2820,2194 2810,2195 2809,2194 2809,2176 2809,2176 2690,2176 2689,2175 2590,2175 2589,2176 2589,2191 2588,2192 2587,2192 2585,2190 2580,2190 2577,2188 2577,2176 2577,2175 2439,2175 2438,2176 2427,2176 2426,2175 2376,2175 2375,2174 2294,2175 2201,2175 2200,2176 2194,2176 2193,2175 2018,2175 2016,2173 1729,2174 1728,2175 1727,2175 1726,2175 1726,2214 1725,2216 1721,2216 1720,2217 1714,2217 1712,2219 1692,2219 1689,2216 1686,2216 1684,2214 1684,2180 1684,2180 1588,2180 1586,2178 1581,2178 1579,2176 1395,2177 1394,2177 1394,2218 1394,2219 1376,2219 1375,2218 1375,2178 1375,2178 1238,2178 1237,2178 1237,2179 1237,2180 1194,2180 1193,2181 1193,2215 1192,2216 1192,2219 1192,2219 1114,2219 1113,2219 1113,2181 1113,2180 1034,2180 1033,2181 1009,2181 1008,2181 1008,2179 1008,2178 1005,2178 1004,2177 972,2178 970,2176 968,2176 967,2175 964,2175 962,2173 962,2121 962,2121 961,2121 960,2120 960,2111 961,2111 963,2111 965,2109 992,2108 993,2107 1160,2107 1160,2107 1160,2102 1161,2101 1162,2101 1163,2100 1163,2086 1163,2085 1164,2085 1165,2085 1165,2083 1167,2081 1167,2079 1167,2078 1169,2078 1170,2078 1170,2074 1170,2073 1172,2073 1173,2073 1175,2071 1175,2069 1175,2068 1181,2068 1182,2068 1182,2067 1182,2066 1185,2066 1186,2066 1186,2065 1186,2064 1198,2064 1199,2065 1199,2066 1199,2066 1200,2066 1201,2067 1201,2068 1201,2068 1202,2068 1205,2071 1205,2104 1206,2104 1297,2104 1298,2105 1394,2105 1394,2104 1394,2066 1395,2065 1530,2064 1531,2063 1539,2063 1542,2066 1542,2071 1543,2072 1543,2102 1544,2102 1775,2102 1775,2101 1775,2062 1776,2061 1949,2060 1950,2059 1965,2059 1967,2061 1970,2061 1972,2063 1974,2063 1975,2064 2136,2064 2137,2063 2139,2063 2140,2062 2140,2061 2140,2061 2151,2061 2152,2061 2152,2101 2153,2102 2305,2102 2307,2100 2357,2100 2358,2099 2362,2098 2363,2099 2367,2099 2367,2100 2367,2102 2368,2102 2548,2102 2550,2100 2561,2100 2562,2099 2627,2099 2627,2098 2627,2097 2627,2097 2643,2097 2644,2097 2644,2098 2645,2099 2646,2099 2647,2100 2900,2099 2900,2099 2900,2093 2900,2092 2901,2092 2902,2092 2902,2084 2902,2083 2903,2083 2904,2083 2904,2081 2905,2080 2905,2078 2906,2076 2908,2076 2909,2075 2911,2075 2912,2075 2912,2066 2913,2064 2927,2064 2928,2063 2931,2063 2933,2061 2944,2061 2945,2062 2945,2063 2945,2063 2947,2063 2948,2064 2952,2064 2954,2066 2956,2066 2957,2067 2957,2069 2958,2070 3028,2070 3031,2073 3033,2073 3034,2074 3034,2103 3036,2105 3036,2106 3037,2106 3201,2106 3206,2111 3273,2111 3275,2113 3278,2112 3279,2113 3282,2113 3287,2118 3289,2118 3289,2119 3289,2121 3292,2124 3292,2128 3293,2128 3294,2128 3294,2129 3294,2161 3295,2161 3296,2161 3296,2162 3296,2174 3295,2175 3292,2175 3291,2176 3288,2176 3287,2177 3287,2178 3287,2178 3285,2178 3283,2180 3280,2180 3279,2181 3273,2182 3272,2183 3225,2183 3224,2183 3224,2222 3224,2223"/><TextEquiv><Unicode/></TextEquiv><TextEquiv index="1"><Unicode>me ferois le plaiſir de raconter, ſi je ne</Unicode></TextEquiv></TextLine><TextLine id="l14"><Coords points="1169,2376 1167,2376 1167,2376 1167,2375 1166,2374 1162,2374 1160,2372 1151,2372 1148,2369 1148,2368 1147,2367 1146,2367 1146,2367 1146,2365 1144,2363 1144,2361 1143,2360 1143,2334 1142,2333 1017,2333 1016,2334 988,2334 987,2333 981,2334 980,2333 978,2333 976,2331 973,2331 969,2327 969,2326 967,2324 967,2322 967,2322 966,2322 965,2321 965,2319 964,2318 964,2314 964,2314 963,2314 962,2313 962,2309 960,2307 960,2282 962,2280 962,2278 964,2276 964,2273 965,2272 965,2268 967,2267 972,2267 973,2266 975,2266 977,2264 984,2264 987,2260 1112,2260 1112,2260 1112,2222 1113,2221 1113,2220 1114,2219 1193,2219 1193,2220 1193,2260 1194,2260 1248,2260 1249,2259 1375,2259 1375,2258 1375,2219 1376,2219 1394,2219 1394,2219 1394,2220 1395,2221 1395,2261 1396,2262 1541,2261 1543,2259 1552,2259 1552,2259 1552,2258 1553,2257 1560,2257 1560,2257 1560,2225 1562,2223 1562,2222 1563,2221 1567,2221 1571,2217 1580,2217 1581,2219 1581,2221 1582,2221 1583,2221 1583,2222 1583,2259 1584,2259 1708,2259 1715,2252 1727,2252 1727,2252 1727,2256 1728,2257 1842,2257 1843,2258 1966,2257 1966,2257 1966,2231 1969,2228 1970,2228 1970,2229 1970,2231 1971,2231 1973,2231 1973,2232 1973,2257 1974,2257 2035,2257 2037,2255 2088,2255 2088,2255 2088,2223 2094,2217 2103,2217 2105,2219 2107,2219 2107,2220 2107,2257 2108,2257 2302,2257 2302,2256 2302,2255 2303,2255 2308,2255 2309,2256 2463,2255 2465,2257 2468,2257 2471,2260 2584,2260 2585,2259 2587,2259 2587,2259 2587,2258 2588,2257 2592,2257 2594,2255 2609,2255 2611,2257 2800,2257 2800,2256 2800,2218 2803,2216 2899,2215 2900,2214 2910,2214 2912,2216 2914,2216 2914,2217 2914,2218 2915,2218 2971,2218 2974,2222 2974,2259 2975,2259 3031,2259 3032,2260 3085,2260 3087,2262 3203,2262 3203,2261 3203,2224 3204,2224 3205,2224 3206,2223 3224,2223 3225,2224 3225,2287 3226,2288 3270,2288 3270,2287 3270,2252 3273,2250 3278,2249 3278,2250 3278,2251 3280,2252 3282,2252 3282,2253 3282,2288 3283,2288 3289,2288 3289,2289 3289,2290 3290,2290 3296,2290 3297,2292 3297,2300 3298,2301 3298,2307 3299,2307 3354,2307 3354,2308 3354,2315 3353,2316 3351,2316 3349,2315 3349,2314 3349,2313 3230,2314 3229,2314 3230,2330 3229,2331 3227,2331 3227,2331 3227,2332 3226,2333 3140,2333 3138,2331 3134,2331 3134,2330 3134,2329 3133,2329 2968,2329 2966,2331 2964,2331 2964,2332 2964,2334 2963,2334 2959,2334 2959,2334 2959,2331 2957,2329 2883,2329 2882,2328 2877,2328 2876,2327 2677,2328 2676,2329 2589,2329 2588,2328 2581,2328 2579,2326 2577,2326 2576,2326 2576,2325 2576,2324 2465,2324 2464,2325 2464,2327 2463,2328 2408,2328 2405,2331 2353,2332 2353,2332 2353,2352 2352,2353 2352,2355 2350,2357 2350,2359 2349,2360 2345,2360 2340,2365 2335,2365 2333,2367 2331,2367 2331,2367 2331,2368 2330,2369 2328,2369 2326,2371 2315,2371 2314,2372 2309,2372 2308,2371 2306,2371 2304,2369 2292,2369 2291,2367 2291,2365 2289,2364 2287,2364 2287,2363 2285,2361 2285,2359 2284,2359 2282,2359 2281,2357 2281,2353 2280,2353 2255,2353 2254,2352 2252,2352 2252,2351 2252,2328 2251,2328 2173,2328 2172,2329 2166,2329 2166,2329 2166,2330 2165,2331 2154,2331 2154,2330 2154,2329 2153,2329 2059,2329 2058,2328 2057,2328 2055,2326 1920,2326 1918,2328 1917,2328 1917,2329 1917,2366 1915,2367 1913,2367 1913,2368 1913,2369 1912,2369 1911,2369 1911,2370 1911,2371 1910,2371 1906,2371 1905,2372 1904,2372 1903,2371 1892,2372 1891,2371 1779,2371 1779,2371 1779,2372 1778,2373 1762,2373 1762,2372 1762,2329 1761,2329 1743,2329 1743,2329 1743,2330 1742,2331 1436,2332 1435,2333 1430,2333 1430,2332 1430,2331 1429,2331 1210,2331 1210,2332 1210,2353 1209,2353 1208,2353 1208,2354 1208,2358 1206,2360 1206,2362 1203,2365 1203,2367 1202,2367 1198,2367 1196,2369 1194,2369 1193,2371 1193,2373 1191,2374 1187,2374 1187,2375 1187,2376 1186,2376 1171,2376 1170,2377"/><TextEquiv><Unicode/></TextEquiv><TextEquiv index="1"><Unicode>craignois de trop alonger ces Mémoi-</Unicode></TextEquiv></TextLine><TextLine id="l15"><Coords points="2047,2527 2047,2527 2047,2526 2046,2525 2044,2525 2042,2523 2042,2489 2041,2488 1947,2488 1946,2487 1941,2487 1940,2486 1939,2486 1938,2485 1805,2486 1805,2485 1805,2484 1804,2484 1626,2484 1626,2485 1626,2523 1624,2525 1624,2527 1623,2527 1581,2527 1581,2527 1581,2518 1580,2517 1408,2518 1408,2518 1408,2528 1407,2529 1389,2529 1389,2528 1389,2489 1388,2489 1229,2489 1227,2491 1101,2491 1101,2492 1101,2494 1100,2494 1093,2494 1093,2494 1093,2490 1092,2489 1017,2489 1016,2488 960,2489 960,2488 960,2427 959,2426 959,2417 959,2417 968,2417 969,2416 969,2415 969,2415 982,2415 984,2413 985,2414 991,2413 993,2415 1036,2415 1038,2417 1170,2417 1171,2417 1171,2377 1171,2376 1264,2376 1265,2376 1265,2412 1265,2413 1443,2413 1446,2415 1620,2415 1622,2414 1622,2388 1623,2386 1626,2386 1628,2388 1628,2412 1628,2412 1761,2412 1762,2411 1762,2373 1762,2373 1778,2373 1779,2373 1779,2412 1779,2413 1932,2412 1934,2410 1936,2410 1938,2408 1943,2408 1944,2409 1944,2412 1944,2412 1952,2412 1953,2413 2192,2413 2193,2412 2228,2412 2230,2410 2313,2410 2314,2409 2314,2379 2317,2376 2333,2376 2336,2378 2336,2386 2338,2388 2338,2408 2338,2409 2500,2408 2501,2407 2511,2407 2512,2408 2515,2408 2517,2410 2724,2410 2725,2411 2918,2410 2919,2410 2919,2403 2921,2401 2921,2389 2923,2387 2923,2385 2926,2381 2930,2381 2931,2381 2931,2380 2931,2379 2932,2379 2933,2379 2933,2378 2933,2377 2937,2377 2938,2376 2940,2376 2944,2372 2947,2372 2949,2370 3084,2370 3086,2372 3088,2372 3090,2374 3092,2374 3093,2374 3093,2375 3093,2376 3095,2376 3096,2377 3258,2377 3262,2381 3265,2381 3267,2382 3267,2385 3268,2386 3268,2388 3270,2390 3270,2392 3270,2393 3271,2393 3272,2393 3272,2395 3273,2396 3273,2400 3273,2401 3275,2401 3279,2404 3279,2420 3279,2420 3282,2420 3284,2422 3284,2424 3284,2424 3286,2424 3289,2427 3289,2434 3291,2436 3291,2443 3292,2444 3292,2465 3292,2465 3296,2465 3299,2468 3299,2470 3301,2472 3301,2482 3299,2484 3299,2486 3298,2486 3294,2486 3294,2487 3294,2489 3291,2491 3282,2491 3282,2491 3282,2490 3281,2489 3279,2489 3278,2488 3119,2489 3117,2491 3109,2491 3107,2489 3095,2489 3094,2488 2870,2488 2868,2486 2866,2486 2866,2486 2866,2485 2865,2484 2863,2484 2862,2483 2723,2484 2723,2484 2723,2524 2722,2525 2706,2525 2706,2524 2706,2481 2705,2481 2527,2481 2527,2482 2527,2486 2526,2486 2393,2486 2393,2486 2393,2485 2392,2484 2363,2484 2362,2483 2171,2484 2171,2484 2171,2485 2170,2486 2166,2486 2164,2488 2109,2488 2109,2489 2109,2527 2108,2527"/><TextEquiv><Unicode/></TextEquiv><TextEquiv index="1"><Unicode>res. Je ne puis cependant me refuſer à</Unicode></TextEquiv></TextLine><TextLine id="l16"><Coords points="1716,2682 1715,2681 1715,2653 1715,2653 1509,2653 1507,2652 1507,2648 1507,2647 1505,2647 1504,2647 1504,2645 1504,2644 1452,2644 1451,2643 1085,2644 1084,2644 1084,2643 1084,2642 1008,2642 1007,2641 1005,2641 1004,2640 971,2641 969,2639 963,2639 962,2638 962,2630 963,2630 964,2630 964,2629 964,2532 964,2532 968,2532 970,2530 971,2530 972,2529 973,2529 974,2528 974,2527 974,2527 980,2527 981,2527 981,2528 981,2529 982,2529 983,2530 2705,2526 2706,2525 2722,2525 2723,2525 2723,2526 2723,2527 2724,2527 2725,2528 2908,2527 2909,2528 2909,2529 2909,2529 2915,2529 2916,2530 3248,2530 3249,2530 3249,2531 3249,2532 3250,2532 3251,2532 3251,2534 3252,2536 3253,2536 3254,2536 3254,2543 3255,2544 3255,2571 3256,2572 3279,2571 3279,2572 3279,2575 3284,2579 3285,2579 3285,2580 3285,2583 3287,2585 3287,2587 3288,2587 3289,2587 3289,2588 3289,2625 3290,2625 3297,2625 3299,2628 3299,2639 3297,2641 3295,2641 3294,2642 3292,2642 3290,2644 3288,2644 3287,2645 3287,2646 3287,2646 3109,2647 3108,2647 3108,2669 3108,2670 2612,2671 2611,2671 2611,2676 2611,2677 2609,2677 2608,2678 2590,2678 2589,2677 2575,2677 2573,2676 2573,2653 2573,2652 1780,2654 1779,2653 1721,2653 1720,2653 1720,2681 1720,2682"/><TextEquiv><Unicode/></TextEquiv><TextEquiv index="1"><Unicode>la tentation d'en écrire une qui m'amuſa</Unicode></TextEquiv></TextLine><TextLine id="l17"><Coords points="1121,2830 1120,2829 1120,2826 1119,2825 1119,2822 1118,2821 1118,2818 1117,2817 1117,2813 1116,2812 1116,2809 1115,2808 1115,2805 1114,2804 1114,2802 1113,2801 972,2802 972,2801 972,2795 971,2795 964,2795 964,2794 963,2699 962,2698 962,2697 962,2697 961,2697 960,2696 960,2687 961,2687 962,2687 962,2686 962,2684 965,2682 1129,2681 1130,2682 2185,2680 2185,2680 2185,2681 2186,2682 2188,2682 2189,2683 2272,2683 2273,2684 2449,2683 2451,2685 2632,2685 2633,2686 3120,2685 3122,2687 3132,2687 3138,2693 3138,2725 3139,2726 3266,2726 3268,2728 3273,2728 3277,2732 3279,2731 3284,2737 3284,2739 3285,2740 3285,2743 3287,2745 3287,2749 3288,2749 3289,2749 3289,2750 3289,2780 3290,2780 3296,2780 3298,2783 3299,2840 3299,2840 3312,2840 3313,2841 3313,2843 3312,2843 1285,2848 1285,2848"/><TextEquiv><Unicode/></TextEquiv><TextEquiv index="1"><Unicode>beaucoup. J'ignore ſi le Lecteur en ſera</Unicode></TextEquiv></TextLine><TextLine id="l18"><Coords points="1865,2996 1865,2995 1865,2990 1864,2990 1778,2990 1776,2988 1762,2988 1762,2987 1762,2958 1761,2958 1018,2959 1017,2958 1017,2956 1016,2955 1015,2955 1015,2955 1015,2953 1014,2952 998,2952 998,2952 998,2949 997,2948 989,2948 988,2947 976,2948 975,2947 968,2947 966,2945 964,2945 964,2944 964,2940 965,2939 965,2930 967,2928 967,2883 967,2883 968,2883 969,2882 969,2880 971,2878 978,2878 981,2875 981,2873 981,2873 1016,2872 1017,2872 1017,2857 1018,2855 1094,2855 1096,2854 1096,2852 1097,2850 1099,2850 1100,2850 1100,2848 1100,2847 1105,2847 1109,2843 1111,2843 1112,2842 1161,2842 1162,2843 1167,2843 1170,2846 1170,2847 1170,2847 1171,2847 1172,2848 1172,2849 1172,2849 1173,2849 1175,2851 1175,2875 1175,2875 2199,2873 2200,2872 2200,2844 2202,2842 2202,2841 2202,2841 2220,2841 2221,2842 2222,2842 2223,2842 2223,2922 2223,2923 2259,2923 2260,2924 2261,2924 2262,2924 2262,2925 2262,2926 2264,2926 2267,2928 2267,2930 2267,2931 2270,2931 2271,2931 2271,2940 2269,2942 2269,2944 2268,2945 2267,2945 2267,2945 2267,2946 2266,2947 2264,2947 2264,2947 2264,2949 2263,2950 2261,2950 2259,2952 2161,2952 2159,2954 1880,2955 1880,2955 1880,2995 1879,2996"/><TextEquiv><Unicode/></TextEquiv><TextEquiv index="1"><Unicode>auſſi content que moi.</Unicode></TextEquiv></TextLine><TextLine id="l19"><Coords points="2813,3148 2812,3147 2812,3101 2812,3101 2793,3101 2792,3101 2792,3102 2792,3103 2786,3103 2785,3103 2785,3104 2785,3105 2662,3105 2660,3107 2646,3107 2644,3105 2365,3105 2364,3104 2355,3105 2353,3103 2171,3103 2169,3105 2167,3105 2164,3108 2107,3108 2106,3109 2106,3132 2104,3134 2104,3136 2104,3136 2103,3136 2102,3137 2102,3139 2095,3146 2095,3148 2095,3148 2078,3148 2076,3147 2076,3130 2076,3129 1983,3129 1982,3129 1982,3113 1982,3112 1921,3112 1920,3112 1920,3107 1920,3106 1806,3107 1805,3106 1805,3105 1805,3105 1646,3105 1644,3107 1563,3107 1562,3108 1488,3108 1486,3110 1483,3110 1481,3112 1457,3112 1456,3111 1385,3112 1383,3110 1367,3110 1366,3109 1366,3108 1366,3108 1364,3108 1363,3107 1137,3107 1136,3108 1118,3108 1117,3107 1115,3107 1108,3100 1106,3100 1105,3100 1105,3099 1105,3098 1104,3098 1103,3098 1103,3096 1100,3093 1100,3091 1096,3087 1096,3084 1094,3082 1094,3078 1093,3077 1093,3075 1093,3074 1092,3074 1091,3074 1091,3066 1091,3065 1090,3065 1089,3065 1089,3015 1088,3014 1085,3014 1081,3010 1079,3010 1079,3010 1079,3001 1079,3000 1080,3000 1081,3000 1081,2998 1083,2995 1172,2995 1174,2993 1181,2993 1184,2996 1184,3033 1185,3033 1352,3033 1352,3032 1352,3001 1353,3000 1363,3000 1365,2998 1377,2998 1378,2998 1378,2999 1378,3000 1379,3000 1380,3000 1380,3011 1380,3012 1381,3012 1382,3012 1382,3035 1383,3036 1404,3036 1405,3037 1607,3036 1607,3036 1607,3034 1610,3031 1741,3031 1741,3030 1741,3017 1742,3017 1743,3017 1743,3016 1743,3012 1744,3011 1744,3008 1745,3007 1747,3007 1748,3006 1748,3004 1756,2996 1759,2996 1762,2993 1786,2993 1788,2995 1790,2995 1791,2996 1880,2996 1882,2997 1882,3034 1883,3035 1942,3034 1942,3035 1942,3036 1943,3036 2087,3036 2087,3036 2087,3004 2087,3003 2089,3003 2090,3002 2100,3002 2101,3003 2102,3003 2104,3005 2104,3034 2107,3036 2383,3035 2383,3035 2383,2997 2383,2996 2388,2996 2389,2995 2493,2995 2495,2993 2502,2993 2503,2994 2503,2995 2503,2995 2504,2995 2505,2996 2505,3000 2506,3001 2506,3026 2507,3026 2716,3026 2716,3025 2716,2993 2716,2993 2718,2993 2723,2988 2732,2988 2735,2990 2735,2992 2735,2993 2737,2993 2739,2994 2739,2996 2740,2997 2740,3035 2741,3036 2890,3035 2890,3035 2890,3034 2895,3029 2895,3020 2897,3018 2897,3010 2898,3009 2898,3005 2900,3003 2900,3001 2900,3000 2901,3000 2902,3000 2902,2999 2902,2998 2904,2998 2905,2998 2905,2996 2905,2995 2907,2995 2911,2991 2913,2991 2914,2990 2918,2990 2919,2990 2919,2989 2919,2988 2923,2988 2925,2986 2940,2986 2942,2988 2947,2988 2952,2993 2952,3033 2953,3033 3057,3033 3058,3034 3204,3034 3206,3036 3263,3036 3263,3036 3263,3037 3264,3038 3280,3037 3281,3038 3282,3038 3282,3039 3282,3041 3285,3043 3289,3043 3289,3044 3289,3045 3290,3045 3291,3045 3291,3046 3291,3094 3292,3094 3296,3094 3297,3095 3298,3095 3299,3097 3299,3103 3296,3106 3296,3108 3296,3108 3281,3108 3280,3107 3221,3108 3220,3107 3220,3105 3220,3105 3213,3105 3211,3103 3194,3103 3192,3101 3043,3101 3041,3103 3039,3103 3038,3104 3038,3105 3038,3105 3017,3105 3015,3104 3015,3102 3015,3101 2955,3101 2954,3100 2872,3100 2871,3101 2871,3141 2871,3141 2864,3141 2859,3137 2859,3101 2859,3100 2830,3100 2829,3101 2829,3147 2829,3147"/><TextEquiv><Unicode/></TextEquiv><TextEquiv index="1"><Unicode>Un beau ſoir, je m'abattis ſur un</Unicode></TextEquiv></TextLine><TextLine id="l20"><Coords points="3013,3303 3013,3303 3013,3262 3012,3261 2998,3261 2997,3260 2990,3260 2988,3258 2826,3258 2826,3259 2826,3260 2825,3260 2715,3261 2715,3261 2715,3290 2714,3291 2714,3297 2713,3298 2713,3300 2712,3301 2677,3301 2675,3298 2675,3282 2674,3282 2541,3282 2541,3282 2541,3262 2540,3261 2407,3261 2407,3261 2407,3259 2406,3258 2246,3259 2245,3260 2238,3260 2238,3260 2238,3303 2237,3304 2217,3304 2217,3303 2217,3260 2216,3260 2200,3260 2199,3261 2119,3261 2119,3262 2119,3263 2116,3265 2109,3265 2109,3265 2109,3262 2108,3261 1815,3262 1814,3263 1805,3263 1803,3265 1795,3265 1793,3263 1578,3263 1578,3264 1578,3304 1577,3304 1561,3304 1561,3304 1561,3267 1560,3266 1557,3266 1556,3265 1554,3265 1553,3264 1308,3265 1306,3267 1281,3267 1279,3265 1215,3265 1215,3265 1215,3264 1214,3263 1031,3263 1031,3264 1031,3271 1029,3272 1021,3272 1020,3271 1020,3262 1019,3261 1007,3261 1006,3260 1000,3260 1000,3260 1000,3259 999,3258 995,3258 993,3256 991,3256 991,3256 991,3255 989,3253 988,3253 988,3253 988,3251 987,3250 986,3251 986,3250 986,3249 985,3249 984,3249 983,3247 983,3246 982,3246 981,3246 980,3245 980,3244 979,3243 979,3242 978,3241 978,3240 976,3238 976,3236 972,3232 972,3230 971,3229 971,3226 969,3224 969,3215 969,3215 968,3215 967,3214 967,3186 969,3184 969,3182 970,3182 971,3182 971,3181 971,3172 972,3171 972,3169 976,3165 976,3163 977,3163 978,3163 979,3161 979,3160 980,3160 981,3160 981,3159 981,3157 983,3156 984,3156 984,3155 984,3154 988,3150 991,3150 991,3150 991,3149 992,3148 994,3148 998,3144 1007,3144 1008,3143 1019,3143 1020,3144 1025,3144 1027,3146 1031,3146 1031,3147 1031,3148 1032,3148 1036,3148 1036,3149 1036,3153 1037,3153 1039,3153 1041,3156 1041,3160 1042,3160 1043,3160 1045,3163 1045,3187 1046,3187 1133,3187 1135,3189 1172,3189 1172,3190 1172,3191 1173,3191 1174,3191 1174,3192 1174,3193 1175,3193 1285,3193 1285,3192 1285,3166 1290,3162 1297,3162 1297,3162 1297,3190 1298,3191 1407,3191 1407,3190 1407,3188 1409,3187 1424,3187 1425,3188 1569,3187 1569,3187 1569,3154 1570,3153 1571,3153 1571,3153 1571,3152 1572,3151 1578,3151 1579,3150 1592,3150 1593,3151 1595,3151 1595,3152 1595,3153 1597,3155 1597,3160 1598,3160 1769,3160 1769,3159 1769,3158 1770,3158 1775,3158 1778,3155 1780,3155 1782,3153 1791,3153 1791,3152 1791,3151 1792,3151 1905,3150 1906,3151 1908,3151 1908,3152 1908,3189 1909,3189 2032,3189 2032,3189 2032,3188 2033,3187 2041,3187 2043,3189 2050,3189 2052,3191 2190,3191 2190,3190 2190,3172 2192,3170 2192,3153 2195,3151 2197,3151 2198,3150 2252,3150 2252,3149 2252,3148 2253,3148 2262,3148 2262,3147 2262,3146 2263,3146 2272,3146 2274,3144 2279,3144 2279,3144 2279,3145 2280,3146 2284,3146 2286,3148 2288,3148 2290,3150 2293,3150 2295,3152 2295,3186 2296,3187 2349,3187 2352,3190 2429,3189 2429,3190 2429,3191 2430,3191 2484,3191 2486,3193 2489,3193 2489,3194 2489,3196 2490,3196 2491,3196 2491,3197 2491,3198 2492,3198 2494,3198 2496,3200 2647,3200 2647,3199 2647,3198 2648,3198 2649,3198 2649,3197 2649,3153 2650,3153 2652,3153 2653,3154 2653,3190 2654,3191 2694,3191 2694,3190 2694,3189 2695,3189 2757,3189 2759,3187 2811,3187 2811,3186 2811,3151 2812,3150 2812,3148 2813,3148 2830,3147 2830,3148 2830,3150 2831,3150 2957,3150 2958,3151 3110,3151 3110,3150 3110,3148 3113,3146 3129,3146 3129,3146 3129,3148 3131,3150 3260,3150 3261,3151 3268,3151 3268,3151 3268,3152 3269,3153 3270,3153 3270,3153 3270,3155 3272,3157 3272,3162 3273,3163 3273,3167 3278,3172 3280,3171 3280,3172 3280,3173 3282,3175 3282,3177 3284,3179 3284,3193 3285,3193 3287,3193 3288,3194 3290,3194 3291,3196 3291,3198 3292,3198 3294,3198 3294,3199 3294,3203 3295,3203 3296,3203 3296,3204 3296,3206 3297,3207 3297,3209 3299,3211 3299,3241 3300,3241 3302,3241 3304,3243 3304,3244 3304,3244 3305,3244 3306,3245 3306,3260 3305,3260 3299,3260 3298,3261 3291,3261 3289,3263 3264,3264 3263,3265 3257,3265 3255,3263 3192,3263 3192,3263 3192,3281 3191,3282 3186,3282 3186,3281 3186,3263 3185,3263 3155,3263 3153,3261 3023,3261 3023,3262 3023,3303 3022,3303"/><TextEquiv><Unicode/></TextEquiv><TextEquiv index="1"><Unicode>Couvent de Génovéfines, qui étoit à</Unicode></TextEquiv></TextLine><TextLine id="l21"><Coords points="2686,3476 2678,3468 2678,3459 2677,3459 2661,3459 2661,3458 2661,3457 2660,3457 2658,3457 2657,3456 2655,3456 2654,3454 2654,3418 2653,3418 2584,3418 2584,3418 2584,3417 2583,3416 2300,3417 2299,3418 2275,3418 2273,3416 2209,3416 2209,3415 2209,3414 2208,3414 1989,3414 1989,3415 1989,3418 1988,3418 1987,3418 1987,3419 1987,3421 1986,3421 1958,3421 1958,3422 1958,3423 1957,3423 1951,3423 1951,3423 1951,3422 1950,3421 1947,3421 1947,3421 1947,3419 1945,3417 1798,3418 1796,3420 1791,3420 1790,3421 1784,3421 1784,3421 1784,3422 1783,3423 1779,3423 1779,3423 1779,3424 1778,3425 1771,3425 1769,3423 1765,3423 1765,3422 1765,3421 1764,3421 1733,3421 1733,3421 1733,3460 1732,3461 1718,3461 1718,3460 1718,3421 1717,3421 1624,3421 1623,3420 1442,3421 1442,3421 1442,3423 1440,3425 1391,3425 1391,3425 1391,3460 1390,3461 1308,3461 1307,3460 1071,3460 1071,3460 1071,3424 1070,3423 1034,3423 1034,3424 1034,3426 1033,3426 1032,3426 1030,3428 1029,3428 1029,3429 1029,3432 1028,3432 1024,3432 1024,3433 1024,3450 1022,3451 1019,3451 1018,3452 990,3452 989,3451 988,3451 988,3451 988,3413 987,3412 983,3413 983,3412 983,3410 981,3409 976,3409 974,3406 974,3404 973,3404 969,3404 969,3403 969,3401 966,3399 964,3399 964,3398 964,3394 963,3394 962,3394 962,3393 962,3368 962,3368 963,3368 964,3367 964,3361 965,3360 965,3358 965,3358 966,3358 967,3357 967,3356 967,3356 968,3356 969,3355 969,3353 971,3351 971,3349 973,3347 978,3347 979,3346 979,3343 980,3342 981,3342 982,3343 1157,3342 1158,3342 1158,3311 1160,3308 1164,3308 1165,3308 1165,3307 1165,3306 1272,3306 1273,3306 1273,3346 1273,3347 1341,3347 1342,3346 1342,3334 1342,3334 1351,3334 1352,3334 1352,3335 1354,3337 1354,3345 1354,3346 1510,3345 1511,3345 1511,3312 1513,3309 1517,3309 1519,3308 1519,3307 1519,3306 1558,3306 1559,3306 1559,3305 1559,3304 1578,3304 1579,3305 1579,3344 1579,3344 1766,3344 1767,3343 1767,3325 1767,3325 1774,3325 1776,3323 1784,3323 1786,3324 1786,3329 1786,3330 1790,3330 1791,3330 1791,3331 1791,3332 1936,3331 1937,3331 1937,3309 1937,3308 1941,3308 1945,3304 1946,3304 1947,3303 1955,3303 1960,3308 1960,3325 1961,3326 1961,3344 1961,3344 2027,3344 2029,3346 2216,3346 2217,3345 2217,3304 2217,3304 2238,3304 2240,3305 2240,3345 2240,3346 2360,3346 2362,3343 2364,3343 2365,3344 2497,3344 2498,3344 2498,3307 2498,3306 2550,3306 2551,3307 2551,3308 2551,3308 2553,3308 2555,3310 2555,3346 2555,3346 2693,3346 2694,3345 2694,3344 2694,3344 2808,3344 2809,3343 2809,3342 2809,3342 2896,3341 2897,3341 2897,3340 2898,3339 2898,3327 2900,3325 2900,3321 2900,3320 2901,3320 2902,3320 2902,3317 2902,3316 2903,3316 2904,3316 2904,3312 2906,3309 2910,3309 2912,3308 2912,3307 2912,3306 2913,3306 2914,3306 2914,3305 2914,3304 2916,3304 2917,3303 2919,3303 2923,3299 2934,3299 2935,3299 2935,3298 2935,3297 2940,3297 2942,3299 2944,3299 2945,3300 2945,3301 2945,3301 2947,3301 2949,3303 3026,3303 3027,3304 3028,3304 3029,3305 3029,3306 3029,3306 3030,3306 3031,3307 3031,3346 3031,3346 3293,3345 3294,3345 3294,3316 3294,3315 3296,3315 3297,3316 3297,3318 3298,3319 3298,3352 3298,3352 3301,3352 3303,3354 3303,3358 3304,3359 3304,3380 3304,3380 3305,3380 3308,3383 3308,3385 3307,3385 3304,3385 3304,3386 3304,3409 3298,3414 3295,3414 3289,3420 3148,3421 3148,3421 3148,3454 3146,3456 3141,3456 3140,3457 3121,3457 3119,3459 3114,3459 3113,3458 2973,3458 2973,3458 2975,3456 2975,3415 2974,3414 2788,3415 2787,3416 2775,3416 2773,3418 2697,3418 2697,3418 2697,3451 2696,3452 2696,3471 2695,3473 2693,3473 2692,3473 2692,3475 2692,3476"/><TextEquiv><Unicode/></TextEquiv><TextEquiv index="1"><Unicode>quelques lieues du mien. Je penſai que</Unicode></TextEquiv></TextLine><TextLine id="l22"><Coords points="2274,3617 2273,3616 2245,3616 2243,3614 2243,3576 2243,3576 2129,3576 2128,3577 2128,3597 2128,3597 2127,3597 2126,3598 2126,3604 2126,3604 2123,3604 2121,3603 2121,3601 2119,3599 2119,3586 2118,3585 2118,3579 2118,3578 2117,3578 2116,3578 2116,3574 2116,3573 1976,3573 1973,3576 1973,3578 1973,3578 1968,3578 1966,3576 1959,3576 1956,3573 1954,3573 1953,3572 1797,3573 1796,3574 1792,3574 1791,3574 1791,3575 1791,3576 1785,3576 1784,3576 1784,3616 1784,3617 1763,3617 1762,3616 1762,3576 1762,3576 1680,3576 1679,3576 1679,3577 1679,3578 1667,3578 1665,3577 1665,3575 1665,3574 1568,3574 1567,3575 1567,3617 1567,3617 1551,3617 1550,3617 1550,3575 1550,3574 1502,3574 1500,3576 1498,3576 1497,3575 1161,3576 1159,3574 1080,3574 1079,3575 1079,3578 1079,3578 1035,3578 1034,3579 1034,3583 1034,3583 1032,3583 1030,3585 1024,3585 1019,3581 1019,3579 1019,3578 1017,3578 1012,3574 1012,3572 1012,3571 991,3571 990,3571 990,3570 989,3568 986,3569 983,3566 981,3566 979,3564 977,3564 976,3563 976,3556 972,3552 972,3549 972,3549 969,3549 964,3544 964,3525 965,3524 965,3520 967,3518 967,3513 971,3509 971,3507 972,3506 972,3492 973,3492 1015,3491 1015,3491 1015,3464 1017,3462 1017,3460 1017,3459 1018,3459 1019,3459 1019,3458 1019,3457 1020,3457 1021,3456 1030,3456 1031,3457 1031,3459 1031,3459 1035,3459 1036,3460 1082,3460 1084,3462 1084,3497 1085,3497 1120,3497 1120,3498 1120,3500 1121,3500 1217,3500 1217,3499 1217,3460 1217,3460 1235,3460 1236,3461 1391,3461 1392,3461 1392,3465 1392,3466 1394,3466 1395,3466 1395,3469 1397,3471 1397,3473 1401,3477 1401,3479 1404,3482 1505,3481 1506,3483 1506,3485 1507,3486 1507,3503 1508,3503 1511,3503 1514,3500 1602,3500 1603,3499 1671,3499 1671,3499 1671,3465 1671,3464 1676,3464 1679,3461 1735,3461 1736,3461 1736,3501 1737,3502 1832,3502 1834,3500 1861,3500 1862,3499 1864,3499 1866,3497 1873,3497 1875,3499 1877,3499 1878,3500 1880,3500 1881,3501 2020,3500 2020,3500 2020,3464 2022,3461 2034,3461 2037,3464 2037,3466 2037,3466 2122,3466 2123,3467 2123,3468 2123,3468 2125,3468 2126,3469 2128,3469 2130,3471 2130,3502 2131,3502 2284,3502 2286,3500 2358,3500 2359,3499 2365,3498 2366,3499 2516,3499 2518,3497 2577,3497 2577,3498 2577,3499 2578,3499 2628,3499 2629,3500 2748,3500 2750,3502 2843,3501 2843,3501 2843,3481 2844,3480 2847,3480 2848,3481 2852,3481 2852,3482 2852,3501 2853,3501 2901,3501 2902,3500 2907,3500 2908,3499 2972,3499 2972,3499 2972,3459 2972,3458 2992,3458 2993,3459 2993,3461 2993,3461 2994,3461 2995,3462 2995,3499 2996,3499 3137,3499 3139,3497 3150,3497 3150,3496 3150,3468 3151,3467 3151,3465 3153,3463 3158,3463 3160,3461 3169,3461 3174,3465 3174,3499 3175,3500 3232,3500 3232,3500 3232,3501 3233,3502 3281,3501 3282,3502 3292,3502 3292,3503 3292,3505 3295,3507 3299,3507 3299,3508 3299,3509 3300,3509 3302,3509 3304,3512 3304,3545 3305,3545 3306,3545 3306,3546 3306,3550 3308,3552 3308,3557 3308,3557 3307,3557 3306,3558 3306,3562 3306,3562 3304,3562 3303,3563 3303,3567 3301,3569 3301,3571 3301,3571 3300,3571 3299,3572 3299,3573 3299,3573 3292,3573 3291,3574 3230,3575 3229,3576 3207,3576 3206,3575 3206,3574 3206,3574 3204,3574 3203,3573 3198,3573 3196,3571 2946,3571 2945,3572 2945,3612 2945,3612 2927,3612 2926,3612 2926,3572 2926,3571 2838,3571 2837,3572 2837,3575 2836,3576 2831,3576 2828,3574 2828,3573 2828,3572 2732,3573 2730,3571 2631,3571 2630,3571 2630,3611 2630,3612 2616,3612 2615,3611 2615,3571 2615,3571 2501,3571 2499,3569 2380,3569 2379,3570 2379,3571 2379,3571 2373,3571 2372,3572 2372,3573 2372,3573 2284,3574 2283,3574 2283,3613 2283,3614 2282,3614 2279,3617"/><TextEquiv><Unicode/></TextEquiv><TextEquiv index="1"><Unicode>'étoit là un lieu où je pourrois voir des</Unicode></TextEquiv></TextLine><TextLine id="l23"><Coords points="1352,3777 1351,3775 1351,3774 1350,3774 1349,3774 1349,3773 1349,3734 1348,3734 1229,3734 1228,3733 1209,3733 1205,3729 1017,3729 1017,3730 1017,3736 1016,3736 1007,3736 1007,3736 1007,3725 1006,3724 991,3724 990,3723 986,3724 986,3723 986,3722 985,3722 983,3722 982,3721 978,3721 978,3720 978,3716 972,3710 972,3708 971,3707 971,3704 968,3702 968,3700 967,3699 967,3695 965,3693 965,3691 964,3690 964,3674 967,3671 967,3668 969,3666 969,3662 970,3662 971,3662 971,3661 971,3659 972,3659 975,3659 976,3657 976,3655 979,3653 984,3653 985,3652 986,3652 986,3651 986,3650 987,3649 989,3649 990,3648 1015,3648 1015,3648 1015,3619 1017,3617 1019,3617 1020,3616 1022,3616 1022,3616 1022,3615 1023,3614 1201,3614 1203,3616 1205,3616 1206,3618 1206,3619 1207,3619 1208,3619 1208,3620 1208,3659 1209,3659 1282,3659 1283,3660 1437,3660 1437,3659 1437,3621 1438,3621 1443,3621 1445,3619 1447,3618 1447,3618 1447,3617 1448,3616 1449,3617 1616,3617 1617,3616 1617,3615 1618,3614 1640,3614 1640,3615 1640,3616 1642,3617 1784,3617 1784,3617 1784,3652 1785,3653 1789,3653 1789,3653 1789,3656 1790,3657 1791,3657 1791,3657 1791,3658 1792,3659 2039,3658 2040,3657 2040,3650 2042,3648 2044,3648 2045,3647 2045,3645 2049,3641 2049,3639 2052,3636 2052,3633 2054,3631 2056,3631 2056,3631 2056,3629 2057,3628 2060,3628 2066,3622 2070,3622 2071,3621 2071,3620 2072,3619 2075,3619 2075,3619 2075,3618 2076,3617 2087,3617 2088,3616 2091,3616 2093,3614 2104,3614 2106,3616 2109,3616 2109,3617 2109,3619 2110,3619 2116,3619 2116,3620 2116,3621 2117,3621 2119,3621 2120,3622 2122,3622 2124,3624 2126,3624 2128,3627 2128,3629 2129,3629 2133,3629 2133,3629 2133,3630 2134,3631 2135,3631 2135,3631 2135,3633 2137,3635 2138,3635 2139,3636 2140,3636 2140,3636 2140,3638 2142,3640 2143,3640 2143,3640 2143,3641 2147,3645 2147,3651 2148,3652 2149,3652 2149,3652 2149,3654 2150,3655 2381,3654 2381,3654 2381,3624 2383,3622 2383,3620 2386,3617 2388,3617 2389,3616 2394,3616 2396,3614 2403,3614 2405,3616 2613,3616 2613,3615 2613,3612 2614,3612 2632,3612 2632,3612 2632,3647 2633,3648 2664,3648 2666,3650 2668,3650 2668,3650 2668,3651 2669,3652 2924,3651 2924,3651 2924,3615 2925,3614 2926,3614 2926,3614 2926,3613 2927,3612 2945,3612 2945,3613 2945,3650 2946,3650 3051,3650 3053,3648 3060,3648 3060,3648 3060,3649 3061,3650 3062,3650 3062,3650 3062,3654 3063,3655 3232,3655 3234,3653 3242,3653 3242,3653 3242,3655 3244,3657 3251,3657 3255,3661 3255,3668 3256,3669 3256,3676 3257,3677 3279,3676 3280,3677 3296,3677 3297,3678 3298,3678 3299,3679 3304,3679 3306,3682 3306,3684 3308,3686 3308,3696 3307,3697 3308,3703 3303,3707 3301,3707 3299,3709 3263,3710 3263,3710 3263,3728 3262,3729 3170,3729 3170,3729 3170,3730 3169,3731 3158,3731 3158,3730 3158,3729 3157,3729 3143,3729 3141,3727 3052,3727 3051,3726 2878,3726 2854,3726 2854,3727 2854,3729 2853,3729 2785,3730 2785,3730 2785,3767 2782,3770 2759,3770 2758,3769 2746,3769 2745,3767 2745,3727 2744,3727 2673,3727 2672,3726 2515,3726 2514,3727 2454,3727 2452,3729 2445,3729 2443,3727 2436,3727 2435,3726 2298,3727 2248,3727 2248,3727 2248,3769 2247,3770 2234,3770 2233,3771 2233,3770 2233,3727 2232,3727 2184,3727 2182,3729 2111,3729 2111,3730 2111,3731 2110,3731 2037,3731 2037,3732 2037,3773 2036,3773 2016,3773 2016,3773 2016,3740 2015,3739 2013,3739 2013,3739 2013,3732 2012,3731 1902,3732 1901,3733 1888,3733 1886,3731 1678,3731 1676,3733 1648,3733 1647,3734 1561,3734 1561,3735 1561,3739 1560,3739 1555,3739 1555,3739 1555,3735 1554,3734 1397,3735 1397,3735 1397,3737 1396,3738 1395,3738 1394,3739 1390,3739 1390,3739 1390,3775 1389,3776 1361,3776 1360,3777"/><TextEquiv><Unicode/></TextEquiv><TextEquiv index="1"><Unicode>choſes plaiſantes. On n'étoit point en-</Unicode></TextEquiv></TextLine><TextLine id="l24"><Coords points="1248,3928 1248,3927 1248,3891 1247,3891 1175,3891 1173,3893 1058,3893 1057,3892 1057,3889 1055,3887 1053,3887 1053,3887 1053,3885 1052,3884 1048,3884 1048,3884 1048,3883 1047,3882 1041,3882 1039,3880 991,3880 990,3879 984,3880 983,3878 983,3876 981,3874 981,3870 980,3870 978,3870 978,3869 978,3867 977,3867 976,3867 976,3866 976,3865 975,3865 974,3865 974,3864 974,3862 972,3860 972,3856 971,3855 971,3853 970,3853 969,3853 969,3852 969,3848 967,3846 967,3831 969,3829 969,3827 969,3827 970,3827 971,3826 971,3825 972,3824 972,3821 976,3817 976,3815 976,3815 978,3815 980,3813 982,3813 984,3811 984,3809 985,3808 989,3807 990,3807 990,3806 990,3805 1002,3805 1005,3808 1011,3808 1012,3809 1012,3810 1012,3810 1155,3810 1156,3810 1156,3779 1157,3777 1160,3777 1162,3779 1162,3808 1162,3808 1212,3808 1213,3809 1213,3810 1213,3810 1215,3810 1217,3811 1217,3812 1217,3813 1534,3812 1535,3812 1535,3780 1535,3779 1539,3779 1540,3779 1540,3778 1540,3777 1542,3777 1543,3776 1554,3776 1555,3775 1556,3776 1772,3776 1773,3775 1800,3775 1801,3774 1811,3774 1812,3775 1818,3775 1820,3777 1821,3777 1822,3777 1822,3816 1822,3817 1983,3816 1984,3815 2013,3815 2014,3815 2014,3785 2015,3784 2015,3776 2016,3775 2016,3774 2016,3773 2036,3773 2037,3774 2037,3813 2037,3813 2232,3813 2233,3812 2233,3771 2234,3770 2247,3770 2250,3772 2250,3773 2250,3774 2251,3774 2257,3779 2257,3783 2259,3785 2259,3788 2261,3790 2261,3794 2262,3795 2262,3799 2262,3800 2296,3800 2297,3800 2297,3804 2297,3805 2361,3805 2363,3806 2364,3806 2366,3808 2794,3808 2797,3805 2797,3791 2797,3791 2798,3791 2799,3790 2799,3776 2799,3776 2800,3776 2802,3774 2802,3772 2802,3772 2808,3772 2809,3772 2809,3773 2809,3774 2810,3774 2811,3774 2811,3780 2813,3782 2813,3808 2813,3809 3004,3808 3007,3806 3007,3799 3008,3798 3008,3791 3010,3789 3010,3786 3014,3782 3014,3780 3021,3772 3023,3772 3025,3770 3026,3770 3027,3769 3038,3769 3040,3767 3049,3767 3050,3767 3050,3768 3050,3769 3054,3769 3055,3769 3055,3773 3055,3774 3056,3774 3057,3774 3057,3807 3057,3808 3164,3808 3165,3808 3165,3809 3165,3810 3166,3810 3167,3810 3167,3811 3167,3812 3205,3812 3206,3811 3206,3795 3208,3793 3208,3789 3208,3789 3210,3789 3211,3788 3213,3788 3215,3786 3215,3777 3215,3777 3216,3777 3217,3776 3217,3774 3218,3773 3218,3769 3218,3769 3229,3769 3232,3771 3232,3773 3232,3774 3233,3774 3234,3774 3234,3778 3236,3781 3238,3781 3239,3781 3239,3785 3239,3786 3240,3786 3241,3786 3241,3787 3242,3788 3242,3795 3242,3796 3243,3796 3244,3796 3244,3821 3244,3822 3245,3822 3246,3822 3246,3823 3246,3824 3247,3824 3248,3824 3248,3826 3249,3827 3249,3834 3249,3835 3303,3834 3306,3837 3306,3839 3308,3841 3308,3849 3306,3851 3306,3860 3305,3860 3304,3860 3304,3861 3304,3862 3303,3862 3299,3862 3299,3863 3299,3865 3298,3865 3254,3866 3254,3866 3254,3867 3253,3868 3253,3869 3252,3870 3251,3870 3251,3870 3251,3872 3248,3875 3246,3875 3246,3875 3246,3878 3245,3879 3242,3879 3241,3880 3241,3881 3240,3882 3093,3882 3093,3882 3093,3883 3092,3884 3081,3884 3079,3882 2878,3882 2878,3883 2878,3884 2877,3884 2854,3884 2852,3882 2850,3882 2849,3881 2627,3882 2627,3882 2627,3883 2626,3884 2534,3884 2532,3886 2531,3886 2529,3884 2416,3884 2371,3884 2369,3886 2366,3886 2365,3885 2362,3885 2362,3885 2362,3884 2361,3884 2359,3884 2357,3882 2162,3882 2162,3882 2162,3888 2161,3889 2161,3893 2160,3894 2158,3894 2157,3895 2157,3898 2156,3899 2154,3899 2154,3899 2154,3900 2153,3901 2152,3901 2152,3901 2152,3902 2151,3903 2139,3903 2138,3901 2138,3889 2137,3889 1965,3889 1965,3890 1965,3892 1963,3893 1962,3893 1959,3890 1959,3889 1958,3888 1652,3889 1650,3891 1602,3891 1599,3894 1530,3894 1528,3892 1528,3889 1527,3888 1286,3889 1284,3891 1251,3891 1251,3891 1251,3927 1250,3928"/><TextEquiv><Unicode/></TextEquiv><TextEquiv index="1"><Unicode>core couché. Je vis, à travers les fenê-</Unicode></TextEquiv></TextLine><TextLine id="l25"><Coords points="2534,4089 2532,4088 2532,4084 2532,4083 2507,4083 2506,4082 2363,4082 2362,4082 2362,4044 2362,4044 2303,4044 2301,4042 2091,4042 2090,4043 2090,4083 2090,4083 2084,4083 2083,4083 2083,4043 2083,4042 2053,4042 2052,4043 2052,4046 2052,4046 2045,4046 2044,4046 2044,4045 2044,4044 2024,4044 2023,4043 1694,4044 1693,4044 1693,4085 1693,4086 1675,4086 1674,4086 1674,4052 1674,4051 1398,4052 1397,4052 1397,4065 1397,4066 1396,4066 1395,4066 1395,4084 1393,4087 1378,4087 1376,4089 1363,4089 1361,4087 1359,4087 1357,4085 1355,4085 1354,4084 1354,4046 1354,4046 1128,4046 1127,4047 1127,4083 1127,4083 1109,4083 1108,4082 1008,4082 1007,4082 1007,4036 1007,4035 1003,4035 1002,4034 975,4035 972,4032 972,4027 971,4026 971,4024 969,4022 969,3982 969,3982 968,3982 967,3981 967,3980 964,3977 964,3975 964,3975 963,3975 962,3974 962,3967 964,3966 966,3966 967,3964 967,3960 971,3956 971,3954 972,3954 1008,3953 1008,3953 1008,3949 1010,3947 1031,3947 1032,3946 1215,3946 1215,3946 1215,3935 1216,3934 1218,3934 1220,3931 1220,3930 1220,3930 1234,3930 1238,3933 1247,3933 1247,3932 1247,3928 1247,3928 1250,3928 1251,3928 1251,3932 1252,3933 1590,3932 1592,3930 1596,3930 1597,3929 1611,3929 1612,3930 1616,3930 1617,3931 1617,3932 1617,3932 1620,3932 1621,3933 1621,3934 1625,3937 1626,3937 1626,3938 1626,3968 1627,3968 1751,3968 1753,3970 2035,3969 2036,3968 2078,3968 2078,3968 2078,3932 2082,3927 2252,3927 2254,3929 2256,3929 2257,3929 2257,3930 2257,3931 2597,3930 2599,3928 2599,3927 2599,3927 2600,3927 2601,3926 2601,3925 2601,3925 2603,3925 2605,3923 2741,3923 2746,3918 2763,3918 2765,3920 2767,3920 2768,3920 2768,3921 2769,3922 2769,3923 2771,3925 2771,3934 2773,3936 2773,3961 2774,3962 3084,3961 3084,3960 3084,3925 3084,3925 3129,3925 3131,3927 3150,3927 3153,3929 3153,3931 3154,3932 3155,3932 3155,3932 3155,3933 3156,3934 3159,3937 3160,3937 3160,3937 3160,3940 3161,3941 3162,3941 3163,3942 3163,3951 3165,3953 3165,3958 3167,3960 3168,3960 3168,3960 3168,3961 3170,3963 3173,3963 3174,3964 3174,3965 3175,3966 3175,3967 3176,3968 3232,3968 3232,3968 3232,3969 3233,3970 3234,3970 3234,3970 3234,3971 3235,3972 3239,3972 3240,3973 3242,3973 3242,3973 3242,3975 3243,3976 3244,3977 3246,3977 3246,3977 3246,3979 3249,3982 3249,3986 3250,3987 3251,3987 3251,3987 3251,3989 3252,3990 3306,3989 3306,3990 3306,3992 3308,3994 3308,3997 3310,3999 3310,4009 3310,4009 3309,4009 3308,4010 3308,4014 3304,4018 3304,4020 3304,4020 3299,4020 3298,4021 3295,4021 3294,4022 3254,4023 3253,4023 3253,4030 3248,4035 3248,4037 3247,4039 3242,4039 3241,4040 3239,4040 3237,4042 3202,4042 3201,4042 3201,4065 3201,4066 3199,4066 3192,4073 3188,4073 3187,4072 3187,4042 3187,4042 3180,4042 3178,4040 3169,4040 3168,4039 3087,4039 3086,4038 3086,4037 3086,4037 2834,4037 2833,4038 2833,4040 2833,4040 2826,4040 2825,4041 2755,4042 2754,4042 2754,4058 2752,4060 2752,4065 2751,4066 2751,4068 2749,4071 2583,4071 2582,4072 2582,4082 2582,4082 2580,4082 2579,4083 2579,4089 2579,4089"/><TextEquiv><Unicode/></TextEquiv><TextEquiv index="1"><Unicode>tres de pluſieurs cellules, pluſieurs Re-</Unicode></TextEquiv></TextLine><TextLine id="l26"><Coords points="1596,4242 1596,4242 1596,4200 1595,4199 1576,4199 1576,4200 1576,4238 1573,4240 1538,4240 1538,4240 1538,4203 1537,4202 1528,4202 1527,4201 1230,4202 1230,4202 1230,4208 1229,4209 1095,4209 1095,4210 1095,4218 1093,4220 1093,4226 1092,4226 1091,4226 1091,4227 1091,4228 1090,4228 1089,4228 1089,4229 1089,4230 1087,4231 1086,4231 1086,4232 1086,4233 1085,4233 1084,4233 1084,4234 1084,4235 1083,4235 1074,4235 1073,4236 1057,4236 1056,4235 1054,4235 1052,4233 1047,4233 1044,4230 1040,4230 1036,4226 1036,4224 1034,4222 1034,4219 1033,4218 1033,4216 1031,4214 1031,4208 1030,4207 1017,4207 1017,4207 1017,4203 1016,4202 1014,4202 1010,4198 1010,4193 1009,4192 1007,4192 1007,4192 1007,4191 1006,4190 1005,4190 1005,4190 1005,4189 1004,4188 992,4188 991,4187 967,4188 965,4185 964,4109 964,4109 948,4109 947,4108 947,4106 948,4106 969,4106 969,4105 969,4080 974,4076 987,4076 990,4079 990,4082 991,4082 1024,4082 1025,4083 1128,4083 1129,4085 1129,4125 1130,4125 1284,4125 1284,4124 1284,4116 1285,4115 1285,4111 1286,4111 1287,4111 1287,4110 1287,4099 1288,4099 1289,4099 1289,4098 1289,4097 1290,4097 1292,4097 1292,4096 1292,4094 1297,4089 1297,4087 1298,4087 1302,4087 1304,4085 1306,4085 1306,4084 1306,4082 1307,4082 1320,4082 1321,4083 1331,4083 1334,4086 1334,4088 1336,4090 1337,4090 1337,4090 1337,4124 1338,4125 1354,4125 1355,4126 1357,4126 1359,4128 1421,4128 1422,4129 1672,4128 1672,4128 1672,4088 1673,4087 1674,4087 1675,4086 1800,4086 1803,4083 1828,4083 1829,4084 2381,4082 2382,4083 2579,4083 2580,4082 2582,4082 2583,4083 2587,4083 2587,4084 2587,4121 2588,4121 2749,4121 2751,4118 2751,4116 2752,4116 2756,4116 2756,4115 2756,4114 2757,4114 2764,4114 2764,4114 2764,4118 2766,4120 3210,4119 3210,4118 3210,4116 3213,4113 3213,4099 3214,4099 3215,4099 3215,4098 3215,4092 3217,4090 3217,4087 3218,4086 3218,4084 3220,4083 3222,4083 3227,4078 3229,4078 3229,4077 3229,4075 3230,4075 3234,4075 3234,4075 3234,4079 3235,4080 3261,4080 3263,4082 3263,4084 3264,4085 3265,4085 3265,4085 3265,4124 3266,4125 3282,4124 3283,4125 3292,4125 3293,4126 3295,4126 3297,4128 3302,4128 3304,4131 3304,4133 3305,4133 3306,4133 3306,4134 3306,4135 3307,4135 3308,4135 3308,4136 3308,4138 3310,4140 3310,4144 3311,4145 3312,4175 3313,4176 3313,4188 3310,4190 3308,4190 3306,4192 3304,4192 3304,4193 3304,4195 3303,4195 3298,4195 3296,4197 3294,4197 3292,4199 3283,4199 3282,4198 3269,4199 3267,4197 3265,4197 3265,4196 3265,4195 3264,4195 2885,4195 2885,4196 2885,4233 2884,4233 2883,4233 2883,4234 2883,4235 2882,4235 2869,4235 2868,4236 2849,4236 2848,4235 2847,4235 2847,4235 2847,4197 2846,4196 2659,4197 2659,4197 2659,4203 2658,4204 2653,4204 2653,4203 2653,4197 2652,4197 2632,4197 2632,4196 2632,4195 2631,4195 2376,4195 2376,4196 2376,4200 2375,4200 2372,4200 2372,4200 2372,4199 2371,4198 2299,4199 2297,4197 2099,4197 2097,4199 2027,4199 2025,4197 1864,4198 1863,4199 1860,4199 1859,4200 1857,4200 1855,4202 1836,4202 1834,4200 1832,4200 1831,4199 1603,4199 1603,4200 1603,4241 1602,4241 1599,4241 1598,4242"/><TextEquiv><Unicode/></TextEquiv><TextEquiv index="1"><Unicode>ligieuſes qui ſe déshabilloient pour ſe</Unicode></TextEquiv></TextLine><TextLine id="l27"><Coords points="1930,4398 1928,4396 1912,4396 1911,4396 1911,4359 1910,4358 1857,4359 1856,4357 1856,4355 1855,4355 1686,4355 1686,4355 1686,4357 1684,4359 1680,4359 1678,4357 1468,4357 1468,4358 1468,4365 1467,4365 1462,4365 1461,4364 1461,4357 1460,4356 1323,4357 1323,4357 1323,4366 1322,4367 1315,4367 1315,4366 1315,4364 1314,4364 1246,4364 1246,4363 1246,4357 1245,4357 1182,4357 1182,4357 1182,4354 1181,4353 1029,4353 1029,4354 1029,4362 1028,4362 1017,4362 1017,4362 1017,4361 1016,4360 1015,4360 1015,4360 1015,4358 1014,4357 1014,4348 1013,4347 1004,4347 1001,4344 964,4345 964,4344 964,4340 962,4338 962,4298 961,4298 959,4298 959,4297 959,4293 964,4288 964,4276 966,4274 968,4274 970,4272 971,4273 994,4272 995,4273 1002,4273 1003,4274 1176,4274 1177,4275 1177,4276 1177,4276 1178,4276 1179,4277 1179,4281 1179,4281 1234,4281 1236,4283 1238,4283 1239,4282 1239,4261 1240,4260 1242,4261 1242,4282 1242,4283 1424,4283 1425,4284 1546,4283 1547,4283 1547,4255 1548,4254 1548,4247 1549,4245 1589,4245 1590,4245 1590,4244 1591,4242 1598,4242 1599,4241 1603,4241 1604,4242 1608,4242 1609,4243 1609,4245 1610,4246 1610,4279 1610,4279 1643,4279 1645,4281 1759,4281 1760,4280 1760,4245 1760,4245 1761,4245 1762,4244 1762,4243 1763,4242 1778,4242 1779,4243 1831,4243 1832,4243 1832,4244 1832,4245 1840,4245 1841,4245 1841,4246 1841,4247 1842,4247 1843,4247 1843,4248 1844,4250 1846,4250 1848,4251 1848,4253 1849,4254 1849,4280 1849,4281 1879,4281 1881,4283 1883,4283 1884,4284 2025,4283 2027,4281 2042,4281 2044,4283 2168,4283 2170,4281 2256,4281 2258,4279 2297,4279 2298,4278 2318,4278 2319,4279 2366,4278 2367,4279 2504,4279 2505,4279 2505,4243 2505,4242 2506,4242 2508,4240 2509,4240 2510,4240 2510,4239 2512,4236 2522,4236 2525,4239 2525,4258 2527,4260 2527,4276 2527,4276 2655,4276 2656,4276 2656,4277 2656,4278 2799,4278 2801,4276 2806,4276 2807,4275 2807,4242 2807,4242 2813,4242 2814,4241 2814,4240 2814,4240 2823,4239 2825,4241 2825,4242 2825,4242 2829,4242 2830,4243 2830,4254 2831,4255 2831,4276 2831,4276 2887,4276 2889,4278 3081,4278 3082,4277 3082,4242 3082,4242 3084,4242 3086,4240 3104,4240 3105,4240 3105,4275 3105,4276 3260,4276 3262,4278 3264,4278 3265,4279 3267,4279 3268,4279 3268,4280 3268,4281 3269,4281 3270,4281 3270,4303 3270,4304 3308,4303 3311,4306 3311,4317 3310,4318 3310,4323 3308,4325 3308,4326 3307,4326 3304,4326 3304,4327 3304,4328 3303,4329 3303,4334 3302,4334 3255,4335 3255,4335 3255,4350 3253,4352 3248,4352 3247,4353 3241,4353 3240,4352 3224,4352 3222,4350 3169,4350 3167,4348 3108,4348 3108,4348 3108,4391 3108,4392 3092,4392 3091,4391 3091,4348 3090,4348 2895,4348 2895,4349 2895,4350 2894,4350 2887,4350 2885,4352 2877,4352 2875,4350 2825,4350 2824,4349 2816,4350 2816,4349 2816,4348 2815,4348 2694,4348 2694,4348 2694,4349 2693,4350 2580,4350 2580,4351 2580,4352 2579,4352 2571,4352 2570,4351 2524,4351 2456,4351 2455,4352 2447,4352 2445,4350 2367,4350 2366,4349 2247,4350 2247,4350 2247,4374 2245,4376 2245,4387 2244,4388 2243,4388 2242,4389 2241,4389 2240,4387 2240,4386 2239,4386 2218,4386 2217,4384 2217,4355 2216,4355 2039,4355 2039,4356 2039,4358 2037,4359 2030,4359 2030,4360 2030,4395 2030,4395 2010,4395 2009,4396 1949,4396 1947,4398"/><TextEquiv><Unicode/></TextEquiv><TextEquiv index="1"><Unicode>mettre au lit. J'apperçus alors des char-</Unicode></TextEquiv></TextLine><TextLine id="l28"><Coords points="1316,4553 1315,4552 1315,4551 1315,4551 1256,4551 1253,4548 1253,4546 1253,4546 1252,4546 1251,4545 1251,4537 1251,4537 1228,4537 1225,4534 1225,4524 1223,4522 1013,4522 1012,4522 1012,4509 1012,4508 1010,4508 1009,4508 1009,4497 1009,4496 1001,4496 1000,4495 980,4496 979,4495 979,4494 979,4494 966,4494 965,4493 965,4439 964,4438 962,4438 960,4436 960,4430 964,4427 969,4427 974,4422 976,4422 976,4421 976,4417 977,4417 989,4416 989,4416 989,4394 991,4392 992,4392 995,4396 995,4398 996,4398 1332,4398 1332,4398 1332,4400 1333,4401 1562,4400 1564,4403 1564,4405 1565,4405 1566,4405 1566,4406 1566,4415 1567,4415 2451,4413 2451,4413 2451,4398 2453,4396 2457,4396 2458,4395 2819,4395 2821,4393 2824,4392 2825,4391 2835,4391 2836,4392 3108,4392 3109,4393 3110,4393 3110,4393 3110,4409 3111,4410 3130,4410 3132,4412 3137,4412 3138,4413 3138,4418 3139,4419 3143,4419 3143,4419 3143,4426 3144,4427 3283,4426 3284,4427 3292,4427 3292,4428 3292,4437 3294,4438 3308,4438 3308,4439 3308,4443 3310,4445 3310,4504 3309,4505 3305,4505 3304,4506 3301,4506 3299,4508 3285,4508 3283,4506 2139,4509 2136,4512 2041,4512 2040,4513 2016,4513 2015,4514 2015,4516 2014,4517 1787,4518 1786,4518 1786,4521 1786,4522 1785,4522 1782,4524 1782,4531 1781,4532 1781,4536 1781,4537 1779,4537 1777,4538 1777,4542 1777,4543 1775,4543 1774,4544 1773,4544 1772,4544 1772,4547 1772,4548 1319,4549 1318,4549 1319,4550 1717,4549 1717,4549 1717,4550 1717,4551 1319,4552 1318,4553"/><TextEquiv><Unicode/></TextEquiv><TextEquiv index="1"><Unicode>mes que des yeux mortels ne devoient</Unicode></TextEquiv></TextLine><TextLine id="l29"><Coords points="1646,4716 1646,4716 1646,4714 1645,4713 1612,4713 1612,4713 1612,4685 1611,4684 1535,4684 1535,4684 1535,4680 1534,4679 1275,4680 1275,4680 1275,4681 1274,4682 1021,4682 1021,4683 1021,4703 1020,4703 999,4703 999,4703 999,4701 998,4700 964,4701 964,4700 964,4696 963,4696 961,4696 960,4694 959,4613 959,4613 958,4613 957,4612 957,4608 957,4608 956,4608 955,4607 955,4598 956,4598 959,4598 959,4597 959,4582 960,4582 962,4582 962,4581 962,4579 963,4579 965,4579 967,4577 969,4577 969,4576 969,4567 970,4567 974,4567 974,4566 974,4565 975,4565 976,4565 976,4564 976,4556 977,4556 988,4555 988,4555 988,4546 989,4545 992,4545 993,4546 995,4546 995,4547 995,4548 996,4548 998,4548 998,4549 998,4554 1000,4555 1002,4555 1003,4556 1048,4556 1048,4557 1048,4561 1049,4561 1278,4561 1278,4560 1278,4555 1280,4554 1284,4554 1285,4555 1285,4562 1286,4563 1321,4563 1322,4564 1322,4567 1323,4568 1323,4569 1324,4570 1369,4570 1370,4571 1370,4585 1372,4587 1450,4586 1450,4587 1450,4589 1451,4589 1703,4589 1703,4588 1703,4557 1705,4556 1707,4556 1708,4555 1717,4555 1718,4556 1720,4556 1722,4558 1722,4591 1723,4592 1961,4591 1961,4591 1961,4575 1963,4573 1963,4566 1966,4563 1966,4561 1967,4560 1968,4560 1968,4560 1968,4559 1969,4558 1971,4558 1972,4557 1972,4556 1973,4555 1981,4555 1983,4553 1997,4553 1999,4555 2004,4555 2009,4560 2011,4560 2011,4561 2011,4566 2013,4568 2013,4587 2014,4587 2348,4587 2348,4586 2348,4551 2349,4551 2358,4551 2360,4549 2362,4549 2363,4548 2365,4547 2367,4545 2368,4546 2369,4546 2369,4547 2369,4549 2372,4552 2372,4580 2373,4580 2568,4580 2568,4581 2568,4583 2571,4585 2588,4585 2589,4586 2818,4586 2818,4585 2818,4584 2819,4584 2904,4583 2904,4583 2904,4552 2907,4549 3052,4549 3053,4548 3055,4548 3055,4547 3055,4546 3058,4544 3086,4544 3086,4544 3086,4545 3090,4549 3244,4549 3244,4549 3244,4552 3245,4553 3246,4553 3246,4553 3246,4590 3247,4591 3283,4590 3284,4591 3296,4591 3297,4592 3311,4592 3311,4593 3311,4594 3312,4594 3313,4594 3313,4595 3314,4634 3315,4635 3315,4637 3316,4638 3316,4643 3318,4645 3318,4646 3318,4646 3321,4646 3322,4647 3322,4650 3318,4653 3313,4653 3312,4654 3308,4654 3308,4655 3308,4656 3307,4656 3305,4656 3303,4658 3301,4658 3299,4660 3297,4660 3296,4661 3291,4661 3289,4663 3284,4663 3283,4662 3045,4663 3045,4664 3045,4702 3044,4702 3026,4702 3026,4702 3026,4662 3025,4661 2739,4662 2739,4662 2739,4685 2737,4687 2735,4687 2735,4687 2735,4689 2733,4691 2733,4693 2732,4694 2729,4697 2725,4697 2725,4697 2725,4698 2724,4699 2723,4699 2723,4699 2723,4701 2721,4703 2714,4703 2713,4704 2704,4704 2703,4703 2693,4703 2691,4701 2680,4701 2680,4700 2680,4699 2679,4699 2675,4699 2673,4697 2671,4697 2670,4696 2669,4696 2668,4694 2668,4689 2666,4687 2666,4684 2665,4684 2326,4685 2326,4685 2326,4705 2325,4706 2305,4706 2304,4707 2125,4707 2125,4708 2125,4709 2124,4709 2116,4709 2116,4709 2116,4690 2115,4689 1789,4690 1789,4690 1789,4693 1788,4694 1688,4694 1688,4694 1688,4715 1687,4716"/><TextEquiv><Unicode/></TextEquiv><TextEquiv index="1"><Unicode>pas contempler, &amp; que les regards ſeuls</Unicode></TextEquiv></TextLine><TextLine id="l30"><Coords points="2719,4888 2715,4884 2715,4844 2714,4844 2596,4844 2596,4844 2596,4863 2596,4864 1964,4865 1963,4866 1751,4867 1750,4867 1750,4868 1750,4869 1748,4869 1746,4871 1718,4871 1717,4871 1717,4872 1717,4873 1710,4873 1707,4870 1707,4863 1707,4863 1219,4864 1218,4863 1218,4862 1217,4861 1215,4861 1213,4859 1207,4859 1206,4859 1206,4855 1204,4853 1204,4850 1203,4849 1203,4841 1202,4840 1127,4840 1127,4840 1127,4839 1126,4838 1125,4838 1125,4838 1125,4831 1125,4830 1202,4830 1203,4830 1203,4829 1202,4828 1021,4828 1019,4826 1019,4818 1018,4817 988,4817 988,4817 988,4815 985,4813 980,4813 978,4811 976,4811 976,4810 976,4809 975,4809 972,4809 972,4808 972,4806 971,4806 969,4806 969,4805 969,4804 968,4804 964,4804 964,4803 964,4799 963,4799 962,4799 962,4798 962,4797 961,4797 960,4797 960,4796 960,4783 959,4783 953,4783 953,4782 953,4763 952,4762 952,4754 954,4752 956,4752 957,4751 957,4728 957,4728 987,4728 988,4727 988,4711 988,4710 995,4710 996,4710 996,4706 998,4703 1020,4703 1021,4704 1021,4708 1021,4708 1322,4708 1323,4709 1450,4708 1451,4709 1456,4709 1457,4710 2284,4709 2285,4708 2285,4707 2285,4707 2853,4705 2854,4705 2854,4704 2855,4702 3045,4702 3046,4703 3046,4704 3046,4704 3234,4704 3236,4705 3236,4708 3237,4709 3237,4741 3237,4742 3283,4741 3284,4742 3288,4742 3289,4743 3289,4744 3289,4744 3295,4744 3298,4747 3300,4747 3301,4748 3301,4751 3301,4751 3305,4751 3306,4752 3308,4752 3315,4759 3317,4759 3318,4760 3318,4764 3320,4766 3320,4807 3318,4809 3318,4816 3315,4819 3315,4822 3313,4823 3311,4823 3311,4824 3311,4825 3310,4826 3310,4831 3309,4831 3295,4831 3294,4833 3294,4835 3293,4835 3292,4835 3292,4836 3292,4837 3291,4837 3167,4838 3167,4838 3167,4839 3166,4840 2751,4841 2751,4841 2751,4842 2749,4844 2727,4844 2727,4844 2727,4886 2726,4888"/><TextEquiv><Unicode/></TextEquiv><TextEquiv index="1"><Unicode>du céleſte époux étoient en droit de</Unicode></TextEquiv></TextLine><TextEquiv><Unicode/></TextEquiv></TextRegion></Page></PcGts>