4266 6032
945 180 3334 383 regarder du Trône des Cieux. J'en re-
952 365 3335 533 marquai une très-jolie, qui cherchoit
955 523 3339 696 ſes puces, puiſqu'il faut le dire familie-
950 675 3337 851 rement. Je m'amuſai quelques momens
914 838 3334 1005 à jouir de cette vue, quoique je me re-
955 990 3338 1165 prochaſſe intérieurement cette eſpece de
964 1148 3341 1312 trahiſon; car enfin la jeune Sœur ne
959 1301 3330 1475 ſoupçonnoit pas qu'elle eût un témoin.
955 1461 3339 1629 Je fus puni, un inſtant après, de mon
964 1614 3339 1778 indiſcrete curioſité; car j'apperçus, à tra-
960 1772 3346 1940 vers les vitres d'une autre cellule, une
960 1928 3339 2089 vieille Mere dans la même recherche
967 2078 3344 2266 que la jeune; ce qui me préſenta le plus
965 2238 3344 2403 hideux coup - d'œil, & me fit reculer
969 2393 3332 2555 d'horreur. Je retournai vers la jolie cher-
971 2548 3342 2713 cheuſe; j'étois même tenté de la ſur-
955 2702 3344 2878 prendre, car je voyois ſa fenêtre ou-
962 2857 3359 3024 verte; mais je ne pus me réſoudre à lui
971 3017 2644 3172 donner tant de confuſion.
991 3172 3359 3344 En rodant autour des fenêtres, à leur
964 3323 3352 3488 niveau, dans le cloître, j'apperçus ſur
964 3485 3359 3651 un balcon deux jeunes Penſionnaires
971 3641 3354 3810 qui prenoient le frais, & qui parurent
972 3801 3356 3964 m'avoir apperçu. Je le jugeai, aux pro-
971 3950 3341 4137 pos que je leur entendis tenir. „Ah!
971 4114 3359 4272 “vois-tu, s'écria l'une des deux, cette
976 4266 3354 4428 “grande boule bleuâtre? On diroit que
977 4417 3358 4587 “c'eſt la Lune qui eſt deſcendue du
965 4579 3359 4743 “Ciel. -- Oui, ſûrement, répondit l'au-
957 4733 3359 4909 “tre, ce ne peut ête que la Lune, ou
