4266 6032
964 175 3334 371 “peut-être la Planete de Vénus; je
931 344 3332 515 “tremble, Mademoiſelle, ſauvons-
971 505 3328 680 “nous. N'appercevez-vous pas quel-
977 658 3320 837 “que choſe ſuſpendue à la Planete?
976 814 3313 979 “-- Mon dieu, oui, ma chere amie,
950 971 3334 1150 “reprit la premiere; je tremble, ſau-
977 1132 3310 1301 “vons-nous: elle approche. Mon Jé-
979 1284 3315 1454 “ſus! ayez pitié de nous“. Voyant
929 1442 3313 1610 que j'étois apperçu, je voulus profiter
981 1598 3311 1768 de la circonſtance; & pour raſſurer mes
979 1753 3308 1911 deux craintives colombes: „Ne crai-
977 1908 3310 2071 “gnez rien, leur dis-je, mes chers en-
959 2066 3306 2233 “fans; je ne viens point du Ciel pour
977 2220 3310 2389 “vous faire aucun mal. -- O mon
977 2370 3301 2532 “Dieu! s'écrierent les deux belles, il
974 2516 3296 2689 vient du Ciel!“ Elles tomberent ſur
941 2679 3294 2852 leurs genoux. J'approchai de leur bal-
972 2842 3316 3003 con, j'y attachai mon globe; & j'entrai,
969 2997 3318 3160 par la fenêtre, chez ces deux jeunes
955 3148 3296 3321 perſonnes. Elles ſe proſternerent la face
940 3308 3291 3468 contre terre. „Relevez-vous, leur dis-
965 3460 3285 3626 je du ton le plus amical, mes cheres
962 3614 3298 3784 “ierges; votre innocence vous rend
962 3774 3296 3941 cheres au Ciel, & dignes des regards
959 3929 3285 4097 des eſprits céleſtes. Vous pouvez
957 4088 3285 4255 “avoir quelques fautes à vous repro-
959 4243 3291 4410 cher; car qui eſt parfait ſur la terre?
954 4395 3277 4565 “Jevousles dirai peut-être par la ſuite,
936 4535 3284 4722 & ce ne ſera que pour vous en an-
945 4707 3334 4917 noncer le pardon; mais pour le mo-
