4266 6032
921 186 3371 438 doux & honnête pour un Saint“!
898 354 3354 600 Je cus, pour m'amuſer, devoir entrer
886 527 3351 909 aeaunnccee eaae epourroirrtit
943 842 3337 1083 avec elles qu'un moment, parce que,
917 982 3330 1222 ne voulantpas qu'on s'apperçût au Cou-
931 1155 3324 1385 vent de mes promenades aériennes, je
928 1319 3293 1537 ne pouvois m'abſenter long-temps.
928 1465 3312 1698 „Mes cheres enfans, leurs dis-je, j'ai
957 1622 3308 1855 “voulu vous voir, je vous ai vues. Le
953 1782 3301 2010 “cours des lois éternelles me rappelle à
917 1932 3299 2165 “préſentau ſéjour céleſte. Je reviendrai
912 2096 3285 2321 vous voir demain, à peu près à la
916 2243 3288 2475 “mêmeheure. Qu'aucun indiſcret té-
907 2403 3279 2633 “moin ne trouble l'auguſte faveur que
904 2579 3278 2786 “vous recevez des Cieux. Sur-toutren-
904 2706 3263 2924 “fermez dans votre cœur le ſecret de
897 2869 3265 3088 “cette faveur unique. Le moindre mot
890 3021 3258 3245 échappé vous la feroit perdre. Vous
883 3177 3249 3380 m'êtes cheres, jeunes Beautés. Je
883 3330 3241 3549 vous quitte à regret, & vous me re-
883 3502 3237 3728 errez, ſivous êtes diſcretes. Rentrez,
883 3656 3230 3872 pour le moment, dans votre apparte-
883 3810 3230 4031 ment, & ne paroiſſez plus ſur le bal-
883 3955 3224 4181 con“. A ces mots, les deux inno-
883 4107 3218 4338 entes baiſerent humbiement ie bas de
883 4276 3258 4522 atobe; je remontai dans ma nacelle,
883 4422 2611 4639 ie m'élançai dans l'air.
883 4586 3220 4834 m'apperçus que le joli couple,
1370 4770 3218 4988 ent à mes ordres, ne repa-
892 4843 1507 5065 ton .
2407 5017 2850 5112 L
