4266 6032
957 267 3360 463 roiſſoitpas en effet ſur le balcon, quoique
969 443 3351 610 la fenêtre reſtât ouverte. Je rédeſcendis,
938 597 3342 782 & je m'arrêtai proche de cette fenêtre,
950 757 3349 943 pour entendre jaſer les deux cheres ſé-
955 907 3346 1092 melles. „Il eſt ſûr, Mademoiſelle Laure,
943 1072 3347 1249 “diſoit la Femme de chambre, que
969 1229 3349 1404 “vous recevez là, du Ciel, une des fa-
965 1385 3348 1561 “veurs les plus ſignalées. Sacriſiée, par
953 1542 3337 1724 “vos parens, à un aîné qu'ils veulent
948 1698 3341 1878 “enrichir, vous trouvez dans les
964 1853 3340 2040 “Cieux un Protecteur qui va travailler
962 2006 3340 2176 “à votre bonheur; car enfin, l'air de
986 2168 3339 2351 “bonté & d'affection que nous avons
990 2321 3334 2502 “vutranſpirer dans ſes regardscéleſtes,
998 2477 3337 2647 “annonce tout l'intérêt dont il vous
940 2630 3337 2819 “honore. Et qui ſait ſi, par ſa faveur,
990 2788 3339 2972 “vous ne pourrez pas épouſer le jeune
947 2950 3339 3137 “Chevalier de Foudras, que vos pa-
950 3113 3335 3287 “rens vous refuſent, & que vous avez
1008 3255 3339 3451 “paru trouver d'une figure aſſez reve-
953 3399 3342 3587 “nante? -- Ah! Barbe, que dis-tu?
962 3564 3339 3763 “répondit Laure: à préſent qu'eſt-ce
955 3707 3342 3917 “que tous les hommes à mes yeux?
1008 3861 3341 4069 “Que ſont - ils auprès de S. Brunol
2398 4027 3339 4202 omnante! quelle
947 4043 2401 4235 “Quelle jeuneſſe fay
967 4178 3347 4385 “fraîcheur aérienne! Avoue que c'eſt
952 4334 3346 4544 “là un perſonnage vraiment céleſte; &
1015 4498 3351 4708 “qu'une jeune élue qui a eu le privi-
950 4653 3347 4874 “lége de le voir, ne peut plus goûter
945 4809 3346 5022 “les ignobles mortels;Mais enſi,
