4266 6032
979 194 3385 383 craignoit de reſſentir l'effet de nos dé-
987 355 3359 536 réglemens mutuels, dont je ne ſuis peut-
990 515 3358 690 être pas convenu juſqu'ici bien décidé-
994 669 3358 843 ment. Elle paroiſſoit en porter des mar-
1002 816 3377 1019 ques; & quel embarras dans la ſitua-
958 979 3359 1150 uon où nous étions! Jamais Chartreux,
1001 1136 3365 1309 ſans doute, ne s'eſt trouvé dans l'état du
996 1284 3359 1461 novice Artémiſe. Il falloit ſonger à quit-
995 1449 3363 1613 ter ce Couvent, avant qu'elle mît au
1003 1603 3366 1792 monde un fruit infortuné du crime, ou
1008 1769 2816 1928 du moins de l'égarement.
986 1910 3371 2081 Le lendemain, malgré mes nobles
1007 2059 3365 2238 remords, je ne pus réſiſter au déſir d'al-
1002 2221 3368 2393 ler voir la petite Laure. Je m'y rendis
921 2377 3359 2548 à peu près à la même heure que la veille.
988 2530 3385 2695 Je trouvai mes deux Beautés ſur leur
948 2686 3370 2855 balcon. Elles paroiſſoient m'attendre
916 2841 3370 3012 avec impatience: elles me reçurent à
995 2995 3373 3320 u cduea e en heiſe aileeeeevoou
1000 3308 3371 3475 “ma chere Laure, & vous, Barbe, fai-
965 3459 3370 3628 “tes comme votre Maîtreſſe, je l'exige
983 3621 3371 3783 “abſolument. Renfermez dans votre
993 3769 3366 3944 “cœur le reſpect que vous paroiſſez
914 3929 3370 4092 “m'accorder: converſez avec moi
881 4084 3366 4253 “comme avec un mortel, un ami, qui
995 4240 3365 4415 “vient ici pour vous ſecourir, pour
948 4395 3361 4565 adoucir votre ſort, pour vous ſauver
880 4549 3385 4720 umalheur d'être ſacrifiée à la fortune
878 4707 3356 4924 e votre frere, & vous donner un
2458 4854 3324 5014 D
