4266 6032
940 213 3329 398 “homme ſelon votre cœur. Je ne ſais
947 382 3331 572 “pas trop ſi le Chevalier de Foudras
948 537 3325 718 “vous convient; quoi qu'il en ſoit,
947 697 3334 881 “oubliez les relations que je puis avoir
953 854 3338 1031 “avec un ſéjour ſupérieur; &, encore
955 1010 3334 1190 “une fois, parlez-moi comme à un
947 1161 3335 1334 “ami. Vous me prenez pour Saint
960 1325 3360 1510 “Bruno; mon habit, & l'avantage que
955 1474 3334 1661 “je parois avoir de venir du Ciel, vous
974 1631 3335 1802 “donnent cette idée. Je ne nie point,
972 1787 3334 1972 “je n'aſſure point la vérité de cette
960 1947 3335 2127 “conjecture; mais pourquoi, mes en-
967 2104 3342 2278 “fans, ne me prendriez-vous pas pour
971 2249 3346 2438 “un mortel? -- Bienheureux habitant
965 2408 3349 2586 “du Ciel, répondit Laure, eh! com-
965 2553 3346 2747 “ment pouvons-nous vous prendre
957 2728 3346 2908 “pour un mortel, quand nous voyons
967 2861 3344 3062 “que vous ſavez nos noms, nos deſti-
990 3022 3342 3204 “nées, & tout ce qui nous regarde,
967 3167 3346 3368 “ſans que perſonne vous en ait inſtruit?
971 3327 3354 3525 “Quel mortel peut avoir le don de
965 3481 3346 3678 “deviner ſi parfaitement? -- Quoi
981 3641 3354 3843 “qu'il en ſoit, ma belle enfant, lui dis-
983 3798 3359 3998 “je en lui ſerrant la main, regardez-
988 3975 3359 4148 “moi comme votre ami. Pour que vous
976 4106 3359 4311 “puiſſiez vous prêter mieux à l'illu-
969 4269 3359 4465 “ſion, je daignerai paroître à vos yeux
948 4413 3359 4622 “ſous un coſtume moins ſacré. Je me
929 4564 3359 4776 “permettrai même de vous faire d'in
957 4706 3359 4936 “nocentes careſſes, comme un pere
