4266 6032
922 251 3342 448 J'étois à ſon égard réſervé comme j'au-
933 434 2257 591 rois dû toujours être.
933 566 3322 750 Quand j'arrivai, mes deux Beautés
924 733 3346 904 m'attendoient. Je ne puis exprimer la
931 876 3346 1065 douce ſurpriſe qui ſe peignit dans les
931 1046 3311 1219 yeux de Laure, quand elle m'apperçut
933 1203 3342 1374 en Militaire. Elle me reconnut du pre-
940 1361 3339 1537 mier coup-d'œil, & ſe jeta dans mes
903 1516 3315 1691 bras avec un empreſſement qui m'annon-
940 1667 3316 1843 çoit qu'elle ne voyoit plus dans moi le
941 1825 3323 2001 Saint, & que j'avois choiſi le vrai moyen
935 1982 3347 2311 eee e enll m e iſoit, je avone,la
940 2284 3340 2471 plus forte impreſſion; &, ſous mon habit
941 2444 3346 2625 de Cavalier, j'oubliois moi-même au-
938 2603 3203 2780 près d'elle que j'étois Chartreux.
1053 2766 3342 2934 J'invitai Laure à monter dans ma na-
903 2909 3323 3094 celle; je la vis d'abord trembler & fré-
940 3067 3346 3249 mir de la propoſition; je la ſerrai dans
921 3224 3342 3398 mes bras: „Ma chere Laure, lui dis-je,
940 3364 3323 3585 “peux-tu craindre quelque choſe au-
926 3539 3351 3719 “près de moi“? J'achevai, par mes ten-
943 3683 3354 3872 des careſſes, de la raſſurer. Je la po-
945 3844 3323 4028 ſai doucement dans ma chaloupe aé-
942 3992 3358 4177 rienne. Barbe reſtoit à genoux ſur le bal-
936 4152 3358 4342 con. „O bienheureux Saint! me diſoit-
947 4307 3359 4497 “elle, ramenez ma Maîtreſſe; Made-
945 4462 3359 4655 “moiſelle Laure, recommandez-moià
950 4614 3359 4812 “Dieu, à ſa ſainte Mere, & à tous les
947 4770 3359 4978 “les Saints; rapportez-moi une abſo-
