4266 6032
929 210 3342 380 mais il réſulta enfin de nos entretiens
914 380 3315 543 nocturnes, de nos voyages aériens, ce
943 536 3311 708 qu'on croira toujours, quand même je
941 690 3313 851 voudrois le nier. Je le confeſſe à ma con-
943 849 3342 1012 fuſion, ce fut à la face du Ciel, au mi-
943 1001 3315 1168 lieu de ſon immenſité, que je me rendis
948 1163 3320 1330 coupable envers une enfant innocente,
954 1325 3344 1483 dont je devins le ſéducteur par une cou-
952 1476 3337 1648 pable hypocriſie. O jeunes gens, après
955 1626 3342 1803 un pareil exemple, oſez-vous fier ſur
959 1796 1629 1952 vos forces!
984 1941 3335 2107 Ce qui me cauſoit le plus de re-
964 2099 3339 2267 mords, c'eſt que la jeune perſonne n'en
960 2256 3328 2422 éprouvoit aucun. Elle ne comptoit pas
960 2414 3342 2576 avoir commis l'ombre d'une faute, en
964 2568 3346 2733 ſe livrant à un Saint. Je pouvois la dé-
964 2723 3344 2891 tromper; mais c'étoit lui plonger le poi-
965 2878 3340 3053 gnard dans le cœur. Effrayé de ma faute,
926 3038 3342 3204 je me trouvai dans un grand embarras à
962 3190 3346 3364 ſon égard. D'un côté, je ſentois qu'il
964 3352 3353 3523 falloit la fuir, pour ne pas continuer une
909 3504 3356 3679 vie déréglée, qui pourroit être enfin de-
921 3662 3361 3834 voilée; de l'autre, je me reprochois d'a-
971 3817 3354 3993 bandonner une jeune perſonne quim'ai-
971 3978 3356 4153 moit, après avoir aſſouvi ma paſſion
972 4148 1592 4309 criminelle.
887 4286 3361 4470 Une preuve que ſon innocence exiſ-
972 4453 3365 4627 toit encore, après la perte de ſa fleur
931 4606 3366 4782 virginale, c'eſt qu'elle me demandoit
960 4739 3378 4967 ſouvent à voir le ſéjour des Bienheu-
2709 4928 2989 5060 D
