4266 6032
938 214 3351 379 reux. Toutes ces filles veulent çonnoî-
928 373 3347 540 tre les joies du Paradis. J'avois beau ré-
928 535 3347 709 péter à celle-ci, que pour jouir de ces
929 687 3349 855 avantages, il falloit être mort: „Tuez-
933 845 3339 1008 “moi, diſoit-elle, mais faites-moivoir
931 991 3335 1163 “les délices du Paradis“. Elle re-
938 1160 3337 1325 doubla ſes inſtances avec tant d'opi-
934 1311 3318 1480 niâtreté, qu'il fallut enfin ſonger à la
936 1469 3327 1631 ſatisfaire. Je me rappelai le myſtérieux
940 1622 3334 1790 aſile du Magnétiſme à Milan, où on
912 1779 3318 1951 m'avoit fait voir tant de belles choſes,
914 1939 3327 2108 qui m'avoient enſuite procuré l'agré-
929 2094 2850 2260 ment de paſſer pour fou.
957 2229 3337 2417 En conſéquence, je prétextai une
926 2389 3316 2574 affaire indiſpenſable, relativement à un
922 2559 3316 2729 ſervice que je devois rendre à la Prin-
926 2716 3308 2888 ceſſe Gémelli, ma bienfaitrice; & j'ob-
903 2880 3308 3040 tins un congé de quinze jours pour me
922 3027 3308 3201 rendre à Milan: je m'y rendis en effet;
929 3176 3356 3356 mais ce fut par la Diligence aérienne.
916 3337 3356 3507 Une belle nuit bien claire me ſuffit pour
919 3487 3308 3669 ce voyage. Je planai ſur la Ville; enm'o-
916 3653 3359 3831 rientant, je ſus trouver le Campo ſanto ou
922 3806 3301 3979 cimetiere. J'étois ſûr que le Palais du
917 3966 3299 4141 Charlataniſme ou du Magnétiſme, ne de-
914 4119 3298 4298 voit pas être bien loin de là. Mon regard
907 4282 3306 4470 perçant ne tarda pas à découvrir l'en-
909 4436 3311 4610 droit où les Opérateurs rétablis, je
912 4594 3359 4768 ne ſais comment dans leur crédit,
904 4749 3358 4960 faiſoient de nouveau voir à leurs
