4266 6032
914 238 3308 422 adeptes le Paradis, avec le trône & la
917 395 3301 581 gloire de l'Etre ſuprême. Je deſcen-
926 554 3304 736 dis juſtement au milieu des ſpectateurs,
929 718 3304 895 au pied de ce trône prétendu céleſte;
888 872 3303 1054 & je confondis le Charlatan ſacrilége
924 1027 3298 1205 qui prétendoit repréſenter la Divinité.
919 1183 3303 1354 Tous les MNéophites furent émerveillés;
892 1340 3315 1517 mais les impoſteurs parurent déconcer-
917 1497 3301 1675 tés. Je dis à l'oreille au fourbe qui
909 1647 3306 1825 oſoit jouer le rôle ſacré de l'Etre ſu-
907 1807 3313 1982 prême, que j'avois à lui parler. Il con-
924 1959 3323 2144 gédia ſoudain l'aſſemblée, & je reſtai
909 2119 3308 2303 ſeul avec lui. Alors je lui dis: „Ami,
885 2279 3310 2451 “je vous connois; vous m'avez magné-
914 2427 3303 2606 “tiſé comme les autres; j'ai été votre
902 2589 3308 2761 “proie, & non pas votre dupe. Je ne
902 2739 3296 2915 “viens pas ici pour vous faire aucun
878 2902 3313 3074 “tort; mais, puiſque je me trouve au-
890 3058 3320 3232 “jourd'hui forcé deremplirlerôle d'im-
893 3213 3297 3387 “poſteur, rôle qui peſe à mon cœur,
897 3367 3303 3545 “j'ai recours à vous pour m'aider dans
895 3522 3311 3703 “cete circonſtanceà tromperune jeune
885 3670 3301 3858 “fille. Elle me prend pour S. Bruno.
891 3837 3318 4015 “Jevous apprendrai, par la ſuite, com-
895 4000 3303 4170 “ment j'ai eu la fatale adreſſe d'amener
886 4157 3294 4329 “cette jeune fille à ce degré de crédu-
883 4309 3294 4493 lité, ſans en avoir aucun deſſein. Elle
878 4465 3315 4653 'ge à préſent que je lui faſſe voir
878 4614 3291 4804 le Paradis; & je ne connois que vous
878 4775 3291 4962 quipuiſſiez me donner les moyens de
883 4930 3289 5132 lui procurer cette petite ſatisfaction.
