4266 6032
953 232 3342 424 “-- Ah! très-volontiers, me répondit,
959 410 3349 582 “en m'embraſſant, l'impoſteur magné-
960 568 3335 731 “tique. Nous nous connoiſſons en
947 726 3344 888 “effet. Je me rappelle très-bien de
945 885 3359 1045 “vous avoir vu dans notre Eden. Je
950 1029 3339 1204 “ſais bien que vous n'êtes pas taillé
952 1196 3341 1358 “pour être dupe. Cette maiſon, &
952 1356 3337 1518 “tout ce qui eſt ici, vous appartient;
950 1509 3339 1671 “diſpoſez de votre bien“. Je pris jour
950 1662 3347 1831 & heure avec le Docteur, & je convins
947 1824 3347 2012 de ce que nous ferions voir à la chere
943 1981 1949 2140 petite Laure.
957 2107 3335 2294 Enſuite, traverſant les airs, je volai
903 2291 3356 2450 vers la belle innocente. „Ma chere en-
948 2444 3335 2610 “fant, lui dis-je, vous voulez donc
931 2599 3344 2764 “abſolument voir le Paradis? Je vous
948 2759 3347 2930 “ai dit qu'on ne pouvoitavoir cet agré-
938 2916 3335 3080 “ment ſans être mort; & vous m'avez
940 3070 3349 3250 “prié de vous donner le trépas. Etes-
912 3229 3347 3393 “vous toujours dans les mêmes diſpo-
945 3383 3347 3549 “ſitions, & conſentez-vous que j'étei-
950 3530 3344 3717 “gne votre belle vie? Je ſuis tout
947 3683 3344 3865 “prêt; ſi vous voulez, vous allez mou-
928 3855 3344 4028 “rir“. Une mort ſi prochainé parut
945 4008 3340 4180 effrayer la belle. „Sera-ce pour tou-
943 4168 3351 4339 “jours? dit-elle. -- Mais, ma belle en-
904 4324 3344 4494 “fant, lui répondis-je, vous ſavez que
950 4484 3359 4656 “quand on eſt mort, c'eſt ordiaire-
945 4621 3353 4806 “ment pour long-temps. ui re-
941 4782 3354 4966 prit-ele; mais un Sai comevous
907 4938 3347 5165 “doit avoir le ſecret de mé reſuſciter.
