4266 6032
940 248 3349 421 “prenant cette hiſtoire, voudra lui dé-
917 412 3334 581 “voiler l'impoſture. -- Ma chere enfant,
933 570 3327 734 “dis-je à l'innocente, vous voudrez
929 721 3327 891 “ſans doute voir votre Confeſſeur?
926 881 3322 1046 “-- Vraiment, me répondit-elle, je ne
926 1026 3323 1205 “veux pas mourir ſans confeſſion. Eſt-
928 1191 3332 1358 “ce que vous vous y oppoſeriez, mon
926 1348 3320 1516 “cher petit Saint? -- Ma chere amie,
917 1502 3325 1674 “repris-je, à Dieu ne plaiſe que je
922 1657 3325 1841 “m'oppoſe à ce que votre conſcience
917 1812 3323 1984 “vous mſpire; mais voilà notre ſecret
921 1970 3318 2135 “découvert. -- Le croyez-vous, répli-
914 2123 3320 2289 “qua-t-elle? Mais qu'eſt-ce que cela
919 2279 3318 2445 “feroit, quand j'avouerois quelque
909 2434 3322 2599 “choſe au tribunal ſecret de la Péni-
909 2592 3314 2758 “tence? -- Ma chere fille lui répon-
914 2746 3316 2915 “dis-je, vous ne ſavez pas mes raiſohs;
907 2902 3320 3086 “& je ne dois pas vous les dire. Un ha-
916 3055 3322 3227 “bitant des Cieux n'impoſe aucune loi
904 3210 3359 3384 “ſans ſujet, & il doit être immuable
905 3367 3318 3535 “dans ſes arrêts. Il eſt donc toujours
917 3516 3317 3695 “indiſpenſable d'obéir à la loi du myſ-
916 3681 3344 3853 “tere, que je vous ai preſcrite; & cepen-
912 3835 3318 4006 “dant, ſi vous vous confeſſez, vous ne
909 3997 3320 4165 “pourrez vous diſpopſer d'y manquer.
903 4147 3334 4319 -Ohlil me vient idée, me dit-elle,
904 4298 3351 4475 “qui va tout concilier. En qualité de
904 4463 3322 4634 “Saint & de Pondateur d'Ordre, vous
904 4598 3359 4790 “avezſûrement le pouvoir de confeſſer
904 4770 3359 4984 “conſeſſez-moi. Mais, ajouta-t-elle,
