4266 6032
878 238 3337 431 “cet habit de Cavalier ne m'inſpire
904 407 3339 608 “pas de confiance; paroiſſez, comme
897 551 3334 761 “auparavant, ſous votre coſtume de St.
905 711 3359 904 “Bruno, & je me jette à vos pieds“.
905 862 3352 1070 Charmante innocence! combien elle
917 1028 3347 1242 m'inſpiroit de remords! Comme une
905 1180 3347 1387 premiere impoſture nous conduit à une
922 1335 3342 1537 ſeconde! Il fallut me permettre encore
938 1488 3301 1696 celle-là; mais je ne voulus pas abſolu-
909 1641 3344 1844 ment me prêter à un plus grand ſacri-
912 1803 3316 2007 lége. „Ma chere enfant, dis-je à Laure
909 1959 3347 2162 “en ſouriant malgré moi, j'approuve
909 2115 3380 2306 “votre idée; elle vous eſt inſpirée. --
916 2266 3313 2463 “Ah!lſans doute par vous s'écria-t-elle.
910 2426 3315 2620 “-- Quoi qu'il en ſoit, repris-je, je
914 2583 3318 2775 veux bienvous entendre; mais, pour
929 2726 3320 2934 une mort paſſagere, la confeſſion doit
940 2881 3334 3089 “ſuffire; le ſurplus ſeroit une profa-
933 3060 3327 3241 “nation. Allez, ma fille, nous nous
940 3198 3330 3401 “verrons demain; tenez-vous prête“.
945 3350 3344 3557 Je l'embraſſai tendrement, & je partis.
928 3505 3347 3715 J'écrivis aux Charlatans de ſuſpendre,
878 3657 3361 3873 pour quelques jours, les préparatifs qu'ils
878 3817 3361 4026 devoient faire pour magnétiſer mon
952 4024 1635 4179 amante.
953 4126 3366 4340 Barbe, qui étoit du ſecret, ne voulut
905 4288 3356 4520 pas qeſa Maîtreſſe s'entînt à la ſimple
1389 4441 3363 4648 o lle comprit bience que je
878 4494 1411 4655 cen
898 4592 3363 4811 te ne par
