4266 6032
947 195 3332 392 me rendre coupable de l'imoſture la
943 377 3344 561 plus ſacrilége; mais elle fit faire à la
922 530 3332 728 jeune perſonne, une foule d'exercices de
948 692 3356 860 dévotion qui reculoient notre voyage
933 845 3354 1024 chez lesDocteurs du Magnétiſme, & me
943 1005 3330 1172 faiſoient trembler pour la découvertede
952 1159 3332 1320 mon ſecret. J'étois auſſi iquietrelative-
959 1310 3333 1488 ment à mon congé, un peu court pour
955 1473 3327 1652 tant d'opérations. L'on fit, ou l'on enta-
957 1624 3342 1805 ma du moins des neuvaines; on obtint
963 1782 3334 1970 la permiſſion d'aller en pélérinage à je
965 1939 3328 2114 ne ſais quelle Notre-Dame, qui heu-
962 2092 3354 2269 reuſement n'étoit pas éloignée. Onache
962 2244 3335 2429 ta des réliques, pour en couvrir Laure
966 2408 2912 2580 pendant ſa prétenduemont.
969 2529 3340 2737 Enfin le jour fut décidément fixé: j'en
976 2707 3346 2895 donnai avis aux Charlatans. Je préſentai
971 2863 3346 3048 à Laurettele prétendu poiſon, quin'étoit
957 3024 3346 3204 qu'un narcotique; elle le reçut en trem
976 3180 3349 3358 blant, & l'avala dévotemem à genoux,
976 3325 3349 3516 en faiſant force prieres, chargée de ſes
977 3483 3356 3675 Rellques Barbe à genoux pareillement.
983 3645 3359 3832 un gros chapelerà la main, difoitforce
931 3796 3356 3991 patenôtres, & aſpergeoit continuelle-
983 3946 3360 4139 ment ſa Maîtreſſe d'eau benite. Je fouf-
972 4112 3359 4293 frois de toutes ces pieuſes opérations,
936 4269 3359 4452 parce que, dans mnesdNeggemens,
969 4422 3359 4605 i oioues reſeee la Region,
993 4577 3360 4798 que je ſenciss ee ggmiſſane on-
