4266 6032
897 233 3301 462 bien j'y manquois dans cette circonſ-
927 450 1355 598 tance.
955 542 3287 757 Quand la potion eut produit ſon eſ-
933 705 3289 929 ſet, & que je vis Laure bien endormie,
931 862 3298 1089 je la poſai dans ma nacelle, & je l'enle-
934 1019 3296 1220 vai dans les airs. Tout étoit prêt chez
943 1170 3304 1384 les Opérateurs. L'impoſteur, qui oſoit
946 1323 3320 1546 repréſenter la Divinité, ſiégeoit ſur ſon
947 1488 3332 1681 trône; ſa Cour céleſte étoit rangée,
914 1640 3334 1856 autour de lui, ſur des nuages imitant
892 1794 3330 2010 ceux de l'Opéra. Des rayons partoient,
958 1956 3339 2167 de tous côtés, de ces nuages. Le ſpec-
965 2107 3330 2320 tacle enfin, que je ne décris pas en dé-
965 2265 3323 2472 tail, étoit vraiment enchanteur & im-
969 2417 3349 2631 poſant. Je deſcendis juſtement au pied
916 2553 3352 2780 du trône, avec le grave froc de S.
976 2728 3354 2938 Bruno. A notre arrivée, une mufique
977 2887 3351 3091 céleſte ſe fit entendre. Laure fut promp-
943 3037 3370 3253 tement parée d'une robe blanche &
878 3197 3349 3405 couronnée de fleurs; je fus revêtu moi-
955 3356 3347 3557 même d'habits analogues aux ſiens,
909 3510 3363 3722 pour la couleur & les feurs. Je lui fis
966 3663 3359 3875 reſpirer une certaine eſſence; & elle s'é-
989 3825 3385 4028 veilla. Je ne puis décrire l'extaſe muette
881 3978 3366 4187 & le raviſſement ineffable qui ſe pei-
873 4142 3375 4496 iſilatifſeſiſéſer l'a mſfle hati
879 4444 3377 4656 fire elle ne égale ipreſſion- Elle
898 4594 3389 4810 a, & parut auſſrenchantée ue
882 4748 3383 5001 rp, de me voir Il btlan. E ſe
