4266 6032
901 236 3311 403 charmant, répété dans un baſſin d'eau
867 402 3313 577 pure. La muſique la plus douce & la
907 558 3311 726 plus mélodieuſe venoit juſqu'à nous,
912 709 3322 874 en traverſant les feuillages. L'air étoit
847 864 3316 1033 embaumé du parfum des fleurs. Je preſ-
919 1026 3315 1187 ſai, dans mes bras, ma chere Laure,
879 1179 3318 1341 dont l'habillement galant & voluptueux
926 1332 3320 1494 ſembloit ajouter à ſes charmes. Elle ne
917 1488 3328 1655 pouvoit revenir de ſa ſurpriſe. Elle reſ-
847 1646 3322 1808 toit pâmée dans l'extaſe la plus douce.
885 1803 3330 1963 Enfin, elle me dit, en mots entrecou-
866 1956 3327 2119 pés: „Où ſuis-je? ah! je le ſens bien
933 2109 3327 2271 “que je reſpire dans les régions du Pa-
931 2260 3330 2428 “radis! Jamais je ne pourrois, ſur la
900 2424 3328 2582 “terre, voir des choſes auſſi admira-
943 2579 3322 2741 “bles, ni goûter de pareilles délices!
886 2728 3332 2893 “O Saint! cher à mon cœur, me laiſ-
878 2886 3335 3047 “ſerez-vous retourner ſur la terre?“
904 3028 3347 3207 Je n'épargnai rien pour mettre le com-
921 3198 3365 3365 ble aux plaiſirs de la chere innocente.
941 3334 3339 3537 Je la plongeai dans une ivreſſe qui lui
941 3511 3341 3675 cauſoit le plus touchant délire. Voyez,
940 3667 3339 3827 “diſoit-elle, cela ſeroit pourtant un
941 3824 3353 3987 “péché avec un homme, ſur la terre“.
941 3978 3342 4142 Je ſuis obligé d'abréger ici mon ré-
902 4135 3342 4307 cit, pour me conformer à l'état de pré-
871 4283 3399 4453 cipitation où j'étois; car il falloit me
929 4446 3402 4618 hâter de partir. Le terme de mon congé
873 4579 3339 4767 me preſſoit. Je conduiſis la belle dans
878 4742 3342 4960 les jardins; elle vit d'autres boſquets,
