4266 6032
983 233 3349 406 d'autres boudoirs; par-tout des groupes
972 389 3349 559 de jeunes Amans, des danſes, des feſ-
948 546 3349 716 tins, tout ce qui caractériſe & perpétue
953 706 3346 871 la joie. Jamais aucun lieu de délices ne
938 861 3337 1029 repréſenta ſi bien le brillant Elyſée:
948 1017 3334 1181 „Qui ſe ſeroit attendu à cela? diſoit
945 1175 3332 1335 “Laure enchantée. Comme le Paradis
969 1333 3328 1492 “eſt différent de la maniere dont on
941 1485 3327 1653 “nous le peint ſur la terre! Nos Doc-
940 1643 3320 1805 “teurs n'en ont pas la moindre idée“.
929 1801 3320 1965 Enfin, je fis avaler de nouveau, à ma
959 1953 3316 2276 le faoir bue laapperiere ſoit ane
941 2266 3311 2423 crainte; elle la but cette fois - ci avec
943 2422 3311 2590 répugnance; car elle avoit la plus
934 2579 3310 2899 eonte lienti ee evega e oie le
947 2888 3303 3055 belle s'endormit. Je la reconduiſis chez
919 3046 3304 3215 elle, après lui avoir fait enlever précé-
936 3201 3299 3369 demment ſes habits galans. Elle ſe re-
922 3352 3298 3523 trouva dans ſon appartement, dans le
919 3510 3298 3682 même ajuſtement qu'elle en étoit ſortie.
912 3666 3303 3839 Je l'éveillai facilement; elle ſe revit
914 3832 3301 4151 ous laait de imn b e ee e
905 4142 3327 4308 moigna ſes regrets, & me fit ſes remer-
916 4281 3320 4464 cîmens, en me diſant qu'elle avoit goûté
919 4448 3295 4623 des plaiſirs ineſſables; que le Paradis
916 4601 3299 4778 étoit centmille fois plus charmantqu'elle
904 4760 3359 4967 ne ſe l'étoit figuré, & qu'elle ſoupiroit
