4266 6032
941 273 3341 444 après l'heureux inſtant où une mort du-
953 431 2482 602 rable l'y feroit retourner.
959 591 3339 775 Barbe étoit émerveillée de tout ce
943 747 3347 928 qu'elle entendoit. Elle vouloit s'empoi-
953 908 3344 1074 ſonner pouraller voir de ſi belles choſes.
957 1058 3346 1239 „Mais, hélas! diſoit-elle, il n'y a pas de
965 1217 3346 1383 “S. Bruno pour moi!“ Elle avoit eu
955 1375 3342 1555 cependant la force de garder le ſecret,
962 1535 3346 1694 &, grace à ſa diſcrétion, l'on ne s'étoit
955 1692 3353 1854 point apperçu de l'abſence de Laure,
941 1847 2520 2036 qui avoit duré trois jours.
1448 1982 3358 2149 dant il réſulta de toute cette
953 2127 3356 2322 hiſtoire ſurnaturelle, un effet très-natu-
953 2312 3356 2479 rel. Laure ſe trouvoit dans le même état
948 2470 3351 2644 que ma chre Artémiſe, & cet état pa-
950 2624 3344 2800 roiſſant tous les jours de plus en plus, il
943 2780 3353 2952 devenoitimpoſſible de lecacher. On doit
947 2933 3351 3107 s'ennuyer de voir que juſqu'ici nous
938 3096 3351 3270 n'ayons as été découverts, Laure dans
945 3250 3344 3416 ſon Couvent, & moi dans le mien, où
888 3406 3349 3583 je n'étois pas arrivé heureuſement trop
940 3558 3351 3736 long-temps après le terme expiré de mon
916 3725 3349 3889 congé. On s'attend que nous avons dû
947 3875 3349 4051 être ſurprispar les Moines ou par les Re-
940 4030 3353 4209 ligieuſes; point du tout, on n'eut pas
938 4185 3351 4365 l'eſprit de rien deviner, & nous fûmes
885 4351 3341 4525 oblinés de découvrir tout nous-mêmes.
1299 4515 3349 4682 parens de Laure connoiſſoient ſa
917 4630 3349 4839 répugnance pour le cloître. Is trouve-
907 4825 3351 5010 ent nhoiooe fort riche, & aſſez ai-
