4266 6032
924 223 3287 397 “c'eſt ainſi que vous avez ſu la gar der!
924 386 3294 546 “-- Qu'appelez-vous? dirent les No-
924 544 3294 712 “nes offenſées. Vous nous outragez,
924 699 3299 863 “Monſieur; votre fille eſt chaſte &
924 863 3292 1025 “pure comme nous-mêmes. -- Mor-
929 1014 3294 1178 “bleu! ce n'eſt pas beaucoup dire, in-
924 1169 3292 1341 “terrompit Fiervac. -- Monſieur, re-
924 1326 3291 1490 “prirent les Vénérables, nous ne ré-
940 1484 3285 1648 “pondons pas à l'indignité que vous
924 1640 3287 1808 “venez de prononcer; mais nous pou-
941 1800 3282 1953 “vons jurer que notre Penſionnaire n'a
924 1958 3279 2121 “vu aucun homme; nous en répon-
924 2109 3273 2285 “dons corps pour corps. -- Oh! cela
924 2264 3280 2434 “eſt bien vrai, s'écria Barbe, je puis
924 2417 3277 2579 “bien l'atteſter. -- Cependant, malheu-
943 2572 3272 2741 “reuſe, dit le pere en prenant l'atteſ-
933 2737 3275 2903 “tante au collet, tu vois qu'elle eſt
943 2885 3279 3061 groſſe? -- Et quand cela ſeroit, reprit
940 3044 3270 3216 “Barbe. -- Comment, ſcélérate, s'écria
943 3199 3270 3367 “le vieux Gentilhomme, tu conviens
938 3358 3270 3525 qu'elle eſt groſſe, & tu dis qu'elle n'a
938 3515 3334 3680 “pas vu d'homme? --Non, ſans doute,
926 3671 3306 3838 répondit la Soubrette. -- Et qui donc
938 3822 3263 3996 “l'a miſe dans cet état? reprit le pere
938 3977 3301 4152 furieux. -- Hé bien, répondit Barbe,
936 4139 3266 4308 puiſqu'il faut vous le dire, c'eſt S.
941 4291 3272 4468 Bruno. -- Que veut-elle chanter? dit
926 4446 3265 4627 “le vieillard ſtupéfait. -- Oui, reprit-
928 4605 3270 4785 elle, c'eſt S. Bruno, le Fondateut
929 4759 3306 4938 des Chartreux. -- Qu'entends-je? s'é-
1036 4915 1785 5076 Tom. Il.
2602 4935 2936 5089 E
