4266 6032
991 206 3354 409 “le Paradis, l'a ramenée, & l'a reſſuſ
999 402 1603 529 “citée“.
998 546 3353 709 Sur ces entrefaites, Laure avoit re-
998 701 3347 873 couvré l'uſage de ſes ſens. On lui de-
981 861 3359 1026 manda ce que c'étoit que le Paradis.
974 1017 3342 1190 Elle raconta qu'elle avoit vu l'Etre ſu-
1000 1175 3342 1356 prême ſur ſon trône, au milieu des
995 1328 3340 1501 nuages & des rayons; qu'elle avoit vu
995 1484 3337 1676 les Anges, les boſquets, les boudoits,
1002 1640 3341 1809 & les lits de roſes; enfin, qu'elle avoit
993 1798 3335 1975 goûté les joies du Paradis. Le pere tré-
996 1947 3335 2140 pignoit de rage. „Mais, Monſieur, lui
959 2099 3334 2278 “dit la Mere lrieure, réfléchiſſez, je
1000 2260 3334 2450 “vous prie; voilà du ſurnaturel dans
995 2413 3330 2587 “toutes les regles. D'abord, je puis
995 2570 3330 2759 “vous proteſter qu'aucun mortel ne
998 2723 3330 2915 “peut entrer ici, à moins qu'il ne
1002 2877 3327 3070 “vienne par le chemin des airs; ce qui
1005 3033 3340 3224 “n'eſt point donné à l'homme. Si le
951 3198 3351 3374 “Ciel a permis qu'un Bienheureux
1004 3344 3323 3535 “vînt viſiter votre fille, ce n'eſt pas
995 3500 3325 3693 “une choſe nouvelle. Nier de pareilles
995 3656 3325 3847 “aventures, c'eſt nier la vie des Saints;
1000 3806 3323 4010 “c'eſt nier la Providence. Au reſte,
959 3970 3328 4170 “pour vous convaincre, Monſieur,
965 4116 3323 4309 “nous allons mettre le cas ſous les
972 4275 3325 4486 “yeux de notre Révérend Pere ſpiri-
996 4475 1528 4618 “tuel“.
1032 4580 3352 4785 On fit venir le Directeur. On lui ra-
952 4730 3335 4945 conta l'hiſtoire de point en point. „Or
