4266 6032
888 274 3320 457 ſoir avec Artémiſe, de compoſer un
886 443 3330 612 artifice, & des eſpeces de nuages qui
965 603 3168 763 devoient environner ma nacelle.
909 756 3316 923 La nuit vint; elle fut très-obſcure, ce
969 912 3322 1079 qui favoriſoit mes déſirs. J'arrivai dans
965 1067 3325 1230 l'air au-deſſus du Couvent, & je m'ap-
962 1225 3318 1393 perçus aiſément qu'une foule innom-
964 1378 3315 1541 brable entouroit, en dehors, ce Monaſ-
962 1531 3320 1696 tere. Je reſtai ſtationnaire au-deſſus de
892 1693 3313 1870 la cour, ſur laquelle donnoient les fe-
962 1848 3315 2011 nêtres du parloi. J'entendis très-diſtinc-
962 2006 3308 2163 tement les voix de tout le monde, & je
964 2157 3327 2325 m'apperçus, par conſéquent, que la fa-
957 2303 3310 2477 mille étoit raſſemblée. Inviſible par le
960 2472 3306 2633 bienfait de la nuit, j'écoutai tout ce
916 2623 3318 2789 qu'on diſoit, & je me réglai en conſé-
953 2785 3308 2950 quence. Le pere éclatoit en menaces
893 2940 3303 3104 contre moi: „Qu'il vienne donc, di-
953 3096 3304 3261 “ſoit-il, ce malheureux“. Soudain je
948 3252 3304 3413 m'écrie du haut des airs: „Fiervac,
947 3404 3301 3581 garde-toi d'outrager le ſerviteur de
940 3567 3323 3727 Dieu. Bonacin, ne crains pas de
924 3715 3306 3887 prendre Laure pour ton épouſe, &
940 3872 3303 4043 “ſoumets-toi aux ordres du Ciel, ſans
941 4025 3308 4201 prétendre expliquer ſes deſſeins“.A
943 4194 3304 4357 ces mots, toute la vénérable aſſemblée
938 4346 3301 4514 reſta muette. Bonacin (c'eſt le nom du
888 4498 3297 4684 ehe épouſeur qu'on avoit amené) s'é-
898 4661 3299 4831 ae e ne veux point me ſae de
919 4819 3297 5021 querelle avec les Saints. Si la belle
2442 4960 3294 5138 E
