4266 6032
910 287 3332 461 “Laure n'a eu affaire qu'avec Saint
943 453 3332 619 “Bruno, je puis l'épouſer ſans com-
941 618 3334 779 “promettre mon honneur; il paroît
941 770 3304 930 “qu'il y a là réellement du ſurnaturel.
945 928 3325 1091 “--Et moi, je n'y vois que de l'impoſ-
945 1077 3323 1242 “ture, reprit Fiervac; & je veux en
941 1239 3318 1409 “punir l'auteur. Quel eſt donc cet en-
948 1392 3349 1557 “nemi ſecret qui n'oſe paroître? Qu'il
943 1548 3311 1710 “ſe montre, & nous verrons s'il mérite
945 1694 3313 1867 “des hommages“. J'allume tout à coup
909 1861 3315 2021 mon artifice, & je parois au milieu des
947 2014 3311 2176 airs. J'étois ſur une eſpece de trône for-
945 2174 3304 2332 mé en conque marine, entouré de nua-
947 2321 3359 2489 ges d'Opéra, dorés par des rayons qui
940 2482 3359 2644 s'échappoient de toute maperſonne, ſuſ-
945 2623 3304 2801 pendu à un globe azuré qui me ſervoit
903 2787 3354 2959 de dais, & qu'on dut prendre pour la
943 2938 3303 3114 Lne. On apperçoit, au milieu de ces
940 3094 3306 3291 rayons, S. Bruno, c'eſt-à-dire, l'illuſ-
943 3258 3359 3424 tre Cataudin, revêtu de ſon habit de
953 3402 3304 3579 Chartreux, lançant d'abord la foudre,
948 3559 3310 3735 & paroiſſant enſuite vénérable & calme
945 3714 3306 3894 au ſein d'une pure lumiere. En cet état,
945 3868 3306 4080 je deſcends gravement aux yeux des
945 4030 3306 4205 mortels ſtupéſaits. Je dis alors d'un ton
912 4181 3303 4367 grave & paiſible: „Fiervac, oſe réſiſ-
940 4340 3303 4517 “ter au ſerviteur de Dleu!“ Soudain
931 4503 3347 4678 toute l'aſſemblée tomte la face contre
941 4658 3351 4847 tétre. OgrandSaints'écrie Fiervae
938 4800 3330 5024 “pardonnez, je tombe à vos pieds &
