4266 6032
941 266 3359 459 digieuſe hauteur: là, je tirai encore de
916 448 3335 618 l'artifice pour ſaluer le peuple une der-
929 601 3328 766 niere fois, & je dus alors diſparoître à
933 771 2063 927 tous les yeux.
934 885 3323 1080 Glorieux & content d'un ſi grand
922 1075 3310 1242 ſuccès, j'arrivai encore de nuit, à la
922 1232 3339 1435 grande Chartreuſe, & je me préparois
931 1388 3318 1558 a deſcendre, croyantn'être pas obſervé;
938 1542 3310 1712 mais j'apperçus des lumieres, & plu-
941 1692 3358 1858 ſieurs hommes armés qui paroiſſoient
924 1841 3303 2030 apoſtés pour m'attendre. „Oh! oh!
935 2009 3299 2185 “me diſois-je, les indignes Chartreux
909 2157 3318 2336 “voudroient-ils maltraiter S. Brunon?
924 2319 3323 2486 J'entendis la voix d'Artémiſe qui me cria:
916 2481 3327 2649 uPrends garde, mon cher ami, on veut
919 2625 3313 2808 “t'arrêter“. Soudain je tire ce quime reſ-
921 2788 3311 2954 toit d'artifice, & ma foudre factice éclate
917 2945 3304 3122 avec fracas dans les airs. Les gens armés
921 3100 3304 3285 paroiſſent confondus. „Accours à moi,
916 3252 3294 3431 “m'écriai - je, ma chere Artémiſe“.
910 3413 3303 3595 Elle accourt, je deſcends & l'enleve
909 3573 3310 3745 fi mon char, & je m'élance de nou-
912 3724 3306 3910 veau, avec elle, au plus haut des
909 3887 3306 4060 Cieux. Dieux! avec quel tranſport cette
914 4031 3304 4219 chere amie me revit, m'embraſſa! „O
906 4203 3310 4375 “mon cher ami! me dit-elle, je trem-
905 4360 3304 4534 “ble encore de ton danger. On a tout
905 4507 3310 4693 “appris, on vouloit te perdre t'enfer-
911 4665 3308 4848 “mer dans un cachot ſous la terre, ans
910 4827 3315 5014 “un oul de baſſe foſſe. On comena
