4266 6032
943 243 3368 417 “indigens auxquels ils ſont néceſſaires,
940 410 3356 573 “pour leur en faire des généroſités,
936 564 3328 735 “dont vous aurez le mérite“. Après ce
934 720 3340 1042 peite, ui paine du vin, des vuloilet
934 1036 3335 1199 rôties, des fruits, des pâtiſſeries, & une
934 1194 3337 1358 abondante quantité de proviſions de
938 1348 3335 1514 toute eſpece. Quand notre nacelle fut
938 1502 3323 1667 pleine, nous refuſames le reſte, qu'on
936 1663 3322 1825 nous apportoit avec prodigalité. „C'eſt
928 1813 3323 1977 “aſſez, mes enfans, dis-je à ces dona-
936 1973 3330 2135 “teurs bonaces; ſouvenez-vous de la
934 2128 3328 2289 “faveur que le Ciel vous a faite; il
929 2287 3325 2448 “vous bénit par nos mains“. Alors je
931 2441 3323 2604 donnai, dans l'air, une grande béné-
936 2596 3311 2745 diction; Artémiſe, de ſa main féminine,
934 2749 3380 2912 en fit autant, non ſans ſe mordre les
893 2904 3322 3096 levres, pour ne pas éclater de rire. Nous
933 3067 3352 3227 remontames dans les Cieux, & nous
929 3220 3327 3385 nous mîmes ſur le champ à travailler nos
929 3373 3316 3559 proviſions avec une ardeur propor-
928 3531 3418 3695 tionnée au beſoin que nous en avions.
971 3686 3421 3852 Nous planâmes quelque temps au
931 3839 3322 4006 deſſus de la terre, ſuivis des acclama-
878 3998 3313 4165 tions de tous les habitans des villes & des
931 4157 3308 4324 campagnes ſur leſquelles nous paſſions.
928 4308 3327 4494 Par-tout on tiroit le canon; par-tout on
929 4448 3342 4632 ſonnoit les cloches. Enfin, nous nous
919 4616 3327 4791 laiſſâmes aller au deſſus de la mer. Nous
924 4770 3340 4964 mes des bâtimens Prançois aux priſes
