4266 6032
924 236 3325 398 avec des Anglois. Nous criâmes du haut
931 393 3327 560 des Cieux: „Malheureux, oſez-vous
943 546 3325 710 “combattre ſous les yeux du ſerviteur
938 706 3325 862 “de Dieu“! Soudain les combattans
941 861 3323 1033 regarderent en l'air. On nous apperçut;
943 1020 3330 1184 on braqua les lunettes, pour nous diſ-
943 1175 3334 1339 tinguer mieux. Les François ſe préci-
931 1334 3330 1495 piterent à genoux, quelques-uns en
943 1485 3332 1649 riant, à la vérité. Les Anglois nous en-
945 1640 3318 1804 voyoient des Goddam; mais ils paroiſ-
943 1794 3332 1961 ſoient indécis, ne ſachant s'ils devoient
922 1953 3330 2112 nous obéir ounon. Nous commandâmes
947 2107 3328 2270 impérieuſement qu'on ſe retirat chacun
950 2266 3323 2425 de ſon côté. Les François joyeux nous
867 2419 3325 2580 obéirent avec ardeur, & cinglerent vers
867 2573 3327 2736 la France. Les Anglois n'oſerent les
935 2728 3325 2890 pourſuivre; &je ſauvai ainſi mes compa-
928 2887 3332 3077 triotes de la grifſe des ennemis qui al-
914 3038 2367 3201 loient s'emparer d'eux.
914 3198 3325 3358 Juſqu'ici nous n'avions pas eu le
941 3352 3330 3513 temps, Artémiſe & moi, de nous expli-
926 3507 3330 3672 quer. Je n'avois pu ſavoir ce qui s'étoit
905 3660 3387 3982 lleuuooit ntiecde mte lemraeone
898 3973 3334 4144 & je jugeai à propos enfin de lui donner
900 4131 3342 4302 audience. J'étois, plus qu'elle, danslecas
900 4286 3323 4453 de redouter une explication; car enfin,
878 4444 3323 4610 elle n'avoit rien à ſe reprocher à mon
876 4601 3323 4771 égard; & moi, j'étois coupable d'une
883 4751 3322 4923 infidélité marquée. Elle ſavoit mon hiſ-
879 4895 3330 5065 toire avec la petite Laure, & elle ne
