4266 6032
948 247 3347 427 repentoit de nous avoir logés l'un à côté
959 412 3334 575 de l'autre. On l'avoit changée de loge-
952 568 3320 727 ment; & celui qui lui avoit ſuccédé
953 723 3330 883 dans ſa cellule, d'accord avec un autre
959 876 3327 1045 qu'on avoit mis dans la mienne, ſe dou-
960 1033 3328 1198 tant de quelque choſe, chercherent ſi
959 1192 3330 1353 bien, qu'ils découvrirent notre commu-
959 1344 3325 1508 nication. J'ai ſu depuis, qu'on attendoit
955 1500 3332 1660 mon retour, pour punir, ainſi que moi,
962 1659 2157 1817 ma chere complice.
967 1810 3328 1973 Je m'applaudis, avec Artémiſe, de ce
960 1968 3344 2128 que nous étions échappés à ces redou-
955 2121 3337 2283 tables Juges. Soutenus dans l'air, & li-
948 2274 3359 2438 bres par la protection de l'Etre ſuprême,
953 2432 3323 2593 nous lui demandâmes pardon, à la face
952 2585 3316 2751 du Ciel, de ce qu'il y avoit d'irrégulier
905 2740 3318 2905 & de vraiment repréhenſible dans notre
953 2905 1724 3060 conduite.
940 3026 3320 3222 Cependant le terme de la groſſeſſe étoit
940 3213 3315 3378 arrivé pour mon Amante: les douleurs
945 3361 3318 3524 ſurvinrent. Il étoit difficile de ſe trouver
936 3521 3318 3846 aureupgeaos aeoeeu du laes
941 3832 3316 3993 nous nous recommandâmes au Pere de
933 3990 3318 4155 la Nature. Sans doute il nous pardon-
933 4135 3351 4312 noit, puiſqu'il daigna accorder à ma
909 4297 3320 4466 chere Artémiſe l'accouchement le plus
903 4453 3316 4623 heureux. Elle me fit pere d'un petit
912 4596 3323 4782 Chatteux, qui naquit dans l'empire des
917 4772 3327 4969 airs, apparemment pour en occcuper le
