4266 6032
938 217 3323 584 aene det eenanei
936 535 3320 707 vient de naître au milieu des airs. --
950 689 3320 892 Fort bien, reprit S. H., il faut l'élever
952 850 3320 1054 “dans notre ſérail; c'eſt un enfant du
953 999 3323 1205 Ciel: c'eſt, ſans contredit, le premier
957 1159 3318 1367 “des bâtards. Nous en ferons, par la
957 1309 3318 1506 “ſuite, l'Aga des Janiſſaires. Hé mais,
959 1468 3320 1650 “brave Derviche, vous êtes d'une fa-
950 1624 3322 1830 “mille prodigieuſe pour les talens. Vous
955 1789 3320 1971 “en avez là un qui ſurpaſſe celui de
898 1947 3318 2132 “votre pere, & même les reſſources
953 2089 3308 2278 “ordinatres de la Nature: car enfin, l'on
950 2248 3313 2441 “n'a jamais vu perſonne s'élever dans
947 2400 3310 2603 “les airs. Et ſavez-vous peindre auſſi?“
952 2554 3304 2750 Je répondis que je m'étois exercé dans
959 2716 3301 2923 cet art. „A merveille, reprit le Monar-
957 2873 3301 3076 “que. Il faut donc que vous peigniez
952 3022 3303 3232 auſſi ma nouvelle favorite; pourvu
902 3179 3303 3380 “qu'elle ne s'amourache pas de vous,
898 3337 3296 3545 & que vous ne me la ſouffliez pas en
931 3496 3294 3697 “me l'enlevant dans l'Empyrée. En tout
899 3661 3297 3856 cas, je ne ferai pas la ſontiſe de vous
898 3803 3296 4018 la donner pour eſclave. Arrêtez-vous
905 3954 3290 4173 ici. Que votre femme s'y repoſe de
899 4109 3289 4328 ſes couches, & vous ne manquerez
898 4273 3285 4496 “de rien. Hola! vous autres, relevez-
898 4424 3285 4658 vous donc, n'ayez pas peur; ces deux
898 4563 3289 4807 Dervlches ſont deux mortels inca-
898 4727 3285 4971 pables de vous faire du mal. Qu'on
898 4893 1567 5083 Tom. IV.
2689 4933 2907 5096 r
