4266 6032
957 222 3343 460 ſes précautions en conſcience, pour que
882 412 3339 615 je ne puſſe lui ſouffler ſa Maîtreſſe, com-
881 571 3334 752 me avoit fait mon pere. Il ne ceſſoit de
955 723 3333 926 fixer les yeux alternativement ſur elle
957 875 3329 1079 & ſur moi. La fiere Beauté, loin de me
881 1035 3325 1239 regarder avec complaiſance, peignoit
923 1189 3324 1400 dans ſes yeux le courroux &le dédain. En
945 1340 3320 1542 oſantinterpréter ſes ſentimens, je croyois
940 1499 3317 1691 voir qu'elle affichoit le dédain, pour con-
900 1654 3316 1865 vaincre ſon auguſte Amant qu'elle n'étoit
880 1817 3318 2172 ueatrevieois qe ſoncoourooue, pois
928 2119 3306 2334 véritable, avoit pour objet Artémiſe,
928 2274 3306 2457 qu'elle ſembloit me reprocher d'avoir
922 2436 3310 2611 amenée. Mais la douce confidente me
917 2582 3295 2783 dédommageoit bien des hauteurs de ſa
885 2733 3299 2935 Maîtreſſe. Je n'ai jamais vu des yeux ſi
922 2893 3291 3088 pétillans, ni qui annonçaſſent, en même
914 3065 3289 3248 temps, autant de bonhomie. Elle étoit
905 3201 3286 3411 debout derriere le couple auguſte, &,
909 3358 3285 3564 de là, elle me lançoit, à la dérobée,
879 3507 3276 3729 ſes tendres regards, auxquels je ne
905 3682 3273 3891 pouvois répondre, & qui m'alarmoient
878 3821 1670 4004 juſtement.
936 3982 3265 4205 Nous parlions très-peu, & l'ouvrage
883 4152 3262 4357 avançoit merveilleuſement. Cependant
879 4285 3261 4512 le bruit ſe répandoit dans toute la Ville
885 4455 3248 4658 que le grand Prophête étoit deſcendu
878 4597 3252 4829 du Ciel'avec une Houri déguiſée. Cha-
878 4757 3253 4973 cunvouloit voir le Prophête & laHouri.
2618 4958 2877 5087 F
