4266 6032
941 279 3339 451 Le Grand Seigneur, pour s'amufer, ne
936 441 3337 618 demandoit pas mieux que de ſe prê-
943 596 3346 759 ter au préjugé public; mais on lui re-
941 747 3349 1072 uſii puur ſauau t ſlo leen de
940 1058 3330 1220 contrefaire ainſi le Prophête ſacré. On
950 1217 3356 1383 fit appeler ce Chef de la Religion Mu-
945 1373 3359 1541 ſulmane. Il parut bientôt. Le Grand
948 1527 3328 1696 Seigneur lui dit: „Voilà un homme
933 1683 3356 1841 “deſcendu du Ciel. Tout le monde
948 1836 3316 2006 “veut que ce ſoit le Saint Prophête;
907 1990 3322 2166 “puis-je me prêter à cette erreur publi-
947 2148 3320 2316 “que“? Le grand Muſti demanda gra-
940 2303 3316 2467 vement qui j'étois; on le lui expliqua;
933 2455 3316 2616 & comme il vit que j'étois Chrétien, il
964 2610 3322 2795 prononça ſon oracle en ces termes obli-
935 2759 3320 2962 geans pour moi: „Il ne faut pas laiſſer
976 2926 3320 3098 “repréſenter le Saint Prophete par un
921 3076 3322 3255 “chien“. Ce fut la petite Iſis qui m'ex-
928 3229 3322 3421 pliqua, par la ſuite, ce beau compli-
938 3394 2952 3559 ment, dans un ſecret tête à tête.
914 3535 3330 3723 Cependant il fut décidé qu'on me fe-
910 3708 3325 3870 roitvoir au public. En conſéquence, on
1000 3853 3328 4022 m'éleva ſur un trône au milieu du ba-
919 4001 3332 4183 zar ou marché public. Tout le monde
910 4176 3330 4353 ſe proſterna devant moi la face contre
912 4317 3334 4496 terre. Pour qu'il n'y eût pas de diſpute
1007 4465 3341 4656 ſur ce que je pouvois être, on défendit
906 4637 3344 4815 à tout le monde, ſous peine d'être em-
912 4776 3353 4997 palé, de faire aucune queſtion là-deſſus,
