4266 6032
888 236 3342 422 & même de me regarder. Par ces ſages
955 396 3339 564 meſures, la cérémonie fut bientôt fime.
909 551 3339 714 Je brûlois de partir. Artémiſe étoit
912 706 3332 867 relevée de ſes couches. Le portrait de
888 861 3334 1021 la Sultane étoit fini. Le Grand Seigneur
891 1020 3332 1178 continuoit de m'alarmer, par les regards
888 1171 3320 1336 qu'il jetoit ſur mon Amante. Sa favorite
888 1328 3330 1496 paroiſſoit toujours plus courroucée &
888 1483 3320 1648 plus redoutable. Le Sultan vouloit re-
888 1638 3315 1797 enir Artémiſe; mais, comme il étoit
888 1789 3315 1951 honnête, il ne choiſiſſoit que des moyens
940 1946 3308 2121 licites. Il avoit beaucoup inſiſté pour
953 2095 3310 2258 que nous vouluſſions bien lui laiſſer
917 2252 3306 2414 notre enfant; nous y avions conſenti,
950 2403 3304 2584 non ſans répugnance. Il ſe flattoit que
945 2558 3303 2721 le fils arrêteroit la mere; & en effet, ce
950 2714 3301 2877 motif paroiſſoit faire ſur elle une grande
948 2873 3298 3031 impreſſion; mais le pauvre petit mou-
943 3026 3294 3183 rt. Adieu l'enfant du Ciel, réſervé aux
943 3179 3291 3337 plus brillans deſtins. On n'eut plus alors
938 3320 3292 3495 de prétexte pour nous retenir. S. H. nous
940 3489 3292 3667 avoit fait de ſuperbes préſens; elle avoit
933 3647 3280 3807 eu, de plus, l'attention d'envoyer un
931 3796 3282 3964 émiſſaire ſecretauprès d'Artémiſe, pour
928 3951 3279 4118 l'engager à renoncer à moi. Je fis ſem-
919 4104 3280 4273 blant d'ignorer ces menées. J'appris
892 4267 3280 4431 que d'honnêtes gens conſeilloient très-
890 4416 3285 4586 ſort au Sultan, s'il ne pouvoit perſua-
922 4570 3275 4740 der, d'agir en Monarque de l'Orient.
917 4718 3261 4900 L'ignorance que j'affectai ſur ce com-
2396 4891 2855 5046 F
