4266 6032
935 248 3311 426 & qui devoit être ma grande tante, ſe
929 419 3320 582 hâta de répondre: „Oui, ſans doute,
926 572 3322 737 “enfant du Ciel, daignez deſcendreſur
936 735 3321 893 “la terre“. Nous deſcendîmes en effet
945 885 3316 1050 devant la foule proſternée. Je ſautai lé-
941 1046 3325 1206 gerement de deſſus mon char. Je cou-
941 1203 3323 1368 rus vers le Sophy, & je lui dis: „Mon
941 1359 3328 1521 “couſin, permettez- vous que j'aye
943 1512 3359 1674 “l'honneur de vous embraſſer“? Le
955 1665 3359 1836 Monarque ſtupéfait ſe laiſſa embraſſer
957 1822 3332 1987 ſans prononcer un mot. De là, j'appro-
960 1970 3354 2147 chai de ſa mere. „Ma chere tante, lui
940 2130 3323 2301 “dis-je, permettez-vous auſſi que j'aye
945 2274 3325 2455 “la ſatisfaction de vous embraſſer? --
959 2444 3328 2615 “Comment donc, répondit-elle, com-
950 2596 3332 2770 “ment ai-je pour neveu un habitant
962 2749 3330 2922 “des Cieux? -- Ma chere tante, lui ré-
964 2914 3335 3079 “pondis-je, je ſuis le fils de votre ne-
955 3058 3337 3233 “veu le Marquis d'Erbeuil. -- O mon
955 3217 3342 3386 “cher neveu, s'écria-t-elle en m'em-
972 3359 3335 3544 “braſſant, quejai de plaiſir à vous voir!
971 3512 3353 3706 “Et comment ſe porte votre pere?
976 3684 3351 3856 “--Je l'ai laiſſé, répondis-je, en bonne
979 3837 3353 4016 “ſanté à Paris, dans les bras de Julie,
988 4001 3359 4167 “ſon épouſe. -- Ah! que vous me ra-
988 4147 3356 4326 “viſſez! reprit la bonne tante. Mon
991 4298 3359 4480 “fils, embraſſez votre couſin. C'eſt le
940 4457 3359 4639 “fils de Grégoire Merveil le cher Mar-
995 4608 3359 4794 “quis d'Erbeuil“. Son fils lui obéit de
993 4765 3359 4967 bonne grace; mais, à ce nom de Gré-
