4266 6032
979 303 3359 484 “devez être glorieux des parens que le
965 457 3359 619 “Ciel vous a donnés. Ils ont les talens
904 613 3359 788 “les plus ſublimes. Ce ſont des hommes
904 770 3356 948 “céleſtes“. Le Deſpote convint de tout
967 928 3359 1112 ce que diſoit Cadishé. Il y avoit long-
971 1087 3359 1261 temps qu'il lorgnoit Artémiſe reſtée
967 1241 3359 1421 ſur le char. On me demanda qui elle
971 1402 3359 1574 étoit. Je la fis deſcendre. J'ai oublié de
972 1553 3359 1723 dire qu'à Conſtantinople on nous avoit
960 1708 3360 1871 fait quitter, à tous deux, nos habits de
964 1863 3359 2036 Derviches, ou, ſi l'on veut, de Cha
934 2025 3359 2197 treux, & qu'on nous avoit, tous deux,
950 2176 3358 2347 ſuperbement vêtus à la Turque, chacun
953 2331 3339 2493 ſelon le coſtume de notre ſexe. Arté-
955 2487 3330 2652 miſe paroiſſoit donc réellement une
950 2644 3325 2813 ſemme, & elle n'y perdoit pas. Le So-
945 2800 3304 2965 phy lui préſenta galamment la main,
945 2959 3325 3121 pour deſcendre du char. Je lui dis que
934 3113 3322 3292 'étoit une jeune perſonne à laquelle je
912 3270 3312 3451 devois la vie. Il me demanda la per-
940 3425 3316 3590 miſſion de l'embraſſer; ce que je lu ac-
934 3578 3315 3745 cordai. Ma compagne reçut pareille-
933 3738 3311 3900 ment les embraſſemens de ma tante &
928 3892 3320 4058 de Cadishé. Enſuite on nous préſenta
929 4054 3313 4212 au peuple, qui brûloit de nous voir,
936 4209 3318 4372 & qui nous reçut avec tranſport & ado-
924 4355 3316 4525 ration. Le Monarque dit à ſes ſujets que
919 4518 3313 4691 j'étois un de ſes proches parens, & non
910 4675 3308 4846 pas Mahomet, comme ils le croyoient.
910 4833 3315 5009 Les peuples crurent que leur Prince
