4266 6032
914 239 3296 424 étoit d'origine céleſte, puiſqu'il lui ve-
914 412 3297 576 noit des parens du Ciel. Ils chanterent:
912 561 3292 726 „Vive notre Sophy d'origine céleſte,
921 716 3296 885 “& ſes parens qui viennent du Ciel!“
914 876 3308 1043 On célébra, dès le jour même, des ré-
919 1036 3304 1206 jouiſſances extraordinaires pour mon
874 1186 3304 1354 arrivée; & l'on fit des préparatifs pour
873 1342 3304 1510 d'autres fêtes plus brillantes. On me
873 1497 3316 1698 ena voir la ſtatue de mon pere Gré-
937 1650 3315 1818 e Merveil, que j'embraſſai avec at-
881 1789 3313 2010 driſſement. Enſuite nous ſoupâmes
981 1964 3311 2130 ſamille. Le portrait de mon pere étoit
888 2096 3313 2319 pendu ſous un dais, dans la ſale du
909 2374 3318 2599 Le lendemain, tous les Corps de l'É-
886 2584 3316 2750 tat vinrent me rendre hommage, & me
933 2738 3390 2907 complimenter en Perſan, que je n'en-
934 2893 3322 3062 tendois pas. Un interprête m'apprit
933 3048 3320 3221 queles Orateurs avoient beaucoup parlé
890 3208 3318 3374 de ma valeur, de mes exploits, de mes
926 3363 3332 3542 victoires, des trônes que j'avois ren-
935 3521 3327 3681 verſés, des Rois que j'avois mis aux
938 3675 3320 3843 ſers; & ſur-tout de l'affection particu-
943 3827 3335 3997 liere dont m'avoit toujours honoré le
892 3981 3375 4155 divin Mahomet. Je témoignai combien
940 4148 2773 4317 j'étois flatté de pareils éloges.
957 4301 3337 4506 On me compoſa, ſur le champ, un
1038 4457 3347 4631 etit ſérail, où l'on mit, pour mes plai-
924 4594 3342 4822 r, de tès-jolies perſonnes. Jignorefi
1209 4773 3358 4935 mile étoit fort contente de cer
2787 4915 3294 5065 E
