4266 6032
897 236 3328 430 de la vue des hommes, de la voir ſe mon-
934 417 3316 578 trer à mes yeux telle qu'elle avoit paru
945 575 3320 740 à ceux de mon pere, c'eſt-à-dire, comme
950 728 3318 893 une femme emportée par des paſſions
953 878 3316 1051 effrénées! J'avois beau lui repréſenter
957 1036 3320 1205 ce qu'elle devoit au Sophy, ce que je
924 1187 3322 1363 lui devois moi-même: „Nous ſommes
878 1342 3323 1516 “ici, diſoit-elle, au-deſſus de toutes
877 1498 3320 1704 les obligations & de toutes les lois.
883 1659 3325 1824 ors du pouvoir des hommes, nous
878 1790 3335 1975 me leur devons plus rien dans ce mo-
878 1957 3332 2136 ment. Habitans des Cieux, nous ne
883 2118 3335 2285 “devons qu'aux élus qui s'y trouve-
890 2269 3339 2434 “ront avec nous. Quand nous ſerons
972 2431 3342 2585 “redeſcendus ſur la terre, nous re-
890 2575 3340 2755 “prendrons nos obligations vis-à-vis
977 2728 3341 2909 “des habitans de la terre“. J'étois
971 2888 3342 3060 bien loin de goûter une pareille mo-
979 3038 3347 3211 rale. Je n'avois ſûrement pas l'ombre
983 3196 3346 3378 d'une mauvaiſe intention, quandje m'é-
971 3347 3351 3532 tois élevé dans les airs. Le Ciel ſeul doit
924 3506 3361 3702 ſavoir comment je me comportai dans
984 3683 1903 3844 ſon Empire.
959 3798 3373 3996 Nous redeſcendîmes lentement. Ca-
999 3968 3361 4153 dishé témoigna être enchantée de ſa pro-
1000 4119 3361 4311 menade aérienne, & déclara qu'elle en
996 4283 3366 4466 vouloit faire une pareille tous les ma-
900 4425 3382 4620 tins. Je n'étois pas de cet avis. Elle ſe la
929 4591 3385 4777 ſit ordonner par ſon Médecin; mais je
877 4744 3385 4940 prétextai des mauvais temps & des vents
