4266 6032
986 311 3363 487 poſition, en me diſant: „Nous nous
988 480 3346 644 “donnons à vous“. Je leur répondis,
988 621 3342 790 comme Louis Iaux Génois: „Et moi,
977 780 3371 950 “je vous donne au Diable“; & je m'é-
979 947 2336 1103 lançai dans les airs.
1017 1089 3340 1263 Je deſcendis chez le Grand Mogol,
979 1256 3351 1416 & il ſeroit trop long de détailler tous
831 1404 3354 1568 les honneurs qu'il me rendit. Il vouloit
971 1562 3432 1729 me régaler de ſes roupies, qui ſont d'or,
972 1717 3432 1881 comme tout le monde ſait. La ſomme
854 1856 3428 2039 qu'ilm'offroitme paroiſſoit exorbitante;
972 2030 3432 2191 elle nous auroit trop chargés, & nous
962 2183 3320 2345 nous contentâmes de proviſions fraî-
962 2333 3385 2496 ches. Nous deſcendîmes auſſi au Royau-
964 2493 3313 2650 me de Siam. Le Roi, pour nous hono-
959 2646 3318 2811 rer, nous préſenta du béthel qu'il avoit
959 2805 3311 2964 mâché. Nous le remerciâmes poliment,
960 2957 3313 3120 en lui diſant que les habitans des Cieux
957 3108 3341 3277 ne mangeoient pas des alimens terreſ-
936 3271 3311 3433 tres. Cette réponſe nous obligeoit de ne
833 3426 3304 3746 pa aat mmns 'anrionpule ieein
928 3736 3308 3899 manger. Cependant nous y reſtâmes
950 3886 3303 4055 aſſez long-temps pour voir tirer du ſang
952 4049 3303 4212 de la tête de pluſieurs grands Seigneurs,
950 4201 3306 4367 à coups de ſabre, pour les plus légeres
840 4360 3301 4521 inadvertances. Je fus auſſi la cauſe in-
883 4513 3313 4679 nocente que la Reine fit fendre la bou-
909 4670 3308 4835 che à quelques - unes de ſes Dames
938 4813 3316 5021 d'honneur, qui avoient trop parlé ſur
