4266 6032
866 243 3301 435 mon compte, & la fit coudre à quel-
955 424 3304 598 ques autres, qui n'avoient pas aſſez
862 579 3306 897 les e
873 888 3299 1058 pendant à bout de nous procurer des
950 1041 3299 1204 proviſions, & nous formâmes le deſſein
866 1202 3306 1364 de gagner le pays des Alcyons ou des
862 1349 3301 1518 Sylphes, & cette Ville aérienne où j'a-
862 1505 3297 1683 ois déjà ſéjourné, afin d'y revoir la
862 1661 3304 1827 Reine Zéphirine & la Prêtreſſe Aphro-
862 1815 1452 1972 diſe.
868 1963 3306 2134 Bientôtnous vîmes, dans le lointain,
934 2126 3304 2290 une nuée blanche, qui, à meſure qu'elle
938 2279 3306 2439 approchoit, ſe débrouilloit à nos yeux.
898 2436 3334 2595 Nous ne tardâmes pas à reconnoître
901 2585 3301 2749 que cette nue étoit compoſée d'une in-
899 2742 3304 2919 finité de globes volans, comme on dit
909 2897 3303 3058 que la voie lactée eſt la réunion de plu-
941 3050 3303 3207 ſieurs millions d'étoiles. Je dis en moi-
866 3203 3313 3365 même: „Sûrement c'eſt une troupe
888 3356 3304 3519 “d'Alcyons. Je ne me croyois cepen-
890 3512 3306 3696 “dant pas ſi près de leur pays“. Je me
938 3660 3318 3834 hâtai d'avancer vers eux; ils me paroiſ-
938 3819 3299 3987 ſoient, réciproquement, diriger leur
926 3977 3303 4138 courſe vers nous. En peu de temps, je
940 4130 3304 4295 me vis aſſez près d'eux pour reconoître
909 4286 3303 4449 les armes & la livrée de la Reine des
876 4428 3311 4603 Sylphes. Je diſtinguai très-aiſémentſon
917 4597 3311 4760 globe, à la magnificence qui le déco-
910 4751 3313 4952 roit, aux chiffres de S. M., à ſes Gardes
