4266 6032
912 314 3284 477 qu'êtes-vous devenu? Poſſédez-vous
910 468 3261 637 “enfin votre Adélaïde; eſt-ce elle que
916 625 3273 786 “nous voyons ſur votre char?“ A ces
912 783 3279 948 mots, les larmes me vinrent aux yeux à
912 938 3273 1120 mon tour. „Elle n'eſt plus m'écriai-je;
909 1093 3297 1256 “cet horrible malheur eſt preſque m-
910 1249 3301 1413 “dubitable. Cette main...“ En pro-
916 1408 3280 1563 nonçant ce mot, je tombai dans les
921 1559 3272 1719 bras des deux belles. „Mais reſpirons
919 1715 3298 1872 “un moment, repris-je, ne troublons
917 1870 3291 2030 “point, par des pleurs, l'inſtant de no-
902 2020 3299 2157 “tre réunion“. Nous nous embraſſâ-
923 2179 3302 2327 mes de nouveau, & nous reſtâmes muets
924 2331 3301 2489 dans ces doux embraſſemens. Les deux
921 2486 3292 2644 Sylphides pleuroient, ſans doute en
922 2640 3287 2799 penſant à leurs malheurs. J'avois auſſi
924 2794 3291 2952 les yeuxhumides, en ſongeant aux miens
916 2947 3371 3109 & à ceux des malheureux Sylphes. Je re-
928 3103 3296 3264 marquois que, de quatre peuples ſin-
929 3261 3318 3569 uosi aibinams e eneee , de aees
900 3567 3310 3726 du feu, & de l'air, il n'en reſtoit pas un
931 3719 3313 3880 ſeul; de ſorte que nous pourrons paſ-
933 3873 3311 4040 ſer pour menteurs l'un & l'autre, nous
931 4032 3318 4197 qui avons parlé de leur exiſtence,
929 4185 3315 4352 quand on verra que perſonne ne pourra
923 4341 3313 4508 plus les trouver. Le ſouffle de l'Eternel,
936 4498 3299 4692 qui les avoit tirés du néant, les a
940 4656 2773 4820 diſſipés comme la pouſſiere.
888 4809 3339 4985 Après avoir gémi quelque temps,
