4266 6032
959 257 3330 433 je préſentai, aux deux Sylphides, la
960 420 3340 579 belle Artémiſe, qu'elles accueillirent
960 577 3334 740 avec une grace enchantereſſe. „Meſ-
950 735 3332 892 “dames, leur dis - je, c'eſt une ame
955 892 3316 1053 “de la trempe de la vôtre; elle m'a
953 1045 3320 1218 “ſauvé la vie, elle m'a ſacrifié la
954 1202 1766 1323 ſienne“.
995 1324 3315 1519 La plus pure intimité fut tout à coup
959 1509 3311 1669 établie entre nous tous. Il fallut enfin
948 1665 3313 1824 parler de choſes eſſentielles. Je deman-
883 1815 3315 1982 dai aux deux Sylphides quel deſſein les
917 1976 3311 2133 amenoit du côté où je les voyois diri-
943 2129 3332 2286 ger leur courſe. Elles me répondirent
943 2283 3313 2443 que, ſe trouvant ſans patrie, par la ruine
890 2437 3304 2598 de leur ſéjour céleſte, elles avoient pris
933 2585 3303 2752 le parti de chercher un aſile ſur la terre;
893 2745 3327 2907 que l'Europe, & ſur -tout la France,
943 2898 3306 3062 étant le pays de la civiliſation & des
931 3051 3304 3214 Arts, elles avoient formé le deſſein de
928 3206 3299 3365 ſe retirer dans cette belle partie du
928 3359 3299 3523 monde, avec toutes leurs richeſſes (qui
936 3517 3304 3680 étoient prodigieuſes), & qu'elles étoient
933 3669 3363 3831 enchantées de me rencontrer, pour les
883 3825 3361 3991 guider dans leur voyage. Je fus charmé
929 3984 3296 4145 de leur projet; je les en félicitai de tout
938 4138 3291 4300 mon cœur. „Oh! je vous conduirai,
931 4291 3303 4454 “leur dis-je en les embraſſant de nou-
926 4439 3303 4608 “veau. Je le ferai avec une inſigne vo-
919 4594 3378 4759 lupté. Faiſons volte-face, & repaſ-
921 4756 3308 4893 “ſons ſur l'Aſie“. Nos Dames avoient
