4266 6032
938 277 3328 452 gnâmes Pékin, & nous vîmes, en ſou-
931 444 3325 634 riant, les Lettrés gouverner le peuple.
938 597 3320 780 Ils faiſoient diſtribuer, à droite & à
936 757 3313 922 gauche, des baſtonnades; & la Nation
933 916 3315 1086 avoit l'avantage d'être obligée d'expoſer
935 1071 3315 1246 une partie de ſes enfans, parce qu'il n'y
929 1228 3311 1387 avoit pas de quoi nourrir tout le mon-
933 1385 3313 1542 de, malgré l'extrême culture du ſol.
924 1541 3311 1707 Nous admirâmes, ſans enthouſiaſme,
929 1691 3303 1865 un pays ſi excellent. Nous y vîmes un
924 1851 3306 2178 la molie e puppeeenoousvoonamunn
933 2161 3304 2328 l'air, qui nous vendit très-cher des vi-
931 2317 3303 2517 vres, & nous trompa ſur la moitié de
921 2469 2076 2628 ces proviſions.
1057 2605 3304 2797 Nous avançâmes juſques ſur le Japon;
936 2786 3299 2949 nous y vîmes des gens à qui le Gouver-
929 2943 3299 3105 nement rendoit la vie ſi dure, qu'ils
914 3094 3308 3262 s'en défaiſoient pour un rien, & ſe fen-
905 3254 3304 3418 doient le ventre ſans façon. Des crimes
904 3409 3304 3578 horribles, enfantés par des ſupplices
924 3565 3301 3731 atroces, nous firent reculer d'horreur.
926 3720 3303 3894 Le Gouvernement n'étoit prodigue que
907 3875 2689 4042 de la mort & des tortures.
959 4030 3306 4199 Il commençoit à faire froid. Je crai-
947 4188 3301 4348 gnis de paſſer ſur la Tartarie & la Ruſſie.
931 4347 3308 4513 Je tournai vers le ſud-oueſt; je traver-
904 4498 3359 4673 ſai, de nouveau, une partie de l'Aſie;
910 4655 3315 4838 d'où j'entrai dans l'Europe. Je puis dire
903 4807 3328 4988 que je brûlai la Pologne, pour marquer
