4266 6032
897 243 3267 422 la rapidité avec laquelle je paſſai
897 416 3270 599 par-deſſus ce pays, où je vis, avec dé-
902 566 3267 747 goût, des Gentilshommes deſpotes &
904 721 3268 898 des payſans ſerfs. Je planai ſur la Hon-
905 881 3275 1196 eais u aleempegoelo a a ue
909 1191 3282 1351 cellentes choſes. Un coup de vent ter-
897 1345 3282 1511 rible me pouſſa vers le midi, tandis
916 1500 3282 1676 que j'étois près de lès admirer, & me
914 1655 3289 1996 uſl e paiſa eeiu e pe
917 1967 3363 2144 qui ſembloient rentrer dans la terre ſous
919 2122 3282 2314 mes pieds. Je planai ſur une partie de
921 2278 3285 2414 lItale & ſur la Sicile. Le Mont Etna
922 2428 3294 2606 nous ſalua, en paſſant, d'une exploſion
924 2589 3298 2746 terrible, & nous envoya, au milieu des
922 2746 3299 2908 flammes & de la fumée, des pierres, ou
926 2895 3304 3084 plutôt des roches calcinées. Heureuſe-
929 3055 3301 3227 ment, elle ne purent nous atteindre.
921 3206 3301 3373 Nous nous élevâmes au-deſſus de la
910 3367 3311 3549 portée de l'exploſion, quoiqu'elle monte
928 3518 3311 3703 ordinairement à une hauteur ſi prodi-
934 3673 3313 3863 gieuſe, que, ſelon l'expreſſion de Vir-
938 3825 3315 4018 gile ſidera lambit (elle lêche les aſtres).
1046 3980 3313 4171 Enfin nous gagnâmes l'Eſpagne. Nous
937 4145 3318 4329 y deſcendîmes uniquement pour ache-
936 4301 3323 4482 ter des vivres, qui commençoient ànous
931 4457 3325 4643 manquer, quoique notre cortége ne
931 4594 3323 4795 fût pas tès-nombreux; car la Reine en
922 4763 3330 4991 avoitlalſé la plus grande partie en Aſie.
