<?xml version="1.0" encoding="UTF-8" standalone="no"?><PcGts xmlns="http://schema.primaresearch.org/PAGE/gts/pagecontent/2017-07-15" xmlns:xsi="http://www.w3.org/2001/XMLSchema-instance" xsi:schemaLocation="http://schema.primaresearch.org/PAGE/gts/pagecontent/2017-07-15 http://schema.primaresearch.org/PAGE/gts/pagecontent/2017-07-15/pagecontent.xsd"><Metadata><Creator/><Created>2020-10-14T10:56:39</Created><LastChange>1970-01-01T00:00:00</LastChange><Comments/></Metadata><Page imageFilename="0147.png" imageHeight="6032" imageWidth="4266"><TextRegion id="r1" orientation="0.5" type="paragraph"><Coords points="1,1 4264,1 4264,6030 1,6030"/><TextLine id="l1"><Coords points="3310,443 3309,441 3309,439 3308,439 3012,441 3012,441 3012,440 3011,439 3009,439 3008,438 3006,438 3005,437 3004,430 3004,429 2689,432 2688,432 2688,426 2688,425 2313,428 2312,429 2312,432 2312,432 2310,432 2309,433 2308,433 2307,434 2304,434 2302,436 2288,437 2288,437 2288,442 2287,443 2285,443 2284,441 2284,438 2283,438 2275,438 2273,436 2190,436 2189,436 2189,434 2189,433 1831,437 1830,436 1830,431 1830,431 1417,434 1416,435 1416,438 1415,439 1387,439 1386,440 1387,443 1386,443 1223,445 1223,445 1223,446 1222,447 1122,448 1122,447 1122,446 1121,446 1093,446 1091,443 1091,442 1090,442 974,443 974,443 973,439 973,438 964,438 962,437 962,408 962,407 936,407 933,405 933,341 934,339 991,339 992,338 991,281 992,281 1058,280 1059,279 1069,279 1070,278 1070,279 1070,286 1071,286 1659,281 1659,281 1659,279 1660,278 1679,278 1679,277 1679,276 1680,276 1682,276 1684,274 1695,274 1695,273 1695,272 1696,272 1701,272 1703,274 1706,274 1708,276 1712,276 1712,276 1712,277 1713,278 1717,278 1718,279 2090,275 2090,275 2090,274 2092,272 2095,272 2095,273 2095,275 2096,275 2463,272 2463,273 2463,275 2465,276 2467,276 2467,276 2467,277 2468,278 2470,278 2471,279 2833,276 2833,275 2833,274 2834,274 2841,274 2845,278 2849,278 2849,278 2849,314 2850,315 3237,311 3237,311 3237,300 3241,296 3241,289 3242,288 3254,288 3257,291 3259,291 3261,293 3265,293 3265,294 3265,298 3267,299 3268,326 3268,327 3329,326 3330,327 3330,393 3331,393 3332,393 3332,394 3332,401 3334,403 3334,418 3332,420 3332,422 3332,422 3331,422 3330,423 3330,427 3330,427 3327,427 3326,428 3327,432 3326,432 3318,433 3316,435 3316,442 3315,443"/><TextEquiv><Unicode/></TextEquiv><TextEquiv index="1"><Unicode>“peuples: Il ne s'eſt point éteint par la</Unicode></TextEquiv></TextLine><TextLine id="l2"><Coords points="3264,603 3263,602 3255,602 3255,602 3255,594 3254,593 2911,596 2909,594 2907,594 2907,594 2907,593 2906,592 1309,606 1309,607 1309,610 1308,610 1305,610 1303,608 1303,606 1301,604 955,607 955,607 955,564 954,563 935,563 933,561 931,561 929,559 928,556 929,555 929,511 930,510 933,510 933,510 933,506 934,505 937,505 939,503 967,503 967,503 967,501 969,499 969,495 969,494 971,494 972,493 1093,492 1094,491 1094,488 1095,487 1135,487 1136,486 1203,485 1204,485 1204,462 1206,459 1206,453 1206,453 1207,453 1208,452 1208,448 1208,448 1210,448 1211,447 1367,446 1369,444 1829,440 1830,439 1829,437 1830,437 2142,434 2142,433 2142,432 2143,432 2174,432 2175,433 2175,436 2176,437 2211,436 2212,437 2212,440 2212,440 2710,436 2712,438 2713,438 2714,438 2714,445 2714,446 3008,443 3009,444 3009,446 3010,447 3010,450 3010,450 3253,448 3256,451 3256,453 3256,453 3257,453 3258,454 3258,491 3259,491 3318,491 3318,491 3318,493 3319,494 3321,494 3323,496 3323,498 3325,499 3326,499 3327,501 3327,503 3330,506 3330,509 3332,511 3332,541 3333,541 3344,541 3344,542 3343,543 3343,546 3343,546 3332,546 3332,547 3332,556 3331,556 3330,556 3330,557 3330,560 3329,560 3328,560 3328,561 3328,572 3327,572 3320,573 3320,573 3320,574 3319,575 3318,575 3318,575 3318,579 3317,580 3269,580 3269,580 3269,602 3268,603"/><TextEquiv><Unicode/></TextEquiv><TextEquiv index="1"><Unicode>“négligence des Vierges chargées de</Unicode></TextEquiv></TextLine><TextLine id="l3"><Coords points="3230,747 3229,746 2642,751 2641,750 2637,751 2636,750 2636,747 2636,747 1142,760 1141,761 1135,761 1134,760 1134,756 1134,756 1101,756 1100,755 1100,751 1100,751 967,752 965,751 965,722 964,721 960,721 959,720 930,720 928,718 926,718 926,718 926,717 925,716 924,716 924,716 924,711 926,709 926,705 927,704 926,650 927,649 929,649 929,649 929,645 930,644 955,644 955,644 955,608 955,607 1114,606 1116,604 1145,604 1146,603 1668,598 1669,597 1680,597 1681,596 1848,594 1850,592 1906,592 1907,593 2063,592 2064,592 2073,592 2074,593 2204,592 2206,594 2209,594 2212,597 2216,597 2217,598 2217,602 2219,604 2219,611 2220,611 3263,602 3264,603 3269,603 3272,605 3273,667 3273,668 3320,668 3323,670 3323,675 3325,677 3325,692 3325,692 3326,692 3327,693 3327,700 3325,701 3323,702 3323,702 3323,703 3322,704 3315,704 3313,706 3273,706 3273,706 3273,713 3272,714 3272,715 3271,716 3236,716 3236,717 3236,731 3235,732 3233,732 3232,733 3232,747 3232,747"/><TextEquiv><Unicode/></TextEquiv><TextEquiv index="1"><Unicode>“l'entretenir. Il s'eſt accru, au contrai-</Unicode></TextEquiv></TextLine><TextLine id="l4"><Coords points="1147,922 1146,921 1144,921 1144,920 1143,876 1143,876 1096,876 1095,875 960,876 959,876 959,872 959,871 929,871 928,871 928,816 926,814 926,805 926,804 1094,803 1095,802 1119,802 1122,799 1574,795 1575,794 1574,758 1576,757 1578,757 1581,754 1583,754 1583,753 1583,752 1584,752 1960,748 1961,747 1975,747 1975,748 1975,749 1976,749 1982,749 1984,751 1985,751 1986,752 1988,752 1989,753 2406,750 2407,751 2799,747 2799,748 2799,749 2800,749 2802,749 2803,750 2805,750 2807,752 2810,752 2811,753 2811,755 2813,757 2814,757 2814,757 2815,790 2815,791 2951,790 2952,790 2952,791 2953,793 3007,792 3008,793 3055,793 3056,794 3194,793 3196,795 3198,795 3201,798 3255,797 3257,799 3264,799 3265,800 3265,802 3268,805 3268,809 3268,809 3269,809 3270,809 3270,822 3270,823 3319,823 3320,824 3323,824 3325,825 3325,829 3328,832 3328,852 3327,853 3327,860 3325,862 3325,865 3325,866 3280,866 3279,866 3279,867 3277,869 3277,870 3277,871 3096,873 3095,873 3096,899 3093,902 3088,902 3088,901 3087,873 3087,873 3042,873 3041,873 3041,887 3041,888 3040,888 3039,888 3039,890 3038,892 2653,895 2653,896 2653,907 2652,907 2555,908 2554,907 2539,907 2539,907 2539,905 2538,904 2180,907 2179,907 2173,907 2172,906 1995,907 1994,906 1989,906 1989,906 1988,873 1988,872 1608,875 1607,876 1607,884 1607,885 1387,886 1385,888 1383,888 1381,890 1368,891 1367,891 1368,913 1367,914 1366,914 1366,914 1366,916 1365,917 1168,918 1168,919 1168,920 1167,920 1163,920 1162,921"/><TextEquiv><Unicode/></TextEquiv><TextEquiv index="1"><Unicode>“re, par le voiſinage de pluſieurs ma-</Unicode></TextEquiv></TextLine><TextLine id="l5"><Coords points="3154,1071 3153,1070 3114,1070 3113,1069 3090,1070 3089,1069 3067,1069 3066,1068 3040,1068 3039,1067 3023,1067 3022,1066 3006,1066 3005,1065 2996,1065 2995,1065 2995,1031 2994,1030 2947,1031 2946,1030 2851,1031 2850,1029 2850,1027 2849,1027 2541,1029 2537,1034 2537,1036 2536,1036 2534,1036 2534,1037 2534,1039 2531,1041 2526,1041 2525,1042 2519,1043 2517,1045 2491,1045 2491,1045 2491,1056 2490,1057 2484,1057 2484,1056 2484,1054 2483,1054 2364,1055 2363,1054 2245,1055 2245,1054 2245,1039 2244,1039 1966,1041 1966,1042 1966,1058 1965,1058 1842,1059 1841,1061 1841,1062 1840,1062 1600,1065 1600,1065 1600,1067 1599,1068 1586,1068 1586,1067 1586,1065 1585,1065 1141,1069 1140,1070 1125,1070 1125,1070 1125,1077 1125,1078 1103,1078 1102,1077 1102,1070 1101,1070 1091,1070 1091,1070 1091,1068 1090,1067 1081,1067 1081,1067 1081,1062 1080,1061 974,1062 974,1062 974,1059 973,1058 972,1058 972,1058 972,1032 971,1031 930,1031 924,1025 924,1022 922,1020 922,1019 923,1018 922,974 924,972 924,970 925,969 1093,968 1093,967 1093,966 1096,963 1096,962 1097,962 1098,962 1098,961 1098,957 1100,955 1100,953 1100,953 1143,953 1144,952 1144,921 1144,921 1167,920 1168,921 1168,954 1168,954 1553,951 1554,950 1721,949 1722,948 1722,910 1724,907 1749,907 1750,908 1994,906 1995,907 2044,907 2047,910 2127,909 2132,913 2132,923 2132,924 2395,922 2396,921 2396,920 2400,916 2400,912 2400,912 2404,912 2407,909 2407,907 2407,907 2410,906 2411,905 2426,905 2427,906 2427,907 2427,907 2435,907 2436,908 2554,907 2555,908 2821,906 2822,905 2851,905 2852,904 2861,904 2862,905 2867,905 2868,905 2894,905 2895,906 2895,907 2895,907 2896,907 2897,908 2897,909 2899,911 2899,917 2900,918 2900,948 2900,948 3171,946 3172,945 3172,912 3172,912 3181,912 3183,910 3191,910 3194,912 3194,953 3195,954 3240,953 3242,955 3247,955 3251,959 3253,959 3260,967 3260,971 3261,972 3261,990 3262,990 3306,990 3307,991 3311,991 3311,991 3311,992 3312,993 3314,993 3316,995 3318,995 3318,995 3318,997 3321,1000 3321,1001 3322,1002 3323,1009 3323,1010 3324,1010 3325,1010 3325,1030 3324,1031 3323,1031 3323,1031 3323,1032 3322,1033 3322,1060 3320,1062 3173,1063 3172,1063 3172,1070 3172,1071"/><TextEquiv><Unicode/></TextEquiv><TextEquiv index="1"><Unicode>“tieres combuſtibles; &amp;, du Temple,</Unicode></TextEquiv></TextLine><TextLine id="l6"><Coords points="2697,1221 2696,1221 2696,1211 2696,1210 2327,1213 2326,1214 2326,1222 2326,1222 2316,1222 2315,1222 2315,1191 2315,1190 2177,1192 2176,1191 2176,1186 2176,1186 2053,1187 2052,1187 2052,1223 2052,1224 2040,1224 2039,1223 2039,1187 2039,1187 1893,1188 1892,1189 1892,1198 1892,1198 1888,1198 1887,1199 1887,1206 1887,1206 1880,1206 1879,1207 1879,1216 1878,1217 1877,1217 1875,1215 1700,1217 1698,1215 1698,1207 1698,1207 1476,1209 1475,1209 1475,1215 1473,1218 1464,1218 1462,1216 1462,1215 1462,1215 1393,1215 1392,1215 1392,1213 1392,1212 1245,1214 1244,1213 1244,1211 1244,1211 989,1213 988,1213 988,1219 988,1220 982,1220 981,1219 981,1193 981,1193 960,1193 959,1193 959,1190 959,1189 932,1189 931,1189 931,1188 931,1187 930,1187 929,1187 929,1183 928,1182 928,1180 928,1176 929,1175 928,1129 929,1128 929,1122 931,1120 1101,1119 1101,1118 1101,1078 1102,1078 1125,1078 1126,1077 1152,1076 1154,1074 1306,1073 1307,1072 1439,1071 1440,1070 1445,1070 1445,1069 1600,1068 1602,1069 1602,1103 1603,1104 1855,1101 1855,1101 1855,1071 1857,1069 1858,1069 1858,1069 1858,1068 1858,1067 1878,1067 1879,1068 1879,1072 1880,1072 2100,1070 2100,1070 2100,1069 2102,1067 2107,1067 2108,1065 2110,1065 2112,1063 2119,1063 2125,1068 2125,1102 2126,1103 2171,1103 2172,1104 2429,1101 2432,1098 2637,1097 2638,1096 2821,1094 2821,1093 2821,1065 2822,1065 2826,1065 2827,1063 2830,1063 2831,1062 2844,1062 2845,1062 2845,1064 2846,1065 2847,1065 2847,1065 2847,1066 2848,1067 3005,1065 3006,1066 3022,1066 3023,1067 3039,1067 3040,1068 3208,1067 3208,1067 3208,1071 3209,1072 3210,1072 3210,1072 3210,1103 3211,1104 3230,1103 3230,1104 3230,1108 3231,1108 3259,1108 3261,1110 3263,1110 3265,1112 3266,1112 3267,1113 3271,1113 3272,1114 3273,1120 3275,1122 3275,1124 3277,1126 3277,1150 3277,1151 3305,1151 3306,1151 3306,1152 3306,1153 3307,1153 3308,1153 3308,1154 3308,1155 3312,1155 3318,1160 3318,1171 3317,1172 3316,1172 3316,1172 3316,1176 3315,1177 3315,1179 3311,1184 3309,1184 3308,1184 3308,1189 3307,1191 3299,1191 3294,1186 3242,1186 3241,1186 3241,1185 3241,1184 3239,1184 3237,1182 2908,1185 2907,1186 2907,1189 2907,1189 2834,1190 2833,1191 2703,1192 2702,1192 2702,1220 2702,1221"/><TextEquiv><Unicode/></TextEquiv><TextEquiv index="1"><Unicode>“il s'eſt étendu dans toute la Ville.</Unicode></TextEquiv></TextLine><TextLine id="l7"><Coords points="1637,1384 1637,1384 1637,1358 1636,1357 1275,1360 1275,1361 1275,1371 1274,1371 1272,1371 1272,1372 1272,1374 1268,1377 1194,1378 1194,1379 1194,1380 1191,1382 1180,1382 1179,1384 1179,1385 1178,1385 1175,1385 1175,1385 1175,1384 1173,1382 1086,1383 1084,1381 1084,1373 1083,1372 990,1373 989,1371 988,1340 988,1340 934,1340 933,1339 929,1339 928,1339 928,1337 926,1335 926,1326 929,1323 929,1297 929,1296 930,1296 931,1296 931,1295 931,1294 933,1294 938,1289 1085,1288 1086,1288 1086,1273 1088,1271 1088,1267 1089,1266 1089,1263 1091,1261 1091,1259 1091,1258 1093,1258 1094,1257 1094,1253 1094,1253 1095,1253 1096,1252 1096,1250 1098,1248 1100,1248 1101,1247 1101,1246 1101,1246 1102,1246 1103,1245 1103,1244 1103,1244 1104,1244 1105,1243 1104,1242 1105,1242 1110,1242 1115,1237 1122,1237 1124,1235 1125,1235 1126,1234 1127,1234 1127,1233 1127,1232 1128,1232 1152,1231 1153,1230 1242,1230 1242,1229 1242,1215 1243,1215 1244,1215 1245,1214 1265,1213 1265,1214 1265,1217 1266,1217 1379,1217 1380,1217 1387,1217 1387,1218 1387,1222 1388,1222 1389,1222 1390,1223 1481,1223 1483,1225 1485,1225 1486,1226 1746,1223 1746,1224 1746,1227 1747,1227 1748,1227 1748,1228 1748,1235 1750,1237 1751,1249 1751,1249 2027,1247 2028,1246 2028,1245 2030,1243 2030,1241 2032,1239 2031,1237 2032,1237 2033,1237 2033,1236 2033,1234 2034,1234 2035,1234 2035,1233 2035,1231 2037,1229 2037,1227 2039,1225 2039,1224 2040,1224 2052,1224 2053,1225 2326,1222 2326,1223 2326,1229 2327,1229 2331,1229 2335,1233 2690,1230 2690,1230 2690,1223 2691,1222 2695,1222 2696,1221 2703,1221 2704,1222 2708,1222 2708,1222 2708,1226 2709,1227 2709,1229 2710,1230 2711,1230 2711,1230 2711,1233 2712,1234 2713,1236 2715,1238 2715,1241 2716,1242 2716,1245 2716,1246 2717,1246 2718,1246 2718,1260 2718,1261 2784,1260 2785,1261 3049,1259 3050,1258 3049,1231 3050,1230 3050,1224 3053,1222 3098,1222 3099,1222 3103,1222 3110,1230 3111,1236 3112,1237 3112,1261 3112,1261 3124,1261 3126,1263 3209,1263 3210,1264 3234,1263 3236,1265 3238,1265 3239,1266 3294,1266 3296,1268 3306,1268 3313,1274 3313,1276 3313,1277 3314,1277 3316,1278 3316,1282 3318,1284 3318,1320 3320,1322 3320,1332 3318,1335 3316,1335 3314,1337 3312,1337 3311,1337 3311,1338 3311,1339 3306,1339 3305,1339 3306,1351 3304,1353 3304,1355 3303,1356 3298,1356 3297,1354 3296,1340 3296,1340 3278,1340 3277,1339 3273,1339 3270,1337 3270,1336 3270,1335 3226,1335 3225,1334 2956,1337 2955,1337 2955,1339 2955,1340 2946,1340 2945,1340 2945,1344 2943,1347 2942,1347 2940,1349 2813,1350 2813,1350 2813,1363 2812,1364 2808,1364 2807,1365 2806,1364 2806,1357 2805,1356 2728,1357 2727,1356 2723,1356 2723,1355 2722,1335 2722,1335 2347,1338 2346,1339 2339,1339 2338,1340 2338,1345 2336,1347 2329,1347 2327,1345 2284,1346 2283,1345 2283,1344 2283,1344 2255,1344 2253,1342 2251,1342 2250,1341 2250,1339 2250,1339 1971,1341 1970,1342 1801,1344 1799,1346 1744,1346 1743,1347 1743,1350 1742,1351 1639,1352 1638,1353 1639,1384 1638,1384"/><TextEquiv><Unicode/></TextEquiv><TextEquiv index="1"><Unicode>“C'eſt ſous les vêtemens mêmes d'une</Unicode></TextEquiv></TextLine><TextLine id="l8"><Coords points="2609,1533 2608,1532 2608,1531 2608,1531 2113,1535 2112,1534 1776,1537 1775,1536 1763,1536 1762,1536 1762,1535 1762,1534 1681,1535 1677,1531 1677,1529 1677,1529 1464,1531 1463,1530 1463,1528 1462,1528 1458,1528 1456,1525 1456,1520 1455,1520 1325,1521 1324,1520 1201,1521 1201,1521 1201,1515 1200,1514 976,1516 976,1516 976,1510 975,1509 938,1509 938,1509 938,1508 937,1507 933,1507 929,1503 929,1476 928,1475 927,1472 928,1471 928,1462 931,1459 931,1455 932,1454 936,1454 936,1454 936,1450 937,1449 969,1449 969,1449 969,1440 971,1438 972,1438 973,1437 974,1437 974,1437 974,1436 975,1435 1090,1434 1090,1434 1090,1405 1089,1404 1089,1393 1089,1392 1100,1392 1102,1390 1133,1390 1135,1388 1482,1385 1483,1384 1483,1382 1483,1382 1490,1382 1492,1380 1498,1379 1499,1378 1551,1378 1552,1379 1552,1380 1554,1382 1558,1382 1559,1383 2353,1376 2354,1377 2492,1376 2494,1378 2709,1376 2711,1378 2713,1378 2715,1380 2717,1380 2718,1380 2718,1381 2718,1382 2724,1382 2725,1382 2725,1384 2727,1387 2729,1387 2730,1387 2730,1391 2730,1392 2731,1392 2732,1392 2732,1400 2733,1401 2733,1414 2734,1415 2870,1414 2870,1414 2870,1415 2871,1415 3087,1414 3089,1416 3093,1416 3094,1417 3153,1416 3153,1417 3153,1418 3154,1418 3168,1418 3169,1419 3207,1419 3208,1420 3252,1419 3253,1421 3253,1444 3254,1444 3318,1444 3320,1446 3321,1484 3321,1485 3326,1485 3327,1485 3327,1494 3328,1495 3328,1499 3327,1500 3324,1500 3316,1508 3316,1510 3315,1511 3174,1512 3174,1512 3174,1521 3172,1524 3170,1524 3168,1526 2626,1531 2625,1531 2625,1532 2625,1533"/><TextEquiv><Unicode/></TextEquiv><TextEquiv index="1"><Unicode>“Prêtreſſe que ce feu deſtructeur a cou-</Unicode></TextEquiv></TextLine><TextLine id="l9"><Coords points="3028,1688 3027,1687 2604,1691 2603,1690 2355,1692 2354,1691 1236,1701 1236,1701 1236,1702 1235,1703 1217,1703 1217,1702 1216,1695 1216,1695 1185,1695 1184,1695 1184,1690 1184,1689 984,1691 983,1690 983,1665 983,1665 949,1665 948,1664 941,1664 940,1664 940,1663 940,1662 937,1662 936,1662 936,1661 933,1658 933,1596 935,1593 1103,1592 1104,1591 1109,1591 1110,1590 1205,1589 1206,1588 1215,1588 1216,1587 1215,1552 1221,1547 1418,1545 1418,1545 1418,1544 1419,1543 1421,1543 1422,1542 1600,1541 1601,1540 1724,1539 1724,1538 1724,1537 1725,1536 2008,1534 2009,1533 2028,1533 2030,1535 2032,1535 2033,1536 2128,1535 2129,1536 2690,1531 2691,1532 2798,1531 2800,1533 3053,1531 3053,1531 3053,1532 3054,1533 3057,1533 3057,1533 3057,1534 3059,1536 3061,1536 3062,1537 3062,1563 3063,1564 3271,1562 3273,1564 3275,1564 3275,1564 3275,1566 3276,1567 3278,1567 3280,1569 3285,1569 3287,1571 3289,1571 3291,1573 3296,1573 3297,1574 3298,1574 3298,1574 3298,1575 3299,1576 3301,1576 3303,1578 3310,1578 3311,1578 3311,1580 3311,1581 3312,1581 3313,1581 3313,1582 3313,1583 3315,1583 3318,1585 3318,1587 3318,1588 3319,1588 3320,1588 3320,1608 3320,1609 3321,1609 3322,1609 3322,1641 3319,1645 3317,1645 3316,1645 3316,1647 3314,1650 3309,1650 3307,1652 3194,1653 3193,1653 3193,1678 3193,1679 3049,1680 3048,1680 3048,1687 3048,1688"/><TextEquiv><Unicode/></TextEquiv><TextEquiv index="1"><Unicode>“vé, &amp; s'eſt enſuite manifeſté. Je ne</Unicode></TextEquiv></TextLine><TextLine id="l10"><Coords points="3198,1846 3197,1845 3195,1845 3195,1844 3194,1800 3194,1800 3141,1800 3140,1801 3141,1835 3139,1837 3139,1839 3138,1839 3136,1839 3136,1840 3136,1841 3135,1841 3102,1841 3101,1840 3098,1841 3098,1840 3098,1839 3097,1839 3096,1839 3096,1838 3096,1836 3094,1834 3094,1829 3093,1829 3023,1829 3022,1828 3021,1803 3021,1802 2967,1803 2965,1801 2856,1802 2855,1802 2856,1837 2852,1841 2832,1841 2830,1843 2823,1843 2823,1842 2823,1841 2822,1841 2816,1841 2816,1840 2815,1803 2815,1803 2731,1804 2730,1805 2728,1805 2726,1806 2726,1808 2725,1810 2720,1810 2717,1813 2711,1813 2711,1813 2711,1823 2710,1824 2703,1824 2702,1822 2701,1803 2701,1803 2619,1804 2618,1805 2566,1805 2565,1806 2565,1810 2565,1810 2496,1811 2496,1811 2496,1845 2495,1846 2491,1846 2488,1849 2471,1849 2469,1851 2457,1851 2455,1849 2455,1822 2454,1821 2367,1822 2367,1821 2367,1820 2366,1820 2365,1820 2365,1819 2365,1817 2362,1815 2357,1815 2357,1814 2356,1810 2356,1810 2331,1810 2330,1810 2330,1806 2330,1805 2229,1806 2228,1807 2228,1808 2227,1809 2227,1810 2227,1810 2226,1810 2225,1811 2226,1813 2223,1815 2221,1815 2221,1816 2221,1818 2219,1819 2213,1819 2212,1818 2211,1808 2211,1807 2090,1808 2089,1809 2090,1834 2089,1834 2059,1835 2058,1836 2058,1839 2056,1841 2054,1841 2054,1841 2054,1843 2053,1844 2051,1844 2049,1846 2035,1846 2035,1845 2035,1844 2034,1844 2033,1844 2032,1842 2031,1808 2031,1808 1897,1809 1896,1810 1887,1810 1886,1811 1886,1812 1886,1812 1878,1812 1876,1810 1822,1811 1821,1811 1822,1840 1821,1841 1819,1841 1817,1843 1812,1843 1812,1842 1811,1811 1811,1811 1758,1811 1756,1813 1757,1814 1755,1815 1645,1816 1645,1817 1645,1818 1643,1819 1641,1819 1640,1820 1635,1820 1634,1819 1634,1815 1633,1814 1566,1815 1565,1814 1528,1814 1528,1815 1528,1820 1527,1820 1519,1820 1519,1820 1519,1815 1518,1814 1464,1815 1464,1815 1464,1856 1463,1857 1459,1857 1458,1858 1447,1858 1446,1856 1446,1815 1445,1815 1364,1816 1363,1817 1304,1817 1304,1818 1304,1839 1303,1839 1299,1839 1299,1839 1299,1821 1298,1820 1269,1820 1268,1819 1263,1820 1262,1819 1199,1819 1199,1820 1199,1831 1198,1831 1197,1831 1196,1830 1196,1820 1195,1819 1163,1819 1162,1820 1154,1820 1153,1819 1045,1820 1045,1821 1045,1823 1043,1824 1007,1825 1007,1825 1007,1826 1006,1827 1005,1827 1005,1827 1005,1847 1004,1848 1003,1846 1003,1843 1002,1842 1002,1829 1001,1829 995,1829 995,1828 995,1826 993,1824 993,1822 992,1822 952,1822 950,1820 947,1820 947,1820 947,1818 946,1817 945,1817 944,1817 944,1816 943,1815 943,1806 941,1804 941,1794 940,1793 940,1792 940,1791 939,1791 938,1791 938,1790 938,1789 936,1789 935,1789 935,1788 933,1786 933,1785 933,1784 932,1784 931,1784 931,1770 932,1769 934,1769 936,1767 936,1765 938,1763 941,1763 941,1763 941,1762 944,1758 971,1758 972,1758 972,1753 974,1751 974,1749 974,1748 982,1748 983,1748 983,1749 983,1750 985,1750 988,1753 990,1753 994,1757 997,1757 1000,1759 1000,1762 1001,1763 1003,1763 1003,1763 1003,1764 1004,1765 1005,1765 1005,1765 1005,1767 1007,1769 1007,1773 1009,1775 1009,1793 1010,1794 1098,1793 1098,1792 1098,1748 1098,1748 1102,1748 1103,1747 1103,1740 1105,1738 1105,1733 1106,1732 1106,1727 1108,1725 1108,1723 1110,1721 1110,1717 1110,1717 1111,1717 1112,1716 1112,1714 1113,1713 1113,1712 1113,1712 1114,1712 1115,1711 1115,1710 1115,1710 1116,1710 1117,1709 1117,1707 1117,1707 1121,1707 1122,1706 1122,1705 1122,1705 1123,1705 1124,1704 1124,1703 1125,1702 1153,1701 1154,1702 1155,1702 1156,1703 1234,1703 1237,1705 1237,1747 1237,1748 1345,1747 1346,1746 1348,1746 1349,1745 1351,1745 1353,1743 1410,1742 1413,1739 1433,1739 1435,1741 1545,1740 1546,1739 1551,1739 1552,1739 1552,1730 1552,1729 1554,1729 1555,1729 1555,1738 1555,1739 1680,1738 1681,1739 1817,1738 1819,1736 1862,1735 1863,1735 1863,1732 1863,1731 1864,1731 1865,1731 1865,1730 1865,1729 1872,1729 1874,1731 1878,1731 1879,1732 1880,1732 1882,1734 1934,1734 1935,1733 1934,1696 1936,1695 1956,1694 1957,1695 1995,1695 1996,1696 1997,1696 1999,1698 2000,1698 2001,1699 2001,1738 2001,1738 2131,1737 2132,1736 2135,1736 2137,1734 2142,1734 2144,1732 2155,1732 2157,1734 2163,1734 2164,1734 2164,1735 2164,1736 2166,1736 2167,1737 2285,1736 2289,1732 2292,1732 2293,1731 2298,1730 2299,1731 2351,1731 2352,1731 2351,1694 2352,1693 2353,1693 2354,1692 2379,1692 2379,1692 2380,1725 2380,1726 2413,1725 2414,1726 2414,1727 2415,1728 2415,1729 2415,1729 2416,1729 2417,1730 2417,1732 2417,1732 2570,1731 2572,1729 2584,1729 2585,1728 2585,1721 2586,1719 2598,1719 2599,1718 2598,1692 2599,1692 2600,1692 2601,1691 2623,1691 2623,1691 2624,1731 2624,1732 2715,1731 2716,1730 2716,1729 2716,1729 2724,1729 2725,1729 2725,1730 2726,1732 2728,1732 2729,1733 2827,1732 2828,1731 2828,1729 2828,1729 2829,1729 2830,1728 2830,1727 2830,1727 2835,1727 2836,1728 2978,1727 2979,1728 3025,1727 3026,1727 3025,1691 3026,1690 3026,1689 3027,1688 3048,1688 3048,1688 3048,1691 3049,1692 3050,1729 3050,1730 3176,1729 3178,1727 3210,1727 3211,1726 3211,1699 3213,1697 3213,1693 3213,1693 3214,1693 3214,1692 3214,1691 3215,1690 3218,1690 3219,1689 3221,1689 3222,1688 3253,1688 3253,1688 3253,1687 3254,1686 3263,1686 3263,1687 3263,1688 3264,1688 3265,1688 3265,1689 3265,1690 3267,1691 3303,1691 3303,1691 3304,1788 3305,1789 3311,1789 3311,1789 3311,1791 3313,1793 3313,1802 3313,1803 3311,1803 3310,1803 3310,1804 3310,1805 3306,1805 3305,1805 3306,1814 3305,1815 3303,1815 3303,1814 3302,1805 3302,1805 3294,1805 3293,1804 3293,1803 3293,1803 3292,1803 3290,1801 3249,1801 3248,1800 3244,1800 3243,1799 3223,1799 3222,1800 3223,1845 3222,1845"/><TextEquiv><Unicode/></TextEquiv><TextEquiv index="1"><Unicode>“ſais comment il y avoit pris: quoiqu'il</Unicode></TextEquiv></TextLine><TextLine id="l11"><Coords points="1846,2008 1845,2008 1845,2001 1845,2000 991,2008 989,2006 987,2006 986,2005 986,1977 985,1977 964,1977 964,1977 964,1976 963,1975 931,1975 931,1975 931,1966 932,1965 931,1909 932,1908 933,1908 933,1908 933,1907 937,1903 950,1903 950,1903 950,1899 951,1898 1321,1895 1321,1895 1321,1884 1321,1883 905,1887 904,1886 904,1882 905,1882 909,1882 909,1881 909,1880 910,1880 914,1880 915,1879 917,1879 917,1878 917,1877 918,1877 1325,1873 1328,1869 1328,1867 1330,1865 1331,1865 1332,1864 1332,1863 1334,1861 1338,1861 1343,1856 1350,1856 1351,1855 1362,1855 1363,1856 1368,1856 1370,1858 1463,1857 1464,1858 1465,1858 1466,1858 1466,1891 1467,1892 1498,1891 1499,1892 1500,1892 1500,1893 1500,1894 1501,1894 2725,1884 2725,1883 2725,1844 2725,1844 2742,1844 2745,1847 2780,1846 2782,1848 3197,1845 3198,1846 3223,1845 3224,1846 3226,1846 3227,1847 3227,1887 3228,1887 3302,1887 3304,1889 3306,1889 3309,1892 3311,1892 3311,1892 3311,1896 3313,1898 3314,1935 3315,1936 3315,1943 3314,1944 3313,1944 3313,1944 3313,1965 3312,1966 3308,1966 3308,1966 3308,1967 3307,1968 3305,1968 3303,1970 3120,1971 3120,1972 3120,1987 3120,1987 3115,1987 3113,1986 3113,1985 3113,1984 1866,1995 1865,1996 1865,2008 1865,2008"/><TextEquiv><Unicode/></TextEquiv><TextEquiv index="1"><Unicode>“en ſoit, comme ces malheureuſes</Unicode></TextEquiv></TextLine><TextLine id="l12"><Coords points="2553,2159 2552,2158 1776,2165 1776,2165 1776,2160 1775,2159 997,2166 997,2165 996,2138 996,2138 941,2138 940,2137 938,2137 936,2135 934,2135 933,2135 933,2122 936,2119 936,2083 938,2081 938,2079 938,2078 939,2078 940,2078 940,2074 941,2073 941,2071 943,2068 1086,2067 1087,2067 1086,2023 1089,2020 1089,2019 1090,2018 1111,2018 1113,2016 1844,2009 1845,2008 2761,2000 2762,1999 2778,1999 2778,2000 2778,2001 2779,2001 2781,2001 2783,2004 2783,2018 2784,2018 2871,2018 2871,2018 2871,2037 2872,2038 2952,2037 2953,2038 3044,2037 3045,2037 3045,2038 3045,2039 3090,2039 3091,2040 3145,2039 3146,2040 3235,2039 3236,2040 3239,2040 3241,2042 3250,2042 3251,2043 3251,2044 3251,2044 3252,2044 3253,2045 3253,2047 3256,2050 3256,2078 3256,2078 3303,2078 3306,2080 3306,2082 3308,2084 3308,2086 3310,2088 3310,2135 3311,2136 3351,2135 3351,2136 3351,2140 3352,2141 3352,2142 3352,2142 3301,2143 3300,2144 2862,2148 2861,2148 2862,2156 2861,2157"/><TextEquiv><Unicode/></TextEquiv><TextEquiv index="1"><Unicode>“Veſtales avoient toutes des fourrures,</Unicode></TextEquiv></TextLine><TextLine id="l13"><Coords points="2899,2313 2898,2312 2898,2285 2897,2284 2742,2286 2742,2286 2742,2287 2741,2288 2668,2288 2668,2289 2668,2308 2665,2310 2646,2310 2645,2309 2623,2310 2623,2309 2623,2288 2622,2288 2567,2288 2567,2288 2567,2284 2566,2283 2565,2283 2565,2283 2565,2274 2564,2273 2362,2275 2362,2275 2362,2299 2361,2300 2348,2300 2348,2300 2348,2288 2347,2287 2202,2288 2202,2289 2202,2318 2201,2318 2186,2318 2186,2318 2186,2307 2185,2307 2128,2307 2128,2307 2128,2304 2127,2303 2051,2304 2051,2303 2051,2286 2050,2286 2013,2286 2013,2286 2013,2281 2012,2280 1843,2281 1843,2282 1843,2295 1841,2297 1836,2297 1836,2296 1836,2281 1835,2281 1831,2281 1829,2279 1715,2280 1715,2280 1715,2322 1714,2323 1693,2323 1693,2322 1693,2280 1692,2280 1664,2280 1663,2281 1659,2281 1657,2283 1607,2284 1607,2284 1607,2313 1606,2314 1604,2314 1603,2312 1603,2305 1602,2305 1399,2306 1399,2307 1399,2312 1398,2312 1396,2312 1394,2314 1385,2314 1385,2315 1385,2321 1384,2321 1382,2322 1382,2322 1382,2323 1381,2324 1356,2324 1356,2324 1356,2325 1355,2326 1346,2326 1344,2324 1342,2324 1342,2323 1342,2321 1341,2321 1293,2321 1292,2320 1292,2317 1291,2316 1181,2317 1180,2316 1175,2316 1174,2315 1174,2314 1172,2312 1172,2298 1168,2294 1168,2290 1167,2289 1010,2291 1010,2291 1010,2306 1009,2307 1009,2319 1007,2321 998,2321 996,2323 996,2325 995,2326 992,2326 990,2323 990,2281 989,2281 942,2281 940,2279 935,2279 934,2278 933,2278 933,2278 933,2276 930,2274 930,2271 929,2270 929,2262 931,2260 931,2232 932,2231 933,2231 933,2231 933,2229 934,2228 941,2228 943,2226 1084,2225 1084,2225 1084,2224 1086,2222 1086,2220 1087,2219 1088,2219 1088,2219 1088,2218 1088,2217 1092,2217 1095,2214 1105,2214 1107,2212 1121,2212 1122,2213 1263,2212 1264,2213 1440,2211 1442,2209 1537,2208 1538,2208 1538,2172 1538,2171 1539,2171 1540,2171 1540,2170 1540,2169 1544,2169 1545,2168 1549,2168 1550,2168 1550,2167 1550,2166 1601,2166 1602,2166 1602,2207 1602,2208 1769,2206 1770,2206 1770,2169 1772,2166 1774,2166 1775,2165 1902,2164 1903,2163 1903,2162 1903,2162 1907,2162 1908,2161 1914,2161 1915,2162 1922,2162 1923,2162 1923,2163 1923,2164 1926,2164 1927,2164 1927,2165 1927,2166 1929,2166 1932,2168 1932,2205 1932,2206 2112,2204 2113,2205 2287,2204 2288,2203 2288,2202 2288,2202 2502,2200 2504,2198 2548,2197 2549,2197 2549,2162 2549,2161 2551,2161 2553,2159 2572,2159 2573,2160 2573,2198 2573,2198 2836,2196 2837,2195 2837,2161 2838,2160 2838,2158 2839,2157 2861,2157 2862,2157 2862,2192 2862,2193 2988,2191 2989,2192 3001,2192 3003,2194 3003,2195 3003,2195 3177,2194 3179,2192 3188,2192 3189,2191 3189,2182 3190,2181 3192,2181 3193,2180 3200,2180 3201,2180 3201,2197 3201,2198 3245,2197 3247,2199 3296,2199 3297,2200 3301,2200 3303,2202 3308,2202 3310,2203 3310,2242 3311,2243 3311,2258 3307,2262 3307,2263 3307,2264 3304,2264 3303,2264 3304,2275 3303,2276 3303,2281 3301,2283 3299,2283 3299,2283 3299,2294 3296,2297 3293,2297 3291,2295 3236,2295 3235,2294 3196,2295 3196,2294 3196,2293 3195,2293 3143,2293 3143,2293 3143,2285 3142,2284 3085,2285 3084,2283 3084,2282 3083,2282 2938,2283 2936,2285 2936,2287 2933,2290 2931,2290 2930,2291 2928,2291 2928,2292 2928,2293 2927,2293 2917,2293 2917,2294 2917,2313 2916,2313"/><TextEquiv><Unicode/></TextEquiv><TextEquiv index="1"><Unicode>“auxquelles il ſe communiquoit, toutes</Unicode></TextEquiv></TextLine><TextLine id="l14"><Coords points="2304,2474 2303,2473 1355,2482 1354,2481 1354,2474 1352,2472 1276,2472 1275,2472 1275,2463 1275,2462 1206,2463 1205,2463 1205,2456 1205,2455 995,2457 993,2455 991,2455 990,2454 990,2450 990,2450 967,2450 964,2448 964,2446 963,2445 937,2445 934,2442 933,2378 934,2377 935,2377 935,2377 936,2376 936,2375 937,2374 1124,2373 1125,2372 1241,2371 1241,2370 1241,2333 1243,2331 1246,2331 1248,2329 1250,2329 1252,2327 2520,2316 2521,2315 2526,2315 2527,2314 2529,2314 2530,2312 2534,2312 2536,2310 2550,2310 2551,2311 2551,2312 2551,2312 2552,2312 2553,2313 2553,2314 2553,2314 2555,2314 2557,2316 3074,2312 3077,2314 3077,2348 3079,2350 3079,2352 3080,2353 3211,2352 3212,2353 3299,2352 3300,2353 3302,2353 3306,2357 3309,2357 3311,2359 3311,2375 3310,2376 3311,2407 3310,2408 3310,2410 3308,2412 3308,2414 3307,2415 3306,2415 3306,2415 3306,2418 3305,2419 3304,2419 3304,2419 3304,2421 3303,2422 3299,2422 3299,2422 3299,2423 3298,2424 3215,2425 3215,2425 3215,2464 3215,2465 2320,2472 2319,2473 2319,2474 2319,2474"/><TextEquiv><Unicode/></TextEquiv><TextEquiv index="1"><Unicode>“celles qui vouloient ſecourir leurs</Unicode></TextEquiv></TextLine><TextLine id="l15"><Coords points="1366,2642 1366,2641 1366,2633 1365,2633 1105,2635 1105,2634 1104,2615 1104,2615 989,2616 988,2615 986,2615 984,2613 984,2611 983,2611 983,2600 983,2599 944,2599 939,2594 937,2594 936,2594 936,2587 935,2586 935,2563 933,2561 933,2556 936,2553 936,2549 936,2548 940,2548 942,2546 944,2546 945,2546 945,2545 945,2544 946,2544 947,2544 947,2543 947,2542 1105,2541 1109,2537 1112,2537 1115,2534 1116,2534 1117,2533 1117,2532 1117,2532 1124,2532 1126,2530 1130,2530 1131,2529 1190,2528 1191,2527 1326,2526 1327,2525 1358,2525 1359,2524 1358,2487 1359,2487 2300,2479 2300,2478 2300,2477 2301,2477 2302,2476 2302,2476 2302,2475 2303,2474 2618,2472 2620,2470 3219,2464 3220,2466 3221,2501 3221,2501 3250,2501 3251,2502 3251,2506 3251,2506 3287,2506 3289,2508 3296,2508 3298,2510 3300,2510 3302,2512 3303,2512 3304,2513 3305,2513 3306,2513 3306,2514 3306,2515 3307,2515 3308,2515 3308,2526 3310,2528 3310,2549 3310,2550 3343,2549 3344,2550 3344,2551 3344,2551 3343,2551 3342,2552 3342,2553 3340,2555 3314,2556 3313,2556 3313,2571 3313,2572 3312,2572 3311,2573 3303,2573 3301,2575 3300,2575 3299,2575 3299,2578 3299,2579 3285,2579 3284,2580 3221,2580 3220,2581 3220,2583 3220,2583 3219,2583 3217,2585 3217,2586 3217,2587 3216,2587 3215,2587 3215,2588 3215,2589 3214,2589 3213,2589 3213,2590 3213,2591 3176,2591 3175,2591 3175,2605 3174,2606 3175,2609 3174,2610 2162,2619 2162,2619 2162,2624 2161,2625 1575,2630 1571,2634 1567,2634 1566,2635 1561,2635 1559,2637 1407,2638 1406,2639 1404,2639 1404,2640 1404,2641 1403,2641"/><TextEquiv><Unicode/></TextEquiv><TextEquiv index="1"><Unicode>“compagnes, voyoient leurs habits</Unicode></TextEquiv></TextLine><TextLine id="l16"><Coords points="2394,2789 2393,2788 2393,2746 2392,2746 2345,2746 2344,2747 2340,2747 2340,2748 2340,2769 2338,2770 2337,2770 2336,2769 2336,2759 2335,2758 2255,2759 2255,2759 2255,2760 2252,2763 2252,2762 2252,2752 2251,2752 2217,2752 2216,2751 2213,2751 2211,2749 2207,2749 2207,2749 2207,2748 2203,2744 2142,2745 2142,2745 2142,2758 2141,2759 2140,2759 2140,2759 2140,2765 2137,2768 2134,2768 2133,2766 2133,2764 2132,2764 2131,2764 2131,2764 2131,2748 2130,2747 2063,2748 2063,2748 2063,2791 2063,2792 2041,2792 2040,2791 2040,2749 2039,2749 1989,2749 1988,2748 1867,2749 1864,2752 1862,2752 1860,2754 1855,2754 1851,2750 1757,2751 1756,2752 1696,2753 1696,2753 1696,2760 1695,2761 1690,2761 1689,2759 1689,2756 1688,2756 1624,2756 1622,2758 1621,2757 1621,2752 1620,2751 1617,2751 1614,2749 1511,2749 1511,2750 1511,2752 1510,2752 1509,2752 1509,2753 1509,2754 1508,2754 1507,2754 1507,2755 1507,2757 1506,2757 1505,2757 1505,2757 1505,2755 1504,2754 1503,2754 1502,2753 1421,2754 1421,2754 1421,2753 1419,2751 1413,2751 1413,2752 1413,2767 1411,2768 1372,2769 1371,2770 1370,2770 1370,2769 1370,2752 1369,2752 1312,2752 1310,2754 1287,2754 1287,2755 1287,2773 1286,2773 1282,2773 1281,2772 1224,2773 1223,2771 1223,2769 1222,2768 1222,2761 1221,2761 1208,2761 1208,2761 1208,2760 1207,2759 1206,2759 1206,2760 1206,2798 1206,2798 1199,2798 1198,2798 1198,2758 1197,2757 1149,2758 1148,2759 1127,2759 1127,2759 1127,2760 1126,2761 1112,2761 1110,2759 1107,2759 1104,2756 1102,2756 1100,2754 1098,2754 1098,2754 1098,2748 1097,2747 1096,2747 1096,2747 1095,2733 1095,2732 1034,2733 1033,2733 1034,2736 1033,2737 1024,2737 1024,2737 1024,2755 1023,2756 1022,2756 1019,2759 1012,2759 1012,2759 1012,2760 1011,2761 1010,2761 1010,2761 1010,2786 1009,2787 1004,2787 1002,2784 1002,2764 1001,2764 969,2764 967,2762 967,2760 966,2759 940,2759 940,2759 940,2750 941,2749 941,2747 942,2746 941,2695 942,2694 962,2694 962,2694 962,2683 963,2682 972,2682 976,2687 976,2697 977,2697 984,2697 984,2698 984,2700 987,2702 991,2702 991,2702 991,2704 996,2709 996,2711 1000,2715 1000,2719 1001,2720 1002,2720 1002,2720 1002,2724 1003,2725 1003,2731 1004,2732 1076,2731 1076,2731 1076,2727 1077,2726 1101,2726 1101,2725 1101,2698 1103,2696 1103,2694 1106,2692 1108,2692 1110,2690 1112,2690 1113,2689 1118,2689 1120,2687 1149,2687 1149,2686 1149,2648 1151,2646 1155,2646 1157,2643 1159,2643 1160,2642 1170,2642 1174,2646 1176,2646 1177,2647 1177,2651 1177,2651 1178,2651 1179,2652 1179,2653 1180,2654 1180,2655 1182,2657 1182,2683 1183,2683 1242,2683 1242,2682 1242,2667 1243,2666 1251,2666 1253,2667 1253,2682 1254,2683 1261,2683 1262,2682 1273,2681 1274,2682 1338,2682 1340,2679 1340,2667 1342,2665 1342,2658 1347,2653 1347,2651 1347,2651 1348,2651 1349,2650 1349,2649 1349,2649 1350,2649 1351,2648 1351,2646 1351,2646 1354,2646 1356,2644 1362,2644 1363,2643 1363,2642 1363,2642 1403,2641 1404,2642 1404,2678 1405,2678 1448,2678 1450,2680 1452,2680 1454,2682 1513,2681 1514,2680 1517,2680 1519,2678 1569,2678 1569,2678 1569,2679 1570,2680 1617,2679 1617,2679 1617,2642 1618,2640 1619,2640 1621,2642 1621,2679 1622,2679 1626,2679 1627,2678 1628,2678 1629,2677 1688,2677 1689,2678 1832,2677 1832,2677 1832,2680 1834,2682 1834,2718 1835,2719 1899,2718 1899,2718 1899,2642 1901,2640 1901,2637 1902,2635 1946,2635 1947,2634 1953,2634 1954,2635 2015,2634 2016,2635 2016,2676 2017,2677 2070,2677 2070,2676 2070,2675 2071,2675 2116,2674 2116,2674 2116,2662 2116,2661 2117,2661 2118,2661 2118,2657 2119,2656 2119,2653 2121,2651 2121,2647 2127,2640 2129,2640 2131,2638 2131,2636 2132,2635 2137,2635 2138,2634 2140,2634 2142,2632 2146,2632 2147,2631 2147,2630 2147,2630 2159,2630 2161,2632 2163,2632 2165,2634 2168,2634 2169,2635 2171,2635 2173,2636 2173,2638 2175,2640 2175,2643 2176,2644 2176,2673 2177,2674 2295,2673 2297,2671 2304,2670 2305,2671 2380,2671 2384,2675 2418,2674 2419,2675 2480,2675 2482,2673 2486,2673 2488,2671 2494,2671 2495,2670 2555,2669 2556,2668 2557,2668 2558,2668 2558,2667 2558,2666 2575,2666 2580,2670 2582,2670 2583,2671 2646,2671 2647,2668 2776,2667 2777,2666 2861,2666 2862,2667 2944,2666 2945,2665 3018,2664 3019,2664 3019,2662 3019,2661 3020,2661 3021,2661 3021,2659 3021,2658 3033,2658 3038,2663 3038,2665 3038,2665 3102,2665 3103,2664 3103,2629 3105,2626 3106,2626 3107,2625 3114,2625 3116,2623 3118,2623 3119,2622 3125,2622 3127,2624 3127,2625 3127,2625 3128,2625 3129,2626 3129,2661 3129,2661 3217,2661 3218,2662 3248,2661 3250,2663 3300,2663 3303,2666 3305,2666 3306,2666 3306,2667 3307,2668 3308,2668 3308,2668 3308,2669 3311,2672 3311,2703 3312,2704 3321,2704 3322,2705 3322,2711 3321,2713 3320,2713 3319,2713 3320,2744 3318,2746 3317,2745 3315,2745 3314,2744 3313,2744 3313,2743 3313,2740 3312,2740 3296,2740 3296,2739 3296,2735 3295,2735 3277,2735 3275,2733 3268,2733 3267,2732 3185,2733 3183,2735 3162,2735 3160,2737 3114,2737 3113,2736 3113,2735 3112,2734 3048,2735 3048,2735 3048,2736 3047,2737 3043,2737 3041,2739 3030,2739 3028,2737 2953,2738 2952,2739 2921,2739 2918,2742 2916,2742 2914,2744 2895,2744 2895,2744 2895,2743 2894,2742 2892,2742 2891,2741 2809,2742 2809,2743 2809,2754 2808,2754 2768,2754 2768,2755 2768,2764 2767,2764 2764,2764 2764,2764 2764,2762 2763,2761 2763,2743 2761,2741 2709,2742 2709,2742 2709,2743 2708,2744 2642,2745 2642,2745 2642,2751 2639,2754 2639,2756 2637,2758 2632,2758 2631,2759 2625,2759 2625,2758 2625,2742 2624,2742 2577,2742 2575,2744 2572,2744 2572,2745 2572,2760 2570,2762 2570,2763 2569,2763 2568,2762 2568,2760 2567,2759 2567,2745 2566,2744 2557,2744 2556,2743 2493,2744 2492,2745 2486,2745 2486,2745 2486,2746 2485,2747 2484,2747 2481,2744 2416,2745 2414,2747 2403,2747 2403,2747 2403,2788 2403,2789"/><TextEquiv><Unicode/></TextEquiv><TextEquiv index="1"><Unicode>“s'enflammer. Pluſieurs coururentdans</Unicode></TextEquiv></TextLine><TextLine id="l17"><Coords points="2791,2943 2789,2941 2788,2941 2787,2940 2786,2940 2785,2940 2785,2900 2785,2899 2683,2900 2682,2901 2682,2902 2682,2902 2676,2902 2674,2904 2643,2905 2642,2905 2642,2922 2642,2923 2641,2923 2640,2924 2635,2924 2634,2923 2634,2905 2634,2905 2574,2905 2573,2906 2573,2909 2573,2909 2568,2909 2567,2909 2567,2904 2567,2903 2506,2904 2505,2903 2229,2905 2228,2906 2228,2908 2224,2912 2224,2914 2223,2915 2223,2919 2223,2919 2220,2919 2219,2920 2219,2921 2216,2924 2214,2924 2209,2929 2198,2929 2197,2929 2197,2921 2197,2920 2152,2921 2150,2919 2150,2909 2150,2909 2133,2909 2131,2907 2096,2907 2095,2906 2038,2907 2036,2905 1921,2906 1920,2907 1914,2907 1913,2906 1913,2905 1913,2905 1766,2906 1765,2907 1725,2908 1724,2909 1691,2909 1690,2908 1618,2908 1617,2909 1617,2948 1620,2950 1622,2950 1622,2951 1622,2951 1605,2952 1604,2951 1604,2950 1605,2950 1607,2950 1608,2948 1608,2909 1608,2909 1513,2909 1512,2910 1512,2912 1512,2912 1491,2913 1490,2913 1490,2927 1490,2928 1486,2928 1485,2927 1485,2926 1485,2926 1484,2926 1483,2925 1483,2914 1483,2914 1372,2915 1370,2917 1355,2917 1354,2917 1354,2932 1354,2933 1352,2933 1349,2935 1349,2939 1349,2940 1343,2940 1342,2939 1342,2913 1342,2913 1249,2914 1248,2914 1248,2943 1247,2945 1245,2945 1244,2944 1244,2943 1244,2943 1243,2943 1242,2942 1242,2914 1242,2914 1209,2914 1208,2915 1208,2956 1208,2956 1194,2956 1193,2956 1193,2917 1193,2916 1160,2916 1159,2915 1158,2915 1156,2914 1121,2914 1120,2913 1120,2912 1120,2912 1116,2912 1115,2911 1115,2910 1115,2910 1022,2911 1021,2911 1021,2926 1019,2929 1017,2929 1015,2930 1015,2939 1015,2940 1013,2940 1010,2943 1006,2943 1005,2942 1005,2940 1005,2940 1003,2940 1002,2939 1002,2919 1002,2919 949,2919 948,2919 948,2918 947,2916 946,2916 945,2916 945,2915 945,2914 944,2914 943,2914 943,2886 941,2884 941,2869 942,2867 946,2867 947,2866 949,2866 950,2866 950,2865 950,2864 952,2864 954,2862 956,2862 957,2862 957,2850 957,2849 980,2849 981,2849 980,2848 981,2847 990,2847 998,2854 998,2856 998,2857 1110,2856 1119,2847 1122,2847 1123,2846 1124,2846 1125,2845 1129,2845 1131,2843 1139,2843 1140,2842 1146,2842 1146,2841 1146,2806 1147,2806 1151,2806 1151,2805 1151,2804 1152,2804 1153,2804 1153,2803 1153,2802 1154,2802 1155,2802 1155,2801 1155,2800 1156,2800 1197,2799 1198,2798 1320,2797 1320,2798 1320,2799 1322,2800 1357,2800 1358,2801 1358,2839 1359,2840 1404,2839 1405,2838 1407,2838 1408,2837 1498,2837 1500,2835 1502,2834 1503,2835 1545,2835 1547,2837 1609,2837 1610,2838 1741,2836 1742,2835 1744,2835 1746,2833 1777,2833 1779,2831 1867,2830 1867,2830 1867,2796 1868,2795 1877,2795 1882,2790 1887,2790 1889,2793 1889,2795 1891,2797 1891,2831 1892,2831 1943,2831 1944,2832 2039,2831 2039,2830 2039,2792 2040,2792 2063,2792 2063,2792 2063,2793 2064,2794 2064,2828 2065,2829 2085,2828 2085,2828 2085,2827 2086,2826 2097,2826 2097,2827 2097,2828 2098,2828 2099,2828 2099,2829 2099,2831 2102,2833 2152,2833 2152,2833 2152,2834 2153,2835 2154,2835 2154,2835 2154,2836 2155,2837 2159,2837 2161,2839 2162,2870 2162,2871 2168,2871 2169,2871 2169,2873 2169,2874 2290,2873 2291,2872 2291,2860 2293,2858 2293,2856 2295,2854 2295,2850 2295,2850 2296,2850 2297,2849 2297,2847 2298,2846 2298,2844 2302,2840 2303,2840 2304,2838 2305,2838 2306,2837 2308,2837 2310,2835 2310,2833 2312,2831 2316,2831 2317,2830 2325,2830 2327,2828 2333,2828 2334,2829 2386,2829 2386,2828 2386,2790 2387,2790 2393,2790 2394,2789 2403,2789 2404,2790 2406,2790 2408,2792 2408,2799 2410,2801 2410,2810 2411,2811 2412,2811 2412,2811 2412,2828 2413,2829 2558,2827 2558,2827 2558,2791 2559,2790 2560,2790 2560,2790 2560,2789 2561,2788 2565,2788 2567,2786 2567,2783 2568,2782 2568,2781 2568,2780 2574,2780 2580,2785 2620,2785 2620,2785 2620,2786 2621,2787 2622,2787 2623,2788 2623,2826 2624,2827 2827,2825 2828,2824 2900,2823 2900,2823 2900,2822 2901,2821 2959,2821 2959,2820 2959,2816 2960,2816 2964,2816 2965,2817 3020,2816 3022,2819 3022,2821 3023,2821 3133,2820 3134,2819 3175,2819 3176,2818 3211,2818 3213,2816 3282,2815 3283,2814 3284,2814 3284,2813 3284,2811 3285,2811 3299,2811 3299,2811 3299,2815 3300,2816 3301,2816 3301,2816 3301,2818 3302,2819 3311,2819 3311,2819 3311,2820 3312,2821 3313,2821 3313,2821 3314,2872 3315,2873 3315,2877 3316,2878 3316,2887 3315,2888 3315,2890 3312,2893 3211,2894 3211,2894 3211,2903 3211,2904 3195,2904 3194,2904 3194,2908 3194,2909 3191,2906 3191,2895 3190,2895 3119,2895 3119,2896 3119,2922 3118,2923 3113,2923 3112,2923 3112,2896 3111,2895 3079,2896 3079,2897 3025,2897 3023,2899 3019,2899 3018,2898 2872,2900 2871,2900 2871,2918 2869,2921 2831,2921 2830,2921 2830,2937 2830,2938 2829,2938 2828,2938 2828,2939 2828,2940 2808,2940 2806,2942 2800,2942 2799,2943"/><TextEquiv><Unicode/></TextEquiv><TextEquiv index="1"><Unicode>“différens endroits, où elles porterent</Unicode></TextEquiv></TextLine><TextLine id="l18"><Coords points="2555,3101 2555,3101 2556,3100 2556,3099 2556,3098 2557,3098 2558,3098 2558,3097 2558,3096 2682,3095 2683,3095 2682,3056 2682,3055 2680,3055 2679,3054 2526,3056 2525,3057 2490,3057 2489,3058 2484,3058 2482,3060 2478,3060 2477,3060 2477,3061 2477,3062 2397,3063 2396,3064 2389,3064 2388,3063 2388,3062 2388,3062 2387,3062 2386,3061 2386,3060 2386,3060 2308,3060 2305,3057 2150,3059 2149,3060 2148,3060 2147,3060 2147,3061 2147,3062 2146,3062 2145,3062 2145,3063 2145,3064 2136,3064 2135,3065 2133,3065 2132,3065 2133,3073 2132,3074 2130,3074 2130,3074 2129,3066 2128,3064 2119,3064 2118,3063 1899,3065 1898,3066 1898,3068 1897,3069 1885,3069 1884,3069 1884,3068 1884,3067 1883,3067 1882,3067 1882,3065 1879,3062 1879,3060 1878,3058 1876,3058 1875,3058 1875,3057 1875,3056 1737,3057 1734,3060 1734,3062 1734,3062 1733,3062 1732,3063 1728,3064 1727,3064 1727,3068 1727,3069 1660,3069 1658,3067 1656,3067 1655,3066 1567,3067 1566,3066 1427,3067 1426,3068 1426,3069 1426,3069 1421,3069 1420,3070 1421,3079 1420,3080 1420,3082 1418,3083 1417,3083 1414,3080 1413,3075 1413,3074 1406,3074 1405,3074 1405,3073 1405,3072 1400,3072 1399,3071 1209,3073 1208,3074 1205,3074 1204,3075 1205,3078 1203,3079 1201,3079 1201,3079 1200,3075 1200,3074 1192,3074 1191,3073 1045,3074 1044,3075 1045,3098 1043,3100 1033,3100 1031,3097 1030,3075 1030,3075 991,3075 990,3076 988,3076 985,3079 979,3079 979,3079 979,3078 977,3076 949,3076 948,3076 948,3075 947,3074 947,3061 950,3058 952,3058 952,3058 952,3017 950,3015 950,3010 952,3007 1007,3007 1008,3006 1008,3004 1009,3003 1114,3002 1115,3001 1115,2962 1115,2962 1116,2962 1116,2961 1116,2960 1117,2960 1122,2960 1123,2959 1191,2958 1193,2956 1208,2956 1209,2957 1210,2957 1210,2958 1211,2996 1211,2996 1256,2996 1257,2997 1477,2995 1478,2994 1478,2993 1478,2993 1551,2992 1552,2991 1556,2991 1557,2991 1557,2962 1558,2960 1559,2960 1559,2959 1559,2955 1560,2955 1564,2955 1566,2953 1604,2953 1605,2952 1623,2951 1624,2953 1625,2991 1625,2991 1676,2991 1678,2993 1681,2993 1683,2995 1685,2995 1686,2996 1689,2996 1691,2997 1691,2999 1691,3000 1692,3000 1693,3000 1693,3001 1693,3002 1694,3002 1696,3003 1696,3005 1700,3009 1700,3032 1701,3033 1731,3033 1733,3035 1733,3036 1734,3036 1855,3035 1855,3035 1855,2996 1854,2995 1850,2995 1849,2994 1849,2992 1848,2991 1848,2974 1847,2973 1847,2972 1844,2969 1844,2966 1843,2966 1840,2966 1838,2964 1836,2964 1832,2959 1831,2957 1832,2956 1832,2952 1833,2952 1834,2952 1834,2951 1834,2950 1835,2950 1920,2949 1921,2948 1929,2948 1930,2947 1941,2947 1941,2947 1941,2949 1942,2950 1943,2988 1943,2989 1984,2988 1986,2990 2076,2989 2077,2990 2089,2990 2090,2991 2255,2990 2257,2988 2257,2986 2257,2986 2258,2986 2259,2985 2259,2976 2260,2975 2260,2966 2262,2964 2262,2961 2264,2959 2263,2955 2264,2955 2266,2955 2267,2954 2268,2954 2269,2952 2269,2950 2270,2950 2272,2950 2277,2945 2283,2945 2283,2944 2283,2943 2284,2943 2286,2943 2288,2941 2293,2941 2294,2940 2300,2940 2301,2941 2305,2940 2306,2941 2308,2941 2312,2946 2313,2984 2313,2984 2331,2984 2333,2986 2473,2985 2474,2984 2481,2984 2482,2984 2482,2985 2482,2986 2488,2986 2489,2986 2489,2987 2489,2988 2490,2988 2492,2990 2534,2989 2535,2990 2676,2989 2679,2986 2725,2986 2727,2984 2743,2984 2744,2983 2777,2982 2778,2981 2804,2981 2806,2983 2807,2983 2806,2948 2807,2947 2809,2947 2811,2950 2812,2983 2812,2983 2865,2983 2866,2984 2869,2984 2871,2986 2875,2986 2876,2986 2876,2987 2876,2988 2877,2987 2878,2988 2878,2990 2879,2991 2880,2991 2881,2992 2881,2994 2885,2998 2885,3000 2886,3001 2886,3021 2887,3021 3046,3020 3046,3020 3046,2984 3046,2983 3047,2983 3048,2983 3048,2982 3048,2981 3061,2981 3062,2980 3062,2979 3062,2979 3081,2979 3082,2978 3082,2977 3083,2976 3156,2975 3157,2974 3237,2973 3238,2972 3295,2972 3296,2971 3310,2971 3313,2973 3313,2980 3315,2982 3315,2993 3311,2997 3306,2997 3306,2997 3306,3037 3307,3038 3311,3038 3311,3038 3311,3045 3309,3048 3267,3048 3266,3049 3267,3089 3268,3090 3267,3090 3250,3090 3250,3090 3252,3088 3251,3049 3251,3048 3086,3050 3085,3050 3086,3090 3085,3091 3084,3091 3084,3091 3084,3092 3083,3093 3047,3093 3046,3092 3046,3084 3045,3083 2948,3084 2948,3083 2948,3079 2944,3076 2930,3076 2928,3074 2926,3074 2926,3074 2925,3058 2925,3057 2735,3059 2734,3059 2735,3093 2733,3095 2714,3095 2713,3096 2573,3097 2573,3098 2573,3101 2572,3101"/><TextEquiv><Unicode/></TextEquiv><TextEquiv index="1"><Unicode>“l'incendie. Vous ſavez que, pour</Unicode></TextEquiv></TextLine><TextLine id="l19"><Coords points="1104,3273 1103,3272 1101,3272 1098,3270 1098,3262 1099,3261 1100,3261 1101,3260 1102,3260 1102,3259 1102,3257 1102,3257 1020,3258 1019,3257 1019,3256 1019,3256 1015,3256 1012,3253 1012,3224 1011,3224 947,3224 947,3224 947,3223 946,3222 945,3222 945,3222 945,3220 943,3218 943,3206 944,3205 943,3178 944,3177 945,3177 945,3177 945,3173 946,3172 952,3172 952,3172 952,3171 953,3170 1101,3169 1101,3169 1101,3165 1106,3160 1108,3160 1110,3158 1115,3158 1117,3156 1148,3156 1149,3155 1191,3154 1191,3154 1191,3121 1191,3120 1193,3120 1196,3117 1198,3117 1200,3115 1453,3113 1456,3110 2234,3103 2235,3103 2235,3102 2236,3100 2246,3100 2248,3102 2400,3101 2402,3103 3149,3096 3150,3095 3151,3095 3155,3092 3155,3090 3155,3089 3159,3089 3160,3088 3162,3088 3163,3088 3163,3087 3163,3086 3179,3086 3181,3088 3183,3088 3184,3089 3186,3089 3187,3089 3187,3090 3187,3091 3267,3090 3268,3091 3268,3122 3268,3122 3293,3122 3294,3122 3294,3123 3294,3124 3296,3124 3299,3126 3299,3129 3301,3131 3309,3131 3309,3131 3309,3132 3313,3136 3314,3183 3315,3184 3315,3200 3314,3201 3313,3201 3313,3201 3313,3202 3312,3203 3213,3204 3212,3205 3014,3206 3014,3207 3014,3245 3010,3249 2985,3250 2984,3251 2979,3251 2977,3249 2973,3249 2971,3247 2971,3238 2970,3238 2303,3244 2302,3244 2302,3259 2302,3260 2300,3260 2299,3261 1825,3265 1824,3266 1121,3272 1120,3273"/><TextEquiv><Unicode/></TextEquiv><TextEquiv index="1"><Unicode>“plus de légereté, le bois compoſoit</Unicode></TextEquiv></TextLine><TextLine id="l20"><Coords points="1894,3420 1894,3420 1893,3404 1893,3403 1842,3404 1839,3401 1661,3402 1660,3403 1660,3406 1657,3409 1653,3409 1652,3409 1652,3397 1652,3396 1567,3397 1566,3396 1383,3398 1382,3398 1382,3408 1382,3409 1193,3410 1192,3411 1178,3411 1177,3411 1177,3387 1177,3386 1031,3388 1029,3389 1029,3400 1029,3401 1028,3401 1027,3401 1027,3403 1027,3404 1025,3404 1024,3404 1024,3411 1022,3413 1022,3417 1021,3419 1020,3419 1019,3420 1016,3420 1015,3419 1015,3414 1015,3414 1011,3414 1010,3413 1010,3390 1010,3390 953,3390 952,3389 950,3389 947,3387 947,3378 948,3377 948,3320 951,3316 957,3316 959,3318 1106,3317 1107,3316 1114,3316 1115,3315 1115,3311 1115,3311 1116,3311 1117,3310 1117,3306 1117,3306 1133,3306 1134,3306 1134,3307 1134,3308 1135,3308 1136,3308 1136,3309 1136,3310 1303,3308 1304,3308 1304,3307 1304,3306 1310,3306 1311,3307 1505,3305 1506,3306 1663,3305 1664,3304 1667,3304 1668,3304 1667,3287 1669,3285 1669,3271 1671,3269 1671,3268 1672,3267 1859,3265 1864,3260 1896,3260 1896,3261 1896,3263 1899,3265 1901,3265 1901,3266 1901,3270 1902,3270 1903,3270 1903,3271 1904,3304 1904,3304 2022,3303 2023,3304 2210,3302 2211,3301 2215,3301 2215,3301 2215,3300 2216,3299 2218,3299 2219,3298 2220,3298 2221,3297 2281,3297 2281,3296 2281,3261 2282,3261 2299,3261 2300,3260 2427,3258 2429,3256 2431,3256 2431,3256 2431,3255 2432,3254 2451,3254 2451,3255 2451,3256 2452,3256 2453,3256 2454,3257 2674,3255 2675,3254 2725,3254 2726,3253 2732,3253 2734,3255 2798,3254 2799,3256 2799,3292 2800,3292 3007,3290 3008,3289 3034,3289 3038,3285 3083,3285 3084,3283 3084,3281 3086,3280 3174,3279 3174,3278 3174,3251 3177,3249 3182,3249 3183,3248 3187,3248 3187,3247 3187,3246 3188,3246 3194,3246 3195,3247 3251,3246 3253,3249 3253,3291 3254,3291 3256,3291 3256,3292 3256,3296 3258,3297 3258,3299 3260,3301 3260,3303 3260,3303 3310,3303 3311,3303 3311,3305 3311,3306 3312,3306 3313,3306 3313,3320 3311,3322 3311,3326 3310,3327 3310,3328 3306,3332 3260,3332 3260,3333 3260,3347 3259,3347 3258,3347 3258,3348 3258,3349 3257,3349 3256,3349 3256,3350 3256,3352 3255,3352 3254,3352 3253,3354 3252,3354 3251,3355 3251,3356 3251,3356 3250,3356 3249,3357 3249,3358 3249,3358 3242,3358 3241,3359 3231,3359 3230,3360 3230,3387 3230,3387 3101,3389 3100,3389 3100,3404 3100,3405 3077,3405 3076,3404 3076,3367 3076,3367 2927,3368 2926,3369 2926,3370 2926,3370 2925,3370 2924,3371 2812,3372 2811,3373 2811,3387 2811,3387 2810,3387 2808,3389 2805,3389 2804,3390 2795,3390 2791,3394 2786,3394 2785,3394 2785,3387 2785,3386 2698,3387 2697,3387 2697,3384 2696,3383 2696,3371 2696,3370 2528,3372 2525,3374 2525,3377 2524,3378 2524,3380 2520,3384 2520,3386 2518,3389 2514,3389 2513,3389 2513,3391 2513,3392 2511,3392 2509,3394 2496,3394 2494,3392 2494,3373 2494,3373 2342,3374 2341,3375 2341,3385 2337,3389 2336,3389 2335,3390 2335,3394 2334,3395 2333,3395 2333,3394 2331,3392 2331,3389 2331,3388 2296,3389 2295,3388 2295,3387 2295,3387 2150,3388 2149,3388 2149,3396 2149,3397 2093,3397 2092,3396 1943,3398 1942,3399 1937,3399 1936,3399 1936,3402 1935,3404 1914,3404 1913,3404 1914,3419 1913,3420"/><TextEquiv><Unicode/></TextEquiv><TextEquiv index="1"><Unicode>“tous nos édifices: ainſi, l'élément dé-</Unicode></TextEquiv></TextLine><TextLine id="l21"><Coords points="1103,3588 1103,3588 1103,3575 1102,3574 1048,3574 1047,3573 1045,3574 1044,3573 1038,3573 1038,3572 1038,3571 1037,3571 1029,3571 1029,3570 1029,3569 1028,3569 1026,3569 1019,3562 941,3562 941,3562 941,3560 941,3559 944,3559 945,3559 944,3535 945,3534 945,3477 945,3476 946,3476 947,3475 1095,3474 1096,3474 1096,3454 1097,3452 1103,3452 1107,3455 1107,3466 1107,3467 1329,3465 1330,3464 1466,3463 1470,3459 1620,3457 1621,3457 1621,3431 1622,3430 1622,3426 1622,3425 1624,3425 1626,3424 1626,3422 1626,3421 1627,3421 1628,3420 1642,3420 1643,3421 1647,3421 1648,3422 1648,3424 1649,3425 1651,3425 1652,3426 1652,3430 1653,3431 1653,3436 1655,3438 1655,3457 1655,3457 1690,3457 1691,3457 1691,3458 1691,3459 1699,3459 1700,3459 1700,3460 1700,3461 1704,3461 1705,3462 1893,3460 1894,3460 1894,3421 1894,3420 1914,3420 1917,3422 1917,3453 1917,3454 1948,3454 1950,3456 1953,3456 1954,3456 1954,3460 1954,3461 2125,3459 2127,3457 2153,3457 2154,3456 2320,3454 2321,3454 2321,3452 2322,3450 2325,3450 2326,3449 2435,3448 2436,3448 2436,3446 2436,3445 2440,3445 2441,3446 2441,3454 2441,3454 2660,3452 2662,3450 2677,3450 2678,3450 2678,3418 2681,3414 2686,3414 2689,3411 2691,3411 2693,3409 2700,3409 2700,3410 2700,3411 2701,3412 2701,3414 2702,3414 2703,3414 2704,3415 2704,3450 2704,3450 2759,3450 2760,3451 2971,3449 2973,3447 2975,3447 2976,3446 2976,3445 2976,3445 3025,3444 3026,3444 3026,3443 3026,3442 3028,3442 3029,3442 3029,3441 3029,3440 3037,3440 3039,3438 3073,3438 3074,3437 3073,3409 3074,3409 3075,3409 3076,3407 3076,3405 3077,3405 3100,3405 3100,3405 3101,3440 3101,3441 3210,3440 3211,3441 3255,3440 3256,3441 3256,3442 3256,3442 3264,3442 3265,3443 3265,3444 3265,3444 3266,3444 3267,3445 3268,3445 3270,3447 3270,3449 3270,3449 3271,3449 3272,3450 3272,3451 3273,3452 3273,3453 3275,3455 3275,3464 3275,3464 3315,3464 3316,3464 3316,3475 3317,3476 3354,3475 3354,3476 3354,3523 3358,3526 3358,3527 3356,3528 3213,3530 3213,3530 3213,3535 3210,3538 3210,3540 3208,3542 3163,3542 3162,3543 3046,3544 3043,3547 2985,3548 2984,3549 2771,3550 2771,3551 2771,3554 2770,3554 2767,3554 2766,3553 2754,3554 2754,3553 2754,3549 2753,3549 2750,3549 2749,3547 2749,3546 2748,3546 2570,3547 2570,3548 2570,3550 2569,3550 2553,3550 2553,3551 2553,3572 2552,3572 2493,3573 2493,3572 2493,3571 2492,3571 2488,3571 2486,3568 2486,3556 2485,3556 2393,3557 2393,3556 2393,3553 2392,3553 2184,3555 2183,3556 2114,3556 2114,3557 2114,3569 2113,3569 2109,3569 2109,3570 2109,3571 2108,3571 2089,3571 2087,3573 2080,3573 2079,3572 2077,3572 2073,3569 2071,3569 2071,3568 2071,3558 2070,3558 1744,3560 1743,3561 1740,3561 1739,3560 1413,3563 1413,3564 1413,3574 1412,3574 1363,3575 1363,3575 1363,3582 1362,3583 1178,3584 1177,3585 1174,3585 1173,3586 1128,3587 1127,3588"/><TextEquiv><Unicode/></TextEquiv><TextEquiv index="1"><Unicode>“vorant n'avoit que trop de matiere.</Unicode></TextEquiv></TextLine><TextLine id="l22"><Coords points="1200,3744 1199,3744 1199,3728 1199,3727 1020,3729 1014,3723 1014,3705 1013,3705 973,3705 971,3703 948,3703 948,3703 948,3701 945,3698 945,3694 944,3693 943,3693 943,3693 943,3692 942,3691 941,3691 941,3691 941,3689 938,3686 938,3679 940,3677 940,3673 940,3672 943,3672 944,3672 943,3632 944,3631 1103,3630 1103,3630 1103,3589 1103,3588 1127,3588 1128,3587 1173,3586 1174,3585 1263,3585 1264,3584 1439,3582 1440,3581 1441,3581 1443,3579 1611,3578 1612,3577 1612,3576 1612,3576 1613,3576 1614,3575 1614,3574 1614,3574 3019,3561 3021,3559 3078,3559 3079,3558 3079,3557 3079,3557 3105,3557 3107,3558 3107,3568 3107,3569 3109,3568 3110,3569 3110,3575 3112,3577 3112,3590 3113,3590 3210,3590 3210,3590 3210,3594 3211,3595 3223,3595 3224,3595 3265,3595 3265,3596 3265,3597 3266,3598 3266,3599 3268,3600 3270,3600 3270,3601 3270,3607 3271,3607 3272,3607 3272,3608 3272,3614 3273,3614 3311,3614 3313,3616 3315,3616 3315,3616 3315,3620 3316,3621 3316,3627 3315,3628 3315,3635 3315,3636 3313,3636 3312,3636 3313,3651 3312,3652 3279,3652 3279,3653 3279,3663 3275,3666 3242,3666 3241,3667 3223,3668 3223,3668 3223,3678 3222,3679 3221,3679 3219,3681 3180,3681 3180,3681 3180,3694 3179,3695 3043,3696 3043,3697 3043,3703 3043,3703 3020,3703 3019,3704 3019,3718 3019,3718 2883,3719 2882,3720 2882,3724 2882,3724 1452,3737 1451,3738 1219,3740 1218,3741 1218,3744 1218,3744"/><TextEquiv><Unicode/></TextEquiv><TextEquiv index="1"><Unicode>“Déjà le feu ſe communique au Tem-</Unicode></TextEquiv></TextLine><TextLine id="l23"><Coords points="1972,3899 1971,3898 1971,3894 1970,3893 1852,3894 1851,3893 1839,3894 1837,3892 1836,3892 1835,3891 1831,3891 1829,3889 1824,3889 1824,3888 1824,3886 1821,3884 1819,3884 1817,3881 1817,3879 1816,3879 1759,3879 1758,3878 1757,3875 1757,3874 1743,3874 1742,3873 1576,3875 1575,3875 1576,3881 1575,3882 1564,3882 1564,3882 1564,3883 1563,3884 1562,3884 1562,3885 1562,3887 1559,3889 1556,3889 1554,3891 1552,3891 1550,3893 1479,3894 1479,3894 1479,3897 1478,3898 1467,3898 1467,3897 1467,3881 1466,3881 1239,3883 1239,3883 1239,3900 1238,3901 1120,3902 1119,3903 1106,3903 1106,3902 1106,3899 1105,3899 1101,3899 1101,3899 1101,3891 1102,3889 1103,3889 1104,3889 1104,3887 1103,3886 1043,3887 1042,3886 1035,3886 1034,3884 1033,3863 1033,3863 941,3863 940,3863 940,3801 938,3799 938,3792 938,3791 1026,3791 1027,3790 1027,3785 1030,3782 1033,3782 1034,3781 1042,3781 1043,3782 1194,3780 1195,3780 1194,3746 1195,3745 1199,3745 1200,3744 1218,3744 1218,3745 1219,3780 1219,3781 1417,3779 1418,3779 1418,3777 1418,3776 1438,3776 1439,3776 1438,3743 1442,3739 1445,3739 1446,3738 1451,3738 1452,3737 1588,3736 1589,3735 1743,3733 1743,3733 1743,3732 1744,3731 1751,3731 1753,3733 1755,3733 1756,3734 1765,3734 1765,3735 1765,3737 1767,3739 1768,3774 1768,3774 1921,3773 1922,3772 2023,3771 2024,3770 2023,3753 2024,3753 2028,3753 2030,3755 2031,3771 2031,3772 2203,3770 2204,3769 2240,3769 2241,3769 2240,3734 2241,3733 2244,3733 2246,3731 2250,3731 2250,3730 2250,3729 2251,3729 2264,3729 2264,3729 2264,3731 2266,3733 2267,3764 2267,3765 2309,3764 2310,3765 2310,3766 2311,3767 2338,3767 2340,3769 2340,3770 2340,3770 2569,3768 2570,3768 2570,3761 2570,3760 2576,3760 2577,3761 2658,3760 2659,3761 2659,3763 2661,3765 2872,3764 2873,3763 2872,3753 2873,3752 2873,3748 2874,3747 2874,3733 2876,3731 2876,3726 2878,3725 2958,3724 2960,3722 2962,3722 2964,3720 2966,3720 2967,3719 3060,3718 3061,3717 3063,3717 3065,3715 3069,3715 3070,3714 3084,3714 3085,3715 3091,3715 3091,3715 3091,3716 3092,3717 3093,3717 3093,3717 3093,3718 3094,3719 3096,3719 3096,3719 3096,3723 3097,3724 3098,3724 3098,3724 3098,3749 3099,3750 3108,3750 3108,3750 3108,3755 3109,3756 3249,3754 3250,3753 3265,3753 3267,3755 3271,3755 3272,3756 3272,3757 3273,3758 3273,3791 3273,3791 3307,3791 3308,3791 3308,3793 3311,3796 3311,3797 3311,3798 3312,3798 3313,3798 3313,3816 3313,3817 3311,3817 3308,3820 3307,3820 3306,3820 3306,3821 3306,3822 3304,3822 3301,3824 3301,3826 3301,3827 3254,3827 3253,3828 3254,3871 3253,3871 3241,3871 3241,3871 3240,3828 3240,3827 3233,3827 3232,3828 3232,3853 3232,3853 3116,3854 3115,3855 3115,3858 3115,3858 3014,3859 3013,3860 2966,3861 2965,3862 2963,3862 2962,3863 2839,3864 2838,3864 2838,3866 2837,3868 2827,3868 2826,3867 2773,3867 2770,3864 2574,3866 2573,3867 2571,3867 2570,3868 2564,3868 2562,3866 2388,3868 2386,3870 2381,3870 2380,3870 2380,3871 2380,3872 2374,3872 2372,3874 2366,3874 2365,3873 2243,3874 2243,3875 2243,3894 2242,3894 2135,3895 2134,3896 1992,3897 1992,3898 1992,3899 1991,3899"/><TextEquiv><Unicode/></TextEquiv><TextEquiv index="1"><Unicode>“ple, déjà il gagne les autres édifices.</Unicode></TextEquiv></TextLine><TextLine id="l24"><Coords points="2773,4038 2773,4038 2773,4027 2772,4026 2540,4028 2539,4027 1480,4037 1478,4039 1210,4041 1209,4042 1206,4042 1206,4042 1206,4035 1205,4034 1165,4034 1164,4033 1152,4034 1150,4032 1148,4032 1148,4031 1148,4022 1147,4022 978,4023 977,4022 946,4022 945,4021 944,3962 944,3961 942,3961 941,3961 941,3953 947,3947 1105,3946 1105,3945 1105,3903 1105,3903 1119,3903 1120,3902 1465,3899 1466,3898 2263,3891 2264,3890 2264,3889 2264,3889 2268,3889 2270,3887 2314,3886 2316,3884 2993,3879 2995,3877 2998,3876 2999,3875 3153,3874 3155,3872 3253,3871 3254,3872 3254,3873 3256,3875 3256,3878 3258,3880 3258,3884 3258,3884 3259,3884 3260,3885 3260,3887 3261,3888 3261,3906 3261,3906 3269,3906 3270,3907 3270,3908 3270,3908 3271,3908 3272,3909 3272,3925 3272,3925 3312,3925 3313,3925 3313,3929 3315,3931 3315,3934 3316,3935 3316,3948 3315,3949 3315,3951 3313,3954 3312,3954 3311,3954 3311,3965 3311,3966 3309,3966 3308,3966 3308,3967 3308,3968 3307,3968 3306,3968 3306,3969 3306,3970 3280,3970 3279,3971 3279,3974 3276,3977 3266,3977 3264,3979 3252,3979 3250,3981 3250,3982 3250,3982 3242,3982 3241,3983 3242,4008 3241,4008 2866,4012 2866,4012 2866,4017 2865,4018 2863,4018 2861,4020 2783,4020 2783,4021 2783,4033 2787,4037 2787,4038 2786,4038"/><TextEquiv><Unicode/></TextEquiv><TextEquiv index="1"><Unicode>“Bientôt toute la Ville eſt un vaſte bû-</Unicode></TextEquiv></TextLine><TextLine id="l25"><Coords points="1280,4212 1279,4212 1279,4188 1279,4187 1252,4188 1251,4187 1251,4183 1251,4183 1247,4183 1246,4182 1216,4182 1215,4181 1212,4181 1211,4181 1211,4173 1211,4172 1157,4173 1156,4173 1156,4174 1156,4175 1154,4175 1153,4176 1151,4176 1149,4178 1144,4178 1142,4176 1137,4176 1136,4175 1132,4175 1131,4174 1131,4173 1131,4173 1127,4173 1125,4171 1125,4169 1124,4168 1122,4168 1119,4165 1119,4163 1118,4163 1116,4163 1113,4159 1113,4157 1112,4156 1112,4153 1110,4152 1055,4152 1055,4153 1055,4157 1053,4159 1053,4161 1051,4162 1046,4163 1046,4163 1046,4201 1046,4202 1041,4202 1039,4200 1039,4163 1038,4163 1003,4163 1003,4163 1003,4165 1001,4168 999,4168 998,4168 998,4170 996,4173 994,4173 993,4173 993,4175 991,4178 980,4178 979,4178 979,4177 979,4176 951,4176 948,4174 948,4119 947,4118 946,4107 947,4106 948,4106 948,4106 948,4104 950,4102 958,4102 962,4106 993,4106 993,4106 993,4107 997,4111 999,4111 1002,4113 1002,4115 1005,4118 1005,4120 1005,4121 1011,4121 1012,4121 1012,4124 1012,4125 1013,4125 1015,4126 1015,4141 1015,4142 1050,4141 1051,4142 1107,4142 1108,4141 1108,4134 1110,4132 1110,4125 1112,4123 1112,4121 1113,4120 1113,4117 1117,4113 1117,4111 1117,4111 1121,4111 1122,4110 1122,4109 1122,4109 1123,4109 1124,4108 1123,4107 1124,4107 1126,4107 1127,4106 1134,4106 1134,4105 1134,4104 1135,4104 1137,4104 1139,4102 1141,4102 1142,4101 1175,4100 1175,4100 1175,4066 1177,4064 1179,4064 1180,4063 1182,4063 1182,4063 1182,4062 1183,4061 1185,4061 1187,4059 1199,4059 1201,4062 1201,4066 1202,4066 1203,4066 1203,4067 1203,4095 1204,4095 1280,4094 1281,4095 1295,4095 1297,4097 1301,4097 1301,4098 1301,4099 1302,4099 1366,4099 1367,4100 1419,4099 1419,4099 1419,4097 1421,4095 1555,4094 1555,4094 1555,4080 1557,4078 1557,4071 1559,4069 1559,4067 1561,4065 1563,4063 1564,4063 1564,4062 1564,4061 1570,4056 1572,4056 1574,4054 1620,4054 1621,4055 1621,4090 1622,4090 1663,4090 1665,4092 1667,4092 1669,4094 1729,4094 1729,4093 1729,4092 1730,4092 1732,4092 1734,4090 1738,4089 1739,4090 1785,4090 1787,4092 1855,4091 1856,4090 1870,4090 1870,4091 1870,4092 1871,4092 1959,4092 1961,4090 1965,4089 1965,4089 1965,4075 1966,4074 1966,4065 1967,4064 1968,4064 1968,4064 1968,4061 1970,4059 1970,4055 1974,4051 1985,4051 1989,4056 1989,4095 1990,4095 1992,4095 1992,4096 1992,4100 1993,4101 1993,4102 1995,4104 1996,4106 1997,4107 1997,4109 1997,4109 1998,4109 1999,4110 1999,4128 1999,4128 2003,4128 2004,4129 2004,4131 2004,4131 2021,4131 2022,4132 2068,4132 2069,4131 2068,4054 2070,4052 2070,4051 2071,4050 2071,4049 2072,4049 2082,4048 2083,4049 2166,4049 2166,4048 2166,4047 2167,4047 2174,4047 2174,4046 2186,4046 2188,4047 2188,4085 2189,4086 2241,4085 2243,4087 2245,4087 2248,4090 2311,4089 2312,4090 2391,4090 2393,4088 2408,4088 2409,4087 2440,4086 2441,4085 2527,4085 2527,4084 2527,4080 2528,4080 2591,4079 2591,4079 2591,4076 2592,4075 2592,4066 2594,4064 2594,4061 2596,4058 2596,4054 2597,4054 2599,4054 2601,4051 2601,4049 2602,4049 2604,4049 2606,4047 2608,4047 2610,4044 2615,4044 2617,4042 2619,4042 2620,4041 2620,4040 2620,4040 2630,4040 2632,4042 2634,4042 2636,4044 2638,4044 2641,4046 2641,4080 2642,4081 2769,4079 2769,4079 2769,4041 2770,4039 2771,4039 2772,4038 2786,4038 2787,4039 2789,4039 2790,4040 2790,4080 2791,4080 2874,4080 2876,4078 2881,4078 2882,4078 2952,4078 2954,4076 2960,4076 2961,4075 2998,4074 2999,4075 3072,4075 3072,4074 3072,4065 3074,4064 3076,4064 3076,4063 3076,4059 3077,4058 3077,4055 3079,4053 3079,4044 3081,4042 3081,4039 3082,4038 3082,4034 3083,4033 3087,4033 3088,4032 3095,4032 3096,4033 3098,4033 3100,4034 3100,4064 3101,4065 3266,4063 3267,4064 3271,4064 3272,4066 3272,4070 3273,4071 3273,4080 3274,4080 3313,4080 3313,4080 3313,4081 3314,4082 3315,4082 3315,4082 3316,4108 3313,4111 3311,4111 3311,4111 3311,4120 3308,4123 3284,4123 3284,4123 3284,4132 3283,4133 3282,4133 3282,4134 3282,4135 3281,4135 3260,4135 3258,4137 3200,4138 3198,4140 3196,4140 3196,4140 3196,4141 3195,4142 3187,4142 3187,4142 3187,4143 3186,4144 3144,4144 3143,4145 3089,4146 3088,4147 3074,4147 3074,4147 3074,4168 3072,4171 3070,4171 3069,4170 3069,4147 3068,4147 3014,4147 3012,4149 2999,4149 2998,4148 2940,4149 2940,4149 2940,4151 2939,4152 2938,4152 2938,4153 2938,4157 2937,4157 2928,4157 2928,4158 2928,4159 2928,4159 2927,4159 2926,4160 2926,4161 2926,4161 2922,4161 2921,4161 2921,4153 2920,4152 2850,4153 2847,4156 2845,4156 2844,4157 2838,4157 2838,4157 2838,4172 2836,4175 2830,4175 2828,4173 2828,4169 2828,4169 2750,4170 2749,4170 2749,4173 2748,4175 2747,4175 2745,4173 2745,4157 2744,4157 2716,4157 2715,4156 2555,4157 2552,4161 2549,4161 2547,4163 2546,4163 2545,4162 2539,4162 2532,4157 2466,4157 2464,4159 2422,4160 2422,4161 2420,4161 2418,4163 2414,4163 2412,4164 2412,4173 2412,4174 2411,4174 2410,4173 2408,4173 2407,4172 2407,4164 2407,4164 2403,4164 2402,4163 2330,4163 2327,4166 2322,4166 2319,4164 2319,4160 2318,4159 2317,4159 2317,4159 2317,4153 2316,4152 2264,4153 2264,4153 2264,4158 2263,4159 2262,4159 2262,4159 2262,4160 2262,4161 2251,4161 2250,4162 2250,4185 2250,4185 2246,4185 2245,4185 2245,4164 2245,4163 2238,4163 2236,4161 2169,4162 2168,4162 2168,4166 2166,4168 2166,4170 2166,4171 2165,4171 2164,4171 2164,4172 2164,4173 2157,4173 2155,4171 2155,4164 2155,4164 2115,4164 2114,4163 2106,4163 2104,4162 2104,4160 2103,4159 2101,4159 2099,4157 2095,4157 2095,4157 2095,4155 2092,4152 2040,4153 2040,4153 2040,4156 2039,4157 2039,4161 2038,4163 2036,4163 2035,4164 2033,4164 2032,4164 2032,4165 2032,4166 1981,4166 1980,4167 1980,4168 1980,4168 1970,4168 1968,4167 1968,4166 1968,4165 1911,4166 1910,4166 1910,4171 1906,4176 1906,4180 1906,4180 1905,4180 1904,4181 1904,4183 1904,4183 1899,4183 1898,4183 1898,4181 1898,4180 1818,4181 1817,4181 1817,4187 1817,4188 1813,4188 1809,4192 1808,4192 1806,4190 1806,4188 1805,4187 1805,4166 1805,4166 1804,4166 1803,4165 1803,4164 1803,4164 1751,4164 1749,4166 1746,4166 1744,4168 1739,4168 1738,4169 1738,4176 1736,4178 1736,4180 1734,4183 1728,4183 1727,4183 1727,4187 1727,4188 1720,4188 1719,4188 1719,4192 1719,4193 1713,4193 1712,4192 1712,4190 1712,4190 1706,4190 1705,4189 1705,4188 1705,4188 1666,4188 1665,4187 1657,4187 1655,4186 1655,4184 1655,4183 1582,4184 1581,4184 1581,4189 1581,4190 1577,4190 1576,4189 1576,4168 1576,4168 1479,4169 1478,4169 1478,4177 1478,4178 1453,4178 1452,4178 1452,4186 1452,4187 1449,4187 1447,4186 1447,4176 1447,4175 1433,4175 1431,4173 1428,4173 1426,4171 1424,4171 1422,4169 1421,4169 1420,4168 1414,4168 1412,4166 1360,4167 1359,4167 1359,4170 1359,4171 1307,4171 1306,4172 1306,4173 1306,4173 1304,4173 1303,4174 1303,4212 1303,4212"/><TextEquiv><Unicode/></TextEquiv><TextEquiv index="1"><Unicode>“cher enflammé. Un vent furieux éten-</Unicode></TextEquiv></TextLine><TextLine id="l26"><Coords points="1631,4369 1631,4369 1631,4367 1633,4364 1652,4364 1653,4364 1653,4351 1652,4350 1058,4355 1058,4355 1057,4337 1057,4336 1055,4336 1054,4336 1054,4333 1054,4332 955,4333 952,4331 952,4326 950,4324 950,4280 949,4279 945,4279 945,4279 945,4272 947,4270 947,4267 948,4266 948,4262 949,4260 1136,4259 1138,4257 1147,4257 1148,4256 1148,4255 1148,4255 1154,4255 1155,4254 1154,4221 1155,4221 1156,4221 1158,4219 1160,4219 1162,4217 1278,4215 1278,4215 1278,4213 1279,4212 1424,4211 1426,4209 1431,4209 1433,4212 1433,4214 1434,4214 2262,4207 2265,4204 2694,4200 2695,4199 2704,4199 2704,4199 2704,4198 2705,4197 2851,4196 2852,4195 2915,4194 2916,4193 2921,4193 2926,4188 2936,4188 2937,4187 2943,4187 2947,4191 2947,4192 2948,4193 2949,4193 2950,4194 2951,4216 2951,4217 3265,4214 3268,4217 3268,4222 3269,4223 3278,4223 3280,4225 3280,4259 3280,4259 3307,4259 3308,4260 3311,4260 3313,4261 3313,4265 3313,4266 3314,4266 3315,4266 3315,4270 3316,4271 3316,4278 3315,4279 3315,4285 3315,4286 3313,4286 3307,4292 3279,4292 3277,4294 3277,4295 3277,4295 3240,4295 3239,4296 3239,4315 3237,4317 3237,4322 3237,4322 3208,4323 3207,4323 3208,4339 3207,4340 3186,4340 3186,4339 3185,4323 3185,4323 3168,4323 3166,4325 3166,4327 3165,4328 2950,4330 2950,4330 2950,4333 2948,4335 2321,4340 2321,4341 2321,4343 2320,4343 1946,4347 1945,4348 1944,4348 1944,4348 1944,4352 1943,4353 1941,4353 1939,4355 1939,4356 1938,4357 1937,4357 1935,4359 1934,4359 1933,4360 1932,4360 1932,4360 1932,4361 1931,4362 1929,4362 1927,4364 1923,4364 1922,4365 1922,4366 1921,4367"/><TextEquiv><Unicode/></TextEquiv><TextEquiv index="1"><Unicode>“doit les progrès de l'embrâſement.</Unicode></TextEquiv></TextLine><TextLine id="l27"><Coords points="2121,4523 2120,4522 2117,4522 2116,4522 2116,4505 2115,4504 1114,4513 1113,4513 1113,4516 1113,4517 1056,4517 1054,4519 1053,4518 1045,4519 1041,4515 1041,4510 1042,4510 1049,4510 1049,4509 1049,4489 1048,4489 979,4489 978,4488 947,4488 947,4488 947,4473 948,4472 947,4420 948,4419 948,4417 950,4415 1050,4414 1050,4414 1050,4412 1052,4410 1106,4410 1106,4410 1106,4376 1110,4371 1135,4371 1136,4372 1139,4372 1140,4373 1213,4372 1214,4373 1654,4369 1655,4370 2010,4367 2011,4368 2011,4369 2011,4369 2012,4369 2015,4372 2015,4387 2015,4387 3080,4378 3081,4377 3081,4369 3082,4368 3082,4359 3084,4357 3084,4354 3085,4353 3087,4353 3088,4352 3090,4352 3091,4351 3091,4350 3091,4350 3093,4350 3095,4348 3097,4348 3099,4346 3100,4346 3101,4345 3101,4344 3102,4343 3105,4343 3108,4340 3114,4339 3115,4340 3207,4340 3208,4340 3208,4372 3208,4373 3301,4372 3303,4374 3307,4374 3308,4374 3308,4375 3311,4379 3315,4379 3316,4379 3316,4381 3318,4384 3332,4384 3334,4385 3334,4388 3333,4390 3324,4390 3323,4390 3323,4430 3322,4431 3322,4432 3320,4434 3320,4435 3320,4436 3319,4436 3318,4436 3318,4437 3318,4438 3316,4438 3314,4439 3314,4440 3314,4441 3311,4441 3310,4441 3311,4443 3309,4445 3308,4445 3307,4446 3301,4446 3301,4446 3301,4447 3300,4448 3299,4448 3299,4448 3299,4449 3298,4450 3244,4450 3243,4451 3242,4451 3242,4452 3242,4477 3241,4478 3241,4480 3238,4482 2909,4485 2909,4486 2909,4487 2907,4488 2893,4488 2890,4491 2811,4492 2811,4493 2811,4513 2811,4513 2797,4513 2796,4514 2494,4517 2492,4519 2132,4522 2131,4523"/><TextEquiv><Unicode/></TextEquiv><TextEquiv index="1"><Unicode>“Nous avions des pompes pour faire</Unicode></TextEquiv></TextLine><TextLine id="l28"><Coords points="2591,4679 2590,4678 2505,4679 2505,4678 2504,4665 2503,4664 2503,4656 2503,4656 2154,4659 2153,4660 2146,4660 2145,4661 2136,4661 2134,4659 2066,4660 2064,4658 1987,4658 1986,4657 1666,4660 1665,4661 1663,4661 1662,4662 1662,4663 1662,4663 1550,4664 1549,4665 1550,4686 1549,4686 1526,4686 1526,4686 1525,4664 1525,4663 1216,4666 1215,4667 1215,4668 1215,4668 1130,4669 1129,4670 1066,4670 1065,4671 1065,4678 1065,4678 1055,4678 1054,4677 1047,4678 1046,4677 1046,4673 1043,4670 1043,4647 1043,4647 980,4647 979,4647 979,4645 979,4644 953,4644 948,4640 948,4638 947,4637 947,4632 946,4630 942,4630 940,4629 940,4612 940,4611 946,4611 947,4611 947,4576 947,4575 949,4575 952,4572 984,4572 985,4572 985,4571 985,4570 1117,4569 1118,4568 1117,4564 1118,4564 1119,4564 1122,4561 1254,4560 1254,4560 1254,4561 1255,4562 1597,4559 1597,4558 1597,4531 1598,4530 1598,4529 1599,4529 1601,4529 1606,4524 1635,4523 1636,4522 1645,4522 1645,4523 1645,4524 1646,4524 1650,4524 1653,4528 1653,4530 1655,4532 1655,4534 1656,4534 1657,4534 1657,4535 1657,4537 1659,4539 1659,4551 1660,4551 1956,4549 1956,4548 1956,4526 1959,4524 1962,4524 1964,4522 1970,4521 1971,4520 1976,4520 1979,4523 2120,4522 2121,4523 2132,4523 2132,4524 2132,4530 2133,4530 2312,4528 2313,4530 2313,4531 2314,4532 2314,4546 2315,4546 2620,4544 2620,4543 2620,4522 2621,4522 2785,4520 2785,4520 2785,4516 2786,4515 2787,4515 2788,4514 2796,4514 2797,4513 2981,4512 2981,4511 2981,4508 2982,4508 2983,4508 2983,4507 2983,4506 2984,4506 2985,4506 2986,4505 2987,4505 2989,4503 2993,4503 2993,4502 2993,4501 2993,4501 3031,4500 3033,4498 3236,4496 3239,4493 3243,4493 3244,4493 3244,4492 3244,4491 3245,4491 3246,4491 3246,4490 3246,4489 3247,4489 3248,4488 3249,4488 3251,4486 3255,4486 3256,4486 3256,4485 3256,4484 3265,4484 3267,4486 3269,4486 3270,4487 3273,4487 3275,4489 3275,4529 3276,4529 3306,4529 3309,4532 3311,4532 3311,4532 3311,4533 3312,4534 3315,4534 3315,4534 3315,4535 3316,4536 3318,4536 3318,4536 3318,4541 3320,4543 3320,4548 3322,4550 3323,4572 3323,4573 3350,4572 3351,4573 3351,4575 3350,4575 3320,4576 3320,4576 3320,4586 3319,4587 3318,4587 3318,4587 3318,4590 3317,4591 3315,4591 3315,4591 3315,4593 3314,4594 3313,4594 3313,4594 3313,4595 3312,4596 3311,4596 3311,4596 3311,4597 3310,4598 3309,4598 3308,4599 3308,4600 3307,4601 3296,4601 3294,4603 3292,4603 3291,4604 3213,4605 3213,4605 3213,4631 3213,4632 3204,4632 3201,4635 3068,4636 3067,4637 3063,4637 3062,4637 3062,4638 3062,4639 3061,4639 3059,4641 3058,4641 3057,4642 3003,4642 3002,4643 3002,4647 3002,4647 2951,4648 2950,4649 2944,4649 2943,4649 2943,4650 2943,4651 2920,4651 2919,4652 2919,4653 2919,4653 2745,4655 2744,4655 2744,4663 2743,4665 2673,4665 2672,4666 2673,4678 2672,4678"/><TextEquiv><Unicode/></TextEquiv><TextEquiv index="1"><Unicode>“monter l'eau de la mer; mais elles ſe</Unicode></TextEquiv></TextLine><TextLine id="l29"><Coords points="2710,4832 2706,4828 2706,4813 2705,4812 2498,4814 2498,4814 2498,4815 2497,4816 2489,4816 2488,4815 2319,4816 2319,4817 2319,4818 2318,4818 2315,4818 2314,4817 2221,4818 2221,4818 2221,4817 2220,4816 2216,4816 2214,4814 2209,4814 2209,4814 2209,4813 2208,4812 2073,4814 2073,4814 2073,4817 2072,4818 2071,4818 2070,4819 2063,4819 2062,4818 1972,4818 1971,4817 1857,4818 1856,4817 1742,4818 1741,4817 1551,4819 1549,4821 1528,4821 1528,4822 1528,4823 1527,4823 1509,4824 1509,4824 1509,4839 1508,4840 1506,4840 1506,4839 1506,4832 1505,4832 1498,4832 1497,4830 1497,4823 1496,4823 1447,4823 1447,4823 1447,4822 1446,4821 1432,4821 1430,4819 1426,4819 1425,4818 1275,4820 1272,4823 1270,4823 1270,4823 1270,4825 1269,4826 1268,4826 1268,4825 1268,4820 1267,4820 1155,4821 1153,4823 1148,4823 1145,4826 1072,4826 1072,4827 1072,4845 1071,4845 1057,4845 1057,4845 1057,4834 1056,4833 1055,4833 1054,4832 1052,4832 1050,4830 1049,4794 1049,4794 1003,4794 1000,4797 1000,4799 997,4802 995,4802 995,4802 995,4804 992,4807 979,4807 978,4806 954,4806 953,4805 953,4803 952,4802 952,4797 949,4795 949,4792 948,4791 948,4783 949,4782 950,4782 950,4782 950,4731 950,4730 951,4730 952,4730 952,4729 952,4728 966,4728 967,4728 967,4724 967,4723 968,4723 970,4721 978,4721 979,4722 979,4725 979,4725 992,4725 995,4727 995,4729 995,4730 1118,4729 1119,4728 1119,4725 1123,4721 1197,4720 1199,4722 1199,4724 1200,4725 1321,4724 1324,4721 1328,4721 1330,4723 1346,4723 1348,4725 1350,4725 1351,4726 1480,4725 1483,4722 1483,4710 1485,4708 1485,4704 1485,4704 1523,4703 1524,4703 1524,4690 1524,4689 1525,4689 1526,4689 1526,4687 1526,4686 1549,4686 1550,4687 1550,4704 1550,4704 1559,4704 1561,4706 1561,4709 1561,4709 1578,4709 1579,4709 1579,4713 1579,4714 1585,4714 1586,4714 1586,4720 1586,4721 1712,4720 1714,4718 1714,4716 1716,4714 1804,4713 1805,4712 1805,4689 1807,4687 1809,4687 1810,4686 1810,4685 1810,4685 1811,4685 1812,4684 1815,4684 1817,4682 1829,4682 1832,4685 1833,4685 1834,4685 1834,4718 1834,4719 2026,4717 2027,4716 2027,4714 2028,4713 2028,4710 2029,4709 2037,4709 2040,4711 2040,4713 2040,4714 2049,4714 2051,4715 2051,4720 2051,4721 2161,4720 2162,4719 2162,4684 2164,4682 2166,4682 2168,4680 2170,4680 2172,4678 2185,4678 2188,4680 2188,4714 2188,4715 2349,4713 2350,4713 2350,4710 2350,4709 2351,4709 2352,4709 2352,4695 2355,4692 2355,4690 2357,4688 2357,4686 2360,4683 2360,4680 2361,4678 2363,4678 2364,4677 2366,4677 2367,4677 2366,4674 2367,4673 2375,4673 2376,4672 2377,4672 2378,4671 2395,4671 2395,4671 2395,4672 2396,4673 2404,4673 2404,4673 2405,4677 2407,4680 2517,4679 2518,4680 2672,4678 2673,4679 2673,4683 2673,4683 2709,4683 2711,4685 2711,4704 2711,4704 2729,4704 2730,4704 2730,4708 2730,4709 2746,4709 2747,4709 2747,4712 2747,4713 2748,4713 2749,4714 2771,4713 2772,4714 2774,4714 2776,4716 2776,4735 2777,4735 2909,4734 2909,4734 2909,4731 2910,4730 2910,4727 2912,4725 2912,4721 2916,4717 2916,4716 2916,4715 2917,4715 2923,4709 2925,4709 2928,4706 2930,4706 2931,4706 2931,4705 2931,4704 2937,4704 2939,4702 2941,4702 2942,4701 2944,4701 2945,4700 2945,4699 2945,4699 2951,4699 2952,4698 2951,4669 2952,4668 2952,4663 2953,4663 2958,4663 2960,4661 2972,4661 2974,4663 2977,4663 2978,4664 2979,4694 2979,4695 3161,4693 3162,4693 3162,4690 3162,4689 3232,4688 3233,4688 3232,4649 3234,4647 3242,4647 3243,4646 3245,4646 3249,4642 3256,4642 3256,4643 3256,4644 3257,4644 3258,4644 3258,4645 3259,4680 3259,4680 3308,4680 3312,4684 3321,4684 3322,4684 3322,4688 3325,4691 3325,4693 3325,4694 3326,4694 3327,4694 3327,4695 3328,4696 3328,4730 3330,4732 3330,4741 3328,4743 3328,4744 3327,4745 3327,4746 3327,4747 3326,4747 3325,4747 3325,4749 3324,4751 3323,4751 3322,4752 3321,4752 3320,4752 3320,4753 3320,4754 3318,4754 3316,4756 3307,4756 3305,4758 3249,4758 3248,4759 3245,4759 3244,4760 3244,4782 3243,4783 3244,4790 3243,4790 3143,4791 3143,4792 3143,4810 3142,4810 3121,4810 3120,4811 3119,4811 3119,4811 3119,4809 3118,4808 2979,4810 2979,4810 2979,4819 2978,4820 2969,4820 2968,4821 2902,4821 2902,4822 2902,4824 2901,4824 2897,4824 2896,4825 2876,4826 2876,4825 2876,4813 2875,4813 2720,4814 2720,4814 2720,4830 2718,4832"/><TextEquiv><Unicode/></TextEquiv><TextEquiv index="1"><Unicode>“touvoient hors de ſervice, dans le</Unicode></TextEquiv></TextLine><TextLine id="l30"><Coords points="2821,5021 2820,5014 2820,5013 1936,5021 1933,5018 1933,5003 1933,5003 1119,5010 1118,5009 1110,5009 1106,5006 1106,5004 1106,5003 1059,5003 1055,5000 1055,4998 1055,4997 958,4998 957,4998 957,4974 955,4972 955,4968 954,4967 953,4967 953,4967 953,4965 952,4964 952,4914 950,4912 949,4910 948,4909 948,4906 947,4905 947,4881 948,4880 949,4880 951,4878 952,4878 952,4878 952,4875 953,4874 1057,4873 1057,4873 1057,4846 1057,4845 1204,4844 1205,4843 1623,4840 1625,4837 1627,4837 1628,4837 1628,4834 1628,4833 2956,4822 2957,4821 2968,4821 2969,4820 3118,4818 3119,4818 3119,4812 3119,4811 3120,4811 3121,4810 3142,4810 3143,4811 3143,4816 3144,4817 3144,4829 3144,4829 3308,4828 3310,4829 3310,4832 3311,4833 3311,4837 3311,4838 3324,4838 3325,4838 3325,4844 3327,4846 3327,4892 3330,4895 3331,4901 3331,4902 3346,4901 3347,4902 3348,4902 3349,4903 3349,4905 3351,4907 3351,4914 3350,4914 3335,4915 3335,4915 3335,4916 3334,4917 3325,4917 3325,4917 3325,4927 3324,4928 3323,4928 3320,4931 3246,4931 3246,4932 3246,4936 3245,4936 3243,4936 3241,4939 3241,4941 3239,4942 3237,4942 3236,4944 3236,4949 3234,4950 3175,4951 3175,4951 3175,4954 3174,4955 3010,4956 3009,4957 3003,4957 3003,4958 3003,4959 3002,4960 3002,4961 3002,4961 2897,4962 2896,4963 2896,5015 2896,5015 2826,5016 2825,5017 2826,5020 2825,5020 2822,5020 2821,5021"/><TextEquiv><Unicode/></TextEquiv><TextEquiv index="1"><Unicode>plus déplarabioétat eux quiétoient</Unicode></TextEquiv></TextLine><TextEquiv><Unicode/></TextEquiv></TextRegion></Page></PcGts>