4266 6032
962 292 3360 467 à des objets ſi graves. Nous reſtâmel
962 453 3350 618 ſtationnaires dans l'air, au - deſſus de
959 613 3345 783 Londres, ſi élevés, que nous n'étions
903 768 3349 940 pas à la portée de la vue des hommes;
965 921 3346 1096 & je deſcendis ſeul, de nuit, pour
962 1079 3346 1253 qu'on ne s'apperçût pas que je deſcen-
964 1235 3340 1400 dois du haut du Ciel. Je m'apperçus
962 1387 3343 1567 que les fiers Bretons traitoient les Fran-
965 1536 3341 1726 çois avec plus de politeſſe que jamais,
959 1701 3344 1881 parce que ceux-ci leur avoient réſiſté
964 1853 3344 2032 aſſez vertement. Je vis que les Rois de
962 2006 3347 2191 la mer n'étoient pas très-heureux ſur la
967 2161 3342 2342 terre. Il régnoit une miſere très-conſi-
971 2317 3342 2492 dérable au ſein de ce peuple-Roi. Ces
967 2472 3344 2656 bonnes gens faiſoient conſiſter leur ſou-
969 2634 3342 2816 veraineté à ſervir de chevaux pour
969 2785 3344 2971 traîner les perſonnages qui leur plai-
969 2945 3340 3127 ſoient, à s'enivrer aux dépens des am-
957 3096 3344 3283 bitieux qui vouloient être élus Mem-
971 3246 3351 3438 bres du Parlement; car on éliſoit,
974 3404 3342 3598 dans ce temps-là, un nouveau Parle-
974 3569 3346 3751 ment. La preſſe régnoit chez ce peu-
976 3710 3349 3915 ple libre, & j'allois m'y voir enrôlé
907 3870 3354 4213 tues , je oe ro roaram ps inre que
983 4183 3355 4374 les Anglois ne l'étoient ſur la terre. Le
967 4348 3356 4531 vent étant devenu favorable pour notre
971 4496 3359 4682 retour en France, nous en profitâmes.
977 4646 3359 4840 En moins de quinze heures nous allâ-
977 4795 3359 5005 mes deſcendre, de nuit, à Paris, près de
