4266 6032
1760 1081 2282 1223 DE
933 2432 3315 2753 eelea damenleumenet papace q
943 2733 3310 2907 attache le plus les Lecteurs; celui des
945 2888 3311 3066 malheurs réveille leur ſenſibilité, & les
943 3043 3316 3219 intéreſſe-d'avantage. Quoi qu'il en ſoit,
943 3203 3386 3531 l maion paemniulel dl or le olus
945 3506 3320 3687 heureux; mais je me le reprochois, &
947 3666 3320 3842 il me manquoit quelque choſe. Adé-
924 3822 3327 3999 laïde n'y étoit pas. Elle n'étoit plus
950 3975 3334 4155 même ſur la terre; j'en avois preſque la
955 4137 3346 4312 certitude effrayante; & c'étoit mon crime
957 4291 3346 4470 qui l'avoit arrachée du ſéjour des vi-
950 4446 3347 4625 vans. Avec un tel reproche à me faire,
885 4596 3359 4785 pouvois -je goûter tranquillement le
950 4773 2505 4954 plaiſir & le bonheur?
