4266 6032
948 314 3351 482 tous ces objets cheris. Je précipitai
948 472 3344 635 ma courſe juſqu'à Naples; & j'y arrivai
948 631 3340 788 en moins de quinze jours. Je me pré-
955 782 3354 951 ſentai d'abord au Miniſtre. Je lui décli-
953 942 3359 1113 nai mon nom. Je lui rappelai le tort
952 1098 3335 1261 qu'on m'avoit fait, & je lui dis le bon-
947 1254 3344 1420 heur que j'avois eu d'apprendre que
953 1412 3328 1572 mon innocence avoit été reconnue.
969 1565 3335 1730 „Cela eſt vrai, me répondit le Miniſ-
947 1722 3335 1882 “tre, qui avoit mon affaire préſente.
947 1873 3347 2039 “Nous nous empreſſerons de vous faire
919 2035 3328 2193 “reconnoître pour un homme d'hon-
947 2176 3325 2354 “neur; & S. M. va réparer, avec plai-
945 2341 3330 2508 “ſir, le tort qui vous a été fait. C'étoit
943 2496 3330 2666 “en partie pour punir le Comte Spi-
941 2656 3320 2815 “nacuta de ſes indignes calomnies con-
938 2811 3325 2974 “tre vous, que nous l'avions fait arrê-
945 2969 3322 3134 “ter, & je voulois qu'on ne lui rendît
940 3120 3323 3291 “la liberté que quand vous y conſen-
936 3275 3323 3446 “tiriez; mais il a fait jouer tant de reſ-
943 3430 3334 3626 “ſorts, qu'il a obtenu ſon élargiſſe-
945 3638 1572 3757 “ment“.
1058 3746 3325 3914 „Bon! me dis - je en moi - même,
938 3904 3322 4074 “j'aurai la gloire de punir ce ſcélérat“.
941 4039 3322 4228 J'oſai demander, au Miniſtre, des nou-
941 4214 3333 4388 velles de la Princeſſe Gémelli. „Elle
938 4369 3323 4540 “vient de ſortir de priſon, me dit-il.
940 4529 3328 4697 “Nous l'avions fait arrêter ſur des dé-
938 4682 3330 4856 “poſitions qu'un inconnu nous avoit
935 4837 3342 5022 “fait parvenir; & il y a tout lieu de
