4266 6032
936 314 3359 494 cipite; je ſaiſis au collet le monſtre;
950 479 3356 650 „Meſſieurs, m'écriai-je, je ne permet-
933 634 3335 808 “trai pas que ce barbare ſouille le
938 793 3346 964 “ſanctuaire par ſa préſence & par le
938 948 3351 1120 “crime qu'il veut conſommer. --
934 1101 3359 1277 “Qu'entends-je? s'écria le Cardinal.
933 1260 3334 1423 “Quelleeſtcette violence? Quoi donc,
936 1418 3339 1585 “en face des Autels!... -- Quoi, chez
935 1576 3359 1746 “moi! dit Spinacuta d'une voix ton-
938 1721 3359 1884 “nante... -- Oui, s'écria la Princeſſe
938 1882 3359 2054 “en ſe jetant dans mes bras, voilà
936 2036 3351 2197 “mon ſauveur; il va me ſouſtraire au
933 2191 3347 2367 “ſort le plus affreux. O Chevalier! dé-
929 2352 3354 2520 “fendez-moi, je vous avoue de tout.
933 2501 3359 2677 “-- Meſſieurs, vous l'entendez, m'é-
936 2656 3353 2862 “criai-je à mon tour, je vous prends
936 2811 3335 2997 “tous a témoin, auſſi bien que Dieu
943 2983 1813 3110 “même“.
988 3127 3330 3301 Spinacuta s'emport horriblement.
927 3285 3353 3454 Pour toute réponſe à ſes invectives, je
933 3436 3347 3610 lui jurai qu'il n'obtiendroit la Prin-
933 3595 3339 3765 ceſſe qu'en me paſſant ſon épée au
928 3750 3337 3925 travers du corps. L'odieux ennemi s'a-
933 3909 3346 4079 dreſſa au Colonel des Gardes du Corps,
935 4064 3356 4236 qui étoit de l'aſſemblée, & le pria de
936 4221 3359 4395 me faire punir comme je le méritois.
958 4379 3351 4555 „Monſieur le Comte, répondit cet hon-
938 4521 3356 4707 “nête Militaire, je ſais que M. le Che-
938 4695 3358 4868 “valier eſt à préſent Colonel, comme
940 4811 3359 4998 “vous & moin. E il lui fit entendre
