4266 6032
873 278 3292 446 qu'il ne voyoit plus que les voies d'hon-
888 441 3187 608 neur à employer entre nous deux.
1051 587 3285 765 „Meſſieurs, dis-je à la compagnie,
893 750 3342 919 “M. le Comte Spinacuta, par des ca-
893 909 3298 1072 “lomnies atroces, m'a fait d'abord
897 1058 3311 1242 “chaſſer ignominieuſement de ce pays-
895 1218 3306 1385 “ci. Mon mnocence n'a pas tardé à être
897 1377 3308 1540 “reconnue. Sa Majeſté a daigné la ma-
898 1531 3298 1695 “nifeſter, & me donner, pour dédom-
900 1689 3303 1848 “magement, un brevet de Colonel.
898 1839 3303 2002 “Le barbare m'a perſécuté en Eſ-
902 2001 3299 2159 “pagne, & m'y a fait fuſiller, avec
833 2154 3304 2313 “des circonſtances qui ajoutent en-
905 2309 3311 2468 “core à l'énormité du fait. Enſuite je
849 2460 3311 2622 “lui ai ſauvé la vie, au ſortir d'un
905 2620 3320 2778 “Gouvernementoù il s'étoit attiré l'exé-
905 2774 3390 2933 “cration publique. Il affectoit pour
907 2928 3310 3093 “moi la reconnoiſſance la plus vive;
912 3086 3318 3263 “& pour ma récompenſe, il m'a chargé
909 3242 3322 3399 “d'imputations affreuſes auprès du Mi-
909 3394 3322 3556 “niſtere de France, & m'a fait enfermer
909 3545 3322 3711 “à la Baſtille. Mon innocence a encore
912 3705 3323 3866 “été reconnue; mon calomniateur s'eſt
909 3861 3316 4023 “vu à ſon tour, empriſonner à Naples.
907 4016 3318 4181 “Du fond de ſa priſon, il a ſoudoyé un
904 4174 3327 4347 “ſcélérat, pour me jouer les plus infames
905 4334 3335 4495 “tours, & chercher les moyens de me
902 4487 3310 4651 “faire périr. Il a eu l'art cruel de faire
895 4628 3322 4806 “enfermer la Princeſſe qu'il veut obte-
878 4799 3315 4974 nir pour épouſe; & c'eſt par les plus
