4266 6032
917 295 3316 496 “la compagnie veut-elle agréer que jel'y
921 478 3316 654 “conduiſe, juſqu'à cr ue cette affaire
917 620 3310 799 “ſoit décidée“? On aucepta cette offre
921 775 3311 960 avec la plus vive reconnoiſſance, &
924 947 3308 1113 nous deſcendîmes tous pour ſortir en-
924 1103 3318 1268 ſemble. Spinacuta nous apperçut, cou-
941 1249 3318 1421 rut à nous: „O Ciel! s'écria-t-il, que
902 1414 3323 1577 “faites-vous? Croyez-vous que je vous
933 1558 3315 1734 “laiſſe enlever mon épouſe“? Il ſe
934 1726 3320 1892 précipita ſur la Princeſſe, pour l'arra-
943 1887 3318 2046 cher de nos bras. Je le ſaiſis au collet,
947 2039 3322 2204 & je l'entraînai loin de ma bienfaitrice,
883 2195 3368 2358 vers laquelle je revins ſur le champ.
947 2344 3325 2513 Spinacuta s'écrie: „Ah! monſtre, je
867 2503 3328 2666 “t'abhorre; que ne puis-je te dévorer
952 2658 3396 2823 “le cœur“! Et il fond tout à coup ſur
952 2818 3332 2978 moi l'épée à la main. J'eus le temps
957 2972 3332 3135 de tirer la mienne, en faiſant un faut en
957 3130 3337 3291 arriere; autrement j'allois être percé
960 3261 3342 3447 d'outre en outre. Tout le monde ſe jeta
940 3437 3340 3604 entre nous deux, pour nous ſéparer. „Il
959 3588 3396 3777 “n'eſt pas encore temps, diſoit-on à
962 3750 3353 3918 “Spinacuta“. On le retint avec beau-
965 3907 3356 4075 coup de peine, tandis que la compagnie
967 4051 3351 4229 ſortoit & emmenoit la belle Princeſſe.
976 4216 3385 4551 ppo ,ol, amoea a ule oil
945 4529 3373 4709 “ſieurs, dit-il avec un faux air d'hon-
986 4688 3396 4887 “nêteté, pardonnez un premier mou-
892 4836 3387 5028 “vement involontaire“. Et reprenant
