4266 6032
885 291 3299 488 un ton furieux: „Demain, me
900 465 3303 637 “dit - il, demain matin, nous nous
907 603 3308 802 “verrons ſelon les lois de l'hon-
910 759 3306 952 “neur. Je ſaurai punir un miſérable“.
913 910 3296 1115 Je répondis: „Oh! de grand cœur. Je
917 1062 3315 1268 “m'y trouverai“. Je priai pluſieurs
921 1227 3316 1421 Militaires, qui ſe trouvoient des nôtres,
927 1392 3311 1583 de régler avec lui le lieu, les armes,
929 1530 3323 1724 les conditions du combat, & je partis
930 1690 3335 1885 avec la compagnie, en ſerrant dans mes
935 1867 2319 2036 bras la belle Princeſſe.
963 2004 3334 2199 Elle me témoigna la plus tendre re-
939 2147 3341 2350 connoiſſance. „Voilà, dit-elle, la ſe-
938 2307 3344 2506 conde fois que vous m'arrachez des
945 2460 3344 2648 “bras de ce monſtre: vous m'avez
948 2618 3344 2823 “auſſi ſauvé deux fois la vie“. Elle me
909 2787 3332 2976 marqua les plus mortelles alarmes au
955 2923 3354 3132 ſujet du combat, dont elle alloit être la
959 3077 3358 3270 cauſe innocente. Je tâchai de la raſſurer
912 3239 3365 3595 e e oſoſantr ee l piai de ee oa-
963 3547 3365 3749 croire au combat qu'elle ſuppoſoit, ou
964 3700 3366 3897 d'avoir aſſez de confiance dans mon cou-
963 3848 3365 4065 rage, pour ne pas en redouter l'iſſue.
961 4003 3363 4214 Tout ce je diſois me rendoit plus cher à
881 4161 3368 4373 ſes yeux, & ne faiſoit qu'augmenter la
883 4316 3368 4527 rainte qu'elle avoit de me voir expoſé
878 4510 2611 4689 au danger pour elle.
965 4595 3377 4837 Oh vin me dire à l'oreille qu'on
960 4785 3385 5014 toit convenu de tout, relativement bu
