4266 6032
941 278 3344 456 combat, fixé au lendemain à ſix heures
940 439 3316 620 du matin; que l'épée étoit laſeule arme,
941 592 3315 765 & l'on me nomma le lieu qui devoit
934 749 3311 918 être le théâtre de notre valeur. Cette nou-
938 907 3310 1082 velle ne m'empêcha pas de faireun repas
935 1060 3315 1272 fort gai, où je déployai la plus grande
938 1222 1660 1382 tranquillité.
953 1376 3310 1543 Je dormis profondément la nuit ſui-
938 1531 3303 1703 vante, & je m'éveillai à cinq heures
941 1691 3306 1853 du matin. Je me levai; des amis vin-
931 1849 3305 2009 rent me prendre, & me conduiſirent au
936 2001 3299 2171 lieu du combat. Tout étoit prêt: une
945 2150 3299 2322 chaiſe de poſte pour le vainqueur; un
950 2300 3299 2479 Chirurgien & une litiere pour le vaincu.
947 2452 3299 2632 Mon ennemi ne tarda pas à paroître.
953 2616 3301 2784 C'étoit un homme de qoans, dans toute
948 2766 3298 2943 laforce de l'âge, d'unetaille giganteſque,
952 2929 3304 3095 & qui paroiſſoit capable de m'écraſer. Il
947 3089 3306 3251 accouroit dans l'excès de la rage la plus
947 3241 3310 3403 violente; le feu rouloit dans ſes yeuxen-
943 3390 3309 3554 ſanglantés; ſa voix étoit un vrai tonnerre.
948 3548 3315 3714 Rien n'égale l'horreur des regards qu'il
943 3700 3323 3870 me lança. Un chien d'une prodigieuſe
945 3862 3322 4024 grandeur, que la Princeſſe lui avoit
957 4018 3340 4180 donné, vint à lui pour le careſſer. D'un
950 4173 3316 4336 coup de poing il lui enfonça le crâne,
957 4328 3346 4490 & le jeta roide mort. „Je t'écraſerai,
952 4482 3344 4647 “s'écria-t-il, comme ce vil animal“.
950 4617 3359 4802 L'écho répéta ſa voix tonnante. Il
919 4792 3359 4983 arracha, d'une main foudroyante, unar-
