4266 6032
943 291 3354 467 faire reculer de quelques pas; mais
947 456 3332 620 nous nous trouvâmes alors ſur un terrein
936 608 3330 944 uiae uui deidi l uaae ea l e pie
947 928 3329 1104 ſai, & je tombai. Soudain le lâche vou-
945 1084 3332 1263 lut profiter de cet avantage & me per-
940 1235 3330 1420 cer ſur la terre; tout le monde ſe jeta
945 1388 3339 1574 ſur lui pour empêcher cet aſſaſſinat,
940 1548 3339 1730 en lui reprochant ſa lâcheté. Son épée
940 1703 3332 1877 m'avoit déjà cependant atteint; ce qui
940 1860 3325 2035 ne fit que me donner plus d'ardeur,
939 2016 3347 2344 ſeaa t tomne un eait, le le reiai
948 2315 3332 2508 avec une rapidité foudroyante, je lui fis
943 2475 3334 2660 bientôt une bleſſure plus conſidérable
953 2634 3325 2828 que la mienne. Il devint plus furieux.
948 2790 3341 2978 Bientôt ſon épée ſe briſa en éclats dans
944 2940 3334 3126 ſes mains. Je baiſſai la mienne juſqu'à
953 3112 3328 3290 ce qu'on lui en eût fourni une autre.
905 3258 3335 3444 Il ſauta ſur moi comme un lutteur redou-
955 3411 3341 3589 table, me ſerra dans ſes bras de fer,
957 3559 3342 3752 m'enleva de terre, & me rejeta ſur le ſa-
961 3715 3346 3920 ble. Il vint à bout de me terraſſer;
960 3879 3347 4079 mais je l'entraînai avec moi. Nous lut-
965 4033 3346 4214 tions ſur la terre, baignés de ſang l'un
972 4185 3347 4387 & l'autre. Il vouloit m'écraſer ſous ſon
969 4338 3353 4547 poids; mais j'eus l'art de m'échapper &
976 4498 3358 4685 de me relever. Il ſe releva pareille-
974 4642 3359 4850 ment. On lui ſoumnit une autre épée. Il
977 4814 3359 5022 fondit ſur moi denouveau, vint à bour
