4266 6032
890 270 3311 478 mes bleſſures, & je jouiſſois de la ſanté
933 451 3322 625 la plus floriſſante; mais je m'ennuyois
938 615 3308 787 beaucoup d'être enfermé, quand je brû-
933 767 1564 930 lois d'agn.
974 922 3310 1089 J'appris que mon combat avoit fait
941 1082 3318 1251 beaucoup de bruit, & que ce bruit
924 1234 3303 1414 étoit venu juſqu'aux oreilles de S. M.
957 1394 3310 1571 qui avoit dit: „Spinacuta le mérite;
936 1552 3313 1715 “comment ſe fâcher de cela?“ Mais
938 1703 3315 1875 la famille de ce malheureux, ſans doute
957 1856 3315 2052 à ſon inſtigation, avoit préſenté, de-
957 2018 3318 2195 puis, un mémoire au Rot, où elle pei-
916 2172 3316 2351 gnoit l'action, de ma part, ſous les plus
964 2330 3322 2503 odieuſes couleurs. Heureuſementj'avois
965 2482 3313 2667 des témoins qui pouvoient me juſtifier;
965 2642 3315 2821 mais on me forçoit de garder la plus ri-
893 2795 2180 2962 goureuſe retraite.
981 2950 3337 3128 La vérité triompha, quoiqu'avec
960 3110 3329 3445 aitie oeur se ei eiaaee een-
971 3420 3333 3601 tre combat, qu'il fut décidé qu'on fein-
974 3573 3321 3749 droit de l'ignorer, & qu'on ne feroit
972 3743 3330 3916 aucune pourſuite à cet égard. J'eus
909 3884 3375 4070 donc la liberté de revenir à Naples, où
972 4044 3361 4223 je parus être accueilli avec un redou-
976 4201 3335 4388 blement de bienveillance. La Princeſſe
909 4363 3335 4541 y revint auſſi; fſu famille étoit déci-
976 4508 3340 4694 dée à agréer fon mariage avec moi;
888 4666 3330 4846 mais cette noble amie voulut rendre le
904 4822 3358 5017 cdange à mon Adélaide, & déclara
902 4974 1665 5155 Tom. IV.
2873 5009 3019 5133 H
