4266 6032
874 293 3351 479 permettoit jamais à ſes gens aucun
947 458 3347 623 plaiſir; ils en virent un conſidérable à ſe
952 615 3344 782 divertir en ſa préſence & à ſes frais.
947 773 3347 936 Pour que leur eau-de-vie fût plus douce,
943 931 3349 1088 ils voulurent la boire brûlée. En conſé-
948 1084 3344 1249 quence, ils la tranſvaſerent dans une
940 1242 3342 1406 jatte, & y mirent le feu. Pour braver
938 1401 3339 1566 encore plus leur Maître endormi, ils
928 1547 3339 1729 voulurent qu'il leur fervît de table, &
936 1707 3340 1877 lui poſerent, ſans façon, la jatte ſur l'eſ-
931 1867 3337 2027 tomac. Or voilà qu'en célébrant leur
934 2021 3339 2184 orgie autour du cadavre, ils laiſſent
936 2177 3339 2338 tomber de l'eau-de-vie enflammée ſur
873 2333 3330 2496 le drap imbibé de pareille matiere;
929 2489 3330 2651 voilà, tout de ſuite, le feu qui y prend;
898 2637 3332 2811 voilà qu'il perce juſqu'à la chair du pa-
919 2800 3341 2963 tient, & le réveille; voilà le malheu-
922 2955 3332 3120 reux qui ſaute, en pouſſant des cris af-
923 3113 3325 3289 freux; voilà mes gens effrayés, qui, au
916 3265 3287 3427 lieu de le ſecourir, ſe ſauvent de peur
907 3408 3325 3581 Là flamme s'étend. Bientôt le cadavre
910 3564 3322 3736 vivant eſt tout en feu. L'eau-de-vie; le
910 3720 3373 3905 campfre, l'huile,la graiſſe, nourriſſent
885 3891 3316 4055 la flamme. Il pouſſe des cris horribles,
897 4044 3315 4210 court, renverſe tout. Il ſort du château
895 4202 3318 4368 en hurlant; il veut fauter ſur tous ceux
905 4357 3322 4558 qu'ilrencontre. Chacun fuit ſa brûlame
893 4512 1655 4680 acoolae.
892 4647 3347 4835 O aigne cependant chercher e
883 4810 3334 5007 leau pour le ſoulager. On étoit, mal-
