4266 6032
912 278 3318 455 heureuſement pour lui, dans un temps
909 437 3313 606 de ſéchereſſe. On lui jette tout ce qu'on
905 600 3316 919 eens euu oouionme e iee u on
921 907 3306 1069 corps, ſans éteindre la flamme. Que ne
904 1062 3308 1232 vuidoit-on pas ſur Son Excellence pour
904 1203 3303 1416 la ſoulager l Je venois poſitivement chez
905 1382 3301 1562 ce malheureux, pour le provoquer a un
904 1533 3306 1696 ſecond combat. Je rencontre cette épou-
904 1691 3299 1850 vantable figure enflammée, hurlante,
904 1846 3298 2008 couverte d'une ſange bouillonnante. Le
903 1999 3301 2162 ſpectre veut me ſauter ſur le corps, &
904 2156 3301 2318 m'embraſſer, pour me communiquer
905 2310 3296 2476 ſon ſupplice. J'ai le bonheur de le re-
910 2465 3294 2630 pouſſer avec mon pied, & de le faire
903 2625 3296 2799 tomber dans une eſpece de cloaque, où
909 2773 3297 2943 des gens officieux le vautrerent & le re-
903 2933 3332 3105 tournerent de tous les ſens. Satan plongé
910 3082 3303 3251 dans l'eau bénite ne pourroit avou,
907 3241 3296 3408 une apparence plus diabolique. Com-
904 3383 3304 3562 on le déteſtoit cordialement, en ſouf-
903 3548 3299 3719 frant un peu de le voir tant ſouffrir,
914 3702 3308 3908 on ne pouvoit s'empêcher de rire de
912 3846 1855 4024 l'aventure.
907 3983 3299 4187 Enfin, l'on vint à bout d'éteindre le
904 4168 3339 4342 feu, ſans faire ceſſer les douleurs du pa-
904 4312 3310 4499 tient. On le jeta dans un tombereau,
922 4479 3313 4654 & on le porta chez lui. On lui vuida
904 4632 3327 4833 plus de cinquante ſceaux d'eau ſur le
905 4795 3335 5007 corps, & l'on employa plus de vinst
