4266 6032
960 347 3342 525 dreſſe contre lui. J'avois permis à l'ini
922 520 3332 684 de mes gens, qui étoit un garçon très-
922 678 3334 840 intelligent, très-zélé même, quoiqu'aſ-
928 830 3328 996 ſez mauvais fujet, de chercher à ſe pla-
924 988 3363 1150 cer chez lui & à s'inſinuer dans ſa con-
933 1143 3318 1304 fiance. Le drôle y avoit réuſſi, & bien-
947 1300 3322 1460 tôt il étoit devenu l'intime confident de
909 1456 3315 1776 in alraailss dleer que deanue i
952 1769 3315 1932 ne penſent qu'à tromper, & il ne leur
928 1923 3330 2106 vient pas dans l'idée qu'on peut leur
922 2082 3364 2240 rendre la pareille. L'ennemi chargea
921 2233 3306 2394 mon homme d'être ſon eſpion auprès
919 2388 3306 2574 de moi; & l'on juge comment it fut
921 2550 1572 2672 ſervi.
907 2697 3301 2865 Une bonne action fut la cauſe heu-
907 2857 3301 3024 reuſe qui me délivra de ce monſtre. J'a-
922 3015 3303 3177 vois rendu quelques ſervices à une pau-
921 3171 3299 3330 vre famille qui demeuroit vers le haut
904 3321 3292 3487 de la Ville, dans une maiſon écartée.
917 3478 3292 3648 Il y avoit, là, un bon vieillard malade
910 3629 3298 3802 à toute extrémité. Cet infortuné me fit
912 3786 3294 3958 dire qu'avant de mourir il défiroit ar-
931 3949 3301 4116 demment de voir ſon bienfaiteur, pour
907 4099 3296 4268 le remercier & lui recommander ſa
910 4259 3292 4427 pauvre famille. Je promis d'y aller dès
900 4414 3291 4580 le ſoir même. Spinacuta fut inſtruit de
902 4560 3294 4738 la viſite que je devois faire. Il ſe tranſ-
904 4729 3301 4905 porta ſur les lieux. Ce quartier lui parut
893 4874 3285 5035 un coupe. gurge nA merveille ditiil!
