4266 6032
971 314 3359 493 ſe tiendroit, dans la rue, en embuſcade
976 470 3359 665 Il fut convenu que le confident, aprè
1005 636 3359 817 m'avoir jeté dans la foſſe, viendroi
981 798 3359 984 avertir le Comte, afin qu'il eût le jol
964 952 3359 1258 ee immomde le uspinintouis de ou
969 1273 3359 1443 par ce double confident. J'allai ſeul au
955 1430 3359 1597 rendez-vous. Prévenu du fait, j'entrevis
960 1579 3359 1756 l'ememi, proche de la maiſon, dans la
990 1741 3359 1925 niche où il étoit tapi. Je feignis de
971 1902 3359 2066 ne pas l'appercevoir. J'entrai. Mon
953 2052 3359 2214 eſpion faiſoit ſentinelle, en ſe bou-
952 2212 3354 2371 chant le nez. „Vous ſaurez, me
955 2368 3359 2533 “dit-il, bientôt de mes nouvelles“.
955 2498 3359 2694 Il me conduiſit lui-même dans l'eſca-
953 2678 3351 2847 lier, qu'il connoiſſoit mieux que moi,
950 2835 3359 3002 & il redeſcendit pour exécuter ſon deſ-
947 2991 1478 3129 ſein.
948 3122 3356 3317 J'entrai chez le bon vieillard. Je ne
903 3306 3351 3468 détaille point la ſcene attendriſſante
950 3461 3339 3630 dont je fus témoin. e-fis les promeſſes
955 3616 3359 3788 les plus conſolantes au moribond & à
940 3772 3339 3946 ſa famille. J'y joignis quelques libéra-
931 3932 3335 4102 lités, & j'eus le chagrin de le voir ex-
950 4090 3342 4258 pirer. Je me hâtai de quitter ce lieu de
929 4246 3340 4418 douleur. Deux de ſes enfans, grands
921 4405 3342 4599 garçons, m'éolairerent en deſcendant de
924 4566 1978 4764 e grenier.
1908 4696 3339 4889 tons, au bas de l'eſca-
917 4850 3341 5024 dier, comme des ens ui ſe débat-
