4266 6032
904 290 3397 477 l'un de nous, lui échappe, & le mal-
897 467 3413 630 heureux retombe dans l'immodice.
993 620 3368 783 Il n'y eut plus moyen de l'en retirer
998 780 3439 943 qu'avec de grands crocs ou harpons;
878 934 3365 1120 & à peine fut-il dehors qu'il rendit
998 1091 1361 1232 l'ame.
923 1218 3363 1406 On eſt curieux de ſavoir quels ſont
823 1387 3363 1562 les deux miſérables tirés d'un lieu ſi in-
1005 1555 3358 1715 fect. Si l'on me permet encore quelques
881 1712 3361 1872 détails ſur un ſi triſte ſujet, on va l'ap-
916 1867 3359 2064 prendre. Mon eſpion ne m'eut pas plu-
905 2024 3349 2182 tôt quitté, qu'il alla trouver le Comte,
1002 2176 3354 2338 & lui dire que l'affaire étoit faite, &
904 2312 3353 2494 qu'il pouvoit venir jouir de ſa ven-
976 2487 3353 2648 geance. Le ſcélérat titré le ſuivit avec
919 2646 3353 2804 ardeur. Le drôle lui fit avançer la tête
922 2797 3351 2960 ſur la foſſe, pour qu'il vît ſa victime,
996 2953 3358 3115 & profita du moment pour le pouſſer
897 3114 3356 3272 dans le cloaque mortel; avec d'autant
983 3265 3356 3451 plus de plaiſir, qu'il s'apperçut que le
855 3423 3351 3584 traître vouloit l'y précipiter lui-même,
816 3569 3354 3739 ſans doute pour enſevelir le ſecret de
916 3729 3347 3893 ſon crime, par la mort de l'exécuteur.
893 3886 3359 4052 Mais le monſtre, en tombant, s'attacha
840 4046 3353 4204 à la jambe de mon fourbe, & l'entraîna
912 4202 3414 4366 avec lui. Heureuſement mon ennemi
842 4355 3418 4520 tomba deſſous, & mon homme, en
905 4510 3380 4675 montant ſur lui, l'enfonçoit davantage,
974 4663 3423 4834 & s'élevoit pour ſortir de la foſſe Quoi
907 4816 3404 5028 qu'il en ſoit, les deux malheureux au-
