4266 6032
1008 283 3414 494 J'y réuſſis pourtant, & je vins à bou
1003 452 3415 661 de le conſoler par une récompenſe
983 615 3399 833 proportionnée à ſa peine & à ſon ſer-
981 768 1370 924 vice.
1077 912 3375 1129 Mais comment peindre la joie de
933 1067 3371 1277 la Princeſſe Gémelli? C'étoit elle qui
971 1232 3368 1435 ſe trouvoit délivrée d'un monſtre qu'on
974 1396 3359 1592 vouloit lui donner pour époux. On
976 1559 3361 1742 crut que ſa famille, déjà ſi bien diſ-
960 1701 3358 1902 poſée en ſa faveur, ne pouvoit plus
959 1856 3399 2058 abſolument trouver mauvais qu'elle
953 2014 3334 2207 récompenſât ſon libérateur par le don
940 2168 3337 2364 de ſa main. En effet, toute cette illuſtre
940 2306 3320 2526 Maiſon y conſentit avec une ſatisfac-
849 2480 3328 2682 tion marquée; & je commençois à
940 2637 3325 2833 croire moi - même que je pouvois
938 2794 3320 2991 épouſer ma chere Princeſſe; mais nous
931 2954 3318 3151 reçûmes, dans ce temps - là, quel-
921 3113 3306 3297 ques lueurs qui nous firent entrevoir
922 3258 3309 3463 qu'Adélaide pouvoit vivre „Ah! dit
907 3419 3334 3614 “ma noble amie, ſes droits font an-
914 3574 3293 3766 “térieurs aux miens, ils doivent être
905 3719 3301 3928 “ſacrés pour moi“. On diſoit qu'Adé-
902 3874 3365 4087 laide reſpiroit en France. „Volez, me
895 4043 3279 4240 “dit - elle, mon cher ami, trouvez
891 4197 3365 4399 “votre Amante, & ſoyez heureux
886 4367 3310 4580 “avec elle“. D'ailleurs on craignoit
879 4506 3327 4709 que la Maiſon Spmnauuta ne voulût
871 4662 3353 4897 me fire aſſaier. Il faur donc par-
