4266 6032
924 334 3358 527 “m'en fuis toujours douté, reprit-il,
852 503 3385 669 “ſi ce n'étoit pas plutôt un Ange. --
902 659 3318 824 “Mais, repris-je enfin, qu'eſt-elle de-
911 816 3316 979 “venue? -- Elle a pris, me répondit-
919 971 3409 1135 “il, le chemin de la France. Elle de-
919 1129 3390 1296 “voit paſſer par le Dauphiné, & voir
919 1285 3320 1451 “même, je crois, la grande Char-
917 1440 3315 1603 “treuſe. -- Elle me cherchoit, m'écriai-
924 1600 3308 1760 “je. Les Chartreux lui auront dit
921 1757 3313 1913 “que je m'étois enfui, avec une fem-
917 1904 3306 2072 “me, de cet auſtere aſile. Dans leur
912 2063 3306 2228 “reſſentiment contre moi, ils m'auront
921 2223 3366 2386 “peint des plus odieuſes couleurs. Elle
919 2379 3356 2537 “aura conçu de nouvelles réſolutions
921 2532 3306 2693 “d'oublier un infidele, un homme
916 2685 3310 2852 “abſolument indigne d'elle. Mais de
900 2842 3311 3005 “quel côté aura-t-elle tourné ſes pas?
926 2998 3311 3161 “Sans doute elle ſe ſera enſevelie &
917 3151 3330 3316 “conſacrée au Seigneur dans quelque
917 3310 3308 3471 “monaſtere ignore. Il n'y a que Dieu
924 3463 3330 3627 “qui puiſſe dédommagerun cœur qui
921 3621 3411 3788 “a été rempli d'une ſi longue paſſion.
924 3772 3371 3948 “Où la trouver à préſentu O comme
928 3920 3322 4097 le bon Hermite me vanta mon Adélaïde
926 4083 3318 4278 avec un ſaint tranſport! que mon amour
933 4244 2684 4407 pour elle en redoubloitt
940 4373 3402 4568 Je ne pus quitterſi-tôt la demeure ſor-
924 4536 3375 4755 tmée où mon Aélae avoit reſpiré
934 4696 2410 4872 quelque temps. Je dem
2519 4711 3327 4873 aiaa eil
938 4832 3371 5068 lard la periſſonude paſer quelques
