4266 6032
977 314 3360 509 y joignoit les ſiennes. L'Hermitage
977 479 3354 653 étoit devenu l'aſile du plus tendre
972 635 3358 811 amour; & peut-être aucun lieu ne m'a
957 788 3289 974 paru, ſur la terre, plus intéreſſant.
959 945 3339 1126 Je pris l'habit d'Hermite, pour avoir
960 1099 3332 1279 plus de conformité avec mon Adélaïde.
933 1248 3333 1459 J'allois dans les mêmes endroits qu'elle,
953 1413 3334 1599 faire les mêmes choſes. Le vieillard
960 1570 3323 1750 croyoit revoir le jeune Chéri. Il auroit
943 1717 3325 1910 beaucoup deſiré que j'euſſe reſté long-
945 1885 3359 2066 temps avec lui; parce que ma préſence
903 2036 3313 2221 commençoit à lui attirer de nombreuſes
928 2192 3335 2379 offrandes, comme avoit fait celle de
912 2334 3335 2536 mon Amante déguiſée. Je la peignis
928 2500 3306 2693 auſſi de tous les côtés; mais ſous les
919 2656 3299 2850 habits de ſon ſexe, ſous la forme qui
907 2809 3289 3004 ſeule pouvoit m'inſpirer de l'amour.
914 2965 3309 3164 Je gravai ſon nom & le mien ſur les
903 3124 3291 3316 hêtres, & des vers ſur les rochers. Le
904 3280 3285 3478 peu de temps enfin uu paſſai dans
903 3435 3287 3633 ce tranquille féjour, au ſeid'une tendre
910 3591 3285 3823 mélancolie, fut un des plus heureuxde
904 3748 1689 3910 ma vie.
967 3899 3315 4109 L'Hermite m'envoyoit danslesvillages
903 4054 3279 4268 voiſins, recueillir les aumônes des Fide-
904 4209 3320 4420 les. Je revenois, à la maiſon, très-
903 4370 3272 4577 chargé; ce qui réjouiffoit fort le bon
904 4522 3333 4732 Pereaaſille lui atroisaſiororoviſites,
904 4656 2369 4870 ſure tout del pa u e
2361 4722 3298 4906 e Ee
903 4838 3286 5024 “ que vous avezretrouuole petitFrere
