4266 6032
919 268 3346 443 “Chéri, lui diſoit-on? -- Non, répon-
924 431 3375 594 “doit-il, c'eſt un de ſes amis. -- Oh,
883 585 3385 754 “oh! reprenoient les Dames, il a quel-
883 742 3347 908 “que choſe de plus mâle dans la phyſio-
890 898 3358 1064 “nomie. Il n'en eſt pas plus mal“. Et
878 1055 3346 1220 l'on avoit ſoin de laiſſer des généroſités
900 1213 2677 1382 pour le Frere Cataudin.
984 1366 3356 1531 Je reconnus, dans cette occaſion,
922 1526 3353 1686 que les femmes vont toujours au de-
928 1676 3355 1858 vant de ceux qui veulent les tromper.
916 1831 3353 1997 Bientôt le bruit ſe répandit que j'étois
910 1980 3332 2153 un Saint. Pluſieurs même prétendoient
955 2140 3360 2326 que je venois réellement du Ciel, que
953 2297 3380 2620 on en preunlle peeeee denerente
959 2606 3367 2774 une eſpece de culte. Les femmes ve-
878 2763 3385 2929 noient ſe jeter à mes genoux & me
960 2919 3365 3082 baiſer la main. L'Hermite m'exhortoit à
880 3076 3380 3249 me prêter à ces momeries, pour attirer
924 3229 3370 3406 les aumônes. La rage, ſur - tout, des
893 3378 3370 3553 Béautés bavardes étoit de venir ſe con-
921 3536 3368 3708 feſſer à mes pieds. J'avois beau leur
917 3696 3359 3866 dire que je n'étois pas Prêtre, que je ne
919 3853 3361 4021 pouvois les confeſſer ni les abſoudre;
878 4006 3370 4178 elles me répondoient que ſi je n'étois pas
976 4162 3371 4334 leur confeſſeur, je pouvois être, du
890 4317 3385 4489 moins, leur conſident & leur conſeil, En
890 4479 3385 4647 conſéquence elles me racontoientleurs
878 4632 3385 4800 fredaines, & me faiſoient la confeſſion
898 4768 3385 4993 de leurs manis plutôt que la leure Les
