4266 6032
977 293 3359 460 filles me faiſoient celle de leurs meres.
969 437 3359 613 Comme je n'avois pas de confeſſional,
967 609 3353 774 on ſe mettoit à genoux entre mes jambes.
971 768 3351 929 On appuyoit ſa joue contre la mienne.
962 922 3353 1083 Je voyois la gorge s'élever & s'abaiſſer,
976 1077 3358 1240 & des yeux touchans m'adreſſer des re-
967 1237 3358 1561 e, eſertoioceee poiion top
976 1548 3359 1710 dangereuſe. Quelquefois le bon Her-
971 1707 3359 1852 mite rioit comme un fou de mon em-
971 1865 1478 2022 barras.
1015 2001 3356 2181 Parmi tant de pénitentes, preſque
971 2171 3359 2334 toutes jeunes (car je rebutois abſolu-
974 2331 3359 2487 ment les vieilles), il s'en trouvoit de
972 2486 3353 2651 très-jolies. Pluſieurs conçurent, pour
969 2642 3359 2802 moi, décidément de l'amour; & quel-
969 2795 3353 2955 ques-unes me l'avouerent. Il s'en trou-
974 2954 3353 3113 voit auſſi un certain nombre qui me
972 3105 3353 3273 faiſoient une véritable impreſſion; &
974 3261 3356 3425 les jeunes gens vont penſer que j'abuſai
976 3419 3353 3585 de leur confiance, & que je me livrai
974 3576 3354 3738 encore à des déréglemens dont je vais
974 3729 3353 3895 gémir; mais les ames honnêtes ſeroient
974 3887 3356 4051 trop ſcandaliſées, ſi elles apprenoient
983 4039 3354 4207 que, dans un ſi touchant aſile, j'euſſe
972 4198 3359 4363 abuſé, en quelque ſorte, du maſque de
976 4357 3358 4525 la Religion, pour me plonger dans des
974 4513 3359 4705 déſordres, qu'on eſt peut-être las de
971 4671 3007 4832 voir recommencer ſi ſouvent.
974 4794 3359 5033 Quoi qu'il enſoit, je jouis de pluſieurs
2389 4984 3359 5148 agrémens,
