<?xml version="1.0" encoding="UTF-8" standalone="no"?><PcGts xmlns="http://schema.primaresearch.org/PAGE/gts/pagecontent/2017-07-15" xmlns:xsi="http://www.w3.org/2001/XMLSchema-instance" xsi:schemaLocation="http://schema.primaresearch.org/PAGE/gts/pagecontent/2017-07-15 http://schema.primaresearch.org/PAGE/gts/pagecontent/2017-07-15/pagecontent.xsd"><Metadata><Creator/><Created>2020-10-14T11:16:03</Created><LastChange>1970-01-01T00:00:00</LastChange><Comments/></Metadata><Page imageFilename="0194.png" imageHeight="6032" imageWidth="4266"><TextRegion id="r1" orientation="-0.5" type="paragraph"><Coords points="1,1 4264,1 4264,6030 1,6030"/><TextLine id="l1"><Coords points="2707,463 2706,462 2706,460 2706,460 2705,460 2704,459 2704,458 2704,458 2698,458 2697,457 2697,453 2697,453 2695,453 2694,452 2694,450 2690,446 2690,441 2690,441 2689,441 2688,440 2689,423 2688,423 2605,422 2604,421 1830,414 1830,415 1829,439 1829,439 1823,439 1822,439 1822,437 1821,436 1822,430 1821,429 1412,426 1412,426 1411,445 1411,446 1198,444 1197,445 1039,443 1036,446 1008,446 1007,447 992,447 991,446 991,444 990,443 989,443 988,442 988,441 988,441 987,441 986,440 986,439 986,439 985,439 983,437 983,436 983,436 982,436 981,435 981,433 980,432 979,432 979,431 979,409 978,409 931,408 924,401 924,361 924,360 922,360 921,360 921,356 922,355 922,347 924,345 924,341 926,339 926,337 927,336 929,336 931,334 931,332 932,331 933,331 933,331 933,330 934,329 939,329 940,328 1057,330 1058,329 1124,329 1124,329 1125,303 1125,302 1126,302 1127,302 1127,300 1129,298 1129,294 1131,292 1131,291 1132,290 1132,289 1132,288 1135,288 1136,288 1136,287 1136,286 1140,286 1142,284 1668,289 1669,288 1680,288 1681,288 1681,292 1681,293 2559,301 2560,300 2564,300 2565,299 2565,298 2565,298 2570,298 2572,300 2998,303 3000,305 3000,309 3000,309 3241,312 3243,314 3245,314 3246,314 3246,318 3246,319 3247,319 3248,319 3247,354 3248,355 3320,355 3320,356 3320,360 3322,362 3322,406 3322,406 3355,407 3358,409 3358,415 3356,417 3354,417 3354,417 3354,419 3351,422 3345,421 3344,422 3338,422 3338,423 3337,448 3337,448 3059,446 3058,446 3058,455 3057,456 3057,457 3057,458 2757,455 2756,456 2756,458 2756,458 2745,458 2742,461 2742,463 2742,463"/><TextEquiv><Unicode/></TextEquiv><TextEquiv index="1"><Unicode>agrémens, dans cet Hermitage; mais</Unicode></TextEquiv></TextLine><TextLine id="l2"><Coords points="3046,628 3046,627 3046,625 3045,625 3043,625 3043,624 3043,623 3042,623 3036,623 3036,622 3036,583 3036,583 2924,582 2923,581 2923,579 2922,578 2789,577 2788,577 2788,614 2787,615 2787,617 2786,618 2765,617 2765,617 2765,577 2765,576 2712,576 2711,577 2700,577 2697,579 2697,581 2697,582 2686,582 2685,581 2685,578 2685,578 2647,577 2646,577 2646,576 2646,575 2638,575 2636,573 2628,573 2627,572 2502,571 2501,572 2414,571 2413,572 2306,571 2305,572 2222,572 2221,571 2221,568 2221,568 2219,568 2218,567 2214,567 2212,565 2212,564 2212,564 2109,563 2105,567 2021,566 2020,566 2020,604 2020,605 2000,605 1999,604 1999,565 1999,565 1986,565 1985,564 1985,562 1985,562 1855,560 1854,561 1741,560 1740,561 1740,562 1739,563 1739,567 1739,567 1736,567 1734,566 1734,562 1734,561 1568,560 1566,561 1566,584 1564,587 1558,587 1555,584 1555,561 1555,561 1477,560 1476,561 1372,560 1371,561 1293,561 1292,561 1292,600 1292,601 1274,600 1273,600 1273,561 1273,560 1188,560 1187,561 1102,560 1101,561 1013,560 1012,561 950,561 948,563 939,562 938,563 938,565 938,565 931,565 927,561 925,561 924,561 924,556 926,554 926,552 927,551 928,551 928,551 929,455 931,453 939,453 940,452 945,453 945,453 945,454 946,455 947,455 947,455 947,462 948,463 948,481 949,482 950,482 950,482 950,488 951,489 992,489 992,488 992,447 993,447 1007,447 1008,446 1107,447 1108,446 1110,446 1110,445 1110,443 1111,443 1132,443 1133,444 1198,445 1198,445 1198,483 1199,484 1286,485 1287,484 1295,484 1297,482 1346,482 1346,482 1346,480 1347,479 1359,479 1361,482 1361,483 1362,483 1390,483 1390,483 1390,449 1391,448 1392,448 1392,448 1392,446 1393,445 1411,446 1411,446 1411,447 1412,448 1413,448 1413,448 1413,483 1414,484 1512,484 1513,483 1655,485 1656,484 1672,484 1672,483 1672,448 1673,448 1679,448 1679,447 1679,446 1680,446 1683,446 1683,445 1683,444 1684,444 1686,444 1687,443 1693,443 1693,444 1693,446 1696,449 1696,488 1697,488 1854,489 1855,488 1855,487 1856,486 1864,487 1866,489 1989,490 1990,489 2084,489 2085,488 2102,489 2104,491 2104,493 2107,496 2107,497 2107,498 2213,499 2216,496 2216,494 2217,494 2233,494 2234,493 2428,494 2429,493 2448,494 2448,494 2448,497 2448,498 2619,499 2620,498 2626,498 2627,499 2636,499 2637,500 2699,501 2701,503 2703,503 2704,504 2825,505 2826,504 2826,503 2826,503 2828,503 2831,501 2831,496 2833,494 2836,494 2836,495 2836,501 2836,501 2837,501 2840,504 2942,505 2943,506 2945,506 2947,508 3050,509 3051,508 3051,499 3053,498 3055,498 3055,499 3058,499 3060,501 3060,508 3060,508 3093,508 3094,509 3210,510 3211,510 3211,508 3212,506 3217,506 3218,507 3218,509 3218,509 3238,510 3239,510 3239,512 3241,515 3243,515 3244,515 3244,519 3244,520 3245,520 3246,520 3246,535 3246,536 3307,536 3308,537 3308,546 3308,546 3310,546 3311,547 3311,551 3311,551 3315,551 3316,552 3315,561 3315,561 3313,561 3309,565 3231,564 3230,565 3230,579 3229,580 3229,585 3227,587 3170,587 3167,590 3082,589 3081,590 3081,623 3080,623 3076,623 3072,627 3070,627 3069,628"/><TextEquiv><Unicode/></TextEquiv><TextEquiv index="1"><Unicode>la ſituation de mon cœur ne me per-</Unicode></TextEquiv></TextLine><TextLine id="l3"><Coords points="1395,762 1395,762 1395,758 1394,757 1394,721 1393,720 1329,720 1328,718 1323,718 1322,717 1249,716 1248,717 1248,724 1246,725 1217,725 1217,725 1217,756 1216,757 1201,757 1201,756 1201,722 1200,722 1155,721 1155,721 1155,719 1155,718 1061,718 1060,717 1060,716 1060,716 1054,716 1053,714 955,714 953,716 941,716 939,717 938,717 936,719 936,721 935,721 931,721 931,721 931,719 928,716 929,651 930,649 933,649 935,647 937,647 938,646 961,647 962,646 966,646 967,645 967,644 967,644 1054,645 1055,644 1100,644 1101,643 1101,620 1101,620 1105,620 1107,621 1107,633 1107,634 1121,634 1122,635 1122,637 1124,639 1164,639 1166,641 1269,642 1270,642 1270,605 1271,604 1272,604 1272,604 1272,602 1274,600 1292,601 1292,601 1292,633 1292,634 1324,634 1325,634 1325,636 1328,639 1328,640 1328,641 1489,642 1492,639 1510,639 1511,638 1663,640 1664,639 1682,639 1683,638 1683,604 1685,603 1692,603 1695,600 1695,598 1696,597 1703,597 1703,598 1703,601 1704,601 1734,601 1736,603 1739,603 1739,604 1739,607 1739,607 1742,608 1743,608 1743,612 1745,614 1745,643 1745,644 1883,645 1886,642 1886,639 1887,638 1887,632 1887,632 1888,632 1889,631 1889,627 1891,625 1891,620 1894,617 1894,615 1896,613 1900,613 1901,612 1901,611 1901,611 1902,611 1903,610 1903,608 1903,608 1908,608 1911,606 1915,606 1915,606 1915,605 1916,604 2020,605 2020,605 2020,607 2021,608 2021,645 2021,646 2123,647 2124,648 2325,650 2326,649 2416,649 2417,649 2417,647 2419,645 2419,619 2420,618 2420,614 2420,613 2427,613 2429,612 2429,611 2429,611 2435,611 2436,611 2436,612 2438,614 2438,615 2439,616 2439,617 2439,618 2440,618 2441,618 2441,619 2441,620 2442,620 2443,620 2443,653 2443,654 2541,654 2542,653 2673,655 2674,654 2739,654 2740,654 2740,644 2742,642 2742,638 2742,637 2743,637 2744,637 2744,635 2745,634 2745,632 2749,628 2749,624 2749,623 2753,623 2758,618 2763,618 2764,617 2827,618 2828,618 2828,619 2828,620 2829,620 2830,620 2830,622 2830,623 2864,623 2866,625 2866,628 2866,628 2868,628 2869,629 2869,653 2869,653 3006,655 3007,654 3021,654 3022,654 3022,658 3022,659 3086,659 3088,661 3088,665 3088,665 3090,665 3091,666 3090,672 3091,673 3091,705 3092,705 3213,706 3213,706 3214,658 3213,657 3213,640 3212,639 3210,639 3210,639 3210,638 3209,637 3206,637 3206,637 3206,626 3206,625 3229,625 3230,624 3233,625 3234,624 3234,623 3234,623 3257,623 3258,623 3258,624 3258,625 3260,625 3261,625 3261,626 3261,627 3295,627 3296,628 3298,628 3299,629 3299,630 3299,630 3300,630 3301,631 3301,637 3303,639 3303,642 3304,643 3304,659 3304,659 3322,659 3323,660 3323,661 3323,661 3324,661 3325,662 3324,687 3325,688 3325,690 3327,692 3327,697 3327,697 3326,697 3325,698 3325,704 3322,707 3322,710 3320,712 3320,716 3320,716 3319,716 3318,717 3318,718 3318,718 3317,718 3316,719 3316,737 3315,738 3315,741 3313,742 3311,742 3311,743 3311,747 3310,747 3291,747 3291,747 3291,745 3290,744 3289,744 3288,743 3125,742 3125,742 3125,776 3124,777 3113,776 3113,776 3113,772 3112,771 3083,771 3082,770 3082,738 3081,737 2993,736 2992,737 2919,737 2919,737 2919,741 2918,742 2873,741 2873,742 2873,748 2871,750 2871,757 2869,759 2869,763 2868,764 2868,765 2860,772 2771,771 2771,771 2771,733 2770,732 2685,732 2685,732 2685,749 2684,750 2684,752 2682,754 2682,756 2680,758 2680,760 2679,761 2678,761 2678,761 2678,762 2676,764 2675,764 2675,764 2675,765 2674,766 2673,766 2673,766 2673,767 2672,768 2670,768 2668,770 2584,769 2584,768 2584,727 2583,727 2498,726 2498,727 2498,728 2497,728 2425,727 2424,729 2424,731 2422,732 2414,732 2413,731 2413,729 2411,727 2257,726 2256,725 2225,725 2224,723 2224,721 2224,721 2132,720 2131,721 2128,721 2126,723 2124,723 2120,726 2107,726 2105,723 2103,723 2102,722 2001,721 1998,723 1997,723 1997,722 1931,721 1930,720 1906,720 1904,718 1885,718 1884,717 1783,716 1782,716 1782,717 1781,718 1781,721 1779,723 1779,727 1778,728 1777,728 1777,728 1777,736 1776,737 1776,740 1774,742 1774,744 1769,749 1769,751 1768,752 1683,751 1682,752 1679,752 1679,751 1679,716 1679,716 1579,715 1578,716 1570,716 1569,716 1569,717 1569,718 1568,718 1567,718 1567,720 1566,721 1562,721 1562,720 1562,718 1562,718 1561,718 1561,756 1560,757 1556,757 1554,759 1552,759 1552,758 1552,717 1552,717 1436,716 1435,716 1435,755 1434,756 1433,756 1432,757 1429,757 1428,758 1428,760 1427,761 1406,761 1404,763"/><TextEquiv><Unicode/></TextEquiv><TextEquiv index="1"><Unicode>mettoit pas d'y faire un long ſéjour. Il</Unicode></TextEquiv></TextLine><TextLine id="l4"><Coords points="2824,931 2823,930 2757,929 2756,929 2757,894 2756,893 2470,891 2470,891 2469,923 2469,924 2447,924 2446,923 2359,922 2358,921 2242,920 2240,918 2240,917 2240,917 2099,916 2097,914 2098,882 2097,882 1885,880 1885,880 1884,907 1883,909 1869,909 1868,909 1868,911 1868,912 1831,911 1829,913 1816,913 1815,913 1816,883 1815,882 1624,880 1624,881 1624,885 1623,885 1622,885 1621,886 1594,886 1593,887 1517,887 1517,887 1516,912 1516,913 1514,913 1513,912 1514,874 1513,874 1353,872 1353,873 1352,912 1352,912 1334,912 1333,911 1334,874 1333,874 1065,872 1065,872 1064,910 1064,911 1060,911 1059,910 1060,874 1059,874 936,872 935,871 933,871 933,871 933,805 935,803 935,801 937,799 937,798 938,797 938,792 940,790 940,785 941,784 941,780 942,780 943,780 943,779 943,777 944,776 945,773 947,771 947,768 948,767 948,766 948,766 949,766 950,765 950,764 950,764 951,764 952,763 960,763 962,761 963,761 964,760 964,757 964,757 1051,757 1052,756 1199,758 1200,757 1217,757 1218,757 1218,758 1218,759 1219,759 1220,759 1219,786 1220,787 1330,788 1330,788 1330,789 1331,790 1332,790 1332,790 1332,791 1335,794 1518,796 1521,793 1551,793 1551,792 1552,759 1552,759 1554,759 1555,759 1554,784 1555,785 1576,785 1576,786 1576,798 1577,798 1735,799 1737,797 1739,797 1740,796 1839,797 1840,798 1999,800 2000,799 2138,800 2138,799 2138,794 2142,791 2142,789 2143,788 2143,787 2145,785 2145,782 2146,781 2147,779 2147,778 2148,778 2149,778 2149,776 2152,773 2152,771 2157,766 2157,764 2157,763 2170,763 2171,764 2171,765 2171,765 2289,766 2290,767 2399,768 2400,769 2400,773 2401,774 2571,776 2574,773 2579,773 2581,771 2583,771 2584,770 2584,769 2584,769 2667,770 2668,771 2859,772 2860,773 2859,798 2860,798 3112,800 3112,800 3113,777 3113,776 3197,777 3198,776 3201,776 3202,777 3283,778 3284,778 3284,780 3284,781 3285,781 3287,783 3289,783 3291,785 3290,788 3291,789 3291,809 3292,809 3332,809 3332,810 3331,922 3332,922 3333,922 3334,924 3334,929 3334,929 3333,929 3332,930 3332,931 3332,931 3330,931 3329,932 3321,932 3320,932 3321,869 3320,868 3320,869 3320,871 3319,871 3318,871 3318,872 3318,876 3317,876 3265,876 3265,876 3265,890 3263,892 3263,894 3260,897 3249,897 3248,898 3126,897 3125,895 3125,894 3124,894 2943,892 2943,892 2942,915 2940,917 2940,919 2939,921 2937,921 2935,922 2935,924 2931,928 2931,930 2931,931 2844,930 2843,931"/><TextEquiv><Unicode/></TextEquiv><TextEquiv index="1"><Unicode>falloit trouver mon Adélaïde. Il parolſ-</Unicode></TextEquiv></TextLine><TextLine id="l5"><Coords points="3326,1093 3325,1092 3322,1092 3322,1092 3322,1091 3320,1089 3074,1087 3073,1086 3005,1086 3005,1085 3005,1060 3005,1060 2650,1056 2649,1057 2649,1081 2648,1081 2647,1081 2646,1082 2624,1082 2623,1083 2564,1083 2564,1082 2564,1050 2564,1050 2554,1050 2553,1049 2553,1047 2553,1047 2499,1046 2498,1046 2498,1044 2498,1043 2217,1041 2216,1041 2216,1076 2215,1077 2194,1076 2193,1075 1744,1072 1724,1071 1723,1072 1712,1072 1707,1067 1707,1058 1707,1057 1639,1057 1638,1056 1638,1036 1638,1036 1470,1034 1469,1033 1119,1030 1118,1031 952,1030 951,1031 937,1030 936,1031 933,1029 933,1016 934,1015 935,1015 935,1015 936,959 940,955 940,952 941,951 941,940 942,940 943,940 943,939 943,933 944,933 945,933 945,932 945,929 946,929 947,929 947,928 947,922 948,922 950,922 952,919 952,917 953,917 957,917 962,912 965,912 967,910 1065,911 1066,912 1330,914 1330,913 1330,912 1331,912 1411,913 1412,912 1516,913 1516,913 1516,941 1517,942 1793,944 1794,943 1806,943 1806,943 1806,936 1808,934 1808,919 1810,917 1815,917 1815,917 1815,914 1816,913 1846,913 1847,912 1853,912 1854,911 1986,913 1987,911 1987,907 1988,907 1990,907 1990,906 1990,903 1991,903 1992,902 1997,902 1997,902 1997,915 1998,916 1999,916 2000,917 2004,917 2005,918 2245,920 2246,921 2446,923 2447,924 2469,924 2469,924 2469,927 2470,928 2470,951 2471,952 2749,954 2749,954 2749,936 2750,935 2755,935 2756,934 2756,930 2757,929 2914,931 2914,931 2914,956 2914,957 3315,960 3316,960 3316,945 3318,943 3318,939 3319,938 3320,938 3320,938 3320,933 3321,932 3328,932 3328,933 3328,979 3328,979 3331,979 3332,980 3332,1007 3332,1007 3333,1007 3334,1008 3333,1015 3334,1015 3335,1015 3337,1017 3339,1017 3339,1018 3339,1024 3340,1025 3340,1026 3340,1026 3338,1026 3337,1027 3335,1027 3334,1028 3334,1093 3333,1093"/><TextEquiv><Unicode/></TextEquiv><TextEquiv index="1"><Unicode>ſoit évident qu'elle n'étoit pas mote</Unicode></TextEquiv></TextLine><TextLine id="l6"><Coords points="2828,1242 2827,1241 2673,1240 2672,1239 966,1224 965,1222 965,1187 964,1187 953,1187 952,1186 949,1186 943,1180 941,1180 941,1179 941,1177 938,1174 938,1172 936,1170 936,1168 935,1167 935,1163 933,1161 933,1145 934,1144 935,1144 935,1144 935,1136 936,1135 936,1131 947,1120 947,1119 948,1119 952,1119 955,1116 955,1115 955,1115 956,1115 957,1114 957,1113 957,1113 982,1113 983,1112 1038,1112 1039,1112 1039,1110 1040,1108 1049,1108 1050,1107 1175,1109 1176,1108 1264,1108 1265,1108 1265,1073 1265,1072 1269,1072 1270,1072 1270,1071 1270,1070 1272,1070 1273,1069 1278,1069 1280,1068 1280,1067 1280,1066 1281,1067 1282,1066 1282,1062 1283,1062 1290,1062 1292,1060 1294,1060 1294,1060 1294,1061 1295,1062 1296,1062 1296,1062 1296,1063 1297,1064 1297,1067 1297,1068 1996,1074 1997,1075 2215,1077 2216,1078 2316,1079 2317,1080 3014,1086 3015,1087 3092,1087 3093,1088 3095,1088 3096,1089 3096,1090 3096,1090 3325,1092 3326,1093 3333,1093 3334,1094 3334,1113 3335,1114 3334,1170 3335,1170 3337,1170 3337,1171 3337,1172 3338,1172 3339,1172 3339,1173 3339,1180 3335,1184 3317,1184 3316,1185 3316,1194 3315,1195 3315,1197 3313,1199 3313,1201 3312,1201 3305,1201 3304,1203 3304,1206 3303,1206 3298,1206 3296,1208 3292,1208 3292,1209 3292,1210 3291,1210 3282,1210 3281,1211 3160,1210 3160,1210 3160,1239 3159,1240 2866,1237 2866,1238 2866,1239 2865,1239 2864,1239 2864,1240 2864,1241 2863,1241 2862,1241 2861,1242"/><TextEquiv><Unicode/></TextEquiv><TextEquiv index="1"><Unicode>quand je l'avois crue immolée; puiſque</Unicode></TextEquiv></TextLine><TextLine id="l7"><Coords points="2403,1405 2403,1398 2401,1396 2401,1393 2401,1392 2377,1392 2374,1390 2374,1382 2374,1381 2022,1378 2021,1377 2021,1359 2021,1359 1579,1355 1578,1356 1578,1381 1576,1383 1410,1382 1409,1383 1172,1381 1171,1382 1156,1381 1155,1381 1156,1346 1155,1345 962,1344 962,1343 962,1342 961,1342 955,1342 955,1341 955,1340 954,1340 948,1340 947,1338 947,1336 943,1332 943,1330 941,1328 941,1325 940,1324 940,1322 938,1320 938,1318 937,1318 936,1318 936,1317 936,1315 935,1314 935,1297 934,1296 935,1295 935,1294 936,1293 936,1289 937,1289 938,1289 938,1288 938,1284 941,1281 941,1279 943,1278 945,1278 946,1277 948,1277 950,1274 950,1273 951,1273 955,1273 956,1272 960,1272 960,1271 960,1270 961,1270 962,1270 962,1269 962,1268 963,1268 966,1268 966,1267 967,1224 967,1224 1448,1228 1449,1227 2198,1234 2199,1234 2199,1235 2199,1236 2660,1240 2661,1239 2672,1239 2673,1240 2677,1240 2678,1240 2677,1264 2678,1265 3057,1268 3057,1268 3057,1266 3058,1265 3058,1263 3060,1261 3060,1254 3064,1250 3064,1249 3065,1248 3070,1248 3072,1246 3120,1247 3120,1246 3121,1240 3121,1240 3159,1240 3160,1240 3159,1245 3160,1246 3231,1247 3232,1248 3232,1251 3234,1253 3234,1267 3235,1268 3328,1268 3332,1272 3334,1272 3335,1273 3338,1273 3339,1275 3339,1330 3340,1331 3339,1385 3340,1385 3341,1385 3341,1386 3340,1387 3340,1394 3340,1394 3321,1394 3320,1395 3320,1399 3320,1399 3314,1399 3313,1398 3260,1398 3259,1397 2905,1394 2884,1393 2883,1394 2566,1392 2565,1393 2427,1392 2426,1392 2426,1401 2426,1402 2425,1401 2424,1402 2424,1403 2422,1405 2422,1406 2422,1406 2421,1406 2420,1407 2408,1407 2407,1408"/><TextEquiv><Unicode/></TextEquiv><TextEquiv index="1"><Unicode>c'étoit depuis cette époque qu'ette</Unicode></TextEquiv></TextLine><TextLine id="l8"><Coords points="1056,1537 1056,1536 1056,1500 1056,1500 1025,1499 1024,1500 1018,1500 1017,1499 946,1499 945,1498 945,1495 945,1495 942,1495 941,1494 941,1492 938,1489 938,1480 936,1478 936,1470 938,1468 938,1464 939,1463 940,1433 941,1432 941,1429 942,1428 944,1428 945,1427 945,1426 945,1426 946,1426 947,1425 947,1423 947,1423 1090,1424 1091,1423 1097,1423 1098,1422 1098,1421 1098,1421 1150,1421 1151,1421 1151,1385 1155,1381 1398,1384 1399,1383 1542,1384 1543,1383 2052,1387 2053,1388 2873,1395 2874,1394 2883,1394 2884,1393 2945,1394 2946,1393 3088,1394 3089,1395 3259,1397 3260,1398 3264,1398 3265,1399 3320,1399 3320,1400 3320,1423 3320,1423 3326,1423 3327,1424 3326,1475 3327,1476 3327,1480 3328,1480 3332,1480 3335,1483 3337,1483 3338,1484 3342,1484 3342,1485 3342,1487 3344,1489 3344,1494 3344,1495 3340,1494 3339,1495 3317,1495 3316,1496 3316,1500 3316,1500 3250,1500 3249,1500 3249,1503 3246,1506 3246,1509 3245,1511 3240,1511 3237,1513 3237,1515 3237,1516 3226,1515 3224,1517 3224,1518 3223,1519 3099,1518 3098,1519 3098,1550 3097,1550 3029,1550 3028,1549 2056,1540 2054,1542 2051,1542 2050,1543 2040,1543 2040,1543 2040,1507 2040,1506 1171,1499 1170,1500 1097,1499 1096,1500 1076,1500 1075,1500 1075,1536 1074,1537"/><TextEquiv><Unicode/></TextEquiv><TextEquiv index="1"><Unicode>avoit vécu chez l'Hermite: mais qu'é-</Unicode></TextEquiv></TextLine><TextLine id="l9"><Coords points="2231,1710 2229,1708 2230,1696 2229,1696 2205,1696 2204,1694 2204,1667 2203,1667 2186,1666 2185,1665 954,1655 949,1650 947,1650 947,1649 947,1645 946,1645 945,1645 945,1644 945,1642 943,1640 943,1600 940,1597 940,1595 940,1595 939,1595 938,1594 938,1588 939,1588 940,1588 940,1587 940,1585 943,1582 943,1580 946,1578 947,1578 948,1577 948,1575 950,1573 1054,1574 1055,1573 1055,1537 1055,1537 1295,1539 1296,1538 1300,1538 1302,1536 2412,1545 2414,1543 2543,1545 2544,1544 2544,1542 2544,1542 2564,1542 2565,1542 2565,1544 2565,1545 3092,1549 3093,1550 3096,1550 3097,1551 3097,1552 3097,1552 3243,1554 3246,1557 3252,1557 3253,1557 3252,1597 3253,1598 3330,1598 3330,1599 3330,1603 3331,1603 3333,1603 3335,1606 3335,1608 3339,1612 3339,1629 3337,1631 3336,1631 3335,1632 3335,1638 3332,1641 3330,1641 3328,1643 3326,1643 3325,1644 3325,1646 3323,1648 3323,1665 3322,1666 3322,1670 3320,1671 3297,1671 3296,1673 3296,1674 3295,1674 3294,1674 3294,1675 3294,1688 3293,1688 3291,1688 3289,1690 3288,1690 3286,1688 2274,1679 2274,1680 2273,1701 2272,1702 2258,1702 2255,1705 2255,1707 2255,1707 2253,1707 2252,1708 2252,1710 2252,1710"/><TextEquiv><Unicode/></TextEquiv><TextEquiv index="1"><Unicode>toit - elle devenue depuis? Je n'avois</Unicode></TextEquiv></TextLine><TextLine id="l10"><Coords points="1788,2018 1786,2016 1776,2016 1776,2015 1776,2011 1775,2011 1767,2011 1765,2009 1762,2009 1761,2008 1759,2008 1758,2007 1353,2003 1353,2003 1353,1981 1353,1980 1281,1980 1280,1979 1280,1972 1279,1971 1273,1970 1270,1968 1270,1967 1270,1966 1068,1965 1067,1964 1067,1963 1067,1963 1066,1963 1065,1962 1065,1961 1065,1961 943,1960 940,1957 941,1903 940,1902 940,1850 938,1848 939,1744 938,1743 938,1738 939,1738 970,1738 972,1736 974,1736 974,1735 974,1734 975,1734 1019,1734 1019,1734 1019,1699 1022,1696 1024,1696 1025,1695 1027,1695 1029,1693 1261,1695 1261,1695 1261,1694 1263,1693 1263,1692 1263,1691 1276,1691 1277,1690 1279,1692 1278,1695 1279,1696 1280,1696 1280,1696 1280,1725 1281,1726 1971,1732 1971,1731 1971,1704 1974,1702 1976,1702 1980,1698 1982,1698 1984,1696 2126,1697 2127,1696 2132,1696 2133,1695 2133,1693 2133,1693 2135,1693 2137,1691 2146,1691 2147,1692 2147,1693 2147,1693 2151,1693 2153,1695 2160,1695 2161,1696 3076,1704 3076,1704 3076,1703 3077,1702 3081,1702 3084,1700 3084,1698 3085,1696 3087,1696 3088,1696 3088,1694 3088,1693 3095,1693 3098,1696 3098,1700 3098,1700 3126,1701 3127,1701 3126,1710 3127,1711 3316,1712 3316,1713 3316,1716 3318,1718 3318,1720 3320,1722 3320,1732 3321,1732 3324,1732 3326,1734 3328,1734 3328,1735 3328,1737 3329,1737 3346,1738 3346,1738 3346,1793 3347,1794 3347,1814 3347,1815 3348,1815 3349,1815 3348,1820 3347,1822 3341,1822 3340,1822 3340,1905 3339,1906 3339,1910 3338,1911 3338,1912 3335,1915 3334,1932 3334,1932 3333,1932 3332,1933 3332,1935 3330,1937 3330,1942 3328,1944 3328,1951 3327,1952 3327,1956 3327,1956 3326,1956 3325,1957 3325,1959 3322,1962 3322,1964 3321,1965 3317,1965 3316,1966 3316,2015 3315,2015 3060,2013 3060,2014 3060,2017 3059,2017 2802,2015 2801,2016 2563,2014 2563,2013 2563,2012 2562,2012 1853,2006 1853,2006 1853,2008 1852,2009 1794,2008 1794,2009 1794,2018 1793,2018"/><TextEquiv><Unicode/></TextEquiv><TextEquiv index="1"><Unicode>lnee re gogiſſſrale, aoun</Unicode></TextEquiv></TextLine><TextLine id="l11"><Coords points="990,2159 990,2157 990,2156 974,2156 971,2153 971,2151 971,2150 971,2118 970,2118 959,2118 957,2116 955,2116 955,2115 955,2114 954,2114 952,2114 952,2113 952,2111 951,2111 950,2111 950,2110 950,2109 949,2109 947,2109 947,2108 947,2106 946,2106 945,2106 945,2105 945,2104 944,2104 943,2104 943,2103 943,2099 941,2097 941,2090 940,2089 940,2085 940,2085 939,2085 938,2084 938,2078 939,2078 940,2078 940,2077 940,2068 941,2067 941,2065 943,2063 943,2061 944,2061 945,2061 945,2060 945,2058 947,2056 947,2052 948,2052 950,2052 950,2051 950,2049 953,2047 960,2047 962,2045 993,2045 994,2044 1013,2044 1015,2042 1045,2042 1046,2041 1095,2042 1095,2041 1096,2006 1096,2006 1350,2008 1351,2008 1351,2007 1352,2006 1352,2004 1352,2003 1446,2004 1447,2004 1447,2005 1447,2006 1448,2006 1449,2006 1449,2035 1449,2036 1786,2039 1787,2038 1787,2022 1788,2021 1826,2021 1827,2021 1827,2009 1827,2008 2027,2010 2028,2010 2028,2008 2028,2007 2132,2008 2133,2007 2137,2007 2138,2008 2479,2011 2481,2009 2495,2009 2496,2010 2496,2011 2496,2011 2500,2011 2501,2012 3284,2019 3285,2019 3285,2016 3285,2015 3315,2015 3316,2016 3332,2016 3334,2018 3334,2021 3335,2022 3335,2032 3335,2032 3337,2032 3339,2034 3339,2041 3339,2041 3344,2042 3346,2043 3346,2046 3346,2047 3348,2047 3348,2047 3348,2048 3349,2049 3349,2050 3349,2051 3348,2051 3347,2051 3347,2067 3347,2068 3345,2068 3344,2068 3344,2108 3343,2109 3342,2109 3342,2109 3342,2110 3339,2113 3337,2112 3335,2114 3327,2114 3327,2115 3327,2128 3326,2128 3325,2128 3325,2129 3325,2135 3324,2135 3323,2135 3323,2136 3323,2140 3322,2140 3318,2140 3318,2141 3318,2142 3317,2142 3316,2142 3316,2143 3316,2144 3314,2145 3202,2144 3202,2145 3201,2171 3201,2171 3199,2171 3197,2173 3087,2172 3086,2173 3086,2174 3086,2174 3077,2174 3076,2173 2886,2172 2885,2171 2612,2168 2611,2168 2612,2155 2611,2154 2575,2154 2575,2153 2575,2151 2574,2151 2213,2148 2129,2147 2129,2147 2128,2162 2128,2163 2121,2163 2120,2162 1813,2159 1812,2160 1732,2159 1731,2160 1639,2160 1638,2159 1639,2126 1638,2126 1320,2123 1320,2123 1320,2125 1319,2126 1318,2126 1318,2125 1318,2121 1317,2121 1008,2118 1008,2119 1007,2152 1007,2152 1006,2152 1005,2153 1005,2154 1005,2154 1004,2154 1003,2155 1003,2156 1003,2156 996,2156 995,2157 993,2157 991,2159"/><TextEquiv><Unicode/></TextEquiv><TextEquiv index="1"><Unicode>que raiſon qui pût me faie iinde</Unicode></TextEquiv></TextLine><TextLine id="l12"><Coords points="1221,2315 1220,2314 1106,2313 1105,2313 1105,2312 1105,2311 979,2310 978,2309 977,2309 976,2308 976,2273 976,2273 961,2273 959,2271 958,2271 957,2270 957,2269 957,2269 953,2269 949,2265 948,2265 947,2264 945,2264 945,2263 945,2261 941,2257 941,2248 940,2247 940,2237 940,2233 941,2232 941,2220 945,2216 945,2212 945,2212 947,2212 948,2211 948,2209 948,2209 949,2209 950,2208 950,2207 951,2207 953,2207 953,2206 953,2204 954,2204 955,2204 955,2203 955,2202 956,2202 962,2202 962,2201 962,2200 963,2200 1015,2200 1016,2199 1023,2199 1025,2197 1048,2198 1049,2197 1084,2197 1084,2196 1084,2166 1085,2166 1086,2166 1086,2165 1086,2161 1087,2161 1091,2161 1091,2160 1091,2159 1092,2159 1093,2159 1093,2158 1093,2157 1094,2157 1191,2158 1193,2156 1244,2156 1248,2160 1583,2163 1583,2163 1583,2162 1584,2161 1589,2161 1591,2159 1595,2159 1595,2159 1595,2158 1596,2157 1598,2157 1599,2156 1610,2156 1611,2157 2120,2162 2121,2163 2128,2163 2132,2167 2132,2189 2133,2190 2611,2194 2611,2194 2611,2169 2612,2168 2775,2170 2776,2169 2785,2169 2786,2170 2837,2170 2838,2171 3291,2175 3291,2175 3291,2162 3292,2161 3296,2161 3300,2157 3334,2157 3336,2155 3340,2156 3342,2154 3342,2152 3342,2152 3344,2152 3346,2153 3346,2154 3346,2155 3347,2155 3349,2156 3349,2160 3349,2161 3350,2161 3350,2161 3350,2162 3351,2163 3351,2175 3351,2176 3349,2176 3347,2177 3347,2179 3346,2180 3346,2268 3345,2269 3340,2269 3340,2269 3340,2273 3339,2274 3336,2273 3335,2274 3331,2274 3331,2275 3330,2279 3330,2279 3325,2279 3320,2284 3320,2312 3320,2312 3192,2311 3191,2312 3191,2321 3191,2321 3058,2320 3057,2321 3057,2324 3057,2324 3056,2324 3055,2325 3015,2325 3014,2324 3014,2317 3014,2317 2907,2316 2905,2314 2905,2312 2904,2311 2904,2289 2904,2289 2372,2284 2371,2285 2358,2285 2357,2285 2357,2288 2356,2290 2234,2289 2233,2289 2233,2319 2233,2320 2230,2320 2229,2321 2214,2321 2213,2322 2201,2322 2200,2323 2199,2322 2199,2321 2199,2321 1985,2319 1984,2318 1984,2317 1984,2317 1242,2310 1241,2311 1241,2315 1241,2315"/><TextEquiv><Unicode/></TextEquiv><TextEquiv index="1"><Unicode>qu'elle ne fût plus de ce mondeſ; mais</Unicode></TextEquiv></TextLine><TextLine id="l13"><Coords points="2192,2484 2192,2483 2192,2481 2190,2479 2190,2463 2189,2462 2118,2462 2117,2461 2109,2461 2109,2460 2109,2456 2108,2456 2023,2455 2023,2455 2023,2454 2022,2453 2020,2453 2016,2448 2016,2436 2016,2436 1692,2433 1691,2434 1691,2467 1690,2467 1688,2467 1688,2468 1688,2470 1687,2470 1686,2470 1685,2471 1680,2471 1680,2471 1680,2434 1680,2433 1391,2431 1390,2431 1390,2470 1389,2470 1380,2470 1378,2468 1378,2451 1377,2450 1341,2450 1339,2448 1339,2433 1339,2432 1020,2429 1019,2430 1019,2467 1018,2467 943,2467 943,2466 943,2465 942,2465 940,2465 940,2464 941,2367 940,2366 940,2360 941,2359 941,2357 941,2357 944,2357 945,2356 945,2326 947,2324 947,2321 948,2321 950,2321 950,2320 950,2319 951,2319 974,2319 974,2318 974,2316 976,2315 978,2315 979,2314 1105,2315 1105,2315 1105,2314 1106,2313 1113,2313 1114,2314 1423,2317 1423,2316 1423,2312 1424,2312 1621,2314 1621,2313 1621,2312 1622,2312 1638,2312 1638,2312 1638,2313 1639,2314 1801,2315 1801,2316 1801,2319 1802,2319 1812,2319 1812,2320 1812,2350 1812,2350 2197,2354 2198,2353 2198,2329 2199,2328 2199,2323 2201,2322 2213,2322 2214,2321 2229,2321 2230,2320 2484,2322 2485,2321 2627,2322 2628,2321 2628,2319 2632,2315 2639,2315 2639,2315 2639,2313 2640,2312 2644,2312 2644,2313 2644,2320 2645,2320 2713,2321 2714,2323 2714,2325 2716,2327 2716,2330 2716,2330 3013,2333 3014,2332 3014,2325 3015,2325 3172,2326 3172,2326 3172,2322 3173,2321 3210,2321 3210,2322 3210,2328 3211,2328 3270,2329 3270,2329 3270,2330 3271,2331 3277,2331 3277,2331 3277,2332 3277,2333 3279,2333 3285,2339 3285,2358 3285,2358 3313,2358 3315,2360 3315,2361 3315,2361 3344,2362 3346,2364 3348,2364 3351,2366 3351,2371 3350,2372 3349,2428 3349,2429 3324,2428 3323,2429 3312,2429 3311,2430 3311,2434 3308,2437 3260,2437 3258,2438 3258,2443 3257,2445 3254,2445 3253,2446 3230,2446 3229,2446 3229,2447 3228,2448 3199,2447 3196,2450 3029,2449 3029,2449 3029,2477 3028,2478 2794,2476 2794,2476 2794,2477 2790,2481 2762,2480 2761,2481 2759,2481 2756,2484 2544,2483 2543,2484 2541,2484 2541,2483 2541,2481 2537,2477 2537,2475 2536,2474 2536,2441 2536,2440 2200,2438 2199,2438 2199,2477 2195,2481 2195,2483 2194,2484"/><TextEquiv><Unicode/></TextEquiv><TextEquiv index="1"><Unicode>j'avois, d'ailleurs, plus de fujets d'eſ-</Unicode></TextEquiv></TextLine><TextLine id="l14"><Coords points="1507,2630 1505,2628 1505,2627 1504,2626 1500,2625 1498,2623 1057,2620 977,2619 976,2620 975,2620 974,2620 974,2622 972,2625 944,2625 943,2624 943,2620 941,2618 941,2610 942,2609 943,2512 945,2511 972,2511 973,2510 974,2510 974,2509 974,2508 975,2508 1013,2508 1013,2508 1014,2468 1014,2467 1678,2473 1679,2473 1679,2472 1679,2471 1685,2471 1686,2470 1811,2471 1812,2470 1984,2472 1986,2470 2105,2471 2106,2470 2106,2462 2106,2462 2108,2462 2109,2461 2117,2461 2118,2462 2146,2462 2147,2463 2147,2465 2149,2467 2149,2470 2149,2470 2151,2470 2152,2471 2152,2473 2156,2477 2156,2488 2156,2488 2192,2489 2193,2489 2192,2500 2195,2503 2197,2503 2197,2503 2197,2509 2198,2510 2409,2511 2410,2513 2410,2515 2410,2515 2408,2515 2406,2517 2402,2517 2400,2519 2400,2520 2400,2520 2392,2520 2391,2521 2391,2570 2390,2570 2248,2569 2248,2569 2248,2571 2248,2572 2414,2573 2415,2574 2415,2575 2414,2576 2414,2578 2412,2579 2248,2578 2248,2578 2247,2628 2247,2629 2200,2629 2199,2630 2157,2629 2156,2630 1737,2627 1736,2628 1512,2626 1511,2626 1511,2629 1511,2630"/><TextEquiv><Unicode/></TextEquiv><TextEquiv index="1"><Unicode>pérance que d'effrol.</Unicode></TextEquiv></TextLine><TextLine id="l15"><Coords points="3069,2587 3069,2587 3069,2586 3068,2585 2857,2583 2856,2582 2855,2582 2854,2581 2853,2581 2852,2580 2851,2580 2850,2579 2849,2579 2848,2578 2847,2578 2847,2578 2847,2575 2850,2572 2850,2566 2850,2565 2987,2566 2988,2566 2987,2565 2957,2565 2957,2565 2957,2562 2956,2561 2953,2561 2953,2561 2953,2556 2954,2555 2955,2555 2956,2554 2989,2554 2989,2554 2990,2480 2991,2478 2997,2479 2998,2478 3028,2478 3029,2478 3029,2479 3031,2481 3031,2485 3031,2486 3033,2486 3036,2488 3035,2510 3036,2511 3163,2512 3163,2512 3163,2514 3164,2515 3165,2515 3165,2515 3165,2516 3166,2517 3174,2517 3174,2518 3174,2520 3175,2520 3347,2522 3347,2522 3347,2556 3349,2558 3349,2564 3348,2565 3347,2565 3347,2565 3347,2569 3346,2570 3322,2569 3322,2570 3322,2576 3320,2577 3175,2576 3175,2577 3175,2584 3171,2587 3077,2586 3076,2587"/><TextEquiv><Unicode/></TextEquiv></TextLine><TextLine id="l16"><Coords points="1341,2813 1340,2812 1340,2741 1340,2740 1246,2739 1244,2738 1244,2736 1244,2735 1131,2734 1130,2733 1106,2733 1103,2730 1101,2730 1100,2729 987,2728 986,2727 987,2723 987,2723 1095,2724 1096,2723 1096,2720 1094,2718 1094,2713 1093,2712 1093,2710 1091,2708 1091,2699 1090,2699 1089,2699 1089,2698 1089,2685 1088,2684 1088,2641 1088,2641 1083,2641 1081,2639 1080,2639 1079,2638 1079,2637 1079,2637 1078,2637 1077,2636 1077,2635 1076,2634 1076,2630 1077,2630 1081,2630 1082,2628 1082,2627 1083,2627 1084,2627 1084,2626 1084,2625 1085,2625 1156,2625 1157,2624 1714,2629 1714,2629 1714,2628 1715,2627 2188,2631 2190,2629 2240,2630 2241,2629 2434,2631 2435,2630 2503,2630 2503,2630 2503,2626 2504,2625 2846,2628 2846,2628 2847,2579 2847,2578 2848,2578 2849,2579 2850,2579 2851,2580 2852,2580 2853,2581 2854,2581 2855,2582 2856,2582 2857,2583 2858,2583 2859,2584 2858,2629 2859,2629 2897,2630 2897,2630 2897,2634 2898,2635 2929,2635 2930,2636 3261,2639 3262,2640 3271,2640 3272,2641 3272,2643 3275,2646 3275,2675 3276,2676 3346,2677 3347,2677 3347,2713 3349,2715 3349,2720 3346,2723 3346,2727 3345,2728 3327,2727 3327,2728 3327,2731 3324,2733 3323,2733 3322,2734 3322,2736 3319,2739 3300,2739 3299,2740 3299,2797 3297,2798 1360,2781 1359,2782 1359,2795 1358,2796 1358,2800 1355,2802 1354,2802 1354,2803 1354,2806 1353,2806 1352,2806 1351,2808 1351,2810 1349,2811 1347,2811 1345,2813"/><TextEquiv><Unicode/></TextEquiv><TextEquiv index="1"><Unicode>ejeunc innocente, d'une Ville voi-</Unicode></TextEquiv></TextLine><TextLine id="l17"><Coords points="2546,2948 2545,2947 2536,2947 2535,2946 2426,2945 2426,2944 2426,2939 2425,2939 2156,2936 2156,2936 2156,2930 2155,2929 2128,2929 2128,2928 2128,2927 2127,2927 1165,2919 1163,2916 1163,2900 1162,2900 1111,2899 1109,2897 1105,2897 1105,2897 1105,2896 1105,2895 1104,2895 1103,2895 1103,2894 1103,2893 1101,2893 1100,2892 1098,2892 1095,2889 1011,2888 1009,2886 948,2886 947,2885 946,2885 945,2884 946,2830 945,2829 945,2827 943,2825 943,2818 947,2814 947,2811 948,2810 948,2806 950,2804 950,2797 950,2797 951,2797 952,2796 952,2780 953,2780 955,2780 955,2779 955,2778 956,2778 958,2778 961,2775 965,2775 967,2773 974,2773 974,2772 974,2771 975,2771 984,2771 986,2773 2329,2785 2329,2785 2329,2789 2329,2790 3296,2798 3297,2799 3297,2832 3297,2832 3343,2833 3344,2833 3343,2867 3346,2870 3346,2872 3347,2873 3347,2884 3346,2885 3346,2887 3346,2888 3331,2887 3328,2890 3328,2892 3327,2893 3327,2895 3327,2895 3326,2895 3325,2896 3325,2900 3323,2902 3323,2907 3317,2912 3315,2912 3313,2914 3298,2914 3296,2916 3239,2916 3238,2917 3185,2916 3185,2917 3185,2951 3184,2951 2594,2946 2593,2947 2592,2947 2591,2948"/><TextEquiv><Unicode/></TextEquiv><TextEquiv index="1"><Unicode>ſine, décorée de toutes les graces naïves</Unicode></TextEquiv></TextLine><TextLine id="l18"><Coords points="1897,3097 1896,3096 1896,3092 1896,3092 982,3084 979,3081 980,3045 979,3045 968,3045 966,3043 961,3043 959,3040 959,3038 958,3038 955,3038 955,3037 955,3034 954,3034 953,3034 952,3032 952,3030 948,3026 948,3022 947,3021 947,3003 948,3002 948,3000 949,3000 950,3000 950,2999 950,2993 951,2993 952,2993 952,2992 952,2988 955,2985 955,2983 960,2979 962,2979 965,2976 993,2976 993,2976 993,2975 994,2974 1052,2975 1053,2974 1257,2975 1257,2975 1258,2943 1260,2940 1263,2940 1267,2936 1269,2936 1270,2936 1270,2935 1270,2934 1814,2939 1815,2938 1817,2938 1820,2935 1843,2935 1844,2936 1844,2937 1844,2937 1845,2937 1846,2939 2092,2941 2093,2942 3185,2951 3191,2957 3191,2959 3191,2959 3192,2959 3193,2960 3192,2964 3193,2965 3193,2989 3194,2989 3308,2990 3309,2991 3311,2991 3312,2992 3337,2993 3337,2993 3337,3021 3339,3023 3339,3032 3340,3033 3339,3034 3327,3033 3327,3034 3327,3068 3320,3074 2917,3071 2917,3071 2917,3073 2916,3074 2810,3073 2810,3073 2809,3088 2809,3089 2370,3085 2369,3086 2369,3099 2369,3099 2098,3097 2097,3098 2020,3097 2019,3098"/><TextEquiv><Unicode/></TextEquiv><TextEquiv index="1"><Unicode>que donne la ſimple nature, me retint</Unicode></TextEquiv></TextLine><TextLine id="l19"><Coords points="1071,3246 1069,3244 1064,3244 1063,3242 1063,3204 1063,3204 968,3203 967,3202 967,3201 964,3198 960,3198 959,3197 959,3195 955,3191 955,3189 950,3184 950,3182 950,3182 948,3182 947,3180 947,3173 945,3171 945,3153 947,3151 947,3146 948,3145 948,3143 950,3141 951,3141 952,3140 952,3139 955,3136 956,3136 957,3135 957,3134 960,3131 967,3131 969,3129 1246,3131 1248,3129 1326,3130 1327,3129 1327,3096 1328,3096 1330,3096 1332,3094 1335,3094 1336,3093 1338,3093 1340,3091 2356,3100 2357,3099 2369,3099 2370,3100 2371,3100 2371,3101 2371,3103 2372,3104 2372,3130 2373,3130 3154,3137 3156,3139 3350,3141 3351,3141 3351,3142 3353,3144 3353,3155 3352,3156 3351,3156 3351,3156 3351,3157 3350,3158 3349,3197 3349,3198 3326,3197 3325,3198 3321,3198 3320,3199 3268,3199 3267,3199 3267,3220 3264,3224 3252,3224 3251,3224 3251,3255 3250,3256 2938,3253 2938,3254 2938,3258 2937,3258 1908,3249 1907,3250 1227,3244 1227,3245 1227,3246 1226,3246 1094,3245 1093,3246"/><TextEquiv><Unicode/></TextEquiv><TextEquiv index="1"><Unicode>cependant encore quelque temps au-</Unicode></TextEquiv></TextLine><TextLine id="l20"><Coords points="2772,3449 2771,3448 2771,3443 2771,3443 2744,3442 2743,3441 2742,3441 2741,3441 2741,3425 2741,3424 2702,3424 2701,3423 2697,3423 2696,3422 2683,3422 2682,3421 2682,3420 2681,3419 2682,3390 2681,3390 2624,3389 2623,3388 2623,3385 2622,3384 2316,3382 2316,3382 2316,3405 2315,3406 2235,3405 2235,3405 2235,3407 2234,3408 2097,3407 2097,3406 2097,3404 2094,3401 2094,3399 2093,3399 1665,3395 1665,3395 1665,3405 1664,3406 1648,3406 1648,3405 1648,3391 1647,3391 1251,3387 1251,3388 1251,3402 1250,3402 956,3400 955,3401 951,3401 949,3399 947,3399 945,3396 946,3296 945,3295 945,3285 945,3285 1043,3286 1044,3285 1080,3285 1081,3284 1081,3253 1085,3249 1207,3250 1208,3249 1208,3246 1208,3246 1288,3247 1291,3244 1445,3245 1446,3244 1592,3245 1593,3244 1601,3244 1602,3245 1602,3247 1602,3247 2048,3251 2049,3251 2049,3250 2049,3249 2050,3249 2051,3249 2051,3245 2051,3244 2063,3244 2064,3245 2064,3248 2064,3248 2557,3253 2558,3254 2732,3255 2733,3256 3128,3260 3129,3259 3129,3256 3129,3256 3130,3256 3131,3255 3131,3254 3132,3253 3132,3250 3133,3249 3152,3249 3153,3249 3153,3253 3153,3254 3155,3254 3156,3254 3156,3258 3158,3260 3158,3264 3158,3265 3159,3265 3160,3265 3160,3269 3162,3271 3162,3293 3162,3294 3348,3296 3349,3296 3349,3300 3349,3301 3350,3301 3351,3301 3350,3308 3351,3309 3351,3310 3351,3311 3350,3311 3349,3311 3349,3319 3349,3320 3348,3320 3347,3320 3347,3341 3346,3342 3346,3344 3345,3346 3324,3345 3323,3346 3323,3356 3322,3357 3322,3378 3321,3378 3303,3378 3301,3380 3210,3379 3209,3380 3087,3379 3086,3381 3086,3383 3084,3384 3043,3384 3043,3384 3043,3387 3041,3389 3041,3391 3040,3392 2995,3392 2993,3394 2990,3394 2990,3394 2990,3396 2989,3396 2988,3396 2988,3397 2988,3398 2987,3398 2986,3398 2985,3399 2983,3399 2981,3401 2979,3401 2976,3404 2887,3404 2887,3404 2886,3429 2886,3430 2827,3429 2826,3430 2824,3430 2823,3431 2822,3431 2821,3432 2818,3432 2817,3433 2814,3433 2813,3434 2811,3434 2810,3435 2783,3435 2782,3435 2782,3447 2782,3448 2781,3448 2780,3449"/><TextEquiv><Unicode/></TextEquiv><TextEquiv index="1"><Unicode>près de l'HeriteelIl s'établi, fin</Unicode></TextEquiv></TextLine><TextLine id="l21"><Coords points="1199,3562 1198,3561 1194,3561 1192,3559 1189,3559 1187,3557 1188,3516 1187,3516 1033,3514 1031,3512 971,3512 971,3511 971,3509 970,3509 967,3509 967,3508 967,3507 966,3507 962,3507 960,3504 960,3502 959,3502 957,3502 957,3501 957,3497 956,3497 955,3497 955,3496 955,3495 954,3495 953,3495 953,3494 953,3492 952,3491 952,3482 950,3480 950,3468 952,3466 952,3461 953,3460 953,3451 955,3450 957,3450 962,3445 964,3445 969,3440 1038,3440 1039,3439 1152,3440 1153,3439 1279,3441 1280,3440 1284,3440 1284,3439 1284,3438 1286,3437 1287,3437 1287,3436 1287,3435 1288,3435 1353,3435 1353,3435 1354,3407 1354,3406 1362,3406 1363,3407 1362,3439 1363,3439 1583,3441 1584,3440 1647,3441 1647,3440 1648,3406 1648,3406 1664,3406 1665,3406 1664,3438 1665,3439 1855,3441 1856,3440 1858,3440 1858,3439 1858,3435 1859,3435 1860,3435 1860,3434 1860,3432 1861,3431 1861,3427 1863,3425 1863,3423 1864,3423 1865,3423 1865,3422 1865,3420 1866,3420 1868,3420 1868,3419 1868,3417 1869,3416 1869,3415 1876,3409 1879,3409 1881,3407 1883,3407 1884,3406 1888,3406 1889,3405 1889,3404 1889,3404 1919,3404 1920,3405 2315,3409 2316,3408 2316,3399 2316,3399 2332,3399 2333,3399 2333,3400 2333,3401 2335,3401 2336,3401 2336,3403 2336,3404 2340,3404 2343,3406 2343,3413 2343,3414 2348,3414 2350,3415 2349,3417 2352,3420 2353,3420 2353,3420 2353,3443 2354,3444 2425,3445 2426,3446 2426,3449 2427,3450 2654,3452 2656,3450 2658,3450 2658,3449 2658,3445 2659,3445 2682,3445 2682,3444 2682,3422 2683,3422 2696,3422 2697,3423 2701,3423 2702,3424 2706,3424 2706,3425 2706,3440 2707,3440 2741,3440 2742,3441 2743,3441 2744,3443 2744,3445 2745,3446 2745,3450 2746,3450 2748,3450 2750,3452 2753,3452 2753,3453 2753,3457 2754,3458 2754,3471 2754,3471 2750,3471 2749,3472 2749,3522 2745,3526 2745,3528 2744,3528 2741,3528 2741,3529 2740,3536 2739,3537 2739,3543 2739,3543 2707,3543 2706,3544 2706,3548 2705,3549 2703,3549 2702,3549 2702,3553 2702,3554 2628,3553 2627,3554 2627,3562 2627,3562 2617,3562 2616,3563 2585,3563 2584,3562 2584,3533 2584,3533 2404,3531 2403,3532 2403,3533 2402,3534 2402,3563 2402,3563 2225,3562 2224,3562 2224,3563 2224,3564 2065,3562 2064,3563 2064,3564 2064,3564 2054,3564 2052,3566 1883,3565 1882,3564 1882,3531 1882,3531 1864,3531 1863,3529 1863,3525 1862,3525 1644,3523 1644,3523 1643,3560 1643,3561 1633,3561 1632,3560 1633,3521 1632,3521 1476,3519 1476,3520 1476,3528 1475,3528 1474,3528 1471,3531 1471,3533 1471,3533 1469,3533 1466,3536 1466,3538 1466,3538 1464,3538 1459,3543 1402,3543 1400,3545 1331,3544 1330,3545 1330,3560 1330,3560 1209,3559 1206,3562"/><TextEquiv><Unicode/></TextEquiv><TextEquiv index="1"><Unicode>compte, une ſinguliere opi</Unicode></TextEquiv></TextLine><TextLine id="l22"><Coords points="3180,3573 3179,3572 3046,3571 3045,3570 3045,3563 3045,3563 2944,3562 2943,3561 2941,3561 2940,3561 2940,3560 2940,3559 2939,3559 2938,3559 2938,3555 2938,3554 2907,3554 2905,3552 2905,3543 2905,3543 2901,3543 2898,3540 2898,3538 2897,3537 2897,3536 2896,3535 2896,3534 2896,3534 2869,3533 2869,3533 2869,3532 2868,3531 2864,3531 2863,3530 2801,3530 2799,3528 2773,3528 2773,3527 2773,3526 2772,3525 2772,3471 2773,3470 2773,3465 2774,3464 2774,3461 2775,3460 2775,3458 2776,3457 2776,3455 2777,3454 2777,3453 2778,3452 2778,3450 2781,3448 2810,3448 2810,3447 2810,3434 2811,3434 2813,3434 2814,3433 2817,3433 2818,3432 2821,3432 2822,3431 2876,3432 2876,3431 2876,3430 2877,3430 3121,3432 3121,3431 3122,3409 3122,3409 3140,3409 3143,3406 3143,3404 3143,3404 3196,3404 3199,3407 3198,3423 3199,3423 3201,3423 3203,3425 3206,3425 3211,3430 3213,3430 3214,3431 3215,3431 3218,3434 3220,3435 3220,3435 3220,3437 3223,3440 3225,3440 3225,3440 3225,3444 3227,3446 3227,3448 3228,3449 3229,3449 3229,3449 3229,3450 3230,3451 3230,3452 3233,3455 3351,3456 3351,3456 3351,3506 3350,3507 3327,3506 3327,3507 3327,3533 3326,3533 3323,3533 3323,3534 3323,3535 3322,3535 3321,3535 3320,3536 3320,3538 3320,3538 3188,3537 3187,3538 3187,3573 3187,3573"/><TextEquiv><Unicode/></TextEquiv><TextEquiv index="1"><Unicode>u On</Unicode></TextEquiv></TextLine><TextLine id="l23"><Coords points="3232,3737 3232,3736 3232,3696 3232,3696 3218,3695 3217,3694 3216,3694 3215,3693 2793,3690 2792,3689 2712,3688 2711,3688 2711,3687 2711,3686 2497,3684 2496,3685 2496,3688 2496,3688 2495,3688 2494,3689 2494,3696 2494,3696 2490,3696 2489,3697 2489,3705 2488,3705 2433,3705 2432,3706 2432,3708 2431,3709 2430,3710 2428,3710 2425,3713 2371,3712 2371,3713 2371,3715 2370,3715 2365,3715 2365,3715 2365,3711 2364,3710 2364,3695 2364,3694 2081,3692 2080,3692 2080,3716 2079,3717 2078,3717 2077,3718 1776,3715 1772,3719 1769,3719 1767,3721 1765,3721 1764,3722 1752,3722 1750,3724 1734,3724 1733,3723 1585,3721 1585,3721 1585,3720 1584,3719 1580,3719 1579,3718 1227,3715 1227,3715 1227,3711 1226,3710 1213,3710 1213,3710 1213,3684 1213,3683 1172,3683 1170,3681 1170,3679 1170,3679 1169,3679 1168,3678 1168,3677 1167,3676 1166,3676 1165,3675 1099,3674 1097,3672 1087,3672 1086,3671 1086,3669 1086,3669 1085,3669 1084,3668 1006,3667 1005,3666 957,3666 955,3664 955,3662 955,3662 953,3662 952,3661 953,3612 952,3611 952,3609 951,3609 950,3609 950,3608 950,3595 950,3595 952,3595 954,3593 1045,3594 1046,3593 1046,3563 1051,3559 1053,3559 1057,3555 1066,3555 1068,3557 1072,3557 1072,3557 1072,3558 1073,3559 1075,3559 1076,3560 1076,3563 1079,3566 1079,3568 1081,3570 1081,3595 1081,3596 1303,3598 1304,3597 1304,3559 1305,3559 1473,3560 1475,3558 1475,3555 1476,3554 1516,3555 1519,3552 1526,3552 1528,3554 1531,3554 1533,3556 1533,3558 1534,3559 1535,3559 1536,3560 1643,3561 1648,3566 1648,3568 1649,3569 1650,3569 1650,3569 1650,3573 1652,3575 1652,3577 1655,3580 1655,3583 1657,3585 1657,3593 1657,3594 1879,3596 1880,3595 1880,3566 1881,3566 1882,3566 1883,3565 1980,3566 1981,3565 1985,3565 1985,3565 1985,3593 1985,3594 2211,3596 2212,3595 2212,3564 2213,3564 2374,3565 2374,3565 2374,3564 2375,3563 2584,3565 2584,3564 2584,3563 2585,3563 2616,3563 2617,3562 2739,3563 2739,3563 2739,3543 2740,3542 2740,3543 2740,3566 2741,3566 2841,3567 2843,3569 2845,3569 2845,3570 2845,3578 2846,3578 3046,3580 3046,3579 3046,3571 3047,3571 3053,3571 3054,3572 3187,3573 3187,3574 3187,3614 3187,3614 3345,3616 3346,3616 3346,3649 3346,3650 3357,3650 3358,3650 3357,3652 3357,3653 3352,3653 3351,3653 3351,3659 3351,3660 3349,3660 3347,3661 3347,3664 3346,3666 3340,3666 3339,3666 3339,3686 3333,3693 3330,3692 3328,3694 3328,3695 3325,3698 3304,3698 3302,3700 3299,3700 3297,3702 3295,3702 3294,3703 3257,3703 3256,3703 3256,3736 3255,3737"/><TextEquiv><Unicode/></TextEquiv><TextEquiv index="1"><Unicode>m'avoit déjà pris pourun Saint dans</Unicode></TextEquiv></TextLine><TextLine id="l24"><Coords points="1381,3872 1380,3871 1380,3843 1379,3842 1231,3841 1229,3839 1229,3834 1228,3833 1113,3832 1112,3831 1112,3830 1111,3829 1110,3829 1110,3829 1110,3828 1109,3827 1103,3827 1103,3827 1103,3826 1102,3825 1058,3825 1056,3823 974,3822 974,3821 974,3820 973,3820 969,3820 968,3819 965,3819 963,3817 957,3817 957,3816 957,3812 955,3810 955,3765 955,3765 953,3765 950,3762 950,3760 950,3760 949,3760 948,3759 948,3755 948,3754 950,3752 950,3750 950,3750 1036,3750 1037,3749 1221,3751 1222,3751 1222,3722 1223,3720 1226,3720 1227,3720 1227,3716 1227,3715 1642,3719 1643,3718 1910,3720 1911,3719 1960,3720 1961,3719 1961,3717 1961,3717 2077,3718 2078,3718 2078,3748 2078,3749 2388,3751 2389,3751 2389,3720 2389,3719 2418,3720 2419,3719 2419,3713 2419,3713 2621,3714 2622,3715 2622,3717 2623,3718 2623,3726 2623,3726 2964,3729 2966,3728 2966,3715 2966,3714 2982,3714 2983,3715 2984,3715 2985,3716 2985,3734 2985,3734 3255,3737 3256,3737 3256,3738 3258,3740 3258,3742 3258,3743 3259,3743 3260,3743 3259,3768 3260,3769 3343,3770 3344,3771 3344,3785 3345,3786 3346,3786 3346,3786 3346,3811 3347,3812 3347,3826 3347,3827 3377,3827 3380,3829 3380,3831 3380,3832 3384,3832 3385,3832 3385,3836 3384,3837 3375,3837 3374,3838 3335,3838 3335,3838 3335,3840 3334,3841 3332,3843 3330,3842 3330,3843 3330,3847 3329,3847 3328,3847 3328,3848 3328,3852 3327,3853 3327,3856 3326,3857 3325,3884 3325,3884 3316,3884 3315,3883 2980,3880 2979,3881 2979,3884 2979,3884 2971,3884 2970,3883 2968,3883 2967,3883 2968,3876 2967,3875 2468,3871 2465,3874 2462,3874 2462,3873 2462,3869 2461,3869 2334,3868 2333,3866 2333,3864 2331,3863 2329,3863 2329,3862 2329,3839 2328,3839 1827,3834 1827,3835 1827,3873 1826,3873 1756,3873 1755,3874 1548,3872 1547,3873 1391,3872 1390,3873"/><TextEquiv><Unicode/></TextEquiv><TextEquiv index="1"><Unicode>une autre circonſtance; dans celle-ci,</Unicode></TextEquiv></TextLine><TextLine id="l25"><Coords points="1642,4035 1641,4034 1636,4034 1634,4032 1388,4030 1387,4029 1276,4028 1275,4027 1275,4026 1275,4026 1089,4024 1088,4023 1089,3983 1088,3983 983,3982 981,3980 976,3980 975,3979 973,3979 971,3977 969,3977 969,3976 969,3975 968,3975 967,3975 967,3974 967,3972 966,3972 964,3972 964,3971 964,3970 963,3970 962,3970 962,3969 962,3967 960,3965 960,3961 959,3960 959,3958 958,3958 957,3958 957,3957 957,3953 955,3951 955,3931 959,3927 959,3925 962,3922 962,3915 963,3915 965,3915 965,3914 965,3912 968,3910 981,3910 981,3909 981,3908 984,3906 986,3906 988,3904 1061,3905 1062,3904 1342,3906 1344,3904 1380,3904 1380,3904 1380,3873 1381,3872 1525,3874 1526,3873 1664,3874 1664,3873 1664,3872 1665,3872 1687,3872 1688,3872 1688,3869 1688,3868 1697,3868 1698,3869 1698,3870 1698,3870 1699,3870 1700,3871 1700,3872 1700,3872 1827,3873 1827,3874 1827,3904 1828,3904 2224,3908 2228,3903 2228,3899 2229,3898 2229,3895 2231,3893 2231,3889 2232,3889 2233,3889 2233,3888 2233,3884 2236,3881 2236,3879 2237,3878 2238,3874 2238,3874 2254,3874 2255,3875 2254,3876 2255,3877 2255,3878 2257,3880 2257,3882 2259,3884 2259,3887 2260,3888 2260,3890 2262,3892 2262,3894 2263,3894 2264,3894 2264,3895 2264,3899 2267,3902 2267,3904 2269,3906 2269,3909 2271,3911 2271,3913 2272,3913 2596,3916 2597,3915 2632,3915 2632,3915 2632,3887 2634,3885 2634,3883 2638,3879 2639,3879 2640,3878 2744,3879 2746,3881 2970,3883 2971,3884 2979,3884 2981,3887 2981,3891 2982,3891 2983,3891 2983,3892 2983,3909 2985,3911 2985,3914 2986,3914 2988,3915 2988,3915 2988,3918 2989,3919 3294,3921 3295,3920 3315,3920 3315,3921 3315,3922 3316,3922 3347,3923 3347,3923 3346,4022 3347,4023 3349,4023 3349,4023 3349,4026 3349,4027 3327,4026 3326,4027 3125,4026 3124,4026 3124,4044 3124,4045 3106,4045 3105,4044 3105,4042 3105,4042 2513,4036 2512,4037 2391,4036 2390,4036 2390,4027 2389,4026 2389,4024 2388,4023 2388,4021 2388,4020 2387,4020 2386,4020 2386,4017 2386,4016 2353,4016 2352,4015 2352,3993 2352,3993 2067,3990 2066,3991 2048,3991 2047,3992 1978,3992 1977,3992 1977,4031 1977,4032 1957,4032 1956,4031 1956,4026 1956,4025 1675,4023 1674,4024 1674,4028 1672,4030 1672,4032 1670,4034 1644,4034 1643,4035"/><TextEquiv><Unicode/></TextEquiv><TextEquiv index="1"><Unicode>on me prit pour un Ange. Monpere a</Unicode></TextEquiv></TextLine><TextLine id="l26"><Coords points="2643,4199 2642,4197 2627,4197 2623,4193 2622,4193 2622,4193 2622,4155 2622,4154 2516,4153 2515,4154 2502,4154 2501,4155 2501,4156 2501,4156 2499,4154 2496,4154 2494,4152 2375,4151 2374,4152 2374,4164 2372,4166 2372,4168 2371,4169 2371,4177 2369,4179 2369,4183 2368,4183 2366,4183 2365,4185 2365,4187 2363,4188 2357,4188 2357,4189 2357,4190 2356,4190 2347,4190 2345,4188 2343,4188 2343,4187 2343,4153 2343,4153 2274,4152 2271,4149 2269,4149 2267,4147 2262,4147 2260,4145 2165,4144 2164,4145 2164,4183 2163,4183 2161,4183 2159,4185 2147,4185 2147,4185 2147,4184 2146,4183 2125,4183 2125,4182 2125,4155 2125,4155 2004,4154 2003,4154 2003,4174 2001,4176 2001,4177 2000,4178 1979,4178 1975,4173 1975,4150 1975,4150 1826,4148 1824,4150 1824,4152 1824,4152 1780,4152 1779,4152 1779,4153 1779,4154 1778,4154 1777,4154 1777,4156 1777,4157 1735,4157 1734,4157 1734,4161 1733,4162 1733,4163 1732,4164 1731,4164 1730,4163 1728,4163 1727,4161 1727,4152 1727,4152 1611,4150 1610,4151 1608,4151 1607,4152 1601,4152 1600,4152 1600,4148 1599,4146 1520,4146 1519,4146 1519,4149 1516,4152 1516,4153 1516,4154 1515,4154 1514,4154 1514,4156 1512,4158 1512,4161 1510,4163 1507,4163 1502,4168 1492,4167 1492,4167 1492,4166 1490,4164 1490,4148 1490,4147 1466,4147 1465,4148 1465,4185 1464,4185 1443,4185 1443,4185 1443,4148 1443,4147 1360,4146 1359,4147 1348,4147 1347,4148 1347,4157 1347,4157 1302,4157 1301,4157 1301,4166 1299,4168 1293,4168 1292,4166 1292,4148 1292,4148 1161,4147 1160,4147 1160,4166 1158,4168 1153,4168 1153,4167 1153,4164 1152,4163 1151,4163 1151,4163 1151,4143 1151,4142 1096,4142 1095,4142 1095,4179 1094,4180 1077,4180 1077,4179 1077,4138 1077,4138 1032,4137 1031,4137 1031,4136 1031,4135 987,4135 986,4135 986,4134 986,4133 984,4133 983,4132 976,4132 972,4128 972,4126 972,4126 970,4126 969,4125 969,4120 967,4118 967,4116 965,4114 965,4109 964,4108 964,4101 962,4099 963,4098 962,4097 962,4090 962,4090 963,4090 964,4089 964,4085 965,4084 965,4082 965,4082 966,4082 967,4081 967,4075 967,4075 969,4075 971,4073 971,4071 974,4068 974,4065 975,4064 983,4064 984,4064 984,4040 985,4039 986,4039 986,4039 986,4033 987,4032 988,4032 988,4032 988,4029 989,4028 998,4028 998,4029 998,4030 999,4030 1000,4030 1000,4031 1000,4058 1000,4058 1081,4059 1082,4058 1082,4044 1082,4044 1083,4044 1084,4043 1084,4029 1086,4028 1088,4028 1088,4027 1088,4024 1089,4024 1151,4024 1151,4024 1151,4023 1152,4022 1156,4023 1157,4022 1158,4022 1159,4023 1211,4023 1213,4025 1222,4025 1222,4026 1222,4027 1223,4027 1307,4028 1308,4029 1308,4067 1308,4068 1412,4069 1413,4068 1413,4064 1413,4064 1422,4064 1423,4063 1423,4059 1423,4059 1429,4059 1430,4059 1430,4063 1434,4068 1448,4068 1449,4069 1449,4070 1449,4070 1451,4070 1452,4071 1452,4074 1452,4074 1468,4074 1469,4074 1469,4031 1470,4030 1478,4030 1478,4031 1478,4074 1478,4074 1496,4074 1497,4075 1497,4079 1497,4080 1577,4080 1578,4080 1578,4071 1578,4070 1600,4070 1603,4068 1603,4066 1604,4064 1620,4065 1621,4064 1678,4064 1679,4064 1679,4050 1679,4049 1688,4049 1690,4051 1690,4070 1690,4070 1709,4070 1713,4074 1759,4075 1760,4074 1760,4039 1761,4039 1772,4039 1774,4041 1774,4074 1774,4075 1834,4075 1837,4073 1837,4070 1837,4069 1905,4070 1906,4070 1906,4066 1907,4064 1953,4064 1954,4064 1954,4037 1955,4036 1956,4036 1956,4036 1956,4032 1957,4032 1977,4032 1978,4033 1978,4063 1978,4064 2009,4064 2011,4066 2012,4066 2013,4067 2013,4069 2013,4070 2014,4070 2015,4071 2015,4075 2015,4075 2103,4076 2104,4075 2111,4075 2116,4070 2182,4070 2183,4069 2230,4070 2231,4070 2231,4073 2231,4074 2351,4075 2352,4074 2352,4044 2353,4043 2353,4039 2354,4039 2387,4039 2390,4036 2513,4037 2515,4039 2517,4039 2517,4040 2517,4069 2517,4069 2600,4070 2601,4071 2601,4072 2601,4072 2643,4073 2644,4073 2644,4074 2644,4075 2648,4075 2649,4075 2649,4077 2649,4078 2729,4078 2730,4078 2730,4071 2730,4070 2768,4071 2769,4070 2770,4070 2771,4069 2771,4068 2771,4068 2777,4068 2779,4070 2832,4070 2833,4071 2851,4071 2852,4072 2852,4075 2852,4075 2853,4075 2854,4076 2854,4079 2854,4079 2946,4080 2947,4080 2947,4041 2948,4040 2988,4041 2988,4041 2988,4043 2989,4044 3012,4044 3012,4044 3012,4048 3013,4049 3014,4049 3014,4049 3014,4053 3015,4054 3015,4083 3016,4085 3096,4085 3097,4084 3099,4084 3100,4084 3100,4063 3101,4062 3101,4051 3102,4050 3103,4051 3103,4050 3103,4048 3105,4046 3105,4045 3106,4045 3124,4045 3124,4045 3124,4056 3125,4057 3125,4084 3125,4085 3207,4085 3208,4085 3208,4040 3209,4039 3211,4039 3211,4039 3211,4036 3217,4030 3217,4028 3218,4028 3223,4028 3224,4029 3224,4032 3225,4033 3236,4033 3237,4034 3237,4048 3238,4049 3253,4049 3253,4049 3253,4050 3255,4052 3255,4081 3255,4082 3348,4083 3349,4083 3349,4084 3349,4085 3350,4085 3351,4085 3351,4097 3350,4098 3349,4123 3347,4126 3342,4126 3339,4128 3339,4130 3337,4133 3336,4133 3335,4133 3335,4153 3334,4154 3334,4156 3334,4157 3333,4157 3332,4157 3332,4158 3332,4159 3331,4159 3330,4159 3330,4161 3329,4162 3327,4162 3325,4164 3325,4166 3324,4166 3323,4166 3323,4167 3323,4168 3322,4168 3313,4168 3312,4169 3305,4169 3303,4171 3298,4171 3296,4169 3291,4169 3290,4168 3239,4168 3239,4167 3239,4164 3239,4164 3205,4163 3203,4162 3203,4160 3203,4159 3202,4159 3201,4159 3201,4158 3201,4157 3118,4157 3117,4157 3117,4158 3117,4159 3115,4159 3113,4160 3113,4162 3113,4163 3099,4162 3098,4163 3098,4192 3097,4192 3096,4192 3095,4193 3093,4193 3093,4194 3093,4197 3092,4197 3086,4197 3086,4197 3086,4196 3085,4195 3084,4195 3084,4195 3084,4158 3084,4157 2975,4156 2974,4157 2970,4157 2969,4158 2969,4162 2968,4163 2966,4163 2965,4163 2964,4162 2964,4160 2964,4159 2960,4159 2958,4157 2868,4156 2867,4157 2864,4157 2863,4158 2863,4197 2862,4197 2855,4197 2855,4197 2855,4157 2855,4156 2748,4155 2747,4156 2747,4193 2746,4193 2744,4193 2744,4194 2744,4195 2743,4195 2741,4195 2740,4196 2661,4196 2660,4197 2654,4197 2654,4197 2654,4198 2653,4199"/><TextEquiv><Unicode/></TextEquiv><TextEquiv index="1"><Unicode>été Dieu, on voit que j'ai approché de</Unicode></TextEquiv></TextLine><TextLine id="l27"><Coords points="2151,4379 2150,4379 2150,4378 2149,4377 2149,4375 2149,4374 2148,4374 2145,4371 2109,4371 2107,4369 2103,4369 2102,4368 2102,4365 2100,4363 2100,4346 2100,4346 1661,4342 1660,4341 1417,4339 1416,4338 1181,4336 1180,4335 1099,4334 1098,4334 1099,4328 1098,4327 1014,4326 1014,4326 1014,4319 1011,4316 985,4316 984,4315 984,4287 983,4286 960,4286 960,4285 960,4275 962,4273 962,4271 962,4271 965,4271 966,4270 967,4178 967,4178 973,4178 974,4177 974,4176 974,4176 977,4176 978,4175 978,4173 978,4173 983,4173 984,4174 984,4177 986,4179 2064,4188 2065,4187 2127,4188 2128,4189 2128,4190 2128,4190 2129,4190 2130,4191 3279,4201 3280,4201 3280,4200 3280,4199 3292,4199 3294,4198 3294,4195 3295,4193 3303,4193 3304,4194 3304,4195 3304,4195 3305,4195 3306,4196 3305,4230 3306,4230 3325,4230 3325,4231 3325,4234 3326,4234 3339,4235 3339,4235 3339,4237 3342,4240 3342,4244 3343,4245 3345,4245 3346,4246 3346,4249 3347,4250 3347,4256 3348,4257 3349,4257 3349,4257 3349,4275 3349,4276 3348,4276 3347,4276 3347,4280 3346,4281 3346,4285 3345,4286 3344,4286 3344,4286 3344,4290 3342,4292 3340,4292 3340,4292 3340,4321 3339,4322 3339,4323 3338,4324 3337,4324 3337,4324 3337,4326 3335,4328 3335,4330 3330,4335 3330,4337 3329,4337 3326,4337 3326,4338 3325,4340 3324,4341 3324,4342 3318,4348 3200,4347 3199,4348 3199,4353 3198,4354 3198,4355 3198,4355 3197,4355 3196,4356 3196,4358 3195,4359 3192,4359 3191,4360 3191,4363 3190,4364 3185,4364 3182,4367 3182,4371 3182,4371 3181,4371 3180,4372 2254,4364 2253,4365 2253,4380 2253,4380"/><TextEquiv><Unicode/></TextEquiv><TextEquiv index="1"><Unicode>lui de bien près. Une de mes dévotes</Unicode></TextEquiv></TextLine><TextLine id="l28"><Coords points="2826,4541 2826,4541 2826,4535 2825,4534 2793,4534 2792,4533 2791,4533 2789,4531 2788,4531 2787,4530 2786,4530 2785,4529 2784,4529 2783,4528 2782,4528 2782,4527 2782,4514 2781,4514 2665,4513 2663,4510 2663,4508 2662,4508 2661,4508 2661,4507 2661,4501 2661,4501 2537,4500 2536,4499 2536,4496 2536,4496 2517,4495 2515,4494 2516,4493 2522,4493 2522,4493 2522,4475 2523,4474 2526,4474 2526,4474 2526,4473 2526,4472 2482,4472 2481,4472 2481,4471 2482,4470 2526,4470 2526,4470 2526,4463 2526,4462 2499,4462 2498,4462 2498,4461 2499,4460 2526,4460 2526,4460 2527,4415 2527,4415 2586,4415 2587,4415 2587,4354 2588,4353 2593,4353 2594,4352 2603,4352 2603,4353 2603,4415 2603,4415 2768,4417 2771,4414 2771,4410 2771,4410 2774,4410 2775,4409 2775,4405 2775,4405 2777,4405 2778,4404 2778,4400 2778,4400 2782,4400 2787,4395 2790,4395 2792,4393 2792,4391 2793,4391 2794,4391 2794,4390 2794,4389 2795,4389 2797,4389 2797,4388 2797,4384 2798,4384 2847,4384 2847,4384 2847,4356 2848,4355 2849,4355 2849,4355 2849,4339 2850,4338 2853,4338 2853,4338 2854,4334 2854,4333 2856,4333 2857,4334 2857,4336 2857,4336 2863,4336 2864,4337 2867,4337 2868,4339 2868,4342 2869,4343 2869,4352 2871,4354 2871,4368 2872,4369 3112,4371 3113,4370 3114,4370 3115,4371 3119,4371 3119,4371 3119,4378 3120,4379 3163,4379 3163,4380 3163,4384 3164,4384 3173,4384 3174,4386 3174,4389 3175,4389 3181,4389 3182,4391 3182,4395 3180,4396 2945,4394 2945,4395 2945,4400 2945,4400 2951,4400 2952,4401 2951,4452 2952,4452 2991,4453 2991,4453 2991,4474 2992,4475 3275,4477 3275,4477 3275,4456 3276,4455 3297,4455 3297,4455 3297,4454 3301,4451 3301,4449 3303,4446 3308,4446 3311,4443 3312,4443 3313,4443 3313,4442 3313,4441 3319,4441 3320,4441 3320,4440 3320,4439 3323,4439 3324,4438 3327,4438 3329,4441 3332,4441 3334,4442 3334,4444 3335,4446 3336,4446 3337,4446 3337,4449 3337,4450 3350,4450 3351,4451 3354,4451 3358,4455 3358,4466 3359,4467 3361,4467 3361,4467 3361,4498 3363,4500 3361,4502 3361,4504 3361,4505 3360,4505 3358,4506 3358,4507 3358,4508 3338,4508 3337,4507 3337,4504 3337,4504 3004,4501 3003,4501 3003,4523 3003,4524 3190,4525 3191,4526 3191,4527 3190,4527 3003,4526 3002,4527 2866,4525 2866,4526 2866,4541 2865,4541"/><TextEquiv><Unicode/></TextEquiv><TextEquiv index="1"><Unicode>els“</Unicode></TextEquiv></TextLine><TextLine id="l29"><Coords points="1799,4500 1798,4500 1798,4490 1798,4489 1541,4487 1540,4487 1540,4497 1540,4498 1488,4497 1487,4496 1403,4496 1402,4495 1295,4494 1294,4493 1294,4489 1294,4489 1267,4489 1266,4487 1265,4487 1264,4486 1252,4486 1251,4486 1251,4462 1251,4461 1030,4459 1029,4460 1029,4482 1029,4482 1027,4482 1026,4483 1026,4484 1026,4484 1006,4484 1005,4484 1005,4483 1005,4482 996,4482 995,4482 995,4446 995,4445 984,4445 983,4445 983,4444 983,4443 982,4443 980,4441 976,4441 976,4440 976,4438 973,4436 971,4436 971,4435 971,4433 967,4429 967,4427 965,4425 965,4419 964,4418 964,4400 965,4399 965,4394 967,4392 967,4385 969,4383 969,4379 970,4379 972,4379 975,4376 979,4376 979,4375 979,4374 980,4374 983,4374 983,4374 983,4372 986,4369 1098,4370 1098,4370 1098,4335 1099,4334 1180,4335 1181,4336 1203,4336 1204,4337 1778,4342 1779,4341 1844,4342 1845,4343 1846,4343 1846,4343 1846,4377 1847,4378 2064,4379 2065,4378 2106,4379 2106,4379 2105,4464 2105,4465 2046,4464 2045,4465 2045,4470 2045,4470 2021,4470 2020,4471 2020,4489 2020,4489 2013,4489 2011,4491 2007,4491 2006,4491 2006,4493 2006,4494 2002,4494 2001,4494 2001,4495 2001,4496 1933,4495 1932,4496 1932,4498 1932,4498 1831,4497 1830,4498 1830,4499 1830,4499 1805,4499 1804,4500"/><TextEquiv><Unicode/></TextEquiv><TextEquiv index="1"><Unicode>qui m'appeſoit tou</Unicode></TextEquiv></TextLine><TextLine id="l30"><Coords points="1833,4655 1831,4653 1290,4649 1290,4648 1290,4639 1289,4639 1268,4639 1268,4638 1268,4618 1267,4618 1221,4617 1220,4616 1220,4613 1220,4612 1102,4611 1101,4611 1101,4607 1101,4606 1090,4606 1089,4605 1086,4605 1083,4602 1020,4601 1018,4599 1004,4599 1003,4598 974,4598 972,4596 965,4596 964,4595 964,4590 964,4590 888,4589 886,4588 886,4587 887,4586 888,4586 889,4585 963,4586 963,4585 964,4531 967,4528 967,4527 967,4527 1099,4528 1100,4528 1100,4519 1101,4518 1101,4491 1103,4489 1231,4490 1232,4489 1258,4489 1259,4488 1278,4489 1279,4490 2094,4497 2094,4496 2094,4488 2096,4487 2102,4487 2102,4486 2102,4478 2104,4476 2104,4467 2105,4467 2297,4468 2297,4469 2297,4509 2297,4510 2676,4513 2677,4513 2677,4526 2677,4527 2783,4528 2784,4529 2785,4529 2786,4529 2786,4530 2786,4531 2789,4531 2791,4533 2792,4533 2794,4534 2792,4536 2677,4535 2677,4535 2676,4655 2676,4656 2717,4656 2718,4657 2718,4658 2718,4658 2720,4658 2721,4659 2720,4659 2640,4658 2639,4659 2492,4658 2491,4659 2040,4655 2040,4656 2040,4657 2039,4657"/><TextEquiv><Unicode/></TextEquiv><TextEquiv index="1"><Unicode>me rêya, nemuit, ousta</Unicode></TextEquiv></TextLine><TextLine id="l31"><Coords points="3178,4828 3177,4827 3023,4826 3022,4825 3020,4825 3019,4824 3019,4813 3019,4813 2989,4813 2988,4812 2988,4804 2988,4804 2607,4800 2606,4801 2606,4804 2606,4804 2476,4803 2475,4804 2475,4815 2475,4815 1918,4810 1917,4811 1640,4809 1639,4809 1639,4811 1639,4812 1410,4810 1409,4811 1309,4810 1308,4809 1250,4808 1249,4807 1141,4806 1139,4805 1139,4788 1139,4787 1056,4787 1055,4785 1055,4771 1054,4771 1001,4770 999,4768 998,4768 998,4768 998,4762 997,4761 995,4761 995,4761 995,4755 994,4754 983,4754 981,4752 976,4752 975,4751 966,4751 965,4749 965,4741 966,4740 973,4740 974,4739 974,4734 976,4732 976,4720 977,4719 977,4717 979,4716 979,4714 980,4713 981,4713 981,4713 981,4711 983,4709 983,4702 984,4701 984,4694 986,4692 986,4690 988,4688 988,4680 990,4678 991,4670 993,4668 993,4664 993,4663 994,4663 995,4663 995,4659 996,4658 996,4654 996,4653 997,4653 998,4653 998,4647 1000,4645 1000,4643 1000,4642 1017,4642 1019,4644 1019,4646 1019,4646 1604,4651 1605,4652 1605,4653 1605,4653 2040,4657 2041,4658 2043,4658 2044,4659 2043,4687 2044,4687 2466,4691 2466,4690 2467,4672 2467,4672 2469,4672 2470,4672 2470,4669 2470,4668 2474,4668 2475,4668 2475,4663 2476,4661 2478,4661 2479,4661 2479,4660 2479,4659 2491,4659 2492,4658 2714,4660 2715,4659 2820,4660 2821,4660 2821,4656 2822,4654 2827,4654 2829,4652 2839,4652 2840,4652 2840,4649 2841,4647 2844,4647 2845,4646 2851,4646 2852,4646 2852,4645 2852,4644 2983,4645 2984,4645 2984,4643 2986,4641 3099,4642 3100,4641 3100,4635 3100,4635 3114,4635 3115,4635 3115,4644 3115,4645 3241,4646 3242,4646 3242,4651 3242,4652 3333,4653 3334,4653 3334,4657 3337,4660 3336,4739 3336,4740 3346,4740 3347,4740 3347,4744 3347,4745 3349,4745 3351,4746 3351,4760 3350,4761 3346,4761 3346,4761 3346,4763 3345,4764 3335,4764 3335,4764 3335,4784 3332,4787 3330,4787 3330,4787 3330,4789 3327,4791 3323,4791 3322,4792 3320,4792 3320,4793 3320,4795 3319,4795 3316,4795 3316,4796 3315,4822 3313,4824 3313,4828 3313,4828 3311,4828 3310,4829"/><TextEquiv><Unicode/></TextEquiv><TextEquiv index="1"><Unicode>Angei Eille monitnu, aveos atest</Unicode></TextEquiv></TextLine><TextLine id="l32"><Coords points="1977,4974 1976,4973 1974,4973 1970,4969 1831,4967 1830,4966 1829,4966 1829,4966 1829,4943 1829,4942 1479,4939 1478,4940 1478,4945 1478,4945 1362,4944 1361,4945 1361,4955 1361,4955 1242,4954 1241,4955 1238,4955 1237,4955 1237,4935 1237,4934 1053,4933 1051,4931 1051,4917 1051,4917 994,4916 993,4916 993,4912 993,4911 990,4911 988,4909 987,4909 986,4909 986,4908 984,4905 980,4905 979,4904 977,4904 976,4903 976,4902 976,4902 970,4902 969,4901 970,4900 969,4900 966,4900 964,4897 964,4895 963,4895 962,4895 962,4894 962,4864 962,4864 964,4864 967,4861 967,4808 971,4804 971,4802 972,4802 974,4802 976,4800 978,4800 979,4799 982,4799 984,4797 989,4797 991,4795 999,4795 1001,4797 1010,4797 1012,4799 1014,4799 1015,4800 1016,4800 1017,4801 1118,4802 1119,4804 1119,4805 1120,4805 1140,4805 1141,4806 1249,4807 1250,4808 1639,4812 1639,4811 1639,4807 1640,4807 1680,4807 1682,4809 1991,4812 1992,4811 2118,4812 2118,4812 2118,4820 2119,4821 2451,4824 2451,4823 2451,4818 2452,4818 2453,4818 2453,4817 2453,4815 2454,4815 2732,4817 2732,4817 2732,4802 2733,4801 2895,4803 2895,4803 2895,4822 2896,4823 2907,4823 2908,4824 3022,4825 3023,4826 3039,4826 3040,4827 3309,4829 3310,4831 3310,4837 3311,4838 3311,4853 3312,4853 3327,4853 3327,4854 3327,4856 3327,4857 3332,4857 3334,4859 3336,4859 3337,4859 3337,4861 3339,4863 3339,4868 3339,4869 3351,4869 3353,4870 3353,4894 3353,4895 3355,4895 3356,4895 3355,4939 3356,4940 3359,4940 3359,4940 3359,4941 3358,4942 3358,4943 3357,4945 3352,4945 3350,4947 3347,4947 3346,4948 3339,4948 3337,4950 3335,4950 3333,4952 3322,4951 3321,4952 3269,4952 3268,4952 3268,4953 3268,4954 3266,4954 3265,4955 3047,4953 3046,4954 3046,4967 3046,4967 3030,4967 3029,4966 3029,4962 3029,4962 3027,4962 3024,4959 3024,4951 3024,4951 2700,4948 2699,4949 2699,4964 2699,4964 2698,4964 2697,4965 2697,4967 2696,4967 2675,4967 2675,4967 2675,4968 2674,4969 2673,4969 2673,4969 2673,4971 2671,4973 2669,4973 2666,4969 2666,4968 2665,4968 2584,4967 2583,4966 2581,4966 2580,4964 2368,4962 2365,4959 2363,4959 2362,4959 2362,4948 2362,4947 2005,4944 2004,4944 2004,4956 2003,4957 2003,4960 1999,4964 1999,4966 1998,4967 1996,4967 1996,4967 1996,4969 1992,4973 1989,4973 1988,4974"/><TextEquiv><Unicode/></TextEquiv><TextEquiv index="1"><Unicode>Selonrêve, jeivenpisà ellesdelà</Unicode></TextEquiv></TextLine><TextLine id="l33"><Coords points="1571,5131 1571,5131 1571,5094 1570,5093 1340,5091 1340,5091 1340,5089 1339,5088 1339,5087 1338,5086 1335,5086 1335,5086 1335,5085 1334,5084 1332,5084 1331,5083 1329,5083 1327,5081 1105,5079 1102,5076 1100,5076 1098,5074 1098,5073 1098,5072 1097,5072 1094,5070 1094,5026 1094,5025 934,5024 933,5023 933,5019 934,5019 1088,5020 1088,5019 1089,4980 1091,4978 1091,4976 1091,4976 1092,4976 1093,4976 1093,4974 1094,4973 1094,4969 1095,4967 1100,4967 1101,4966 1143,4966 1144,4965 1157,4966 1158,4965 1158,4964 1158,4964 1159,4964 1160,4963 1160,4962 1160,4962 1356,4963 1357,4963 1357,4956 1358,4955 1715,4958 1716,4957 1717,4957 1718,4956 1720,4956 1722,4954 1722,4955 1722,4958 1722,4958 1720,4958 1719,4959 1718,4959 1717,4960 1362,4957 1361,4958 1361,4967 1361,4967 1513,4969 1514,4969 1514,4971 1515,4973 1606,4973 1607,4974 1607,4975 1607,4975 1609,4976 1611,4978 1625,4978 1626,4978 1626,4982 1626,4983 1627,4983 1628,4983 1627,5045 1628,5046 1632,5046 1634,5048 1638,5048 1638,5048 1638,5049 1639,5050 1641,5050 1641,5050 1641,5052 1642,5053 1643,5053 1643,5053 1643,5054 1644,5055 1645,5055 1645,5055 1645,5057 1647,5059 1647,5077 1645,5079 1645,5085 1644,5086 1643,5086 1643,5086 1643,5092 1642,5093 1641,5093 1641,5093 1641,5094 1639,5096 1580,5095 1580,5096 1580,5124 1579,5125 1579,5126 1578,5127 1578,5130 1576,5131"/><TextEquiv><Unicode/></TextEquiv><TextEquiv index="1"><Unicode>Tom. IV.</Unicode></TextEquiv></TextLine><TextEquiv><Unicode/></TextEquiv></TextRegion></Page></PcGts>