4266 6032
965 292 3359 484 part de Dieu. Je lui diſois que le Sou-
964 458 3360 638 verain des Cieux m'avoit ordonné de
959 613 3359 794 voiler ma nature céleſte, & de paroître
964 767 3359 950 un ſimple mortel; mais que j'étois réel-
964 907 3359 1270 anes eaeérile e ieeeut ſene
965 1242 3358 1418 ment que j'étois l'Archange de ce nom.
966 1378 3359 1578 Elle le dit, ſous le ſceau du ſecret, à
971 1552 3360 1734 quelques commeres de ſon quartier, qui
965 1710 3358 1885 ne firent aucune difficulté de le croire.
974 1855 3359 2044 Ce bruit ſe répandit, s'accrédita, & il
964 2016 3359 2198 fut décidé que j'étois l'Archange Ga-
965 2175 3354 2341 briel. Dès - lors aucune dévote n'auroit
964 2329 3359 2507 refuſé de m'accorder ſes faveurs: „Car
959 2486 3347 2668 “enfin, diſoient-elles, c'eſt un Envoyé
959 2625 3356 2815 “céleſte; & ſi le Ciel me fait l'honneur
952 2795 3359 2971 de me choiſir, dans ſes deſſeins éter-
971 2953 3347 3136 “nels, pour être le canal de ſes gra-
967 3115 3349 3301 “ces, pour me voir fécondée par un
969 3265 3347 3449 “Ange & donner le jour à quelque
972 3425 3349 3607 “Prophête, ce ſeroit un crime de vou-
974 3574 3349 3762 “loir me ſouſtraire à une ſi grande
977 3735 3355 3926 “gloire“. Pluſieurs s'étoient ainſi ex-
977 3887 3359 4095 pliquées nettement avec l'Hermite, qui
971 4044 3337 4232 m'en avoit rendu compte, en étouffant
983 4232 1746 4392 de rire.
1002 4316 3359 4558 l'aroispeine à m'empêcher d'en faire
972 4503 3353 4708 autant mmiis je ne pouvois me réſoudre
984 4666 3359 4860 à me prêter à cette nouvelle erreur,
981 4816 3358 5022 dontje m'apperçevois cependant à cha-
