4266 6032
976 250 3371 466 que moment. Nous étions au fort de
979 437 3371 629 l'été. Je voulus aller me baigner. Je
976 587 3370 779 ne ſais pas comment on ſut mon deſſein
979 747 3371 944 dans les environs; mais je touvai le
974 890 3363 1097 lieu du bain tout entouré deſpectateurs,
979 1057 3370 1263 & ſur-tout de femmes. Je ne ſavois pour-
977 1224 3370 1418 quoi; mais l'Hermite m'apprit que la
976 1381 3370 1577 curioſité attiroit toutes ces ſpectatrices,
972 1526 3371 1865 lepaii dd eoioniimee a leu eut
974 1848 3368 2032 obligé de faire planter, dans leau,
971 2007 3370 2185 quatre piquets, & de former un enclos
965 2156 3370 2338 de toile, afin de me ſouſtraire à tous ces
964 2317 3365 2502 regards curieux. Mais combien d'efforts
965 2473 3363 2663 ne firent pas toutes ces héroïnes, pour
967 2611 3364 2794 contenter leur curioſité! Pluſieurs ne
964 2775 3363 2974 craignirent pas d'entrer dans l'eau, pour
959 2944 3354 3125 venir me lorgner par-deſſous la toile.
947 3081 3365 3291 J'étois entouré d'un groupe d'amis, qui
947 3244 3354 3440 me cachoit à merveille; cependant plu-
940 3385 3351 3590 ſieurs ſe vantoient de m'avoir vu dans
943 3548 3354 3750 ma nudité. On leur demandoit com-
933 3714 3354 3911 ment étoient faites mes aîles; elles ne pa-
924 3868 3350 4066 roiſſoient pas trop ſavoir que répondre
952 4034 3350 4231 à cete queſtion. On n'imagineroit pas
948 4200 3343 4380 toutes celles qui ſe faiſoient ſur la con-
921 4328 3344 4542 formation de mon corps & ſur celle de
910 4491 3341 4695 toutes ſes parties. On s'informoit même
905 4656 3358 4889 de mon ſexe, & de la maniere dont il
905 4803 2080 4990 étoi marqué.
2819 5002 3038 5149 I
