4266 6032
940 289 3359 465 comme je ne voulois pas travailler pour
843 456 3351 627 les curieuſes, j'eus grand ſoin de fermer
933 615 3353 776 les rideaux. Dès que je fus au lit, une
898 768 3347 931 mufique extérieure ſe fit entendre, &
869 920 3353 1087 d'on chanta des cantiques en l'honneur
861 1077 3365 1245 de l'Ange Gabriel. La vieille mere Chi-
938 1237 3368 1425 ot ſe diſtingoit fur-tout, avec ſa voix
842 1399 1911 1556 chevrotante.
945 1529 3366 1712 Je ſerrai dans mes bras la chere Or-
931 1696 3365 1873 ſolina. „Ma belle enfant, lui dis-je, je
947 1864 3349 2026 “gémis de la farce qu'on joue ici. Si
864 2020 3377 2182 de bruit en venoit aux oreilles du
952 2174 3358 2339 “Gouvernement, nous ſerions tous
953 2330 3353 2495 “punis; & l'on me feroit ſur-tout de
909 2485 3366 2649 “mauvaiſes affaires, à moi. Si jamais
947 2640 3353 2807 “la Juſtice venoit à faire des enquêtes
874 2793 3356 2962 “à ce ſujet, vous ſeriez obligée de
910 2948 3356 3116 “rendre hommage à la vérité. Vous
965 3108 3347 3273 “pourriez aſſurer que j'ai toujours
907 3256 3354 3439 “proteſté que je n'étois pas l'Ange Ga-
871 3416 3363 3586 “briel, que je vous ai défendu de m'ap-
871 3566 3354 3770 “peler de ce nom, que je n'ai cherché
964 3726 3365 3905 “à tromper perſonne, & que je vous
876 3874 3356 4052 “ai témoigné combien j'étois mortifié
874 4033 3359 4208 “de la ſcandaleuſe comédie qu'on
876 4204 3363 4362 “jouoit chez moi, contre toutes mes
885 4345 3418 4519 “proteſtations. Oui, ma chere Orſo-
883 4497 3421 4675 “lina, je ne ſuis qu'un homme; je ne
883 4647 3371 4830 “veux point vous tromper, & ſi vous
888 4816 3377 4997 “perſiſtez à me regarder comme un
