4266 6032
947 309 3344 493 épaules, pour qu'elle s'aſſurat que j'é-
941 477 3342 645 tois ſans aîles; & il me parut qu'elle
936 637 3330 795 m'aimoit autant mortel, que ſubſtance
939 796 1568 941 céleſte.
945 922 3325 1122 Je paſſai une nuit qui eut ſes agré-
933 1110 3325 1277 mens; les bonnes femmes-s'occuperent
933 1266 3325 1430 différemment. Quand je fus levé, elles
910 1426 3318 1587 vinrent me faire leurs complimens, &
931 1584 3327 1741 me remercier à genoux. Je leur dis
935 1740 3322 1897 qu'elles étoient des imbécilles; & je
928 1896 3318 2088 leur recommandai le plus profond ſi-
929 2058 1297 2189 lence.
938 2197 3316 2368 Toute cette hiſtoire me donnoit des
931 2364 3318 2526 ranſes, par la crainte que j'avois que
922 2520 3322 2720 le prétendu ſecret ne parvînt aux oreil-
922 2680 3310 2840 les de ceux qui, revetus de l'autorité,
919 2835 3315 2997 ne ſont pas ſi crédules. Il auroit-pu ré-
912 2991 3316 3152 ſulter, de cette fredaine, des ſuites fâ-
919 3146 3313 3308 cheuſes pour moi. Je preſſai donc mon
916 3301 3311 3466 départ, & j'obtins de l'Hermite qu'il
907 3461 3308 3623 ne s'y oppoſeroit plus. Il ne devoit pas,
909 3620 3320 3781 lui-même, tarder à me rejoindre; car
902 3765 3320 3939 il n'étoit pas fûché d'aller jouir. Le maſ-
900 3925 3310 4127 que lui peſoit, depuis qu'il n'en avoit
902 4093 1822 4252 plus beſoin.
902 4219 3322 4413 La veille de mon départ, je rencon-
898 4400 3315 4567 uai la petite Orſolina dans un bois
893 4565 3327 4727 écarté. „Mon cher petit Hermite, me
892 4713 3325 4885 “dit-elle, que je ſuis enchantée de
890 4874 3328 5060 vous voir encore une ſoisl Je ne
