4266 6032
905 293 3320 458 fus pas moins ravi, de mon côté, de n'ê-
900 450 3316 628 tre plus un Ange à ſes yeux, & de me
919 611 3320 769 voir aimé, quoique mortel. Nous nous
926 768 3321 928 égarâmes dans le bois; nous y, trouvâ-
919 921 3323 1110 mes un petit berceau qui ſembloit nous
914 1074 3325 1237 inviter a venir reſpirer ſous ſon om-
919 1237 3328 1397 brage. Nous y entrâmes, nous y tom-
927 1387 3327 1549 bâmes enſemble ſur le gazon. Nous y
898 1542 3332 1861 lo memetoeoiloitpoouronomee
917 1856 3328 2016 me traitoit avec une familiarité plus
933 2013 3334 2187 douce, & je n'avois plus le remords de
917 2169 3334 2331 la tromper. Je la quittai avec un véri-
921 2319 3332 2486 table regret, & je ne pus me diſpenſer
917 2480 3330 2639 de joindre quelques larmes à celles
929 2632 3066 2795 qu'elle verſoit abondamment.
1074 2788 3325 2947 Le lendemain matin, je partis avec
890 2940 3334 3108 beaucoup de gaîté. Dès que je ne fus
898 3099 3330 3264 plus avec Orſolina, je repenſai à mon
931 3256 3337 3420 Adélaïde. Les diſpoſnions gaies où je
934 3412 3340 3575 me trouvois peignoient tout, à mes
921 3561 3344 3734 yeux, d'une riante couleur, & m'oſ-
885 3719 3342 3889 froient les rayons de l'efpérance. Je me
921 3874 3346 4045 flattois donc deretrouver mon Amanteg
927 4033 3351 4195 & ſon idée chérie m'occupa toute la
883 4190 3365 4542 aaaildeneeoucetrepepein teie
901 4513 1876 4656 à elle
892 4625 3365 4829 Je m'endormis ſur cette chere idé
886 4813 3366 4998 mait tout à coup le ſongele pls frap-
2689 4978 2902 5096 T6
