4266 6032
867 352 3261 522 ma viſite au milieu des ruines, la ren-
873 515 3268 684 contre du marbre noir. „C'eſt dant ce
873 670 3267 852 “lieu déſaſtreux, lui dis-je, parmi ces
878 826 3260 1010 “débris, que je me ſuis ſenti glacé
857 986 3267 1153 “d'horreur; mais quand j'ai vu la pierre
883 1139 3268 1308 “tumulaire ſur laquelle étoit gravé le
878 1297 3267 1460 “nom de mon Amante... l'avez-vous
881 1444 3277 1619 “remarquée comme moi, mon pere?
886 1610 3272 1774 “C'étoit un marbre noir, encore poli,
888 1762 3270 1929 “qui paroiſſoit avoir été poſé récem-
883 1923 3279 2090 “ment; les lettres d'or étoient encore
876 2076 3277 2239 “fraîches; l'inſcription portoit: „Ci
869 2233 3280 2395 “gît Adélaïde l'Arabe. -- Vraiment, me
857 2388 3284 2551 “répondit-il, je l'ai bien remarquée,
873 2546 3282 2708 “parce que j'ai connu, il y a pluſieurs
885 2702 3289 2862 “années, à Paris, une charmante en-
879 2855 3285 3019 “fant qui portoit ce nom, & vous
876 3005 3292 3174 “m'y faites penſer. En effet, le petit
842 3165 3291 3328 “Chéri lui reſſembloit parfaitement.
862 3326 3296 3484 “Je ne ſavois auſſi où j'avois vu ce
874 3471 3292 3647 “jeune homme. -- Chéri, m'écriai-je,
874 3631 3292 3793 “étoit Adélaïde, la fille angélique du
861 3791 3292 3961 “plus méchant des hommes. -- Oui,
874 3941 3294 4108 “reprit mon ami, c'étoit la fille de feu
873 4095 3296 4269 “M. l'Arabe. J'ai bien connu ſon pere;
866 4261 3299 4424 “c'étoit, il eſt vrai, un mauvais ſujet.
854 4412 3298 4582 “La belle Adélaïde étoit la perle de
852 4570 3303 4742 “la famille. Elle en poſſédoit, à elle
854 4725 3301 4897 “ſeule, toutes les perfections; car les
854 4885 3306 5093 “autresn'étoient pas dignes d'avoir une
