4266 6032
926 286 3311 489 “que la perſonne avoit fait faire ſa
935 479 3311 640 “tombe avant de mourir. -- Ah! mon
934 634 3316 794 “cher ami, m'écriai-je, voilà de gran-
933 783 3318 951 “des clartés. Adélaïde a fait faire ſa
938 938 3320 1111 “tombe; mais elle reſpire. -- Je le ſou-
940 1094 3322 1264 “haite de tout mon cœur, reprit l'ex-
943 1250 3322 1418 “Hermite; mais courez donc à Paris,
941 1406 3328 1579 “pour la rejoindre. Elle y ſera peut-
945 1562 3327 1732 “être retournée; hâtez - vous, du
952 1717 3323 1870 “moins, d'arriver dans votre famille,
952 1867 3330 2058 “où vous devez trouver des conſo-
967 2041 1640 2161 “lations.
947 2180 3332 2348 --Non, lui répondis-je, il faut aller
948 2330 3337 2509 “d'abord à la grande Chartreuſe. Vous
959 2489 3339 2659 “ſavez que j'avois intention de m'y
959 2642 3339 2815 “rendre. Qui ſait ſi Adélaïde ne s'y
945 2797 3344 2974 “trouveroit pas? Vous m'avez dit, je
965 2953 3351 3127 “crois, vous-même qu'elle y étoit
960 3099 3349 3277 “allée chercher des informations ſur
955 3253 3351 3437 “mon compte. Volons vers ce ſaint
912 3413 3353 3587 “aſile. -- Non, me répondit le vieil-
964 3563 3346 3729 “lard, il vaut mieux retourner chez
957 3723 3347 3903 “votre pere. Si Adélaïde a vu les
965 3879 3356 4050 “Chartreux, ils lui auront appris que
965 4028 3358 4209 “vous avez diſparu dans les airs; &
965 4183 3361 4373 “elle les aura quittés, avec le déſeſ-
971 4342 3363 4534 “poir dans le cœur. Selon ce que vous
974 4496 3361 4686 “m'avez dit, les bons Peres n'ont pas
878 4654 3366 4845 “lieu d'être fort contens de vous. Se-
878 4788 3371 4988 “roit-il blen ſûr, pour vous, d'aller
