4266 6032
960 314 3359 479 Mon ci-devant Hermite me ſoutenoit
964 463 3359 636 ſur la route, par le flambeau de l'eſpé-
955 625 3354 795 rance, qu'il préſentoit ſans ceſſe à mes
953 788 3358 948 yeux. Je brûlois d'arriver chez mon
959 938 3359 1119 pere. Je me flattois d'y récevoir des
964 1097 3359 1261 nouvelles de mon Adélaïde. Nous arri
955 1253 3354 1423 vâmes en effet promptement. Toute la
955 1411 3358 1579 famille m'attendoit avec impatience. Le
957 1567 3339 1736 ſoleil étoit près de ſe coucher. Je
953 1727 3347 1890 voyois déjà, de très-près, les tours de
950 1877 3347 2076 la Capitale. Soudain, j'apperçois un
928 2026 3351 2205 groupe de beau monde qui prenoit le
959 2188 3349 2362 plaiſir de la promenade dans les con-
947 2321 3351 2529 tre - allées de la grande route. Leurs
948 2498 3346 2665 voitures les ſuivoient dans le milieu.
953 2627 3349 2826 On m'apperçoit de foin. Un grand hom-
950 2798 3342 2973 me, très-bien mis, s'écrie: C'eſt lui“
950 2966 3344 3134 Je reconnois mon pere, je me préci-
945 3105 3346 3294 pite dans ſes bras. Avec quel plaifir ce
947 3268 3340 3463 tendre pere m'embraſſa! que j'en éprou-
941 3414 3339 3591 vai moi-même entre ſes bras?C'étoit
955 3579 3341 3750 une volupté moins vive, mais plus cé-
948 3741 3343 3915 leſte peut-être que celle qu'hſpire l'a-
952 3894 3340 4066 mour. Je trouvai, là, toute la fâmille
935 4044 3342 4220 réunie, au milieu de laquelle témiſe
952 4209 3345 4381 figuroit. Elle ne put s'empêcher de vo-
955 4372 3351 4532 ler dans mes bras. Je fus reçu, par tout
948 4518 3354 4688 le monde, avec des tranſports de joié
953 4671 3352 4842 & de tendreſſe que je partageni. Onme
952 4828 3353 5007 donna les plus heureuſes nouveles de
