4266 6032
905 286 3320 465 ſophie peut ſuggérer. Il me faiſoit ſentir
917 458 3311 617 ſur-tout l'abſurdité qu'il y avoit d'entrer
919 615 3310 774 dans un Ordre ſi religieux & ſi auſtere,
917 771 3313 934 ſans être bien ferme ſur l'article de la
924 928 3316 1092 foi. Car enfin, dans la continuité d'a-
924 1088 3320 1250 ventures qui avoient toujours varié ma
926 1244 3325 1406 vie, je n'avois pas eu le temps d'étudier
933 1396 3325 1564 beaucoup notre fainte Religion. Je ſa-
934 1556 3330 1722 vois, par les plaintes mêmes des gens
931 1714 3334 1882 pieux, qu'il y avoit beaucoup d'infor-
941 1872 3337 2032 tunés qui n'y croyoient pas; & les livres
945 2025 3337 2189 ſur leſquels ſe fondent les incrédules,
948 2181 3347 2362 m'étoient tombés dans les mains, plu-
950 2332 3341 2505 tôt que ceux qui établiſſent la Religion.
909 2495 3349 2661 La mienne n'étoit donc guere qu'un
952 2652 3354 2825 pur Déiſme, & une pareille doctrine
940 2807 3359 2980 conduitpeu chez les Chartreux; mais au
931 2967 3365 3131 moins cette croyance étoit chez moi une
964 3125 3363 3291 vraie Religion, au lieu que chez la plu-
935 3281 3370 3453 part des Déiſtes, qui, en reconnoiſſant
929 3436 3375 3606 froidement leur Auteur, ne lui rendent
970 3591 3377 3760 aucun hommage apparent, ce n'eſt
931 3750 3378 3949 qu'une opinion. J'adorois vraiment
929 3904 3380 4079 l'Etre ſupreme, & je croyois lui devoir
938 4059 3380 4236 ſatisfaction pour toutes les fautes que
933 4221 3380 4395 j'avois commiſes. J'ai toujours déſiré,
983 4376 3380 4551 en ſecret, qu'on permît aux Déiſtes d'a-
983 4534 3380 4739 voir des Temples, & de joindre un culte
967 4687 3380 4861 réel au ſyſtême philoſophique, qui éta
977 4847 3380 5028 blit l'exiſtence d'un Dieu; qu'on fît en
1105 5019 1684 5153 Tom. Il.
