4266 6032
991 303 3347 493 J'entrai donc, pour la ſeconde fois,
934 487 3346 655 chez ces pieux ſolitaires, & je m'y com-
943 649 3349 966 ienor ouuee a amaiionr oeir non ie
936 962 3344 1121 citoit à tous les Novices, comme un
940 1120 3349 1285 modele de piété, tandis qu'hélas! peut-
941 1273 3347 1439 être la foi n'étoit pas née chez moi;
943 1434 3344 1595 mais je me flattois qu'en pratiquant,
938 1590 3344 1753 avec un zele rigoureux, la Religion ſur
938 1748 3344 1910 laquelle j'avois conçu des doutes, bien-
936 1903 3344 2066 tôt je pourrois y croire, & que les œu-
933 2057 3330 2222 vres ameneroient la foi qui les ſanctifie.
933 2217 3342 2410 Je ſentois que cette foi me donneroit
936 2372 3339 2539 plus de goutpour la vie auſtere à laquelle
940 2530 2078 2692 je me condamnois.
1020 2682 3342 2850 J'étois donc, comme je viens de le
941 2838 3332 3009 dire, le modele de cette ſainte Commu-
940 2998 3334 3162 nauté; mais bientôt il vint, de la grande
940 3155 3334 3320 Chartreuſe, un jeune Profès qui parta-
938 3311 3328 3482 gea cette gloire avec moi. Je fus long-
936 3466 3334 3655 temps à l'admirer, ſur le bien qu'onm'en
938 3621 3320 3786 difoit, ſans avoir le plaiſir de le voir.
931 3779 3327 3950 Il fut d'abord pendant pluſieurs jours à
933 3939 3323 4104 l'infirmerie, parce qu'il étoit d'un tem-
931 4099 3327 4422 ono ſa ſ coudo ea ſaeu eſſie i
928 4410 3337 4740 aumiimaai le e ul ouru eae
931 4723 3320 4895 maine où nous pouvions nouspurler
928 4885 3370 5059 lne ſetrouvoit pas au chœur du même
2702 5046 2967 5176 a
