4266 6032
936 333 3353 508 côté que moi, & la ſaiſon & d'autres
933 495 3349 642 circonſtances concoururent à rendre
932 654 3342 823 l'Egliſe ſi obſcure pendant quelque
941 807 3339 981 temps, que je ne pus diſtinguer ſon vi-
876 960 3339 1138 ſage, qui me paroiſſoit, en gros, fort
921 1125 3339 1297 jeune & fort délicat. Enfin dans toutes
933 1281 3330 1444 les occaſions où je cherchai à voir ce
931 1435 3328 1614 jeune émule, il me ſembloit qu'il fuyoit
940 1593 3332 1767 ma préſence. On eût dit qu'une ſecrete
929 1753 3330 1927 jalouſie l'éloignoit de moi. Quand je
934 1911 3330 2074 crus lui voir quelque répugnance pour
919 2066 3327 2240 ma perſonne, je ne cherchai plus à le
924 2222 3322 2389 voir; je parus même éviter ce jeune
931 2376 3323 2550 homme, autant qu'il ſembloit jaloux de
934 2542 2207 2668 m'éviter lui-même.
894 2673 3325 2869 Cependant l'époque de ma profeſ-
928 2847 3320 3012 ſion avançoit. J'aſpirois de tout mon
929 3005 3320 3177 cœur après ce moment fatal, parce
928 3163 3318 3336 qu'on me reſtreignoit, pendant mon
929 3313 3322 3493 Noviciat, aux livres & aux exercices de
928 3473 3320 3669 dévotion, qui ne pouvoient fournir un
933 3621 3330 3806 aliment ſuffiſant à un eſprit auſſi actif
926 3782 3311 3968 que le mien; & parce que je me flattois
857 3951 3313 4126 qu'après la prononciation de mes vœux,
934 4097 3322 4278 on me permettroit de lire, de cultiver
931 4253 3325 4420 les Lettres, & de me livrer aux Scien-
931 4410 3325 4589 ces & aux Arts. Je n'avois d'ailleurs
928 4570 3328 4754 aucune diſſipation. Je ne voyois per-
931 4733 3316 4904 ſonne à qui je puſſe ouyrir mon cœur.
914 4887 3334 5088 Les ſecrets de l'amour étoient une mas
