4266 6032
931 283 3323 469 tiere étrangere pour ces Religieux auſ-
912 460 3382 616 teres. On nemelaiſſoit voir ame quivive
938 616 3340 773 de ma famille; on ne me donnoit pas
937 769 3359 939 même de nouvelles de ces perſonnes
942 925 3342 1095 chéries. On m'apprit ſeulement qu'on
940 1083 3327 1238 n'avoit rien entendu dire, chez mon
941 1238 3332 1414 pere, ſur le compte d'Adélaïde; ce qui
947 1392 3349 1566 me donnoit toujours plus de motifs de
950 1552 3352 1719 croire qu'elle n'étoit plus au monde,
953 1707 3167 1861 & me faiſoit déſirer d'en ſortir.
962 1861 3334 2035 Enfin le jour fut choiſi pour la pro-
943 2020 3347 2189 nonciation de mes vrœux. On daigna
946 2173 3347 2338 en faire part à ma famille, afin qu'elle
948 2325 3347 2498 y aſſiſtât. Mon pere me fit ſavoir en effet
948 2484 3334 2658 qu'il s'y trouveroit avec tout ſon mon-
949 2637 3341 2814 de, & que j'y verrois, de plus, un Car-
950 2792 3344 2971 dinal qui m'étoit connu, & qui vouloit
948 2948 3346 3120 bien honorer ma profeſſion de ſa pré-
941 3104 3346 3278 ſence. Je cherchois vainement, dans
947 3258 3349 3435 ma tête, qui pouvoit être ce Cardinal.
934 3420 3353 3590 Je ne me rappelois pas d'en connoître
948 3569 3361 3742 aucun autre, que le frere jumeau de la
945 3742 2295 3900 Princeſſe Gémelli.
953 3858 3359 4070 On m'adminiſtra, pour me préparer,
948 4042 3354 4221 tous les ſecours ſpirtuels & toutes les
916 4195 3358 4384 purgations myſtiques. Enfin le jour fa-
955 4360 3358 4532 tal arriva. Malheureuſement, je com-
924 4508 3358 4689 mençai à ſentir, en entrant dans le
921 4658 3351 4848 chœur, que je faiſois une ſottiſe; mais
917 4823 3354 5045 jene ſavois plus commentreculer, après
2807 4979 3177 5145 ça
