4266 6032
824 312 3361 498 Je cherchois, en quelque façon, un
861 484 3368 659 prétexte pour rompre avec les Char-
952 642 3361 814 treux. J'envoyai demander à mon pere
855 800 3363 969 ſi l'on n'avoit point reçu de nouvelles
878 955 3363 1130 d'Adélaide. Il me fit répondre qu'il
879 1115 3370 1291 n'en avoit point reçu. „Allons, me dis-
959 1270 3371 1447 “je, voilà mon arrêt. Adélaïde n'eſt
964 1425 3373 1605 “plus; je ne dois pas reſter dans un
931 1583 3411 1761 “monde que n'embellit plus ſa pré-
976 1743 3447 1914 “ſence. J'ai des torts immenſes à répa-
976 1903 3375 2072 “rer. Si j'ai quelques doutes encore
977 2051 3377 2230 “ſur la foi, je crois fermement à l'exiſ-
909 2208 3377 2389 “tence du Dieu mon Auteur. Je crois
821 2364 3377 2572 “que je l'ai offenſé, & que je lui dois
981 2517 3370 2697 “ſatisfaction. Accepte, o mon Dieu!
940 2678 3380 2849 “le ſacrifice de ma vie & de ma li-
931 2831 3378 3017 “berté“. Ma tête s'exaltoit. J'étois
936 2984 3385 3174 comme un homme ivre. Mes yeux ſe
828 3146 3387 3332 troubloient. Tous les objets me ſem-
983 3297 3397 3487 bloient tourner autour de moi. J'eus
995 3459 3392 3646 beſoin d'être ſoutenu ſous les bras. La
996 3616 3397 3801 cérémonie commença. Mon trouble
867 3775 3402 3962 augmentoit continuellement. Quand je
929 3930 3402 4120 fus proſterné la face contre terre, je
940 4087 3408 4269 demandois, à Dieu, la mort avec des
902 4243 3416 4427 larmes ameres. Ciel! combien de ſpec-
1010 4398 3416 4580 tres s'offrirent à mon imagination! Je
908 4534 3426 4743 fus couvert d'une ſueur froide. Enfin je
960 4708 3428 4906 me leve, je me diſpoſe à prononcer les
957 4856 3444 5087 vœux ſolennels; nœuds redoutables
