4266 6032
919 276 3330 440 qui vont me lier à jamais! Je commen-
919 422 3332 596 çois à prononcer les mots terribles. Une
919 591 3335 751 voix foible ſe fait entendre, & s'écrie:
934 749 3320 912 „Arrête“. Je regarde; c'étoit le jeune
916 905 3322 1070 Profès, ce myſterieux émule dont j'ai
917 1060 3316 1224 parlé, qui crioit. Il me tend les bras,
916 1222 3316 1380 & tombe évanoui. Je me précipite vers
897 1370 3316 1540 lui, je le regarde de près. C'étoit Adé-
916 1535 1463 1659 laide.
1376 2048 2829 2250 Fin du Livre cinquieme.
2449 4855 3372 5087 x
