4266 6032
898 334 3322 505 “cacher à ton Amant? Sortons de cette
905 493 3315 660 “maiſon de captivité, à laquelle tu
904 652 3313 818 “viens ſi à propos de m'empêcher de
907 813 3315 977 “me lier, & allons aux pieds des Au-
909 969 3325 1132 “tels prononcer le ſerment d'être
914 1129 3320 1292 “heureux enſemble“. Adélaïde, ſans
914 1289 3322 1449 pouvoir parler, me répondit par des re-
914 1447 3322 1621 gards touchans, plus expreſſifs que tout
921 1605 2586 1761 ce que je pouvois lui dire.
1086 1755 3330 1919 „Mes Révérends Peres, dis-je aux
922 1913 3337 2077 “Chartreux, je me conſacrois à Dieu.
917 2071 3330 2233 “Je me croyois ſeul au monde. Je
914 2228 3330 2388 “croyois mon Adélaïde au tombeau;
921 2386 3334 2548 “mais elle vit, elle m'eſt rendue. Je
924 2537 3328 2703 “ſuis ſenſible à vos ſoins, je reſpecte
928 2697 3332 2861 “vos vertus, mais je ne puis reſter
929 2856 3328 3019 “parmi vous. Je me dois à mon
934 3010 3337 3174 “Amante. -- Cela ſuffit, dit D. Prieur
931 3167 3337 3323 “d'un air fort calme, cela vient fort
935 3321 3390 3492 “à propos. Allons, la cérémonie eſt
934 3483 3342 3650 “finie pour aujourd'hui. Venez, mon
938 3634 3353 3801 “enfant“. Je vais ſur les pas du Révé-
936 3786 3349 3966 rend Pere; nous ſortons du chœur.
953 3950 3349 4113 Suivez ces deux hommes, me dit-il;
943 4111 3354 4282 “on a quelque choſe de particulier à
936 4266 3358 4440 “vous communiquer“. Je ſuis deux
947 4429 3371 4758 l e danu ſeſenee p n eeeaer
952 4735 3368 4920 ſombre. „Où me conduit-on? m'é-
876 4898 3375 5081 “criai-je; eſt- ce à la cave?“ Je me
