4266 6032
904 336 3334 524 rappelai comment j'avois été attrapé
924 501 3339 668 jadis, à Madrid, chez les Capucins. Je
924 664 3335 824 voulois remonter; mais deux autres
926 821 3334 982 coquins, qui étoient accrampis ſur les
929 977 3334 1143 degrés, & que je n'avois pas apperçus
940 1134 3339 1298 d'abord, me paſſerent je ne ſais quoi
928 1296 3335 1455 entre les jambes; ce qui, joint avec la
926 1450 3339 1610 violence avec laquelle leurs camarades
924 1605 3334 1776 me pouſſerent, me fit tomber ſur l'eſca-
926 1767 3330 1929 lier. Je roulai, tout étourdi par ma
933 1925 3335 2085 chûte, juſques dans un cachot qui étoit
931 2082 3335 2244 ouvert au bas des degrés. La porte fut
929 2238 3330 2399 foudain fermée à grand bruit ſur moi;
931 2395 3328 2555 & je me trouvai enfermé ſous trente
891 2553 3334 2716 clefs, avant d'avoir pu me reconnoître
929 2709 2890 2868 & faire la moindre réſiſtance.
950 2862 3328 3030 J'avois preſque perdu connoiſſance.
926 3022 3325 3189 Je fus rappelé au ſentiment par des cris,
934 3184 3323 3340 où je reconnus la voix de mon Amante.
921 3328 3325 3498 Ah! Ciel! on la conduiſoit ſans doute,
933 3497 3327 3657 de ſon côté, dans un autre cachot. Je
921 3648 3330 3815 me repréſentois ſes douleurs. L'inſtant
926 3812 3396 3974 de notre réunion étoit celui de notre
878 3969 3327 4131 diſgrace; & quand je croyois toucher
869 4130 3323 4292 au bonheur, j'étois précipité dans un
921 4286 3323 4448 abîme. Je me rappelois tout ce que j'a-
919 4443 3325 4608 vois entendu dire de la vengeance des
910 4594 3325 4764 Moines, tout ce que mon pere en avoit
898 4754 3325 4921 ſouffert, tout ce que j'en avois ſouffert
876 4914 3320 5076 moi-même; & je me voyois condamné
