4266 6032
888 314 3294 487 à paſſer ma vie dans cette horrible ſi-
879 479 3291 641 tuation; & ſur-tout je voyois ma chere
883 638 3297 800 Adélaïde dans cet affreux état. Encore
893 793 3298 957 ſi l'on nous avoit laiſſés enſemble,
907 954 3301 1117 comme mon pere s'étoit trouvé réuni,
902 1110 3062 1272 dans ſon cachot, avec ſa Julie!...
892 1268 3313 1432 Je vis, au haut de ma niche, une pe-
900 1420 3318 1588 tite lucarne; j'y montai. Elle donnoit
891 1577 3325 1747 ſur une cour ſolitaire. J'apperçus vis-
902 1728 3334 1900 à-vis, une autre lucarne ſemblable à
929 1895 3335 2058 l'éclair d'une cave. J'entrevis, contre
936 2042 3337 2216 la vitre, le viſage de ma chere Adé-
943 2201 3339 2373 laïde, qui m'avoit apperçu, & qui me
917 2353 3342 2526 tendoit les bras. Je les lui tendis pareil-
952 2513 3349 2688 lement de mon côté; & nous reſtâmes
936 2670 3353 2843 quelques temps à répandre, en ſilence,
879 2824 3356 2997 des larmes à l'aſpect l'un de l'autre.
933 2981 3366 3159 „Prends courage, ma chere Adélaïde,
886 3136 3375 3315 “criai-je à ma Maîtreſſe. Nous ſommes
905 3292 3373 3471 “ſortis de pluſieurs pas bien plus dan-
934 3444 3382 3635 “gereux; nous ſortirons encore de
935 3631 1896 3786 “celui-ci“.
950 3741 3382 3941 Tout à coup on vint enlever, à mes
981 3920 3385 4118 yeux, mon Amante. Elle pouſſoit des
996 4076 3390 4266 cris plaintifs & s'attachoit aux bar-
864 4239 3394 4410 reaux de fer. On ne nous trouvoit pas,
964 4389 3408 4587 apparemment, aſſez malheureux. On
962 4546 3408 4736 nous envioit la douceur cruelle de pleu-
861 4709 3408 4895 rer à l'aſpect l'un de l'autre. On arra-
897 4856 3404 5064 cha, par force, mon Amante de ſon
