4266 6032
936 333 3347 496 cachot. Les monſtres! je ne pouvois la
940 492 3347 652 défendre ni la venger. Dès qu'elle eut
940 647 3353 830 diſparu, il me ſembla qu'avec elle j'a-
940 809 3346 971 vois perdu la lumiere. L'horreur de
936 965 3346 1119 mon cachot en fut redoublée à mes
945 1110 3353 1286 yeux. Je paſſai une heure ou deux fort
926 1285 3354 1445 douloureuſes, qui me parurent des ſie-
933 1437 3354 1603 cles. Je m'y plongeai dans l'amertume
926 1600 3356 1762 des réflexions les plus triſtes. Cependant
947 1755 3353 1918 l'eſpérance m'y préſenta encore ſon
929 1911 3351 2075 flambeau dans le lointain. „Mon pere,
943 2068 3346 2233 “me diſois-je, & ma chere Princeſſe,
934 2226 3354 2390 “ou le Cardinal ſon frere, témoins de
929 2384 3346 2545 “notre malheur, vont ſans doute s'in-
907 2537 2917 2678 “téreſſer en notre faveur“.
922 2702 3342 2866 Quelque temps après, j'entendis du
953 2857 3353 3021 bruit dans le cachot de vis-à-vis; jemis
948 3014 3354 3178 la tête au ſoupirail; je vis qu'on rame-
945 3174 3346 3337 noit mon Adélaïde dans ſa priſon.
964 3330 3351 3494 „Dieu ſoit loué, me dis-je“. Elle me
909 3485 3358 3655 fit ſigne de ſon côté; mais on l'empê-
911 3646 3356 3815 cha d'approcher de ſa lucarne. „Je joui-
921 3806 3347 3972 “rai, du moins, me diſois-je, de la
936 3966 2929 4130 “vue de ma chere Amante“.
921 4121 3356 4286 Tout à coup, on vient m'enlever à
952 4279 3358 4437 mon tour. „Où veut-on me conduire?
953 4434 3353 4601 “m'écriai-je“. On ne me répond pas;
909 4594 3358 4757 mais je vois ſix drôles bien armés, qui
898 4745 3365 4916 paroiſſent diſpoſés à m'entraîner mal-
912 4909 3359 5102 gré moi, ſi je veux réſiſter. „Sans doute,
