4266 6032
845 301 3273 477 “mais, quelque temps après, vousavez
816 465 3279 649 “envoyé à la grande Chartreuſe une
871 620 3275 791 “autre de vos mpures Amantes, qui
878 775 3282 950 “a commis la même profanation, &
888 942 3284 1101 “qui vous attendoit pour partager vos
881 1098 3296 1264 “forfaits. Elle eſt venue vous trouver
895 1247 3291 1418 “ici. Trompés par un faux repentir,
890 1409 3296 1562 “nous vous avions reçu à bras ouverts.
895 1559 3306 1717 “Vous avez affecté un faux zele; &
890 1717 3473 1878 “dans le moment où vous prononciez
827 1870 3308 2049 “vos vœux, elle n'a pas eu la force de
828 2018 3313 2185 “cacher ſon malheureux ſecret, & ſa paſ-
900 2178 3306 2360 “ſion perfide & obſcene a éclaté, auſſi
907 2344 3310 2512 “bien que la vôtre. Vous croyez-vous
909 2491 3313 2670 “donc en droit de vous jouer ainſi du
914 2647 3311 2825 “Ciel & de laterre, d'outrager un Ordre
811 2802 3310 2983 “reſpectable, qui eſt ſous la protection
919 2971 3322 3129 “du Ciel & ſous celle du Gouverne-
907 3115 3316 3285 “ment, d'en faire l'aſile de la débau-
919 3273 3316 3448 “che la plus ſcandaleuſe? Parlez, par-
907 3430 3318 3612 “lez. Juſtifiez-vous, ſi vous le pou-
909 3611 1654 3749 “vez“.
916 3729 3320 3927 Je répondis avec une noble ſimpli-
909 3898 3327 4077 cité. „Mon Révérend Pere, le tableau
902 4051 3322 4236 “que vous préſentez eſt impoſant, &,
907 4221 3330 4389 “dans la bouche d'un homme comme
924 4365 3340 4551 “vous, digne de confiance & de foi,
900 4518 3328 4712 “il pourroit faire, contre moi, l'im-
900 4674 3358 4864 “preſſion la plus fâcheuſe. Le faux s'y
804 4837 3346 5072 i trouve mêlé avec le vrai, d'une ma
