4266 6032
871 300 3284 472 tenir; ce ſeroit un ſcandale de votre
883 468 3285 629 “part, que de vouloir le faire. Il eſt de
888 624 3287 784 “votre devoir, au contraire de l'ex-
876 771 3289 942 “pulſer. Ce ſeroit au Gouvernement
874 933 3287 1105 “ſeul à la punir; mais la punir de
879 1084 3282 1250 “quoi? de ſes vertus? Vous ne devez
878 1246 3292 1413 “pas la dénoncer; vous devez, au con-
871 1402 3292 1567 “traire, enſevelir cette afſaire, d'autant
883 1560 3287 1727 “plus que la perſonne ne mérite, que
885 1720 3289 1880 “des éloges pour ſa conduite. Félici-
885 1879 3287 2035 “tez - vous de ce qu'ayant eu, chez
888 2033 3291 2193 “vous, une jeune fille, elle ne vous a
892 2185 3291 2345 “ni déshonorés, ni ſcandaliſés“. Je fi-
888 2340 3292 2503 nis mon diſcours de la maniere la plus
892 2499 3292 2665 pathétique. Je déployai même une
864 2657 3296 2815 véritable éloquence. Les yeux de plu-
890 2809 3285 2974 ſieurs de mes Juges devinrent humides.
892 2967 3287 3130 On me renvoya gravement. Je conçus
888 3124 3289 3289 quelque eſpoir favorable; & c'eſt ce
888 3277 3285 3444 qui m'engagea à me laiſſer enfermer, de
886 3437 3282 3600 nouveau, en face de mon Adélaïde.
898 3586 3289 3756 Il y avoit déjà long-temps que l'om-
893 3743 3287 3915 bre régnoit, & je m'apprêtois à paſſer
874 3903 3291 4069 une nuit bien cruelle. La cérémonie fa-
840 4062 3292 4227 tale s'étoit faite le matin. Nous étions
878 4216 3292 4385 déjà bien avant dans la ſoirée, & l'on ne
891 4377 3291 4546 m'avoit point encore apporté à manger,
897 4527 3303 4701 ſoit par oubli, ſoit par cruauté. Je com-
891 4680 3427 4857 mençois à ſentir les horreurs du beſoin;
892 4838 3303 5038 & ce qui me déchiroit le plus, c'eſt que
