4266 6032
948 303 3408 494 je me repréſentois Adélaïde ſouſ-
919 482 3373 648 frant le même tourment. Enfin, j'en-
950 635 3356 809 tends ouvrir ma porte. „Ah! me dis-je,
950 802 3365 967 “on écoute enfin l'humanité. On m'ap-
947 957 3360 1127 “porte à manger; ſans doute on rend
948 1113 3359 1279 “le même devoir à mon Amante“. On
950 1268 3359 1443 entre, c'étoit Adélaïde elle même. A ſa
951 1432 3358 1597 ſuite, paroît le Cardinal, qui étoit ma
953 1588 3356 1754 chere Princeſſe déguiſée ſous la pour-
947 1750 3354 1927 pre Romaine; après elle, je vois entrer
947 1904 3354 2071 mon pere; la proceſſion étoit terminée
941 2053 3353 2233 par D. Prieur. Les trois cheres perſon-
950 2217 3347 2386 nes ſe précipitent ſur moi. Je leurrends
948 2374 3349 2534 leurs délicieuſes careſſes. „Jeune im-
945 2530 3349 2701 “prudent, me dit D. Prieur, vous êtes
941 2689 3346 2855 “bien heureux, votre compagne &
943 2838 3342 3012 “vous, d'avoir un protecteur d'un ſi
947 3000 3349 3175 “haut rang, d'une ſi puiſſante recom-
921 3158 3346 3320 “mandation, & d'une bonté ſi déclarée
943 3318 3345 3489 “pour vous, que S. Em. Monſeigneur
914 3475 3349 3636 “le Cardinal. Vous lui devez la li-
933 3632 3349 3800 “berté. Tâchez de répondre, par vo-
941 3788 3344 3946 “tre conduite, à une faveur ſi honora-
866 3943 3342 4116 “ble pour vous. Nous vous aurions
931 4104 3416 4277 “refuſé à tout autre interceſſeur; mais,
943 4260 3342 4430 “à la priere d'un ſolliciteur ſi recom-
941 4417 3340 4587 “mandable, nous vous pardonnons,
936 4579 3334 4746 “& vous renvoyons tous les deux.
907 4721 3380 4914 “Nous vous recommandons à la bonté
921 4892 3349 5089 “divine, & nous ferons, pour vous,
