4266 6032
877 272 3285 453 les mêmes prieres que nous aurions
877 422 3280 597 “faites aſſidûment, ſi nous vous avions
881 594 3279 759 “retenus dans la ſolitude; car enfin,
878 757 3285 916 “nous ne voulions punir que vos
886 913 3291 1076 “corps, & nous comptions bien tra-
885 1067 3304 1258 “vailler ſans telâche pour le ſalut de
881 1253 1764 1390 “vos ames“.
933 1337 3301 1549 Je remerciai D. Prieur & le Cardinal,
897 1542 3306 1708 que je n'oſois reconnoître, devant lui,
879 1695 3315 1868 pour ma chere Princeſſe. Heureuſe-
907 1849 3323 2020 ment, on vint demander le R. P., il
917 2009 3325 2173 nous laiſſa enſemble; & dès qu'il n'y
912 2162 3323 2338 fut plus, nous nous livrâmes ſans réſerve
919 2322 3328 2492 à nos heureux tranſports. Adélaïde &
919 2481 3323 2647 moi, nous remerciames notre chere
931 2636 3322 2806 Princeſſe. „Mon cher Chevalier, me
926 2794 3325 2956 “dit-elle, au commencement de vos
933 2945 3327 3117 “aventures, j'ai paru à vos yeux ſous
929 3105 3325 3274 “les deshors d'un Cardinal, &, dans
929 3261 3340 3434 “cette qualité, vous m'avez ſauvé la
928 3409 3342 3607 “vie. Quand vos aventures paroiſſent
931 3572 3344 3769 “au point de ſe terminer, parce qu'il
944 3733 3344 3906 “me ſemble qu'enfin vous etes arrivé
943 3894 3351 4065 “au port, je reparois, devant vous,
943 4044 3361 4219 “ſous le même habit, pour avoir le
950 4204 3365 4383 “plaiſir, à mon tour, de faire auſſi
947 4363 3368 4539 “quelque choſe en votre faveur, & de
948 4521 3330 4688 “vous ſauver au moins la liberté“.
900 4678 3371 4847 Nous embraſſâmes, avec un nouveau
940 4828 3375 5014 uanſport, notre chere Princeſſe. On
