4266 6032
952 352 3121 529 nous conduiſit dans des apparten
952 515 3387 682 extérieurs, où l'on nous fournit, à cha-
950 676 3390 839 cun, les habits de notre ſexe. Nous
945 835 3383 997 quittâmes ceux du Couvent. Adélaïde
941 990 3368 1312 le ſor bies eirerren duepe ien ee-
950 1304 3370 1470 dant que je faiſois ma toilette, mabien-
941 1459 3383 1626 faitrice m'apprit qu'elle avoit été té-
943 1624 3401 1783 moin de la ſcene de notre reconoiſ-
950 1779 3353 1944 ſance avec leplus grand plaiſir. Qu'elle
950 1939 3341 2097 avoit demandé à nous voir dès que
952 2095 3339 2254 nous avions quitté le chœur. Qu'on
941 2250 3337 2412 avoit paru d'abord vouloir éluder ſa de-
945 2410 3394 2568 mande, & qu'elle avoit compris; par
943 2561 3347 2728 les propos eutortillés des Chartreux,
945 2723 3335 2885 qu'ils vouloient nous punir. Elle avoit
945 2876 3389 3041 été ſurpriſe de cette réſolution. Les
934 3036 3344 3199 Moines, pour leur juſtification, lui
904 3191 3337 3356 avoient expoſé nos prétendus griefs.
938 3321 3340 3512 Elle avoit, pour réponſe, fait notre
895 3505 3358 3669 apologie, à peu près comme je l'avois
940 3661 3378 3824 faite moi-même. Ils s'étoient reſtreints
945 3819 3373 3985 à ſupplierS. Em., par l'amour qu'onlui
892 3975 3380 4139 connoiſſoit pour l'équité, de pormettre
862 4136 3373 4298 qu'ils vérifiaſſent ſi les choſes nous
916 4281 3339 4454 étoient auſſi favorables qu'elle le diſoit
917 4448 3385 4770 liene ſuiite eatint e poueeret
876 4761 3401 4927 un interrogatoire. L'accord & l'unani-
929 4921 3347 5088 mité des dépoſitions de S. Em., de celles
2522 5070 3368 5205 d'Adélaïde
