4266 6032
898 278 3347 488 d'Adélaïde & des miennes, avoient
905 448 3344 649 forné, en notre faveur, un corps de
907 616 3344 956 ere e peir o me
914 916 3335 1107 & note maumiſſien avoient été déci-
910 1071 3334 1266 dées. Soudain, la Princeſſe Cardinat
909 1227 3332 1403 & mon pere s'étoient hâtés d'aller déli-
907 1387 3327 1574 rer la partie la plus foible, & par con-
907 1538 3341 1771 ſéquent la plus ſouffrante. Ils étoient
909 1700 2451 1836 venus enſuite à moi.
922 1851 3332 2043 Dans ce moment, Adélaïde entre
907 2004 3328 2197 ſous les habits de ſon ſexe. Il y avoit
907 2161 3323 2337 des ſiecles que je ne l'avois vue ſous ce
883 2315 3323 2504 coſtume. Je la touvai adorable. Ma fi-
907 2475 3310 2659 gure, ſous l'habit militaire, que j'avois
902 2625 3316 2816 endoſſé, parut auſſi ne lui pas déplaire.
900 2780 3306 2976 Nousſortimes de l'appartement, comp-
905 2945 3304 3116 tant quitter, ſur le champ, le Couvent;
904 3100 3330 3280 mais les Moines vinrent s'emparer de
904 3270 3301 3435 nous, pour nous conduire au pied des
898 3407 3303 3583 Autels, où l'on nous fit demander, à
900 3569 3300 3731 genoux, pardon à Dieu & à la Commu-
898 3719 3298 3903 nauté, de nos fautes, & du ſcandale que
900 3880 3298 4046 nous avions cauſé. Enſuite on nous aſ-
890 4033 3303 4209 pergea. On ſupplia Mgr. le Cardinal de
881 4188 3292 4364 vouloir bien nous donner l'abſolution.
905 4341 3292 4518 La Princeſſe, qui ſavoit ce que valoit un
886 4503 3296 4675 pareilacte de ſa main, dit qu'elle n'em-
895 4658 3296 4838 piétoit jamais ſur les fonctions de perſon-
897 4814 3294 4988 ne; qu'un Supérieur étoit, chez lui, au-
1045 4959 1614 5101 Tom. Il.
2708 4985 3021 5127 L
