4266 6032
950 315 3359 498 deſſus de tous les dignitaires; que c'é-
953 482 3359 655 toit à lui ſeul d'abſoudre. D. Prieur ſe
948 640 3359 817 laiſſa perſuader. Après avoir fait une
945 799 3359 990 profonde inclination devant S. Em. Il
947 953 3359 1129 nous donna, en pompe, l'abſolution,
953 1113 3359 1284 qu'il nous fallut recevoir proſternés la
950 1282 2294 1437 face contre terre.
986 1396 3359 1601 Après avoir été bénits & abſous, nous
950 1587 3359 1749 eûmes enfin la liberté de partir; mais
947 1744 3359 1907 il fallut que S. Em., avant ſon départ,
943 1896 3359 2057 donnât ſa bénédiction à la Commu-
959 2049 3359 2216 nauté. Elle le fit en rougiſſant. Son juſte
954 2207 3359 2386 reſpect pour la religion faiſoit qu'inté-
958 2367 3359 2536 tieurement elle ſe reprochoit cette pro-
954 2520 3359 2687 fanation, dans laquelle cette chere Da-
952 2676 3359 2842 me ſe trouvoit entraînée par la premiere
967 2826 3359 3005 faute qu'elle avoit commiſe, en oſant
972 2985 3359 3161 endoſſer un habit vénérable, qu'il ne lui
972 3156 2745 3316 convenoit pas de porter.
1053 3272 3359 3467 Quandnousfûmes dehors du Couvent,
972 3452 3359 3634 mon pere enfin reſpira. „Il me ſemble,
974 3614 3359 3786 “dit-il, qu'on m'ôte une montagne de
976 3771 3359 3944 “deſſus la poitrine. Allons, mes amis,
981 3928 3359 4103 “de la joie. Où diable ce malheureux
984 4085 3359 4252 Caaudin alloit - il ſe fourrer, pour
986 4235 3359 4413 “nousnoitit l'ame à tous“? Nous arri-
992 4388 3359 4558 vâmes à l'ôteh Les nieres, les enfans
988 4548 3359 4730 toutde honde nous ſautau cou. „H
986 4704 3359 4874 “bien, diſoit-on au Cardinal, vous le
996 4855 3359 5024 “avez donc obienus à la fi? -- Hélas
