4266 6032
890 243 3304 463 “répondoit S. Em., j'ai été obligée
890 434 3322 616 “d'être ſur le dos des . PP. depuis
892 609 3375 772 “ce matin, juſqu'à neuf heures du ſoir.
890 768 3396 928 “J'ai vu mille fois l'heure où j'y per-
886 922 3303 1081 “drois toutes mes inflances. On a lieu
1811 1076 3304 1229 cher d'avoir abuſé d'un
900 1088 1812 1243 “de me repre
897 1232 3311 1399 “habit reſpectable; mais ſans cet
859 1393 3310 1557 “habit je n'aurois rien obtenu; & nos
898 1545 3310 1719 “deux pauvres haires ſeroient à pré-
900 1707 3306 1868 “ſent, chacun, dans un cachot,
910 1856 3320 2025 “ſous les pieds des RR. PP. qui
905 2013 3310 2181 “repoſeroient à leur aiſe“. Alors on
905 2169 3318 2336 nous embraſſoit & l'on nous perſiffloit
909 2326 3315 2492 amicalement. Nous fimes le ſouper le
909 2458 3428 2802 inuimiiue oen voe peineeſoat nie
914 2794 3313 2976 “s'écria mon pere; & ſans doute nous
909 2945 3318 3113 “allons demam à l'Egliſe pour com-
916 3112 3320 3262 “mander les bans“. A ces mots, tout
912 3261 3316 3588 lmtnomne e n cit aoule e
912 3564 3322 3736 timide ſur la Princeſſe. AAh! ma reſ-
912 3726 3320 3906 “pectable amie, lui dit- elle en ſe je-
919 3880 3322 4052 “tant à ſes genoux, en baiſant, avec
926 4042 3323 4243 “tranſport, une de ſes mains, vous nous
926 4199 3327 4365 “avez ſoutenus depuis bien des an-
926 4352 3328 4524 “nées; vous nous avez ſauvés pluſieurs
928 4510 3328 4674 “fois lvie; vousvenezdenousdélivrer
933 4664 3421 4837 “encore dans le moment. Nous ſommes
931 4823 3425 5009 “à vet, nous vous appartnons. C'eſt
2761 4990 3010 5116 L
