4266 6032
938 345 3368 519 “à vous de diſpoſer de votre bien;
943 508 3358 673 “mais moi, comblée de vos bontés,
943 665 3370 831 “dois-je vous priver du ſeul homme
943 826 3366 986 “que vous avez toujours honoré de vo-
936 977 3361 1142 “tre affection, dont vous avez acquis
941 1134 3356 1316 “le cœur & la perſonne par tant de
938 1292 3354 1454 “bienfaits? Dois - je priver ce jeune
936 1449 3354 1616 “homme d'une ſi adorable poſſeſſion?
938 1607 3351 1771 “-- Ma chere Adélaïde, répondit la
938 1760 3347 1924 “Princeſſe, vous nous faites là des rai-
935 1920 3335 2075 “ſonnemens tout à fait ſérieux & im-
940 2075 3346 2255 “poſans. Je ſais tout ce que vous m'a-
941 2229 3346 2396 “vez déjà dit à ce ſujet; il faut que j'y
943 2386 3353 2555 “réponde. Donnez - moi juſqu'à de-
948 2539 3354 2706 “main, ma chere; & demain matin, ſi
952 2701 3356 2865 “je ne puis détruire vos objections, je
957 2857 3098 3018 “céderai à vos repréſentations“.
964 2995 3356 3175 Nous nous regardâmestousavec éton-
952 3172 3351 3331 nement. „Quoi! diſions-nous en nous-
953 3318 3353 3487 “mêmes, la Princeſſe, qui a été juſ-
955 3476 3354 3647 “qu'à préſent ſi généreuſe à l'égard de
955 3633 3353 3800 “ces deux Amans, conſentiroit- elle
955 3789 3351 3975 “enfin à les ſéparer? & voudroit- elle
960 3944 3356 4118 “profiter des circonſtances, pour ſe ré-
947 4101 3346 4270 “ſerver l'amant qu'elle a cédé tant de
959 4257 3351 4428 “fois à ſa protégée“? Notre Bienfai-
960 4408 3340 4586 trice s'apperçut à merveille de notre ſur-
959 4567 3347 4745 priſe; elle en ſourit, avec l'air de bonté
960 4727 3354 4899 qui lui étoit naturel, & qui ne nous pré-
952 4878 3356 5076 ſageoit rien de ſiniſtre. „Touſera ré-
