4266 6032
898 348 3337 513 “gere, où je ſentis les horreurs de vo-
905 506 3329 673 “tre perte & de ma ſituation. J'écrivis
895 666 3328 828 “à mon Amant; mais au milieu de ma
898 824 3328 988 “lettre, je ſentis la main de la mort gla-
900 977 3327 1140 “cer mon cœur;m voile ſeirépandre
886 1137 3335 1302 “ſur mes yeux, & le ſentiment s'étein-
900 1292 3315 1458 “dre entierement dans mon ſein.
905 1451 3330 1616 “L'Univers n'exiſta plus pour moi.
902 1585 3342 1782 “Que devins-je pendant ceue criſe?
910 1763 3339 1929 “J'ai été long-temps à l'ignorer. Je
910 1918 3334 2084 “m'éveillai au milieu d'une confuſion,
907 2077 3330 2238 “d'un chaes oùje ne compris rien
904 2232 3351 2396 “d'abotd. dlentedois un bourdonne-
893 2386 3340 2558 “men ſourd épandu antour de mpi
919 2541 3344 2712 “Je ne poſois pas fub lterre, je ne la
922 2698 3349 2870 “voyois pas. J'étois ſuſpendue; étoit-
919 2850 3353 3033 “ce dans l'air ou non? C'étoitquelque
919 3017 3330 3186 “choſe de mobile, mais ſans figure,
919 3110 3354 3348 “ſans couleur, viſible & inviſible. Il
926 3326 3361 3500 “me ſeblu que c'étoit de l'eau; des
842 3489 3354 3708 “poiſſons, que je crus appercevoir,
1933 3640 3352 3807 rentdan cete idée:
931 3658 1899 3814 “me cohfim
936 3768 3354 3970 “mais comment reſpirois-je dans cet
936 3954 3366 4125 “élément, ſans ête noyée, ſans même
941 4108 3368 4285 “être mouillée? J'étois ſur un petit lit
933 4267 3363 4435 de repoe mollement balancé, dans
947 4417 3377 4592 “le déthabilléddeNérérdeJu voyois
941 4578 3370 4754 “de l'eauſur mu têpſous mes pleds;
947 4730 3383 4911 autou de moi; rlen que del'éau.Je
948 4892 3389 5107 “crus être morte, & me touver dans
