4266 6032
896 327 3347 498 “un homme nu qui nageoit entre deux
892 480 3341 656 “eaux. Il m'apperçut, me regarda avec
929 640 3346 808 “admiration, me fit des ſignes, garans
899 801 3347 972 “du plaiſir ſenſible que lui cauſoit ma
907 950 3344 1120 vue, & ſe hâta de remonter ſur l'eau.
904 1108 3356 1283 “Il redeſcendit ſur le champ, reſta en-
881 1273 3353 1442 “core quelques minutes à s'égarer au-
914 1422 3354 1592 “tour de mon globe, & à me témoi-
909 1573 3354 1755 “gner, par gelles, ſon raviſſement,
910 1731 3356 1913 “puis remonta, puis redeſcendit alter-
914 1887 3359 2062 “nativement. Je compris que c'étoit
919 2044 3361 2223 “un plongeur qui paſſoit quelques
919 2200 3353 2374 “minutes dans l'eau, en retenant ſon
917 2353 3361 2520 “haleine, mais qui étoit obligé d'aller
926 2505 3366 2684 “de temps en temps reſpirer ſur la ſur-
924 2667 3356 2836 “face. Je lui parlai, il me témoigna
924 2823 3368 3000 “qu'il m'entendoit; mais qu'il ne pou-
940 2976 3366 3172 “voitme répondre dans l'eau. Il feignit
926 3136 3378 3308 “de vouloir caſſer le verre d'un coup
928 3284 3378 3467 “de poing; mais il me faiſoit ſentir,
936 3437 3370 3617 “ſur le champ, le danger qui en ſeroit
929 3605 3377 3781 “réſulté pour moi, & baiſoit ce verre
924 3748 3380 3930 fortuné qui me renfermoit; enfin, il
885 3906 3375 4094 parut me recommander d'avoir de la
945 4076 2644 4247 “patience, & diſparut.
940 4221 3390 4388 “Bientôt on fit deſcendre mon globe
938 4384 3389 4555 “au fond de l'eau. J'apperqus la terre
885 4523 3396 4708 “ſemée de cailloux, au mllieu deſ-
814 4687 3404 4867 quels s'élevoient des coraux, des
933 4845 3409 5036 “ madrepores, & autres produdions
