<?xml version="1.0" encoding="UTF-8" standalone="no"?><PcGts xmlns="http://schema.primaresearch.org/PAGE/gts/pagecontent/2017-07-15" xmlns:xsi="http://www.w3.org/2001/XMLSchema-instance" xsi:schemaLocation="http://schema.primaresearch.org/PAGE/gts/pagecontent/2017-07-15 http://schema.primaresearch.org/PAGE/gts/pagecontent/2017-07-15/pagecontent.xsd"><Metadata><Creator/><Created>2020-10-14T10:59:21</Created><LastChange>1970-01-01T00:00:00</LastChange><Comments/></Metadata><Page imageFilename="0250.png" imageHeight="6032" imageWidth="4266"><TextRegion id="r1" orientation="-0.25" type="paragraph"><Coords points="1,1 4264,1 4264,6030 1,6030"/><TextLine id="l1"><Coords points="2562,457 2561,456 2561,455 2561,455 2127,453 2126,452 2126,435 2126,435 1429,432 1428,432 1428,448 1428,449 1420,449 1419,448 1419,443 1418,442 1418,440 1418,440 1002,438 1000,437 1000,435 1000,434 999,434 998,434 998,433 998,432 949,432 947,430 947,428 945,426 945,422 945,422 937,422 936,421 936,401 936,401 913,401 912,400 913,375 912,374 912,338 910,336 910,323 914,319 964,319 965,318 965,253 967,252 1019,252 1019,253 1019,281 1019,281 1965,285 1966,285 1966,284 1966,283 2072,284 2073,283 2523,285 2524,284 2524,283 2524,283 2526,283 2527,282 2527,278 2529,276 2562,276 2563,276 2563,286 2563,287 2758,288 2759,288 2759,292 2759,293 2761,293 2766,298 2768,298 2770,299 2770,300 2770,301 3018,302 3019,303 3081,303 3082,304 3250,305 3251,305 3251,306 3251,307 3253,307 3255,309 3259,309 3261,310 3261,347 3261,348 3310,348 3312,350 3317,350 3322,355 3326,355 3327,356 3327,360 3328,361 3327,393 3328,394 3328,412 3327,413 3327,415 3327,415 3326,415 3325,416 3325,417 3325,417 3323,417 3321,419 3319,419 3318,420 3318,422 3318,422 3307,422 3306,423 3306,424 3306,424 3297,424 3295,426 3293,426 3292,427 3125,426 3124,427 2586,425 2585,425 2585,456 2585,457"/><TextEquiv><Unicode/></TextEquiv><TextEquiv index="1"><Unicode>“marines ou fluviatiles. Je ne m'étois</Unicode></TextEquiv></TextLine><TextLine id="l2"><Coords points="1443,613 1442,612 1442,610 1440,608 1431,608 1430,607 1431,606 1430,606 1429,606 1428,604 1428,592 1427,592 1420,592 1419,591 1418,591 1418,590 1418,584 1417,584 1384,584 1383,582 1383,563 1382,563 1380,563 1378,561 1373,561 1371,558 1371,557 1370,557 1287,556 1287,557 1287,558 1283,561 1281,561 1279,563 1277,563 1275,566 1275,572 1274,572 1263,572 1263,572 1263,566 1260,563 1253,563 1251,561 1162,561 1162,561 1162,604 1161,605 1106,605 1105,603 1093,603 1093,603 1093,602 1092,601 1091,601 1091,601 1091,593 1090,592 1017,592 1017,592 1017,588 1017,587 1052,587 1053,587 1053,552 1053,551 1061,551 1062,551 1062,485 1062,484 985,484 984,484 984,529 983,530 983,534 981,536 981,538 980,539 979,539 979,539 979,540 978,541 976,541 975,542 973,542 972,543 972,545 971,546 969,546 967,548 967,550 966,551 966,553 963,556 959,556 959,556 959,560 958,561 953,561 953,561 953,601 952,602 933,602 933,601 933,556 932,556 923,556 922,554 922,548 921,547 921,537 922,536 922,485 926,482 941,482 941,481 941,474 942,474 943,474 943,473 943,470 944,470 945,470 947,468 960,468 961,467 962,467 962,466 962,464 964,463 969,463 969,462 969,443 970,443 978,443 979,444 1041,444 1041,445 1041,448 1042,448 1043,448 1043,449 1043,453 1048,458 1048,483 1049,483 1132,484 1134,482 1175,482 1175,481 1175,479 1176,479 1177,479 1177,478 1177,477 1178,477 1180,477 1182,479 1216,479 1218,481 1220,481 1223,484 1283,484 1285,486 1287,486 1289,488 1380,489 1382,487 1383,487 1384,486 1385,486 1385,485 1385,484 1386,484 1411,484 1411,484 1411,486 1414,489 1420,489 1420,488 1420,449 1421,449 1428,449 1428,449 1428,488 1429,489 1506,489 1506,489 1506,485 1507,484 1509,484 1509,485 1509,489 1510,489 1564,489 1565,488 1646,489 1646,488 1646,478 1648,477 1651,477 1652,478 1652,488 1653,489 1814,490 1815,489 1820,489 1822,487 1824,487 1825,486 1831,486 1832,487 1832,488 1833,489 1837,489 1841,494 1843,494 1844,494 1844,504 1844,505 1929,505 1930,505 1930,504 1930,503 1931,503 1932,503 1932,502 1932,501 1933,501 1934,501 1934,500 1934,499 1940,499 1942,498 1942,497 1942,496 1945,496 1946,496 1946,495 1946,494 2022,494 2024,494 2042,494 2045,491 2050,491 2052,489 2082,489 2082,488 2082,460 2088,455 2090,455 2090,454 2090,453 2091,453 2143,453 2145,455 2178,455 2179,456 2181,456 2181,457 2181,458 2182,458 2185,458 2185,459 2185,463 2187,465 2187,495 2187,495 2270,496 2271,495 2271,494 2272,494 2345,494 2348,491 2365,491 2367,493 2371,493 2372,494 2403,494 2403,495 2403,496 2403,496 2490,497 2491,496 2493,496 2496,494 2558,494 2558,493 2558,458 2559,458 2561,458 2562,457 2586,457 2586,457 2586,488 2587,489 2621,489 2623,492 2623,494 2624,494 2625,494 2625,495 2625,498 2625,498 2626,498 2627,499 2635,499 2637,501 2637,503 2637,503 2638,503 2639,504 2639,537 2639,537 2734,538 2735,537 2735,500 2739,496 2739,494 2742,491 2742,479 2744,477 2744,472 2745,471 2745,469 2747,467 2747,465 2748,465 2749,465 2749,464 2749,463 2750,463 2752,463 2752,462 2754,460 2754,458 2755,458 2759,458 2761,456 2763,456 2766,453 2792,453 2792,453 2792,454 2793,455 2794,455 2794,455 2794,457 2795,458 2797,458 2797,458 2797,488 2798,489 2840,489 2840,490 2840,494 2841,494 2962,495 2963,494 2967,494 2967,494 2967,498 2967,499 3139,499 3140,500 3300,501 3301,502 3301,503 3301,503 3307,503 3308,504 3308,505 3308,505 3314,505 3322,513 3322,558 3327,563 3327,576 3325,577 3320,577 3318,579 3308,579 3308,579 3308,578 3307,577 3198,577 3198,577 3198,581 3197,582 3194,582 3194,581 3194,579 3193,579 3146,578 3145,577 3090,577 3088,575 3064,575 3062,573 3058,573 3057,572 2972,572 2971,573 2971,574 2970,575 2968,575 2966,577 2929,576 2929,577 2929,594 2928,594 2926,594 2926,594 2926,576 2925,575 2802,575 2802,574 2802,573 2801,573 2799,573 2798,572 2693,571 2692,573 2692,577 2691,577 2690,577 2690,578 2690,582 2689,582 2687,582 2687,583 2687,585 2679,592 2677,592 2671,598 2664,598 2662,596 2660,596 2659,595 2659,576 2658,575 2575,575 2575,574 2575,573 2574,573 2565,573 2564,572 2434,571 2433,572 2432,572 2431,573 2430,573 2429,575 2429,577 2428,577 2261,577 2261,577 2261,580 2259,582 2259,584 2255,588 2255,591 2254,592 2254,596 2252,598 2252,602 2249,605 2249,606 2246,608 2229,608 2229,608 2229,607 2228,606 2227,606 2226,605 2226,604 2224,602 2224,600 2223,599 2223,573 2222,572 2140,572 2139,573 2138,573 2137,572 2079,572 2079,572 2079,605 2078,606 1997,605 1997,606 1997,607 1995,608 1974,608 1972,610 1967,610 1966,611 1966,613 1966,613 1962,613 1961,613 1961,611 1959,608 1956,608 1955,607 1955,606 1954,605 1954,600 1953,599 1879,599 1877,596 1877,565 1876,565 1851,565 1849,567 1844,567 1844,567 1844,571 1843,572 1795,572 1795,572 1794,610 1794,611 1770,610 1769,610 1769,609 1769,608 1737,608 1736,608 1737,606 1736,605 1735,605 1734,604 1734,573 1733,572 1556,571 1556,572 1556,606 1553,608 1532,608 1530,610 1527,610 1526,611 1446,611 1445,611 1445,612 1445,613"/><TextEquiv><Unicode/></TextEquiv><TextEquiv index="1"><Unicode>“pas apperçu qu'il y avoit, ſous mon</Unicode></TextEquiv></TextLine><TextLine id="l3"><Coords points="2118,787 2118,786 2118,785 2117,785 2115,785 2113,783 2111,783 2109,780 2109,778 2108,778 2106,778 2106,777 2106,773 2105,773 2102,773 2102,772 2102,771 2101,770 2101,769 2099,767 2099,765 2097,763 2097,736 2096,736 2006,735 2006,735 2006,734 2005,733 1781,732 1781,733 1781,735 1780,735 1779,735 1779,736 1779,737 1778,737 1614,737 1614,737 1614,761 1612,763 1610,763 1607,766 1595,766 1595,766 1595,767 1594,768 1571,768 1571,767 1571,766 1570,766 1569,766 1569,765 1569,764 1568,764 1552,763 1551,762 1550,762 1550,762 1550,752 1549,751 1432,751 1432,750 1432,749 1431,748 1431,739 1430,739 1252,738 1251,739 1249,739 1249,740 1249,742 1248,742 1236,742 1233,745 1205,745 1205,745 1205,749 1205,750 1273,750 1275,752 1275,757 1274,757 1205,757 1205,757 1205,758 1204,759 1168,759 1167,758 1166,758 1166,757 1166,756 1165,756 1163,756 1163,755 1163,717 1163,717 977,716 976,716 976,753 975,754 967,754 967,753 967,739 966,739 946,739 944,737 942,737 941,735 941,711 941,711 929,711 926,708 926,704 926,704 925,704 924,703 924,682 925,682 926,682 926,681 926,678 927,678 928,678 928,677 929,603 929,603 931,603 932,602 953,602 954,603 1105,603 1106,605 1162,605 1163,605 1162,633 1163,634 1196,634 1201,639 1388,640 1388,639 1388,609 1390,608 1390,608 1390,610 1391,611 1392,611 1392,611 1392,639 1393,640 1621,641 1621,640 1621,639 1622,639 1767,639 1767,639 1767,612 1768,611 1769,611 1770,610 1794,611 1794,611 1794,638 1795,639 1818,639 1819,640 2116,641 2116,640 2116,639 2117,639 2155,639 2159,635 2224,635 2224,635 2224,626 2225,625 2226,625 2226,625 2226,624 2227,623 2228,623 2228,623 2228,612 2229,611 2409,612 2410,611 2425,611 2427,614 2427,616 2429,618 2429,648 2430,648 2647,649 2649,647 2653,647 2654,646 2666,646 2666,646 2666,642 2669,639 2675,639 2675,640 2675,648 2676,648 2874,649 2874,649 2874,644 2876,642 2879,642 2880,643 3155,644 3155,644 3155,623 3158,620 3158,619 3159,618 3168,618 3169,618 3170,618 3170,618 3170,619 3171,620 3175,620 3179,624 3179,653 3180,654 3230,654 3232,656 3234,656 3234,656 3234,657 3235,658 3236,658 3237,659 3240,659 3242,661 3242,663 3244,665 3248,665 3254,671 3254,673 3256,675 3256,694 3257,695 3321,695 3323,698 3323,699 3324,699 3325,699 3325,700 3325,701 3326,701 3330,701 3330,702 3330,707 3332,709 3332,711 3334,713 3334,733 3333,733 3332,733 3332,734 3332,737 3331,737 3328,737 3328,738 3328,740 3325,743 3325,747 3322,750 3322,752 3321,752 3318,752 3318,753 3318,754 3314,757 3308,757 3308,758 3308,759 3307,759 3305,759 3304,761 3304,763 3303,763 3296,763 3296,763 3296,760 3295,759 3291,759 3289,757 3284,757 3284,757 3284,755 3283,754 3282,754 3282,753 3282,738 3281,738 3162,737 3162,737 3162,733 3161,732 2924,731 2923,732 2838,732 2838,733 2838,769 2837,769 2831,769 2831,769 2831,738 2830,737 2652,736 2651,737 2589,737 2589,737 2589,748 2588,749 2587,749 2587,749 2587,751 2586,752 2421,751 2421,752 2421,768 2420,768 2224,767 2220,771 2132,771 2132,771 2132,778 2130,780 2130,782 2129,783 2127,783 2123,787"/><TextEquiv><Unicode/></TextEquiv><TextEquiv index="1"><Unicode>“lit, une petite trappe de verre ronde,</Unicode></TextEquiv></TextLine><TextLine id="l4"><Coords points="2265,928 2264,927 2264,926 2264,926 2263,926 2262,925 2262,924 2262,924 1768,921 1767,921 1767,920 1767,919 1524,918 1523,917 1336,917 1335,916 1321,915 1320,915 1320,882 1320,881 1035,880 1034,881 1034,883 1032,885 965,885 964,885 964,895 962,897 962,901 962,902 961,902 960,902 960,904 960,905 958,905 957,905 957,906 957,907 955,907 953,905 953,869 952,868 952,866 952,866 927,866 926,865 926,864 926,864 925,864 924,863 924,861 922,859 922,853 924,851 924,845 925,844 926,799 928,797 928,794 928,794 929,794 931,792 933,792 935,790 944,790 945,789 945,788 945,788 947,788 948,787 948,784 949,783 966,783 967,782 967,754 967,754 975,754 976,755 1432,757 1433,756 1439,756 1440,757 1447,757 1452,762 1730,763 1733,766 1733,768 1734,769 1734,798 1734,798 2065,800 2066,799 2066,790 2066,790 2067,790 2068,789 2068,785 2068,785 2070,785 2072,783 2075,783 2076,783 2076,786 2076,787 2392,788 2393,788 2393,771 2395,768 2423,768 2424,769 2424,803 2424,803 2738,805 2739,804 2739,799 2739,799 2763,799 2764,798 2764,775 2771,768 2789,768 2790,769 2837,769 2838,770 2838,789 2838,789 3169,791 3170,790 3172,790 3174,791 3174,806 3174,807 3248,807 3249,807 3249,808 3249,809 3252,809 3253,809 3253,810 3254,811 3254,812 3255,814 3258,814 3260,816 3262,816 3264,818 3266,818 3267,819 3268,819 3272,822 3271,849 3272,850 3309,850 3311,852 3313,852 3313,853 3313,854 3314,854 3318,854 3319,855 3329,855 3331,857 3332,857 3332,858 3332,859 3335,861 3337,861 3337,862 3337,866 3338,866 3339,866 3339,867 3339,871 3340,872 3340,888 3341,889 3339,891 3339,893 3339,893 3338,893 3337,894 3337,897 3337,897 3336,897 3335,898 3335,900 3332,903 3332,907 3332,907 3330,907 3329,908 3327,910 3327,912 3327,912 3319,912 3318,913 3318,914 3318,914 3314,914 3312,916 3309,916 3308,917 3298,917 3297,916 3296,916 3292,912 3290,912 3287,910 3287,908 3287,907 3285,907 3283,905 3281,905 3280,904 3280,896 3280,896 2993,895 2991,897 2988,897 2986,895 2986,892 2986,892 2984,892 2983,891 2983,888 2983,888 2982,888 2981,887 2633,885 2632,886 2616,886 2615,887 2615,888 2615,888 2583,888 2582,888 2582,889 2582,890 2580,890 2578,892 2501,892 2500,892 2500,893 2494,899 2494,901 2494,902 2492,902 2489,904 2489,906 2489,907 2485,907 2484,907 2484,909 2484,910 2478,909 2477,910 2473,910 2472,911 2472,912 2472,912 2408,912 2405,915 2405,917 2405,917 2334,917 2333,917 2333,919 2329,924 2295,924 2293,926 2275,926 2274,926 2274,927 2274,928"/><TextEquiv><Unicode/></TextEquiv><TextEquiv index="1"><Unicode>“bien fermée; mats qui, en s'ouvrant,</Unicode></TextEquiv></TextLine><TextLine id="l5"><Coords points="1459,1081 1457,1079 1455,1079 1454,1079 1454,1078 1454,1077 1450,1077 1449,1077 1449,1075 1449,1074 1448,1074 1447,1073 1447,1072 1447,1072 1446,1072 1445,1071 1228,1070 1227,1070 1228,1064 1227,1063 1227,1043 1226,1042 1105,1042 1105,1041 1105,1032 1104,1031 1090,1031 1086,1027 938,1027 937,1026 930,1026 928,1023 928,1021 924,1017 924,1000 924,1000 925,1000 926,999 926,990 926,990 927,990 928,989 928,950 931,948 955,948 955,947 955,943 956,943 986,943 988,941 991,941 991,942 991,947 992,947 1318,948 1318,948 1318,919 1320,917 1320,916 1321,915 1335,916 1336,917 1345,917 1346,918 1528,918 1528,919 1528,921 1529,921 1530,921 1530,922 1530,923 1531,923 1873,925 1873,924 1873,923 1875,922 1916,922 1916,922 1916,919 1918,917 2082,918 2083,917 2090,917 2091,916 2093,916 2095,914 2140,914 2142,916 2152,916 2153,917 2157,917 2157,918 2157,919 2158,919 2159,919 2159,920 2159,922 2161,924 2161,928 2162,928 2510,930 2511,929 2513,929 2513,929 2513,931 2515,933 2515,937 2516,938 2814,939 2815,938 2816,938 2816,937 2816,935 2819,932 2819,928 2820,928 2829,928 2831,926 2831,924 2833,922 2856,922 2857,924 2857,926 2858,926 2861,926 2861,927 2861,928 2862,928 2864,928 2866,931 2866,933 2869,936 2869,963 2869,963 3171,965 3172,964 3308,964 3309,964 3309,938 3311,936 3313,936 3313,937 3313,991 3313,991 3320,991 3322,993 3326,993 3327,994 3327,995 3327,995 3329,995 3332,998 3332,1005 3334,1007 3334,1015 3333,1015 3332,1015 3332,1016 3332,1019 3331,1019 3330,1019 3328,1021 3323,1021 3322,1023 3322,1025 3320,1026 3255,1026 3255,1026 3255,1043 3252,1046 3096,1045 3095,1046 3013,1046 3013,1046 3012,1081 3012,1082 2968,1082 2967,1081 2967,1069 2967,1069 2490,1067 2490,1067 2489,1071 2489,1072 2218,1070 2217,1071 2217,1075 2217,1075 2153,1075 2151,1073 1735,1071 1703,1071 1702,1072 1625,1072 1624,1073 1491,1072 1490,1073 1490,1074 1490,1074 1489,1074 1488,1075 1488,1077 1488,1077 1467,1077 1466,1078 1466,1079 1466,1079 1464,1079 1462,1081"/><TextEquiv><Unicode/></TextEquiv><TextEquiv index="1"><Unicode>“avoit pu me laiſſer entrer, &amp; pour-</Unicode></TextEquiv></TextLine><TextLine id="l6"><Coords points="1803,1233 1803,1232 1803,1231 1802,1231 1634,1230 1634,1229 1634,1228 1633,1228 1426,1227 1426,1226 1426,1223 1425,1223 1311,1222 1311,1222 1311,1209 1310,1208 962,1207 961,1208 959,1208 959,1207 959,1181 958,1181 934,1181 931,1177 931,1175 931,1175 929,1175 928,1174 928,1167 929,1166 929,1162 932,1160 933,1160 933,1159 933,1108 934,1108 952,1108 953,1106 953,1104 957,1100 957,1089 958,1089 959,1089 960,1088 1227,1089 1227,1089 1227,1071 1228,1070 1255,1070 1257,1072 1258,1072 1258,1073 1258,1074 1259,1074 1273,1074 1273,1075 1273,1093 1274,1093 1574,1095 1574,1094 1574,1076 1576,1074 1576,1072 1577,1072 1579,1072 1579,1071 1579,1068 1581,1067 1582,1067 1582,1066 1583,1062 1583,1062 1814,1063 1815,1062 1821,1062 1822,1062 1822,1063 1823,1064 1822,1070 1823,1071 2023,1072 2023,1072 2023,1073 2024,1074 2026,1074 2027,1075 2218,1075 2219,1076 2606,1078 2607,1077 2670,1077 2671,1076 2673,1076 2673,1076 2673,1075 2674,1074 2682,1074 2682,1075 2682,1076 2683,1076 2692,1076 2693,1077 2695,1077 2698,1080 3009,1082 3009,1082 3009,1117 3010,1118 3325,1119 3325,1119 3325,1115 3327,1113 3327,1109 3328,1108 3340,1108 3340,1109 3340,1113 3341,1113 3342,1113 3342,1114 3342,1124 3342,1124 3340,1124 3339,1125 3338,1125 3337,1126 3337,1148 3337,1148 3336,1148 3334,1150 3331,1150 3330,1151 3330,1203 3329,1203 3328,1203 3328,1204 3328,1205 3326,1206 3234,1206 3233,1205 3169,1205 3168,1203 3168,1202 3167,1202 2845,1200 2844,1201 2732,1201 2730,1203 2687,1202 2687,1203 2687,1206 2686,1206 2684,1206 2682,1208 2448,1207 2448,1208 2448,1218 2447,1218 2269,1218 2269,1218 2269,1234 2268,1235"/><TextEquiv><Unicode/></TextEquiv><TextEquiv index="1"><Unicode>“roit me laiſſer ſortir. On fit enfoncer</Unicode></TextEquiv></TextLine><TextLine id="l7"><Coords points="1536,1388 1535,1387 1419,1387 1418,1386 1323,1385 1322,1384 1315,1384 1314,1384 1314,1372 1314,1371 969,1370 968,1370 968,1376 968,1377 956,1377 955,1376 955,1335 955,1335 932,1335 931,1334 931,1332 928,1329 928,1325 928,1325 927,1325 926,1324 926,1310 928,1308 929,1264 930,1263 944,1263 945,1262 945,1255 947,1253 1040,1253 1041,1253 1041,1233 1041,1232 1043,1232 1045,1234 1045,1253 1045,1253 1119,1254 1120,1253 1301,1253 1303,1251 1413,1252 1414,1251 1414,1246 1414,1246 1415,1246 1416,1245 1416,1244 1416,1244 1482,1244 1483,1244 1483,1235 1485,1232 1487,1232 1488,1232 1490,1230 1490,1228 1490,1227 1501,1227 1503,1229 1639,1230 1640,1230 1640,1231 1640,1232 2268,1235 2269,1235 2269,1259 2269,1260 2270,1260 2271,1260 2271,1262 2271,1263 2616,1264 2619,1261 2648,1261 2649,1261 2649,1242 2650,1241 2653,1237 2672,1237 2673,1238 2673,1239 2673,1239 2674,1239 2675,1240 2675,1253 2675,1253 2676,1253 2677,1254 2677,1266 2678,1267 2729,1268 2730,1268 2730,1272 2730,1273 3085,1274 3086,1273 3129,1273 3130,1273 3130,1264 3129,1263 3127,1263 3127,1263 3127,1259 3127,1258 3130,1258 3131,1259 3131,1276 3131,1276 3245,1277 3246,1278 3253,1278 3256,1280 3256,1281 3256,1282 3260,1282 3262,1284 3265,1284 3266,1284 3266,1285 3270,1289 3270,1293 3271,1294 3271,1298 3271,1299 3299,1299 3299,1300 3299,1301 3300,1301 3301,1301 3303,1303 3318,1303 3319,1304 3325,1304 3325,1305 3325,1309 3328,1312 3328,1330 3328,1330 3324,1330 3323,1331 3323,1332 3323,1332 3321,1332 3319,1334 3281,1334 3280,1334 3280,1355 3280,1356 3183,1356 3182,1356 3182,1357 3182,1358 3181,1358 3180,1359 3179,1359 3177,1361 3168,1361 3167,1361 2642,1359 2641,1360 2641,1378 2641,1378 2492,1378 2491,1378 2491,1391 2491,1392 2489,1392 2488,1391 2488,1390 2488,1390 2412,1389 2410,1388 2410,1357 2410,1356 2094,1355 2093,1355 2093,1388 2093,1389 2070,1389 2069,1388 1667,1386 1666,1387 1598,1387 1597,1388 1546,1387 1545,1388"/><TextEquiv><Unicode/></TextEquiv><TextEquiv index="1"><Unicode>“mon globe ſous la terre, dans un en-</Unicode></TextEquiv></TextLine><TextLine id="l8"><Coords points="3183,1554 3182,1553 3182,1549 3182,1549 2614,1546 2613,1545 2175,1543 2174,1543 2174,1541 2174,1540 1487,1537 1485,1536 1485,1533 1485,1532 1178,1531 1177,1530 1177,1525 1177,1525 946,1524 945,1523 946,1521 945,1520 945,1494 944,1494 936,1494 935,1493 931,1493 931,1492 931,1490 930,1490 928,1490 928,1489 928,1480 929,1479 929,1475 931,1473 932,1473 933,1472 933,1420 935,1418 942,1418 943,1417 943,1415 950,1408 950,1390 951,1390 952,1390 955,1386 955,1377 956,1377 1142,1378 1144,1380 1148,1380 1148,1380 1148,1381 1149,1382 1156,1382 1157,1383 1268,1383 1269,1384 1855,1387 1856,1388 3050,1393 3051,1392 3058,1392 3061,1395 3065,1395 3065,1396 3065,1397 3066,1397 3068,1397 3070,1400 3070,1402 3071,1402 3072,1402 3072,1403 3072,1405 3074,1407 3074,1428 3074,1428 3159,1428 3160,1429 3160,1431 3160,1431 3260,1432 3261,1433 3270,1433 3275,1438 3277,1438 3279,1439 3279,1473 3279,1474 3311,1474 3317,1480 3319,1480 3320,1481 3322,1481 3323,1482 3323,1483 3323,1483 3324,1483 3325,1484 3325,1485 3325,1485 3329,1485 3332,1488 3332,1490 3334,1492 3334,1493 3335,1494 3334,1551 3331,1554"/><TextEquiv><Unicode/></TextEquiv><TextEquiv index="1"><Unicode>“droit où il n'étoit plus entouré d'eau.</Unicode></TextEquiv></TextLine><TextLine id="l9"><Coords points="2588,1707 2586,1705 2572,1705 2570,1702 2570,1701 2569,1701 2288,1700 2288,1699 2288,1691 2287,1691 1951,1689 1951,1689 1951,1664 1950,1663 966,1659 964,1657 962,1657 962,1656 962,1650 958,1647 934,1647 932,1645 931,1645 931,1644 931,1628 933,1626 933,1624 936,1621 936,1578 937,1578 938,1578 938,1577 938,1576 939,1576 946,1576 948,1574 950,1574 950,1573 950,1569 951,1569 952,1569 952,1568 952,1564 955,1562 1117,1563 1118,1562 1122,1562 1127,1556 1127,1554 1131,1550 1131,1547 1132,1546 1132,1542 1134,1540 1134,1538 1135,1538 1136,1538 1136,1537 1136,1536 1137,1536 1138,1536 1139,1535 1151,1535 1152,1536 1233,1536 1235,1538 2106,1542 2107,1543 2458,1544 2459,1545 2625,1546 2625,1547 2625,1549 2626,1549 2860,1550 2862,1552 3330,1554 3330,1555 3330,1614 3331,1614 3332,1614 3334,1617 3334,1629 3334,1629 3332,1629 3330,1631 3330,1660 3328,1662 3328,1664 3327,1664 3323,1664 3322,1665 3315,1665 3315,1666 3315,1667 3314,1667 3311,1667 3311,1668 3311,1669 3310,1669 3306,1669 3304,1671 3156,1670 3155,1671 3110,1671 3109,1672 3105,1672 3105,1673 3105,1674 3104,1674 3024,1674 3024,1674 3024,1700 3023,1701 2754,1700 2754,1700 2754,1703 2753,1704 2610,1703 2608,1705 2598,1705 2596,1707"/><TextEquiv><Unicode/></TextEquiv><TextEquiv index="1"><Unicode>“Alors on m'en fit ſortir par la petite</Unicode></TextEquiv></TextLine><TextLine id="l10"><Coords points="2154,1860 2154,1859 2154,1858 2153,1858 2152,1858 2152,1857 2152,1856 2148,1856 2145,1854 2145,1838 2145,1837 2036,1837 2035,1836 2033,1836 2032,1835 2032,1821 2032,1821 1967,1820 1966,1820 1966,1819 1965,1817 1964,1817 1963,1817 1963,1816 1963,1815 1959,1815 1957,1813 1820,1813 1818,1815 1813,1815 1811,1817 1731,1816 1727,1820 1720,1820 1719,1819 1623,1819 1621,1817 1617,1817 1616,1816 1574,1816 1469,1815 1467,1817 1465,1817 1463,1819 1381,1819 1380,1819 1380,1848 1378,1851 1373,1851 1371,1853 1267,1852 1266,1853 1261,1853 1259,1851 1254,1851 1253,1851 1253,1847 1253,1846 1252,1846 1251,1846 1251,1845 1251,1844 1250,1844 1249,1844 1249,1842 1247,1840 1247,1821 1247,1820 1161,1820 1158,1817 1158,1812 1158,1812 1117,1812 1115,1810 1108,1810 1106,1808 1105,1808 1103,1805 963,1805 962,1805 962,1835 962,1836 960,1836 958,1838 957,1838 957,1840 957,1841 951,1841 950,1840 950,1839 950,1839 949,1839 948,1838 948,1805 948,1805 939,1805 938,1804 938,1803 938,1803 937,1803 936,1802 936,1786 937,1786 938,1786 938,1785 938,1784 939,1784 940,1784 940,1783 940,1779 942,1777 943,1733 944,1732 947,1732 948,1731 948,1697 949,1696 964,1696 966,1697 966,1733 966,1734 1099,1734 1100,1734 1100,1733 1100,1732 1101,1731 1102,1731 1103,1731 1103,1729 1105,1727 1107,1727 1108,1726 1116,1726 1117,1727 1186,1727 1187,1727 1187,1728 1187,1729 1188,1729 1189,1729 1189,1730 1189,1731 1224,1731 1225,1732 1385,1733 1386,1732 1388,1732 1390,1730 1390,1728 1391,1727 1401,1727 1402,1727 1402,1731 1404,1733 1404,1735 1404,1736 1535,1736 1539,1732 1556,1732 1557,1732 1557,1701 1557,1700 1558,1700 1559,1700 1559,1697 1559,1696 1563,1697 1564,1696 1576,1696 1581,1700 1581,1702 1583,1704 1583,1711 1583,1712 1584,1712 1585,1712 1585,1726 1586,1727 1586,1728 1586,1729 1587,1729 1588,1729 1588,1731 1590,1734 1656,1734 1657,1734 1657,1737 1657,1738 1792,1739 1793,1738 1814,1738 1815,1737 1815,1736 1815,1736 1855,1736 1856,1735 1856,1733 1857,1732 1883,1732 1884,1731 1888,1731 1889,1730 1889,1729 1889,1729 1898,1729 1901,1732 1903,1732 1906,1734 1906,1735 1906,1736 1907,1736 1908,1737 1908,1738 1908,1738 1989,1738 1990,1739 1992,1739 1994,1741 1994,1743 1994,1743 1996,1743 1999,1746 1999,1747 1999,1747 2127,1748 2128,1747 2128,1746 2128,1746 2132,1746 2134,1744 2137,1744 2138,1743 2166,1743 2168,1741 2199,1741 2201,1739 2204,1739 2205,1738 2283,1739 2284,1738 2284,1710 2285,1709 2285,1702 2285,1702 2286,1702 2288,1700 2416,1700 2418,1702 2425,1702 2427,1704 2427,1706 2429,1708 2429,1713 2431,1715 2431,1737 2431,1737 2586,1738 2587,1737 2587,1735 2588,1734 2593,1734 2594,1735 2594,1737 2596,1739 2596,1742 2596,1742 2731,1743 2732,1742 2732,1707 2732,1707 2734,1707 2735,1706 2735,1704 2735,1704 2753,1704 2754,1704 2754,1706 2754,1707 2755,1707 2756,1707 2756,1738 2756,1739 2787,1739 2790,1741 2790,1742 2790,1743 2791,1743 2792,1743 2792,1745 2794,1748 2799,1748 2800,1748 2800,1750 2801,1751 2801,1752 2802,1752 2803,1753 2804,1753 2805,1753 2804,1756 2805,1757 2932,1757 2938,1752 2938,1749 2939,1748 2940,1748 2941,1747 2941,1723 2943,1721 2943,1717 2943,1717 2944,1717 2945,1716 2945,1715 2945,1715 2946,1715 2947,1714 2947,1712 2947,1712 2949,1712 2950,1711 2950,1709 2952,1707 2956,1707 2957,1706 2957,1705 2959,1703 2968,1703 2970,1701 3023,1701 3024,1701 3024,1704 3024,1705 3152,1705 3153,1706 3153,1707 3153,1707 3162,1707 3163,1708 3165,1708 3167,1711 3168,1711 3170,1712 3170,1742 3170,1743 3305,1743 3307,1745 3309,1745 3310,1746 3312,1746 3313,1747 3313,1748 3313,1748 3319,1748 3320,1749 3320,1751 3321,1752 3322,1752 3324,1754 3324,1756 3327,1760 3327,1762 3330,1765 3330,1796 3331,1796 3332,1796 3332,1797 3332,1818 3330,1820 3218,1820 3216,1822 3214,1822 3213,1822 3213,1823 3213,1824 3208,1824 3206,1822 3195,1822 3194,1821 3113,1820 3112,1819 3110,1819 3108,1818 3108,1816 3108,1815 2917,1814 2916,1815 2916,1859 2916,1859 2888,1859 2887,1859 2887,1842 2887,1841 2836,1841 2835,1841 2835,1821 2835,1820 2779,1820 2777,1818 2647,1817 2646,1818 2646,1844 2646,1844 2640,1844 2637,1842 2637,1826 2637,1825 2619,1825 2618,1825 2618,1821 2618,1820 2617,1820 2616,1820 2616,1816 2616,1815 2481,1815 2480,1816 2475,1815 2471,1819 2465,1819 2463,1817 2360,1817 2359,1816 2193,1815 2192,1816 2192,1852 2190,1854 2190,1856 2190,1856 2162,1856 2161,1857 2161,1858 2161,1858 2157,1858 2155,1860"/><TextEquiv><Unicode/></TextEquiv><TextEquiv index="1"><Unicode>“trappe de verre, qui s'ouvrit, &amp; l'on</Unicode></TextEquiv></TextLine><TextLine id="l11"><Coords points="3147,2016 3146,2016 3147,1976 3146,1975 3133,1975 3132,1974 3132,1973 3131,1972 3097,1972 3096,1971 2997,1971 2995,1973 2924,1972 2923,1973 2846,1973 2844,1975 2734,1975 2731,1978 2729,1978 2727,1980 2726,1980 2726,1980 2726,1981 2725,1982 2724,1982 2722,1980 2718,1980 2714,1976 2615,1975 2613,1973 2564,1973 2564,1973 2563,1989 2563,1990 2560,1990 2558,1991 2558,1994 2557,1996 2556,1996 2554,1994 2555,1973 2554,1973 2539,1973 2538,1972 2495,1972 2494,1971 2403,1970 2403,1971 2402,2003 2400,2005 2400,2011 2400,2011 2396,2011 2395,2011 2396,1976 2395,1975 2361,1975 2361,1975 2360,1989 2360,1990 2358,1990 2357,1991 2355,1989 2356,1970 2355,1970 2251,1970 2250,1971 2107,1970 2107,1970 2107,1971 2106,1972 2104,1972 2103,1973 2090,1973 2089,1972 2021,1972 2021,1972 2020,1997 2020,1998 2018,1997 2016,1999 2016,2001 2015,2002 2015,2005 2014,2006 1995,2006 1994,2007 1994,2009 1994,2009 1974,2009 1973,2008 1926,2008 1925,2008 1925,1998 1925,1997 1885,1997 1884,1996 1885,1970 1884,1970 1793,1970 1792,1971 1748,1970 1746,1972 1742,1972 1742,1973 1742,1980 1741,1980 1715,1980 1715,1980 1715,1973 1714,1972 1713,1972 1713,1973 1712,1995 1711,1996 1622,1996 1621,1997 1614,1997 1612,1999 1605,1999 1603,1997 1604,1970 1603,1970 1522,1969 1521,1970 1403,1970 1400,1967 1396,1967 1396,1967 1395,1998 1393,2001 1391,2001 1390,2001 1390,2005 1390,2006 1388,2006 1387,2005 1388,1967 1387,1967 1271,1966 1271,1967 1271,1970 1270,1970 1231,1970 1230,1969 1230,1967 1228,1965 1226,1965 1225,1964 1225,1962 1224,1961 1218,1961 1218,1962 1217,1994 1215,1996 1215,1998 1215,1999 1207,1999 1206,1998 1206,1997 1205,1996 1129,1996 1127,1994 1128,1962 1127,1962 1095,1961 1091,1965 1085,1965 1084,1964 1084,1908 1083,1907 996,1907 996,1908 996,1934 995,1935 995,1937 994,1937 993,1937 993,1938 993,1939 992,1939 991,1939 991,1940 991,1942 988,1944 988,1948 987,1949 985,1949 983,1951 981,1951 976,1956 974,1956 974,1956 974,1958 972,1960 969,1960 968,1961 963,1961 963,1961 962,1994 960,1997 954,1997 953,1996 954,1954 953,1954 935,1954 934,1953 933,1953 933,1952 933,1949 932,1949 931,1949 931,1948 931,1937 931,1937 932,1937 933,1936 933,1934 933,1934 935,1934 936,1933 936,1888 937,1887 954,1887 955,1886 955,1884 955,1884 1064,1884 1065,1885 1065,1886 1065,1886 1186,1887 1187,1887 1187,1889 1188,1891 1315,1891 1316,1891 1316,1889 1318,1887 1318,1878 1318,1877 1319,1877 1320,1877 1320,1873 1321,1872 1321,1868 1321,1867 1322,1867 1323,1867 1323,1866 1324,1865 1325,1865 1325,1865 1325,1864 1326,1863 1327,1863 1327,1863 1327,1862 1328,1861 1330,1861 1331,1860 1334,1861 1335,1860 1356,1860 1356,1859 1356,1856 1357,1856 1358,1856 1359,1855 1360,1855 1362,1853 1371,1853 1371,1853 1371,1855 1372,1856 1374,1856 1378,1860 1378,1883 1378,1884 1408,1884 1410,1886 1412,1886 1413,1887 1605,1888 1606,1887 1631,1887 1633,1889 1693,1889 1696,1892 1803,1893 1804,1892 1885,1892 1886,1891 1888,1891 1889,1890 1889,1889 1889,1889 1898,1889 1899,1888 1899,1858 1900,1858 1901,1858 1901,1857 1901,1856 1902,1856 1923,1856 1923,1857 1923,1861 1925,1863 1925,1891 1925,1891 2113,1892 2114,1892 2114,1893 2114,1894 2228,1894 2230,1892 2247,1892 2248,1893 2371,1894 2373,1892 2377,1892 2379,1894 2385,1894 2386,1895 2386,1896 2386,1896 2518,1897 2519,1896 2521,1896 2522,1895 2522,1894 2522,1894 2557,1894 2559,1892 2610,1892 2611,1891 2619,1891 2620,1892 2622,1892 2623,1893 2623,1894 2623,1894 2624,1894 2625,1895 2625,1897 2626,1898 2832,1899 2833,1898 2872,1898 2873,1898 2873,1866 2874,1865 2874,1863 2876,1861 2881,1861 2882,1860 2886,1860 2887,1859 2916,1859 2916,1860 2916,1864 2917,1864 2967,1865 2969,1867 2969,1871 2969,1872 2970,1872 2971,1872 2971,1895 2971,1896 2975,1896 2976,1896 2976,1897 2976,1898 3124,1898 3125,1898 3125,1867 3129,1863 3131,1863 3131,1863 3131,1862 3132,1861 3147,1861 3149,1863 3151,1863 3151,1864 3151,1866 3153,1868 3153,1887 3155,1889 3155,1898 3155,1898 3174,1899 3176,1901 3181,1901 3183,1903 3310,1903 3315,1908 3317,1908 3322,1913 3324,1913 3325,1914 3325,1915 3325,1915 3326,1915 3328,1917 3328,1918 3328,1918 3329,1918 3330,1919 3330,1923 3332,1925 3332,1968 3331,1968 3330,1968 3330,1969 3330,1970 3329,1970 3325,1970 3323,1972 3318,1972 3315,1975 3310,1975 3308,1977 3304,1977 3303,1978 3302,1978 3300,1980 3280,1980 3280,1979 3280,1978 3278,1977 3277,1977 3277,1976 3277,1975 3276,1975 3174,1975 3171,1978 3169,1978 3168,1979 3168,1980 3167,1981 3166,1981 3166,1981 3165,2016 3165,2016"/><TextEquiv><Unicode/></TextEquiv><TextEquiv index="1"><Unicode>“me fit entrer dans une autre chambre</Unicode></TextEquiv></TextLine><TextLine id="l12"><Coords points="1686,2171 1686,2171 1686,2170 1685,2169 1684,2169 1683,2168 1659,2168 1657,2166 1627,2166 1626,2165 947,2162 947,2161 947,2119 946,2119 926,2119 924,2116 924,2101 928,2097 928,2095 930,2094 931,2094 931,2093 931,2044 934,2042 950,2042 950,2041 950,2037 951,2037 952,2037 952,2036 952,2032 953,2032 991,2032 991,2032 991,2030 993,2028 1089,2028 1089,2028 1089,2025 1091,2023 1129,2024 1129,2023 1129,2006 1130,2006 1139,2006 1141,2004 1882,2007 1883,2006 1885,2006 1885,2005 1887,2003 1887,2001 1888,2001 1891,2001 1891,2001 1891,2003 1892,2004 1894,2004 1894,2004 1894,2005 1895,2006 1906,2006 1908,2008 3200,2014 3202,2016 3204,2016 3205,2017 3205,2020 3206,2021 3206,2056 3207,2057 3326,2057 3328,2060 3328,2062 3329,2062 3330,2063 3332,2063 3332,2064 3332,2068 3333,2068 3334,2068 3334,2069 3334,2074 3333,2075 3321,2075 3320,2076 3320,2078 3320,2078 3319,2078 3318,2079 3318,2088 3316,2090 3316,2092 3315,2093 3315,2095 3315,2095 3314,2095 3313,2096 3313,2099 3313,2099 3312,2099 3311,2100 3311,2107 3310,2108 3310,2110 3308,2112 3308,2116 3307,2116 3306,2116 3306,2117 3306,2124 3304,2126 3304,2156 3303,2156 3289,2156 3289,2157 3289,2160 3287,2161 3285,2161 3285,2162 3285,2164 3282,2166 3253,2166 3253,2166 3253,2173 3252,2174 1692,2167 1691,2169 1691,2171 1690,2171"/><TextEquiv><Unicode/></TextEquiv><TextEquiv index="1"><Unicode>“de verre parfaitement carrée, où il y</Unicode></TextEquiv></TextLine><TextLine id="l13"><Coords points="2121,2326 2116,2321 2116,2311 2116,2311 2014,2310 2013,2310 2013,2286 2013,2285 2011,2285 2009,2283 1804,2283 1803,2283 1803,2295 1801,2297 1801,2299 1801,2300 1751,2299 1750,2300 1750,2315 1748,2317 1748,2319 1748,2319 1747,2319 1746,2320 1746,2321 1746,2321 1734,2321 1733,2322 1709,2322 1708,2321 1706,2321 1705,2321 1705,2317 1705,2316 1619,2316 1617,2314 1617,2313 1617,2313 1543,2312 1540,2310 1540,2282 1540,2281 1290,2280 1289,2281 1289,2315 1288,2316 1287,2316 1285,2315 1285,2308 1285,2307 1278,2307 1277,2307 1277,2280 1277,2279 1178,2279 1177,2278 970,2277 969,2277 969,2304 969,2305 965,2305 960,2310 958,2310 957,2310 957,2315 957,2316 955,2316 954,2317 949,2317 948,2316 948,2274 948,2274 932,2274 928,2270 928,2259 929,2258 929,2254 932,2252 933,2252 933,2251 933,2250 935,2248 936,2204 938,2202 940,2202 941,2201 941,2166 941,2166 944,2166 945,2165 945,2163 946,2162 957,2162 959,2164 961,2164 962,2164 962,2165 962,2166 966,2166 968,2168 973,2168 976,2171 978,2171 979,2171 979,2197 979,2198 1307,2199 1308,2199 1308,2194 1308,2193 1310,2193 1311,2193 1311,2191 1311,2190 1319,2190 1320,2190 1320,2165 1321,2163 1376,2164 1377,2164 1377,2166 1377,2167 1627,2168 1628,2167 1628,2166 1628,2166 1632,2166 1633,2166 1633,2190 1633,2191 1909,2192 1910,2192 1910,2167 1910,2166 2093,2167 2094,2166 2105,2166 2106,2166 2106,2170 2105,2171 2073,2171 2073,2171 2073,2192 2073,2193 2316,2194 2317,2193 2317,2180 2321,2176 2321,2169 2321,2169 2430,2169 2431,2168 2432,2168 2433,2168 2433,2166 2433,2165 2543,2166 2544,2165 2544,2164 2544,2164 2554,2164 2555,2164 2555,2165 2555,2166 2696,2166 2699,2169 2701,2169 2702,2170 2784,2171 2785,2171 2785,2172 2785,2173 2786,2173 2787,2173 2787,2175 2788,2176 2788,2206 2788,2207 3035,2208 3036,2207 3044,2207 3045,2206 3045,2205 3046,2204 3046,2203 3047,2202 3049,2202 3050,2201 3050,2197 3050,2197 3234,2198 3235,2197 3235,2183 3236,2182 3236,2174 3236,2174 3252,2174 3253,2174 3253,2213 3254,2214 3253,2222 3255,2224 3255,2230 3256,2231 3256,2232 3257,2233 3323,2233 3328,2238 3330,2238 3330,2239 3330,2243 3332,2245 3332,2259 3332,2259 3328,2259 3327,2260 3325,2260 3323,2262 3283,2262 3282,2263 3282,2269 3282,2269 3268,2269 3267,2269 3267,2272 3265,2274 3265,2276 3261,2280 3261,2282 3259,2285 3194,2285 3193,2286 3077,2285 3076,2286 3076,2310 3076,2310 3074,2310 3070,2314 3061,2314 3060,2315 3060,2321 3060,2321 3059,2321 3058,2322 3057,2322 3055,2324 3053,2324 3051,2326 2941,2326 2940,2325 2934,2324 2931,2321 2929,2321 2928,2321 2928,2317 2929,2316 2929,2314 2933,2310 2938,2311 2939,2310 3014,2310 3014,2309 3014,2308 3014,2308 2893,2307 2891,2305 2889,2305 2888,2305 2888,2291 2888,2290 2510,2289 2509,2290 2406,2289 2405,2290 2405,2322 2405,2322 2188,2321 2187,2322 2186,2322 2185,2323 2185,2326 2185,2326"/><TextEquiv><Unicode/></TextEquiv><TextEquiv index="1"><Unicode>avoit une petite porte viſible, quoi-</Unicode></TextEquiv></TextLine><TextLine id="l14"><Coords points="1131,2474 953,2473 952,2472 953,2429 952,2429 933,2429 933,2428 933,2424 932,2424 931,2424 931,2423 931,2409 935,2405 935,2403 936,2402 936,2359 938,2357 947,2357 948,2356 948,2317 949,2317 954,2317 955,2316 957,2316 957,2316 957,2351 957,2352 959,2352 960,2352 960,2354 960,2355 963,2355 964,2355 964,2356 964,2357 1179,2358 1180,2357 1277,2357 1278,2357 1278,2353 1278,2352 1286,2352 1287,2352 1287,2341 1289,2339 1289,2320 1290,2319 1439,2320 1440,2319 1443,2319 1445,2317 1590,2318 1591,2317 1596,2317 1598,2319 1622,2319 1622,2319 1622,2355 1622,2356 1809,2357 1810,2356 1810,2333 1810,2333 1848,2333 1851,2330 1851,2326 1852,2326 1854,2326 1854,2325 1856,2323 1856,2321 1857,2321 1870,2321 1874,2325 1874,2327 1875,2328 1875,2330 1875,2331 1876,2331 1877,2331 1877,2332 1877,2333 2020,2334 2021,2334 2021,2345 2021,2346 2275,2347 2276,2346 2276,2336 2276,2336 2316,2336 2318,2334 2323,2334 2324,2333 2351,2333 2352,2332 2352,2326 2353,2326 2355,2326 2355,2325 2355,2322 2356,2322 2405,2322 2405,2323 2405,2349 2405,2349 2662,2350 2663,2350 2663,2322 2664,2321 2666,2321 2668,2323 2726,2324 2728,2326 2807,2326 2807,2326 2807,2360 2807,2361 3075,2362 3076,2362 3076,2361 3076,2360 3248,2361 3249,2360 3249,2331 3249,2331 3250,2331 3251,2330 3251,2329 3252,2329 3253,2329 3256,2326 3273,2326 3273,2326 3273,2329 3275,2331 3275,2361 3275,2362 3307,2362 3308,2363 3308,2364 3309,2365 3310,2365 3311,2366 3311,2367 3311,2367 3315,2367 3318,2370 3320,2370 3322,2372 3325,2372 3328,2375 3328,2438 3326,2439 3325,2439 3323,2441 3319,2441 3319,2442 3319,2443 3318,2443 3302,2443 3302,2443 3302,2442 3301,2441 3250,2441 3249,2440 3063,2439 3063,2440 3063,2441 3062,2441 3056,2441 3056,2442 3056,2443 3055,2443 3046,2443 3044,2441 3041,2441 3039,2439 2800,2438 2799,2439 2731,2439 2731,2439 2731,2440 2730,2441 2728,2441 2726,2443 2722,2443 2720,2445 2552,2444 2551,2444 2551,2474 2551,2475 2510,2475 2508,2476 2508,2478 2508,2479 2504,2479 2503,2478 2503,2476 2501,2474 2501,2444 2501,2444 2313,2443 2312,2443 2312,2476 2312,2477 2304,2477 2303,2476 2193,2475 2192,2475 2192,2473 2192,2472 2014,2471 2013,2471 2013,2470 2013,2469 1798,2469 1796,2467 1796,2466 1796,2466 1713,2465 1712,2464 1486,2463 1485,2464 1421,2464 1420,2464 1420,2471 1419,2473 1300,2472 1299,2473 1299,2474 1299,2474 1178,2474 1177,2475 1134,2475 1133,2476"/><TextEquiv><Unicode/></TextEquiv><TextEquiv index="1"><Unicode>“que de la même matiere. On me mit</Unicode></TextEquiv></TextLine><TextLine id="l15"><Coords points="3289,2637 3289,2637 3289,2631 3288,2630 3163,2629 3162,2628 3162,2600 3161,2599 3069,2599 3067,2597 3067,2595 3066,2594 2899,2593 2898,2593 2897,2594 2756,2594 2756,2594 2756,2624 2755,2625 2746,2625 2744,2623 2450,2621 2450,2622 2450,2625 2449,2625 2448,2625 2448,2626 2448,2628 2445,2630 2443,2630 2440,2633 2423,2633 2422,2632 2359,2632 2357,2630 2333,2630 2333,2629 2333,2624 2332,2624 2138,2623 2138,2624 2138,2631 2137,2631 2022,2631 2022,2630 2022,2623 2021,2623 1917,2622 1915,2620 1913,2620 1913,2620 1913,2594 1912,2593 1683,2592 1683,2593 1683,2629 1682,2629 1559,2628 1558,2629 1549,2629 1548,2628 1548,2626 1545,2623 1545,2617 1544,2616 1334,2616 1334,2615 1334,2595 1333,2595 1158,2594 1158,2594 1158,2624 1157,2625 1151,2625 1151,2624 1151,2623 1149,2621 1149,2594 1148,2594 966,2593 966,2593 966,2615 965,2616 964,2616 964,2616 964,2617 963,2618 962,2618 962,2618 962,2619 961,2620 956,2620 956,2620 956,2626 955,2627 938,2627 938,2626 938,2584 937,2584 931,2584 931,2583 931,2582 928,2579 928,2570 931,2567 931,2565 931,2565 932,2565 933,2564 933,2563 936,2560 936,2517 939,2515 952,2515 952,2514 952,2473 953,2473 964,2473 964,2473 964,2494 965,2495 1175,2496 1175,2495 1175,2475 1176,2475 1251,2475 1252,2474 1413,2475 1415,2473 1567,2474 1571,2470 1719,2470 1719,2471 1719,2491 1721,2493 1721,2495 1722,2495 1961,2496 1961,2496 1961,2482 1962,2481 1964,2481 1965,2480 1965,2478 1966,2477 1968,2477 1970,2475 2009,2475 2010,2474 2011,2474 2011,2474 2011,2473 2012,2472 2013,2472 2014,2471 2025,2472 2025,2472 2025,2473 2026,2474 2092,2474 2093,2475 2200,2475 2201,2476 2311,2477 2311,2477 2311,2480 2312,2481 2503,2482 2503,2481 2503,2479 2504,2479 2506,2479 2506,2479 2506,2498 2508,2500 2508,2505 2511,2508 2551,2508 2551,2508 2551,2516 2552,2517 2733,2518 2733,2517 2733,2507 2735,2505 2735,2501 2736,2501 2737,2501 2737,2500 2737,2498 2739,2496 2739,2494 2740,2493 2740,2491 2741,2491 2742,2491 2742,2490 2742,2488 2745,2485 2745,2483 2748,2481 2750,2481 2754,2477 2757,2477 2759,2475 2773,2475 2773,2474 2773,2470 2774,2470 2775,2470 2775,2469 2775,2465 2776,2465 2778,2465 2780,2463 2782,2463 2783,2462 2788,2462 2788,2462 2788,2478 2789,2479 2924,2479 2926,2481 2931,2481 2937,2488 2938,2488 2938,2488 2938,2495 2939,2496 2940,2496 2940,2496 2940,2516 2941,2517 3065,2517 3066,2518 3070,2518 3071,2519 3306,2520 3306,2520 3306,2518 3307,2517 3309,2517 3311,2515 3311,2513 3313,2511 3314,2511 3316,2514 3316,2516 3318,2517 3334,2517 3335,2519 3335,2521 3337,2523 3337,2530 3335,2532 3324,2532 3323,2533 3323,2553 3322,2554 3322,2588 3320,2589 3318,2589 3318,2590 3318,2591 3317,2591 3316,2591 3315,2593 3315,2594 3314,2594 3306,2594 3306,2595 3306,2596 3305,2596 3304,2596 3304,2597 3304,2599 3303,2599 3294,2599 3294,2600 3294,2637 3293,2637"/><TextEquiv><Unicode/></TextEquiv><TextEquiv index="1"><Unicode>“encore ſur un lit de repos, &amp; l'on me</Unicode></TextEquiv></TextLine><TextLine id="l16"><Coords points="2224,2789 2224,2789 2224,2761 2224,2760 1814,2759 1813,2759 1813,2763 1813,2764 1709,2763 1708,2764 1708,2780 1707,2781 1707,2785 1706,2785 1703,2785 1703,2786 1703,2787 1702,2787 1697,2787 1696,2786 1696,2778 1696,2777 1458,2776 1457,2775 1419,2775 1418,2774 1418,2764 1418,2764 1374,2764 1373,2763 1335,2763 1333,2761 1333,2755 1333,2755 1006,2753 1005,2754 1005,2775 1005,2775 958,2775 957,2774 957,2742 957,2742 931,2742 929,2740 929,2739 928,2738 928,2723 929,2722 929,2674 933,2671 937,2671 937,2670 938,2627 938,2627 1119,2628 1120,2627 1121,2627 1122,2626 1122,2625 1122,2625 1326,2625 1327,2625 1327,2621 1330,2618 1330,2616 1330,2615 1542,2616 1543,2617 1543,2628 1543,2628 1682,2629 1683,2630 1683,2641 1683,2641 2008,2642 2015,2635 2017,2635 2021,2632 2021,2631 2021,2631 2422,2632 2423,2633 2440,2633 2441,2634 2675,2635 2677,2637 2677,2655 2677,2655 2717,2656 2718,2656 2718,2670 2718,2671 3087,2672 3088,2672 3088,2664 3092,2659 3145,2659 3146,2658 3288,2659 3289,2659 3289,2638 3289,2637 3293,2637 3294,2638 3294,2671 3294,2671 3335,2671 3336,2672 3335,2682 3335,2682 3326,2682 3325,2683 3325,2745 3323,2747 3323,2749 3322,2750 3322,2752 3322,2752 3321,2752 3320,2753 3320,2785 3320,2785 3316,2785 3313,2783 3313,2755 3313,2754 3302,2754 3300,2752 3006,2751 3003,2754 2801,2753 2800,2753 2800,2787 2799,2788 2787,2788 2787,2787 2787,2753 2787,2753 2774,2753 2773,2753 2773,2758 2759,2772 2759,2774 2759,2775 2696,2774 2695,2775 2695,2780 2695,2780 2690,2780 2689,2780 2689,2755 2689,2754 2378,2753 2377,2754 2316,2754 2315,2754 2315,2758 2314,2759 2314,2775 2314,2776 2282,2776 2281,2776 2281,2777 2278,2780 2278,2783 2276,2785 2276,2788 2275,2789 2226,2788 2225,2789"/><TextEquiv><Unicode/></TextEquiv><TextEquiv index="1"><Unicode>“fit remonter au ſein de l'eau, avec ma</Unicode></TextEquiv></TextLine><TextLine id="l17"><Coords points="1806,2950 1805,2949 1805,2947 1803,2945 949,2941 948,2940 948,2904 948,2904 929,2904 928,2903 929,2896 928,2895 928,2883 929,2882 929,2878 929,2878 930,2878 931,2877 931,2832 933,2830 933,2828 935,2826 951,2826 952,2825 952,2821 952,2821 954,2821 955,2820 955,2816 955,2816 1289,2817 1290,2817 1290,2811 1292,2809 1292,2797 1293,2795 1480,2796 1481,2796 1481,2792 1482,2790 1484,2790 1488,2787 1488,2786 1488,2785 2682,2790 2683,2790 2683,2787 2685,2785 2847,2786 2848,2785 2910,2785 2914,2790 2918,2790 2919,2791 2919,2792 2919,2792 2920,2792 2924,2796 2924,2826 2924,2826 3231,2828 3233,2830 3235,2830 3236,2831 3241,2831 3243,2833 3245,2833 3246,2833 3246,2834 3248,2837 3250,2837 3251,2837 3251,2839 3251,2840 3252,2840 3253,2840 3253,2841 3256,2844 3256,2846 3256,2847 3257,2847 3260,2849 3260,2853 3260,2854 3307,2854 3308,2855 3313,2855 3315,2857 3317,2857 3318,2858 3318,2859 3318,2859 3319,2859 3320,2860 3320,2861 3320,2861 3321,2861 3322,2862 3323,2862 3325,2864 3325,2867 3327,2869 3327,2883 3326,2883 3261,2883 3261,2883 3261,2887 3260,2888 3260,2890 3257,2893 3253,2893 3253,2893 3253,2895 3251,2897 3251,2898 3245,2904 3157,2903 3155,2905 3153,2905 3151,2907 3145,2907 3144,2908 3144,2948 3143,2949 3143,2950 3143,2950 3115,2950 3113,2948 1837,2943 1835,2945 1820,2945 1818,2947 1813,2947 1812,2948 1811,2948 1810,2948 1810,2949 1810,2950"/><TextEquiv><Unicode/></TextEquiv><TextEquiv index="1"><Unicode>“nouvelle cage; mais on la laiſſa repo-</Unicode></TextEquiv></TextLine><TextLine id="l18"><Coords points="965,3098 964,3097 940,3097 940,3096 940,3058 939,3058 928,3058 928,3057 928,3055 927,3055 926,3055 926,3054 926,3047 928,3045 928,3043 929,3042 929,3040 931,3038 931,3036 931,3036 932,3036 933,3035 933,3033 934,3032 934,2987 936,2985 936,2983 937,2983 941,2983 943,2981 945,2981 945,2980 945,2976 946,2976 948,2976 948,2975 948,2941 949,2941 1117,2942 1117,2941 1117,2940 1118,2940 1123,2940 1125,2938 1127,2938 1129,2936 2078,2940 2079,2941 2081,2941 2083,2943 2085,2943 2086,2944 3226,2949 3227,2948 3232,2948 3232,2948 3232,2949 3233,2950 3237,2950 3237,2950 3237,2954 3238,2955 3239,2955 3239,2955 3239,2985 3240,2986 3297,2986 3302,2991 3309,2991 3310,2993 3310,2995 3312,2996 3315,2996 3317,2998 3318,2998 3318,2999 3318,3000 3319,3000 3320,3000 3320,3001 3320,3002 3321,3002 3322,3002 3322,3003 3322,3005 3325,3008 3325,3014 3326,3014 3327,3014 3327,3015 3327,3022 3326,3022 3325,3022 3325,3023 3325,3053 3323,3055 3323,3058 3320,3061 3320,3063 3318,3064 3315,3064 3314,3065 3310,3065 3308,3067 3220,3067 3220,3067 3220,3103 3219,3104 2463,3100 2462,3101 1530,3097 1530,3098 1530,3100 1529,3100"/><TextEquiv><Unicode/></TextEquiv><TextEquiv index="1"><Unicode>“ſer ſur la terre, ſans doute afin que le</Unicode></TextEquiv></TextLine><TextLine id="l19"><Coords points="2264,3260 2264,3259 2264,3258 2263,3258 2125,3257 2125,3256 2125,3255 2124,3255 2038,3255 2037,3254 1810,3253 1809,3252 1441,3250 1440,3249 1404,3249 1403,3248 1357,3248 1356,3247 1078,3245 1077,3244 954,3244 953,3242 953,3241 952,3240 952,3238 950,3236 950,3210 950,3210 931,3210 928,3207 928,3194 929,3193 929,3191 930,3191 931,3191 931,3190 931,3141 932,3141 939,3141 939,3140 940,3097 940,3097 1121,3098 1122,3097 1122,3096 1122,3096 1124,3096 1126,3094 1792,3097 1793,3096 1795,3096 1797,3094 1827,3094 1829,3096 2708,3100 2710,3102 3219,3104 3220,3105 3221,3105 3222,3105 3221,3136 3222,3137 3253,3137 3254,3138 3254,3139 3255,3140 3256,3141 3258,3141 3258,3141 3258,3142 3259,3143 3260,3143 3261,3144 3261,3145 3262,3146 3266,3146 3268,3148 3272,3148 3272,3148 3272,3149 3274,3151 3275,3151 3275,3151 3275,3181 3276,3182 3304,3182 3309,3187 3312,3187 3315,3191 3315,3193 3316,3193 3318,3193 3318,3194 3318,3196 3319,3196 3320,3196 3320,3197 3320,3208 3320,3208 3318,3208 3316,3210 3316,3213 3311,3218 3304,3218 3302,3220 3300,3220 3299,3221 3299,3222 3299,3222 3178,3222 3177,3222 3177,3258 3176,3259 2747,3257 2746,3258 2305,3256 2305,3256 2305,3257 2304,3258 2285,3258 2283,3260"/><TextEquiv><Unicode/></TextEquiv><TextEquiv index="1"><Unicode>“fond pût réſiſter au poids de mon lit.</Unicode></TextEquiv></TextLine><TextLine id="l20"><Coords points="2583,3414 2582,3413 2582,3401 2582,3401 2554,3401 2553,3400 2553,3374 2553,3374 2377,3373 2299,3373 2298,3373 2298,3408 2298,3409 2059,3408 2058,3408 2058,3409 2058,3410 2050,3410 2049,3409 1622,3407 1621,3408 1575,3408 1574,3409 1563,3409 1562,3408 1289,3406 1288,3407 1288,3408 1288,3408 948,3407 947,3406 947,3368 947,3368 929,3368 928,3367 929,3354 928,3353 928,3349 930,3347 932,3347 933,3346 933,3301 935,3299 935,3296 935,3296 938,3296 940,3294 942,3294 947,3289 947,3285 947,3285 1076,3285 1077,3285 1077,3246 1077,3245 1284,3246 1285,3247 1363,3248 1364,3249 1440,3249 1441,3250 1449,3250 1450,3251 1735,3252 1736,3251 1745,3251 1746,3252 1862,3253 1863,3254 2046,3255 2047,3255 2047,3256 2047,3257 2149,3257 2150,3258 2150,3284 2150,3284 2345,3285 2346,3285 2346,3289 2348,3291 2348,3293 2348,3294 2641,3295 2642,3295 2642,3271 2642,3270 2708,3271 2709,3270 2709,3258 2709,3258 2954,3259 2955,3258 2956,3258 2957,3257 3217,3258 3219,3256 3222,3256 3224,3254 3248,3254 3249,3254 3249,3256 3252,3260 3255,3260 3258,3262 3258,3264 3258,3265 3259,3265 3260,3265 3260,3300 3260,3301 3262,3301 3263,3301 3263,3320 3263,3321 3318,3321 3322,3325 3322,3327 3325,3330 3325,3332 3325,3332 3326,3332 3327,3333 3327,3342 3326,3342 3325,3342 3325,3343 3325,3344 3324,3344 3323,3344 3323,3345 3323,3347 3322,3347 3320,3347 3320,3348 3320,3349 3319,3349 3268,3349 3268,3349 3267,3366 3266,3368 3262,3368 3261,3368 3261,3369 3261,3370 3211,3370 3210,3371 3199,3371 3198,3371 3198,3372 3198,3373 3109,3372 3108,3373 2992,3373 2991,3373 2991,3400 2990,3402 2989,3402 2988,3402 2988,3403 2988,3404 2986,3404 2984,3406 2819,3405 2818,3405 2818,3411 2818,3412 2604,3411 2603,3412 2603,3414 2603,3414"/><TextEquiv><Unicode/></TextEquiv><TextEquiv index="1"><Unicode>“Je m'abandonnois aux mains inviſi-</Unicode></TextEquiv></TextLine><TextLine id="l21"><Coords points="957,3567 954,3564 948,3564 948,3563 948,3552 947,3551 947,3524 946,3524 935,3524 934,3523 930,3523 928,3520 928,3518 926,3516 926,3509 929,3506 929,3503 931,3501 931,3456 936,3452 947,3452 947,3451 947,3407 948,3407 1082,3407 1082,3407 1082,3399 1083,3398 1119,3399 1119,3399 1119,3407 1120,3408 1560,3410 1561,3409 1616,3409 1617,3408 1621,3408 1621,3407 1621,3399 1622,3399 1658,3399 1659,3397 1659,3394 1660,3394 1665,3394 1665,3394 1665,3402 1666,3403 1932,3404 1932,3405 1932,3409 1933,3409 2058,3410 2059,3411 2238,3411 2239,3412 2297,3413 2297,3413 2297,3443 2298,3444 2579,3445 2579,3444 2579,3414 2580,3414 2811,3415 2811,3414 2811,3412 2812,3412 3022,3413 3022,3412 3022,3411 3023,3411 3026,3411 3026,3410 3026,3409 3027,3409 3036,3409 3036,3409 3036,3410 3037,3411 3139,3411 3141,3413 3182,3414 3182,3414 3182,3418 3184,3420 3184,3451 3185,3452 3330,3452 3330,3453 3330,3454 3331,3454 3332,3454 3332,3455 3332,3522 3330,3524 3330,3526 3327,3528 3325,3528 3323,3530 3322,3530 3321,3531 3313,3531 3313,3532 3313,3533 3312,3533 3284,3533 3283,3532 3002,3531 3002,3531 3002,3557 3000,3559 2993,3559 2993,3559 2993,3568 2992,3569 2896,3568 2892,3564 2892,3533 2891,3532 2613,3531 2613,3532 2613,3566 2612,3566 2534,3566 2533,3567 2532,3567 2531,3566 2439,3565 2439,3565 2439,3532 2438,3531 2047,3530 2047,3530 2047,3561 2043,3565 1796,3564 1795,3565 1788,3565 1788,3564 1788,3562 1787,3561 1787,3556 1786,3555 1497,3554 1497,3555 1497,3565 1496,3565 1495,3564 1385,3564 1385,3563 1385,3531 1384,3531 1010,3529 1010,3530 1010,3543 1009,3544 1009,3563 1008,3564 1008,3565 1007,3565 966,3565 966,3565 966,3566 965,3567"/><TextEquiv><Unicode/></TextEquiv><TextEquiv index="1"><Unicode>“bles qui faiſoient de moi ce qu'elles</Unicode></TextEquiv></TextLine><TextLine id="l22"><Coords points="2503,3732 2503,3731 2503,3729 2502,3729 2501,3729 2500,3728 2393,3727 2392,3726 1053,3720 1052,3719 952,3719 952,3718 952,3679 952,3679 927,3679 924,3676 924,3664 925,3664 926,3664 926,3663 926,3611 928,3610 931,3610 932,3609 952,3609 952,3608 952,3600 953,3600 955,3600 955,3599 956,3583 957,3582 957,3580 958,3579 959,3579 960,3578 960,3577 961,3576 1001,3576 1002,3576 1002,3566 1002,3565 1209,3566 1210,3565 1210,3554 1211,3553 1211,3552 1211,3552 1255,3552 1256,3552 1256,3550 1256,3549 1259,3549 1260,3548 1269,3548 1270,3548 1270,3544 1270,3543 1311,3543 1315,3547 1315,3559 1315,3559 2306,3564 2307,3565 2445,3565 2446,3566 2993,3569 2995,3571 3013,3571 3014,3571 3014,3575 3014,3576 3078,3576 3081,3579 3080,3604 3081,3604 3302,3605 3304,3607 3306,3607 3306,3608 3306,3609 3307,3609 3309,3609 3310,3610 3335,3610 3335,3611 3335,3616 3334,3617 3334,3618 3333,3619 3324,3619 3323,3620 3323,3672 3322,3673 3322,3675 3319,3678 3317,3678 3312,3683 3307,3683 3306,3684 3302,3684 3301,3685 3301,3686 3301,3686 3292,3686 3291,3687 3291,3727 3290,3727 3151,3726 3150,3727 3131,3727 3131,3728 3131,3729 3130,3729 2505,3727 2505,3727 2505,3731 2504,3732"/><TextEquiv><Unicode/></TextEquiv><TextEquiv index="1"><Unicode>“vouloient; car je n'appercevois pas</Unicode></TextEquiv></TextLine><TextLine id="l23"><Coords points="2000,3899 1999,3899 1999,3897 1997,3894 1995,3894 1994,3893 1992,3893 1989,3891 1989,3890 1989,3889 1988,3889 1987,3889 1987,3885 1987,3884 1985,3884 1983,3882 1980,3882 1978,3880 1976,3880 1975,3879 1372,3877 1371,3878 1367,3878 1366,3879 1288,3878 1287,3879 1253,3879 1252,3880 1192,3880 1191,3881 1152,3881 1151,3882 994,3881 993,3882 993,3883 993,3883 987,3883 986,3883 986,3840 986,3839 951,3839 950,3838 928,3838 924,3834 924,3832 922,3830 922,3819 924,3817 925,3811 926,3810 926,3767 928,3765 951,3765 952,3764 952,3719 952,3719 995,3719 996,3719 996,3705 998,3702 1004,3702 1005,3703 1011,3703 1012,3704 1012,3719 1012,3719 1687,3722 1688,3721 1721,3721 1722,3720 1835,3721 1836,3720 1836,3708 1836,3708 2155,3709 2156,3708 2158,3708 2159,3707 2161,3707 2162,3707 2162,3705 2163,3703 2206,3703 2207,3704 2207,3713 2207,3713 2282,3714 2285,3717 2287,3717 2288,3717 2288,3718 2288,3719 2290,3719 2291,3720 2739,3722 2742,3719 2742,3717 2742,3717 2743,3717 2744,3716 2744,3714 2745,3713 2745,3709 2746,3708 2758,3708 2759,3708 2759,3718 2759,3719 2899,3719 2900,3720 2900,3724 2900,3724 3264,3726 3265,3727 3291,3727 3292,3728 3292,3755 3292,3755 3296,3755 3297,3756 3297,3805 3297,3805 3298,3805 3299,3806 3308,3806 3311,3809 3311,3810 3311,3810 3312,3810 3313,3811 3313,3812 3313,3812 3317,3812 3319,3814 3320,3814 3321,3815 3321,3817 3323,3819 3322,3832 3322,3832 3321,3832 3320,3833 3320,3835 3318,3837 3316,3837 3315,3838 3315,3839 3315,3839 3314,3839 3313,3840 3313,3841 3313,3841 3312,3841 3311,3842 3311,3843 3311,3843 3262,3843 3261,3843 3261,3879 3261,3880 3240,3880 3239,3879 3239,3875 3239,3875 3160,3874 3158,3873 3158,3844 3158,3843 2776,3842 2775,3842 2775,3872 2774,3874 2538,3873 2537,3873 2537,3874 2536,3875 2536,3877 2535,3879 2416,3878 2414,3880 2414,3881 2413,3882 2409,3882 2408,3882 2408,3876 2408,3875 2043,3874 2042,3874 2042,3898 2041,3900"/><TextEquiv><Unicode/></TextEquiv><TextEquiv index="1"><Unicode>“les gens qui diſpoſoient ainfi de moi.</Unicode></TextEquiv></TextLine><TextLine id="l24"><Coords points="2559,4054 2558,4053 2558,4051 2554,4046 2554,4043 2553,4042 2553,4041 2550,4039 2467,4038 2467,4038 2467,4000 2466,3999 2390,3999 2389,3998 2016,3997 2016,3997 2016,3999 2015,3999 1946,3999 1942,4003 1851,4003 1851,4003 1851,4034 1850,4035 1734,4034 1733,4035 1652,4035 1651,4036 1647,4036 1647,4035 1647,4033 1646,4033 1224,4031 1223,4032 1220,4032 1220,4032 1220,4010 1219,4009 1102,4009 1100,4007 1026,4006 1026,4006 1026,4004 1025,4003 1023,4003 1019,3999 1019,3993 1018,3992 1002,3992 1002,3992 1002,3926 1002,3925 956,3925 955,3925 955,4027 954,4028 952,4028 952,4027 952,3925 952,3925 949,3925 948,3924 948,3922 945,3919 945,3915 946,3915 984,3915 984,3914 984,3905 986,3904 986,3884 987,3883 1136,3884 1136,3883 1136,3882 1137,3882 1181,3882 1182,3881 1213,3881 1214,3880 1252,3880 1253,3879 1287,3879 1288,3878 1366,3879 1367,3878 1598,3879 1599,3878 1760,3878 1761,3877 1762,3877 1762,3878 1762,3882 1765,3884 1767,3884 1767,3885 1767,3895 1768,3895 1801,3896 1801,3896 1801,3898 1802,3899 2211,3900 2212,3899 2214,3899 2215,3898 2329,3899 2329,3898 2329,3884 2330,3884 2522,3885 2522,3884 2522,3879 2523,3879 2532,3879 2532,3879 2532,3908 2533,3909 2739,3910 2739,3910 2739,3913 2740,3914 3193,3916 3194,3915 3196,3915 3196,3914 3196,3913 3197,3913 3237,3913 3237,3912 3237,3881 3239,3880 3261,3880 3261,3880 3261,3882 3263,3884 3263,3912 3264,3913 3295,3913 3297,3915 3299,3915 3299,3916 3299,3918 3305,3923 3314,3923 3316,3925 3318,3925 3318,3926 3318,3928 3320,3930 3320,3939 3319,3939 3318,3939 3318,3940 3318,3941 3317,3941 3316,3941 3316,3942 3316,3994 3315,3995 3315,3997 3314,3997 3308,3997 3308,3998 3308,3999 3307,3999 3301,3999 3301,4000 3301,4001 3300,4001 3246,4001 3246,4001 3246,4038 3245,4039 3072,4038 3071,4039 3030,4039 3029,4037 3029,3995 3028,3995 2766,3994 2766,3994 2766,3995 2765,3996 2764,3996 2763,3997 2623,3996 2623,3997 2623,4033 2622,4033 2621,4033 2620,4035 2620,4037 2619,4037 2618,4037 2618,4038 2618,4039 2617,4039 2591,4039 2590,4040 2581,4040 2581,4040 2581,4043 2580,4044 2579,4047 2578,4049 2576,4049 2575,4049 2575,4050 2575,4051 2574,4051 2572,4052 2572,4053 2572,4054"/><TextEquiv><Unicode/></TextEquiv><TextEquiv index="1"><Unicode>“Bientôt je vs entrer, par un petit</Unicode></TextEquiv></TextLine><TextLine id="l25"><Coords points="1065,4192 1065,4192 1065,4189 1064,4188 947,4188 947,4187 947,4152 947,4152 924,4152 922,4150 922,4076 924,4075 948,4075 950,4072 950,4070 951,4070 1022,4070 1022,4070 1022,4067 1020,4065 1022,4063 1024,4063 1024,4063 1024,4059 1026,4057 1026,4055 1027,4054 1067,4054 1067,4054 1067,4052 1068,4051 1219,4052 1219,4052 1220,4033 1220,4032 1223,4032 1224,4031 1225,4031 1226,4031 1226,4029 1226,4028 1308,4028 1309,4028 1309,4025 1310,4023 1312,4023 1313,4024 1313,4025 1313,4025 1314,4025 1315,4026 1315,4027 1315,4027 1335,4028 1337,4029 1337,4031 1337,4032 1437,4032 1438,4033 1850,4035 1851,4036 3224,4042 3225,4041 3225,4039 3225,4039 3247,4039 3248,4039 3248,4042 3249,4043 3248,4098 3249,4099 3321,4099 3323,4102 3323,4105 3325,4107 3325,4121 3322,4124 3322,4126 3322,4126 3318,4126 3316,4128 3256,4128 3255,4128 3255,4138 3254,4139 3254,4149 3253,4150 3253,4151 3253,4152 3116,4151 3115,4152 2936,4152 2935,4152 2935,4191 2934,4192 2370,4189 2369,4190 2154,4189 2154,4190 2154,4191 2153,4191 1378,4188 1378,4188 1378,4189 1377,4190 1376,4190 1375,4191 1342,4191 1341,4192 1079,4190 1079,4191 1079,4192 1078,4192"/><TextEquiv><Unicode/></TextEquiv><TextEquiv index="1"><Unicode>“veſtibule de verre, qui communi-</Unicode></TextEquiv></TextLine><TextLine id="l26"><Coords points="1052,4347 1050,4345 1010,4345 1007,4343 1007,4313 1007,4312 949,4312 948,4311 948,4309 948,4309 926,4309 921,4304 922,4241 923,4240 926,4240 928,4238 937,4238 938,4237 938,4230 940,4228 940,4226 940,4226 987,4226 988,4226 988,4225 988,4224 1020,4224 1021,4224 1021,4222 1021,4221 1023,4221 1024,4221 1024,4212 1024,4211 1064,4211 1065,4211 1065,4193 1065,4192 1078,4192 1079,4193 1079,4198 1079,4198 1291,4199 1292,4199 1292,4192 1292,4191 1341,4192 1342,4191 1375,4191 1376,4190 1377,4190 1378,4190 1378,4191 1378,4192 1637,4193 1638,4192 1638,4185 1638,4185 1756,4185 1757,4186 1919,4187 1920,4188 1920,4213 1920,4213 2130,4214 2131,4214 2131,4194 2133,4191 2153,4191 2154,4192 2361,4193 2362,4193 2362,4191 2362,4190 2400,4190 2401,4189 2486,4190 2487,4190 2487,4192 2489,4194 2489,4218 2489,4219 2553,4219 2555,4221 2648,4221 2650,4223 2652,4223 2653,4224 2679,4224 2680,4225 2913,4226 2914,4226 2914,4195 2916,4193 2916,4192 2916,4191 2934,4192 2936,4193 2936,4195 2938,4197 2938,4229 2938,4230 3202,4231 3203,4230 3212,4230 3213,4229 3213,4199 3215,4197 3215,4195 3215,4195 3216,4195 3217,4194 3217,4193 3217,4193 3234,4193 3237,4195 3237,4197 3239,4199 3239,4229 3239,4230 3296,4230 3297,4231 3300,4231 3301,4232 3301,4233 3301,4233 3307,4233 3308,4234 3308,4235 3308,4235 3329,4235 3330,4236 3330,4243 3327,4245 3323,4245 3323,4246 3322,4299 3320,4301 3320,4305 3320,4305 3319,4305 3318,4306 3318,4307 3318,4307 3316,4307 3313,4310 3309,4310 3308,4311 3308,4312 3308,4312 3299,4312 3297,4314 3094,4313 3093,4314 3093,4315 3091,4317 3089,4317 3088,4318 3088,4320 3086,4322 3084,4322 3081,4325 3081,4327 3080,4328 3077,4328 3076,4329 3075,4329 3074,4330 3074,4331 3074,4331 3066,4331 3065,4331 3065,4330 3065,4329 3059,4329 3058,4329 3058,4319 3058,4318 2760,4317 2759,4317 2759,4346 2759,4347 2746,4347 2745,4348 2739,4348 2738,4347 2738,4311 2738,4311 2339,4309 2338,4309 2338,4340 2338,4341 2294,4341 2293,4341 2293,4344 2293,4345 2253,4345 2252,4346 2162,4345 2161,4344 2157,4344 2156,4344 2156,4313 2156,4312 1871,4311 1870,4311 1870,4342 1870,4343 1807,4343 1806,4343 1806,4346 1806,4347 1677,4346 1676,4347 1635,4347 1634,4346 1388,4345 1387,4345 1387,4347 1387,4348 1058,4346 1057,4347"/><TextEquiv><Unicode/></TextEquiv><TextEquiv index="1"><Unicode>“quoit d'un bout à un ſouterrein, de</Unicode></TextEquiv></TextLine><TextLine id="l27"><Coords points="940,4654 939,4653 937,4653 936,4651 936,4620 935,4620 926,4620 926,4619 926,4618 925,4618 924,4618 923,4616 922,4616 921,4615 921,4591 921,4591 907,4591 905,4589 906,4589 916,4589 916,4588 917,4392 920,4389 939,4389 940,4388 940,4359 941,4358 941,4354 943,4353 1052,4353 1052,4353 1052,4348 1053,4347 1119,4348 1120,4347 1507,4348 1507,4348 1507,4344 1508,4343 2154,4346 2156,4344 2759,4347 2760,4348 2761,4348 2761,4348 2761,4366 2762,4367 3292,4369 3292,4370 3292,4426 3292,4426 3302,4426 3303,4427 3303,4429 3305,4431 3307,4431 3308,4432 3308,4434 3310,4436 3312,4436 3313,4437 3313,4439 3315,4441 3327,4441 3328,4442 3328,4460 3327,4460 3315,4460 3313,4463 3313,4467 3312,4467 3311,4467 3311,4468 3311,4469 3310,4470 3310,4471 3308,4472 3306,4472 3306,4473 3306,4474 3305,4474 3304,4474 3303,4476 3303,4477 3302,4477 3299,4477 3299,4478 3299,4481 3298,4481 3296,4481 3295,4482 3289,4482 3289,4483 3289,4484 3288,4484 3287,4484 3287,4485 3287,4486 3286,4486 3285,4486 3285,4487 3285,4488 3284,4488 3277,4488 3276,4489 3272,4489 3272,4489 3272,4490 3271,4491 3185,4491 3185,4491 3185,4504 3184,4505 2373,4501 2372,4502 2069,4501 2069,4501 2069,4503 2068,4504 1834,4503 1834,4503 1833,4504 1833,4505 1568,4504 1567,4505 1431,4504 1430,4504 1430,4506 1430,4507 1336,4507 1335,4507 1335,4509 1335,4510 1334,4510 1333,4511 1330,4511 1329,4512 1327,4512 1326,4512 1324,4512 1323,4513 1322,4513 1321,4514 1319,4514 1318,4515 1292,4515 1291,4516 1291,4525 1291,4525 1289,4525 1287,4527 1287,4535 1277,4545 1263,4545 1262,4546 1262,4596 1262,4596 1259,4596 1258,4597 1258,4614 1253,4619 1253,4621 1251,4622 1249,4622 1248,4623 1246,4623 1246,4624 1246,4625 1245,4625 1244,4625 1244,4626 1244,4627 1243,4627 1229,4627 1228,4629 1228,4638 1227,4638 1226,4638 1225,4639 1223,4639 1222,4640 1221,4640 1220,4641 1218,4641 1217,4642 1148,4642 1148,4642 1148,4648 1147,4649 1146,4649 1145,4650 1114,4650 1113,4651 1081,4650 1080,4651 1033,4651 1031,4653 947,4653 946,4654"/><TextEquiv><Unicode/></TextEquiv><TextEquiv index="1"><Unicode>re ma chamb, je vir emrer,</Unicode></TextEquiv></TextLine><TextLine id="l28"><Coords points="1920,4666 1919,4665 1914,4665 1913,4664 1770,4663 1769,4662 1740,4662 1740,4662 1740,4658 1739,4657 1515,4656 1514,4655 1485,4655 1484,4654 1450,4654 1449,4653 1394,4653 1394,4652 1394,4650 1393,4650 1335,4650 1334,4649 1329,4649 1328,4648 1326,4648 1325,4646 1323,4646 1322,4645 1320,4645 1319,4644 1318,4644 1318,4644 1318,4640 1317,4639 1307,4639 1306,4638 1306,4619 1305,4618 1285,4618 1285,4618 1285,4602 1285,4601 1277,4601 1276,4601 1276,4546 1287,4535 1306,4535 1307,4534 1315,4534 1315,4534 1315,4518 1316,4517 1316,4516 1317,4515 1318,4515 1319,4514 1321,4514 1322,4513 1323,4513 1324,4512 1326,4512 1327,4512 1329,4512 1330,4511 1333,4511 1334,4510 1418,4510 1418,4509 1418,4507 1419,4507 1602,4508 1602,4507 1603,4499 1607,4495 1607,4493 1607,4493 1738,4493 1739,4494 2215,4496 2216,4497 2216,4499 2216,4499 3041,4503 3042,4504 3285,4505 3286,4506 3288,4506 3289,4508 3289,4534 3290,4534 3325,4534 3325,4535 3325,4537 3328,4539 3332,4539 3332,4540 3332,4549 3332,4549 3330,4549 3326,4553 3323,4553 3322,4554 3322,4616 3321,4617 3319,4617 3318,4618 3318,4620 3315,4622 3311,4622 3308,4625 3289,4625 3289,4626 3289,4658 3288,4658 3022,4657 3021,4658 2978,4658 2976,4660 2976,4665 2975,4666 1957,4661 1957,4662 1957,4665 1956,4665 1935,4665 1934,4666"/><TextEquiv><Unicode/></TextEquiv><TextEquiv index="1"><Unicode>e, une flgure de Triton, qui vint</Unicode></TextEquiv></TextLine><TextLine id="l29"><Coords points="1008,4816 1007,4816 1007,4814 1007,4813 1003,4813 1002,4813 1002,4812 1002,4811 1001,4811 1000,4811 1000,4777 1000,4776 922,4776 921,4775 922,4716 919,4713 919,4704 919,4704 923,4704 925,4702 942,4702 945,4699 949,4699 952,4696 952,4694 952,4694 963,4694 964,4693 964,4685 965,4684 967,4684 969,4682 969,4679 970,4678 975,4678 976,4677 976,4673 976,4673 1025,4673 1026,4673 1026,4654 1026,4653 1031,4653 1032,4652 1064,4652 1065,4651 1104,4652 1105,4651 1113,4651 1114,4650 1145,4650 1146,4649 1216,4649 1217,4649 1217,4643 1218,4641 1220,4641 1221,4640 1222,4640 1223,4639 1225,4639 1226,4638 1227,4638 1228,4637 1257,4637 1258,4637 1258,4621 1260,4619 1260,4617 1261,4616 1265,4616 1265,4617 1265,4620 1266,4621 1266,4637 1266,4637 1301,4637 1302,4638 1306,4638 1307,4639 1308,4639 1309,4640 2711,4647 2713,4648 2713,4650 2713,4651 2720,4651 2721,4652 3061,4653 3062,4654 3062,4657 3062,4657 3288,4658 3289,4659 3289,4678 3289,4678 3310,4678 3311,4679 3311,4682 3311,4682 3312,4682 3313,4683 3313,4694 3313,4694 3322,4694 3323,4695 3323,4697 3323,4697 3325,4699 3327,4699 3328,4700 3328,4704 3328,4704 3329,4704 3330,4705 3330,4735 3330,4735 3332,4735 3333,4736 3332,4761 3332,4761 3331,4761 3330,4762 3330,4763 3330,4763 3329,4763 3328,4764 3328,4766 3328,4766 3322,4766 3321,4767 3321,4809 3320,4810 3320,4812 3319,4813 2972,4812 2971,4812 2971,4815 2971,4816 1994,4811 1993,4812 1820,4812 1819,4812 1819,4815 1819,4816 1802,4816 1801,4817 1062,4813 1061,4814 1061,4815 1061,4815 1018,4815 1017,4816"/><TextEquiv><Unicode/></TextEquiv><TextEquiv index="1"><Unicode>“egliſſant juſqu'à moi. C'étoit bien</Unicode></TextEquiv></TextLine><TextLine id="l30"><Coords points="936,5020 935,5019 936,4945 935,4945 924,4945 924,4944 924,4943 922,4942 918,4942 917,4940 917,4938 916,4937 916,4914 917,4913 917,4911 919,4909 919,4864 919,4864 920,4864 921,4863 921,4859 921,4859 933,4859 934,4858 934,4836 936,4834 936,4823 937,4823 945,4823 945,4822 945,4818 946,4818 1005,4818 1005,4818 1005,4817 1006,4816 1041,4816 1042,4815 1120,4816 1120,4815 1120,4813 1121,4813 1129,4813 1130,4812 1208,4812 1209,4811 1309,4811 1310,4812 1463,4813 1463,4814 1463,4833 1464,4833 1466,4833 1466,4834 1466,4838 1468,4840 1468,4853 1468,4853 1719,4854 1720,4854 1720,4852 1721,4850 1723,4850 1724,4849 1725,4849 1726,4849 1726,4822 1727,4821 1727,4819 1728,4818 1765,4818 1765,4818 1765,4817 1766,4816 1801,4817 1802,4816 1971,4816 1971,4816 1971,4813 1972,4812 1993,4812 1994,4811 2059,4812 2060,4811 2162,4811 2162,4811 2162,4806 2164,4804 2166,4804 2166,4804 2166,4803 2167,4802 2318,4803 2319,4802 2425,4802 2427,4805 2427,4807 2428,4807 2430,4807 2431,4809 2431,4812 2432,4812 2638,4813 2639,4814 2971,4816 2971,4816 2971,4820 2972,4821 3039,4821 3040,4822 3040,4827 3041,4828 3043,4828 3043,4828 3043,4837 3044,4838 3089,4838 3089,4839 3089,4846 3090,4846 3223,4847 3225,4849 3282,4849 3282,4850 3282,4854 3282,4854 3322,4854 3325,4857 3325,4859 3325,4859 3327,4859 3328,4860 3328,4873 3328,4873 3336,4873 3337,4874 3340,4874 3342,4876 3343,4876 3344,4877 3344,4880 3344,4880 3345,4880 3346,4881 3346,4888 3345,4888 3344,4888 3344,4889 3344,4921 3343,4921 3342,4921 3342,4922 3342,4926 3341,4926 3315,4926 3313,4928 3311,4928 3311,4929 3311,4931 3310,4931 3306,4931 3306,4932 3306,4933 3305,4933 3304,4933 3304,4934 3304,4935 3303,4935 3294,4935 3293,4936 3288,4936 3288,4937 3287,4969 3285,4971 3283,4971 3282,4970 3274,4970 3273,4969 3274,4937 3273,4937 3124,4936 3123,4935 3064,4935 3062,4933 3059,4933 3058,4932 2706,4931 2705,4932 2699,4931 2699,4932 2699,4933 2698,4933 2694,4933 2692,4935 2690,4935 2689,4937 2689,4938 2688,4938 2604,4938 2604,4939 2604,4947 2603,4947 2598,4947 2597,4948 2596,4948 2596,4949 2596,4952 2595,4952 2592,4952 2592,4953 2592,4954 2591,4955 2591,4957 2590,4957 2586,4957 2584,4959 2576,4959 2575,4960 2573,4960 2573,4960 2573,4961 2572,4962 2570,4962 2568,4964 2566,4964 2563,4967 2561,4967 2560,4967 2560,4968 2560,4969 2557,4969 2556,4969 2556,4971 2555,4973 2497,4973 2496,4973 2496,4989 2496,4990 2495,4990 2494,4990 2494,4992 2494,4993 2432,4992 2431,4993 2431,5008 2431,5008 2429,5008 2428,5009 2427,5009 2426,5010 2424,5010 2423,5011 2422,5011 2421,5012 2390,5012 2389,5013 2389,5016 2389,5016 2341,5016 2340,5015 2340,4996 2340,4996 2239,4995 2238,4995 2238,4994 2238,4993 2237,4993 2236,4993 2236,4970 2236,4969 2227,4969 2226,4969 2227,4946 2226,4945 1916,4944 1916,4945 1915,5015 1915,5015 1909,5015 1908,5015 1909,4945 1908,4944 1885,4944 1885,4944 1884,5007 1883,5009 1882,5009 1880,5007 1880,4994 1880,4994 1596,4993 1595,4993 1595,5017 1595,5018 1584,5018 1583,5017 1583,5004 1583,5004 1342,5003 1340,5004 1340,5019 1340,5020 1335,5020 1334,5019 1334,5017 1334,5017 1066,5015 1065,5016 1065,5020 1065,5020"/><TextEquiv><Unicode/></TextEquiv><TextEquiv index="1"><Unicode>le iſage d'un honme; mais cette</Unicode></TextEquiv></TextLine><TextLine id="l31"><Coords points="2943,5124 2943,5123 2943,5122 2938,5117 2938,5097 2937,5097 2764,5096 2764,5095 2764,5093 2761,5090 2761,5086 2760,5086 2756,5086 2756,5085 2756,5037 2756,5037 2681,5036 2678,5034 2678,5033 2678,5032 2418,5031 2417,5031 2417,5030 2417,5029 2416,5029 2413,5027 2413,5023 2415,5021 2416,5021 2417,5020 2417,5015 2420,5012 2421,5012 2422,5011 2423,5011 2424,5010 2426,5010 2427,5009 2428,5009 2429,5008 2761,5010 2761,5009 2761,4978 2762,4978 2764,4978 2764,4977 2764,4973 2765,4973 2766,4972 2768,4972 2768,4971 2768,4967 2769,4967 2814,4967 2815,4968 3282,4970 3283,4971 3285,4971 3285,4972 3285,4973 3284,4974 3284,4975 3281,4978 2824,4976 2823,4977 2823,4997 2824,4997 3010,4998 3010,4998 3010,5002 3011,5003 3013,5003 3015,5005 3015,5007 3017,5009 3041,5009 3041,5009 3041,5014 3040,5015 3040,5017 3034,5024 3015,5024 3012,5026 3012,5100 3011,5101 3009,5101 3009,5101 3009,5105 3007,5107 3003,5107 3002,5108 3002,5109 3001,5110 3000,5110 3000,5110 3000,5111 2999,5112 2995,5112 2993,5114 2990,5114 2989,5115 2978,5115 2976,5117 2966,5117 2964,5119 2962,5119 2961,5120 2957,5120 2957,5120 2957,5121 2956,5122 2952,5122 2950,5124"/><TextEquiv><Unicode/></TextEquiv><TextEquiv index="1"><Unicode>L</Unicode></TextEquiv></TextLine><TextEquiv><Unicode/></TextEquiv></TextRegion></Page></PcGts>