4266 6032
941 316 3406 515 “eſpece de monſtre avoit de la barbe &
940 478 3390 672 “des cheveux d'une couleur verte, com-
938 652 3365 833 “me onnous peint ceux des Tritons; &
933 788 3375 988 “ſon corps ſe terminoit en une grande
922 962 3359 1143 “queue de poiſſon. „Belle Néreïde,
926 1110 3354 1304 “me dit-il, acceptez-vous les vœux &
919 1268 3359 1462 “les hommages d'une Divinité de la
917 1428 3356 1622 “mer, que vos attraits ont frappée, &
922 1589 3358 1768 “qui vous adore? -- Monſieur, lui ré-
921 1744 3352 1933 “pondis-je, je ſuis fort étonnée ſans
916 1897 3349 2093 “doute de tout ce que je vois; mais
919 2052 3347 2242 “j'ignore ce que veut dire cette comé-
914 2216 3342 2396 “die; car enfin c'en eſt une, ce me
898 2366 3337 2556 “ſemble. En vous examinant bien, je
878 2523 3337 2713 “vois que vous êtes un homme, que
902 2680 3330 2867 “votre queue eſt poſtiche, auſſi bien
897 2834 3335 3021 “quevos cheveuxmarins & votrebarbe
898 2996 3332 3175 “verte. Je ne ſais pour quel bizarre
897 3146 3378 3358 “projet vous voulez me faire illuſion
895 3314 3322 3512 “par cette farce, ni comment je me
864 3465 3318 3667 “trouve entre vos mains, dans uné ſi
888 3616 3311 3817 “étrange ſitation, après avoir cru
886 3765 3323 3961 “mourr. Je ſens très-bien qué je ne
885 3925 3320 4117 “ſuis pas morte, puiſque je ſoufre. Ma
883 4090 3320 4293 “plaie, ſur laquelle on a eu la bonté de
879 4249 3313 4446 “mettre un appareil, eſt encore dou-
876 4403 3312 4592 loureuſe. Je fais parfajtement que je
879 4565 3305 4756 “ſuis une motelle Je ne crois hi aux
878 4721 3311 4916 “Néréides, niaux Di-
879 4872 3303 5060 “vinités de la mer. Je ne connois qu'un
