4266 6032
883 286 3363 482 “ſur la terre. J'éprouvai un ſenſible
945 475 3354 642 “plaiſir à reſpirer, en plein air, à l'aſ-
936 634 3351 796 “pet du ſoleil. J'avois été, comme je
938 791 3353 951 “l'ai dit, renfermée dans le ſein d'un
878 948 3346 1129 “lac profond, ſur le bord duquel mon
883 1105 3356 1268 “obligeant raviſſeur avoit un château.
940 1261 3347 1442 “Il tâcha de me faire oublier, par mille
879 1421 3341 1581 “ſoins honnêtes, les tentatives peu
878 1576 3344 1737 “honnêtes qu'il avoit faites auprès de
938 1734 3346 1913 “moi. Il me pria, à genoux, d'accep-
933 1886 3337 2047 “terune bourſe de deux cents ſequins,
934 2042 3349 2205 “dont je lui fis mon billet. Je repris
879 2200 3335 2355 “l'habit d'homme, & mon bienfaiteur
883 2341 3347 2515 “me reconduiſit à Milan. J'eus beau
886 2514 3351 2671 “vous y chercher long-temps, mon
892 2668 3328 2827 “cher Chevalier, je ne pus d'abord y
893 2823 3332 2984 “recueillir de vos nouvelles. Je voulus
873 2981 3335 3138 “en avoir ſur le compte de notre chere
890 3136 3332 3295 Princeſſe Gémelli: hélas! elle n'étoit
886 3273 3354 3454 “plus dans la Capitale de la Lombar-
890 3448 3330 3608 “die, &, ſans l'argent de mon Triton,
886 3600 3359 3798 “que ſerois-je devenue? J'appris que
890 3758 3337 3920 “les barbares qui l'avoient arrêtée ſous
890 3916 3334 4079 “mes yeux, l'avoient conduite à Na-
886 4075 3335 4236 “ples, où elle étoit priſonniere. Je vo-
888 4207 3330 4396 “lai dans cette Ville; mais je n'y pus
879 4362 3354 4548 “voir ma Bienfaitrice. Déſeſpérée, je
843 4531 3339 4707 revins à Milan. On mapprit,lôtel-
898 4668 3356 4863 eu, que vous étiez ont; mais que
843 4855 3354 5050 “e avoit été Je
