<?xml version="1.0" encoding="UTF-8" standalone="no"?><PcGts xmlns="http://schema.primaresearch.org/PAGE/gts/pagecontent/2017-07-15" xmlns:xsi="http://www.w3.org/2001/XMLSchema-instance" xsi:schemaLocation="http://schema.primaresearch.org/PAGE/gts/pagecontent/2017-07-15 http://schema.primaresearch.org/PAGE/gts/pagecontent/2017-07-15/pagecontent.xsd"><Metadata><Creator/><Created>2020-10-14T10:58:20</Created><LastChange>1970-01-01T00:00:00</LastChange><Comments/></Metadata><Page imageFilename="0257.png" imageHeight="6032" imageWidth="4266"><TextRegion id="r1" orientation="-0.75" type="paragraph"><Coords points="1,1 4264,1 4264,6030 1,6030"/><TextLine id="l1"><Coords points="2040,506 2040,505 2040,504 2039,504 2004,503 2004,503 2004,499 2002,497 2002,495 2001,494 1965,494 1963,491 1962,491 1961,490 1961,487 1961,487 1960,487 1959,486 1959,484 1958,483 1957,482 1956,482 1956,480 1954,478 1954,461 1954,460 1921,460 1920,460 1920,459 1920,458 1916,458 1915,457 1666,454 1665,455 1661,455 1659,457 1599,456 1598,456 1598,464 1596,467 1591,467 1590,467 1590,471 1590,472 1587,472 1586,471 1586,466 1586,466 1333,462 1332,463 1328,463 1326,465 1321,465 1320,465 1321,449 1320,448 988,444 988,443 988,441 987,441 986,441 985,440 959,439 959,439 959,437 958,436 957,436 957,436 957,430 960,427 960,425 960,424 961,424 962,424 962,373 963,372 964,372 964,372 965,370 966,369 1110,370 1111,370 1111,354 1110,353 1081,353 1079,350 1079,345 1079,345 1123,346 1124,345 1124,334 1126,333 1130,333 1132,331 1182,331 1182,331 1182,330 1183,329 1278,331 1280,329 1669,334 1669,333 1669,327 1670,327 1684,327 1684,327 1684,331 1688,335 1688,340 1688,341 1835,343 1836,343 1836,375 1836,376 1837,376 1838,377 2058,380 2058,379 2059,373 2065,367 2173,368 2174,368 2174,350 2176,348 2176,346 2176,345 2216,346 2217,345 2217,344 2221,340 2221,338 2222,338 2238,338 2238,338 2238,335 2239,334 2243,334 2243,335 2243,342 2243,342 2443,345 2446,342 2446,335 2448,333 2448,329 2449,329 2456,329 2457,331 2457,333 2458,333 2486,333 2486,334 2486,338 2487,338 2489,338 2492,341 2493,341 2495,345 2547,345 2549,347 2627,348 2629,350 2631,350 2633,352 2634,352 2635,353 2636,353 2637,354 2637,380 2638,381 2637,392 2638,392 2836,395 2836,394 2837,372 2838,372 2838,370 2838,369 2839,369 2840,369 2840,366 2840,365 2841,365 2842,365 2842,363 2843,362 2843,360 2845,357 2849,357 2850,357 2850,356 2850,355 2853,355 2854,355 2854,354 2854,353 2860,353 2861,352 2873,352 2874,351 2884,352 2889,357 2979,358 2981,360 2985,360 2986,360 2986,361 2986,362 2987,362 2988,362 2988,384 2988,385 3039,386 3040,387 3040,388 3041,389 3044,389 3045,390 3045,391 3046,392 3270,395 3270,394 3270,391 3271,391 3272,391 3272,390 3273,386 3273,386 3274,386 3275,385 3275,384 3275,384 3277,384 3279,382 3345,383 3346,382 3346,379 3346,379 3351,379 3353,380 3353,383 3353,384 3355,384 3357,385 3357,387 3357,388 3358,388 3359,389 3361,389 3361,389 3361,392 3362,393 3363,393 3365,395 3366,395 3366,395 3366,398 3370,402 3370,404 3371,405 3370,507 3369,508 3356,508 3356,508 3356,514 3355,515 3354,515 3354,515 3354,516 3353,517 3346,517 3346,516 3346,514 3345,514 3328,513 3328,513 3328,511 3327,510 3327,505 3326,504 3081,501 3081,502 3081,503 3080,503 3079,503 3079,504 3079,506 3076,508 3057,508 3057,508 3057,514 3056,515 2979,514 2978,515 2950,514 2949,515 2945,515 2944,514 2895,514 2894,513 2611,509 2611,509 2611,501 2610,500 2388,497 2388,498 2388,499 2387,499 2386,499 2386,499 2386,498 2385,497 2297,496 2297,495 2297,490 2297,490 2260,489 2259,489 2259,481 2259,480 2053,478 2052,478 2052,500 2051,501 2049,501 2049,501 2049,502 2048,503 2046,503 2045,504 2045,505 2044,506"/><TextEquiv><Unicode/></TextEquiv><TextEquiv index="1"><Unicode>“lade dans-une petite Ville, &amp; je crus</Unicode></TextEquiv></TextLine><TextLine id="l2"><Coords points="1765,654 1764,653 962,642 962,642 963,595 962,594 955,594 955,594 955,582 959,578 959,526 960,525 963,525 964,524 1200,528 1200,527 1201,507 1203,505 1203,503 1203,503 1384,505 1385,505 1385,489 1387,487 1425,488 1426,487 1444,487 1444,486 1444,482 1445,481 1445,479 1446,479 1452,479 1452,479 1452,487 1453,488 2285,499 2286,499 2286,500 2286,501 2292,501 2293,501 2293,502 2293,503 3353,517 3354,517 3354,536 3354,537 3356,537 3357,538 3358,538 3359,539 3361,539 3363,541 3363,545 3365,547 3365,553 3363,555 3363,562 3363,563 3355,563 3354,563 3354,590 3353,591 3353,594 3351,596 3349,596 3348,597 3347,629 3345,632 3343,632 3339,635 3339,636 3339,637 3335,637 3334,637 3334,641 3334,642 3332,641 3331,642 3202,641 3201,641 3201,648 3199,650 3199,652 3199,653 3070,651 3069,652 3069,670 3068,670 3043,670 3043,669 3043,660 3042,660 3029,660 3028,659 3027,659 3027,658 3027,653 3027,653 1797,636 1796,637 1796,654 1795,654"/><TextEquiv><Unicode/></TextEquiv><TextEquiv index="1"><Unicode>“que l'heure de ma fin étoit arrivée. Je</Unicode></TextEquiv></TextLine><TextLine id="l3"><Coords points="2126,816 2125,815 1607,808 1606,807 1413,804 1412,803 959,797 959,797 959,755 959,754 951,754 950,754 951,753 948,750 948,740 952,736 952,734 953,733 953,685 956,682 961,682 961,682 962,643 962,642 1402,648 1403,647 1462,648 1463,647 1465,647 1466,646 2875,665 2876,664 2891,664 2892,663 2892,661 2893,660 2893,656 2893,656 2899,656 2900,656 2900,660 2900,661 2901,661 2902,661 2902,667 2902,668 3257,673 3258,673 3258,674 3258,675 3265,675 3268,677 3268,680 3269,682 3271,682 3272,682 3271,702 3272,703 3351,704 3351,704 3351,705 3352,706 3352,707 3354,709 3354,719 3354,720 3352,720 3351,720 3351,722 3350,723 3349,819 3348,820 2508,809 2508,809 2508,811 2505,814 2505,816 2503,818 2405,816 2402,819"/><TextEquiv><Unicode/></TextEquiv><TextEquiv index="1"><Unicode>“me réſolus à la mort; je la déſirois. Je</Unicode></TextEquiv></TextLine><TextLine id="l4"><Coords points="1782,969 1781,968 1779,968 1779,968 1779,932 1779,931 1773,931 1772,930 1591,928 1590,927 1590,926 1590,926 1588,926 1586,924 1191,919 1190,919 1189,919 1189,918 1189,917 1103,916 1102,915 977,914 974,911 974,910 974,910 951,909 950,909 950,908 950,907 949,907 948,907 949,906 948,905 947,905 947,905 947,894 948,893 948,890 952,886 952,841 955,838 958,838 958,838 959,798 959,797 1131,800 1132,799 1133,799 1134,798 1134,797 1134,797 1138,797 1140,795 1155,795 1157,797 1160,797 1165,802 1169,802 1170,803 1170,807 1172,809 1172,821 1172,821 1400,824 1404,821 1404,819 1406,817 1406,815 1409,812 1409,809 1413,804 1426,805 1427,806 1611,808 1612,809 1611,846 1612,847 1858,850 1859,849 1869,849 1871,847 1872,847 1872,847 1872,844 1873,843 1908,844 1908,843 1908,840 1910,838 1911,830 1913,828 1914,828 1915,827 1915,825 1916,824 1917,824 1918,824 1918,822 1918,821 1919,821 1920,821 1920,820 1920,819 1924,819 1925,819 1925,817 1925,816 1927,816 1929,814 1931,814 1933,812 1941,812 1942,811 1956,812 1958,814 2148,816 2149,817 2149,834 2149,834 2320,836 2321,837 2322,837 2323,838 2322,845 2323,845 2836,852 2836,852 2837,829 2839,826 2842,826 2845,823 2847,823 2849,821 2853,821 2854,821 2854,812 2855,811 2855,809 2856,807 2858,807 2859,808 2859,816 2859,816 2860,816 2861,817 2861,821 2861,821 2863,821 2864,822 2864,824 2866,826 2866,828 2868,830 2868,840 2869,841 2868,861 2869,861 2877,862 2878,863 3129,866 3129,865 3129,859 3130,859 3244,860 3244,860 3245,845 3246,844 3246,841 3248,839 3248,837 3249,835 3251,835 3254,833 3254,830 3254,830 3260,830 3261,829 3261,828 3261,828 3343,829 3344,828 3344,820 3344,820 3348,820 3349,820 3348,858 3349,859 3351,859 3351,859 3351,860 3353,862 3353,869 3349,874 3347,874 3346,874 3346,883 3341,888 3340,888 3340,888 3339,935 3339,936 3338,936 3337,936 3337,937 3337,938 3336,938 3335,938 3335,939 3335,940 3333,940 3332,941 3330,941 3329,941 3328,941 3327,942 3327,943 3327,943 3326,943 3325,944 3325,945 3325,945 3305,945 3304,946 3304,947 3304,947 3268,947 3267,948 3182,947 3181,947 3181,948 3179,950 3179,952 3176,955 3176,956 3175,957 3175,959 3173,960 3171,960 3167,964 3165,964 3163,966 3160,966 3159,967 3157,967 3155,969 3153,969 3153,970 3153,971 3152,971 3140,971 3139,970 3139,968 3137,965 3137,950 3137,950 2872,947 2871,947 2871,950 2871,950 2812,950 2811,950 2811,981 2810,982 2802,982 2801,981 2694,979 2693,978 2278,973 2278,972 2278,938 2278,938 2092,935 2091,934 1801,930 1800,931 1800,969 1799,969"/><TextEquiv><Unicode/></TextEquiv><TextEquiv index="1"><Unicode>“fis même conſtruire mon tombeau, &amp;</Unicode></TextEquiv></TextLine><TextLine id="l5"><Coords points="1234,1119 1233,1118 1121,1117 1119,1115 1117,1115 1116,1114 1107,1113 1106,1112 948,1110 948,1110 948,1071 948,1070 944,1070 943,1069 941,1069 940,1069 940,1068 940,1067 939,1067 938,1067 939,1059 938,1058 938,1056 941,1053 941,1000 946,995 948,995 948,995 948,994 949,993 1131,996 1132,995 1264,996 1266,998 1267,999 1269,1001 1473,1003 1474,1002 1539,1003 1539,1003 1540,975 1542,973 1542,972 1543,971 1543,969 1546,965 1562,965 1564,967 1564,969 1564,969 1565,969 1566,970 1566,978 1567,979 1567,985 1568,986 1567,1004 1568,1004 1778,1007 1778,1007 1779,969 1779,968 1781,968 1782,969 1799,969 1800,970 1800,971 1801,972 1800,1004 1801,1004 1860,1005 1861,1006 2228,1011 2229,1010 2266,1011 2266,1010 2267,983 2267,983 2275,983 2276,982 2276,976 2278,974 2278,973 2278,973 2301,973 2302,974 2511,977 2512,976 2523,976 2524,977 2713,979 2714,980 2810,982 2811,982 2810,996 2811,997 2811,1017 2812,1018 2907,1019 2909,1021 3095,1023 3096,1022 3099,1022 3100,1021 3176,1022 3177,1022 3321,1023 3321,1023 3321,1017 3323,1015 3328,1015 3329,1014 3335,1015 3336,1014 3346,1014 3347,1015 3349,1015 3349,1015 3349,1057 3351,1059 3351,1067 3348,1070 3347,1075 3347,1076 3345,1076 3342,1079 3340,1079 3338,1081 3328,1080 3327,1081 3327,1141 3326,1141 3304,1141 3304,1141 3304,1137 3303,1136 3074,1133 3074,1134 3074,1137 3071,1139 3067,1139 3064,1136 3052,1136 3052,1135 3052,1129 3051,1129 2756,1125 2756,1126 2756,1129 2755,1129 2747,1129 2747,1128 2747,1121 2746,1121 2541,1118 2541,1119 2541,1130 2539,1131 2491,1131 2490,1132 2488,1132 2487,1132 2446,1132 2446,1131 2446,1127 2445,1127 2436,1127 2435,1126 2223,1123 2223,1124 2223,1130 2222,1130 2009,1127 2009,1127 2009,1096 2009,1095 1735,1092 1734,1092 1734,1099 1734,1100 1730,1100 1729,1100 1729,1122 1728,1123 1701,1122 1700,1121 1683,1121 1683,1120 1683,1119 1682,1119 1565,1117 1565,1117 1565,1084 1565,1083 1329,1080 1328,1081 1328,1082 1328,1082 1274,1082 1273,1082 1273,1102 1270,1105 1270,1118 1269,1119 1243,1118 1242,1119"/><TextEquiv><Unicode/></TextEquiv><TextEquiv index="1"><Unicode>“graver la pierre qui devoit me cou-</Unicode></TextEquiv></TextLine><TextLine id="l6"><Coords points="3062,1297 3061,1296 3053,1296 3053,1295 3053,1294 3052,1294 2794,1291 2793,1290 2484,1285 2484,1285 2484,1283 2481,1280 2195,1277 2195,1276 2195,1273 2194,1273 1722,1266 1722,1266 1722,1249 1722,1248 1125,1241 1124,1240 1124,1238 1123,1237 1122,1236 1120,1236 1119,1235 1119,1231 1119,1231 969,1229 967,1227 967,1224 967,1224 961,1224 960,1224 960,1259 958,1260 954,1260 953,1259 953,1224 953,1223 941,1223 940,1223 941,1210 943,1208 943,1206 945,1204 945,1154 948,1151 953,1151 953,1151 953,1137 954,1136 1165,1139 1167,1137 1231,1138 1231,1138 1232,1121 1232,1120 1233,1120 1234,1119 1242,1119 1243,1118 1412,1120 1413,1119 1418,1119 1419,1119 1523,1120 1524,1119 1562,1119 1564,1117 1574,1118 1575,1119 1577,1119 1578,1120 1700,1121 1701,1122 1728,1123 1729,1124 2444,1133 2445,1132 2746,1136 2747,1135 2747,1134 2747,1134 2749,1134 2751,1132 2758,1132 2759,1133 2759,1134 2759,1134 3328,1141 3330,1144 3332,1144 3334,1145 3334,1147 3336,1149 3334,1238 3335,1239 3337,1239 3339,1241 3340,1241 3340,1241 3340,1244 3342,1246 3342,1253 3336,1260 3335,1260 3334,1261 3328,1260 3327,1261 3278,1261 3277,1261 3277,1262 3277,1263 3211,1262 3210,1262 3210,1275 3208,1277 3074,1275 3074,1276 3074,1297 3073,1297"/><TextEquiv><Unicode/></TextEquiv><TextEquiv index="1"><Unicode>“vrir. L'inſtant fatal arriva. Je tombai</Unicode></TextEquiv></TextLine><TextLine id="l7"><Coords points="2603,1451 2602,1450 2429,1448 2429,1447 2429,1446 2428,1446 2104,1441 2104,1441 2104,1433 2103,1432 1898,1430 1898,1429 1898,1424 1897,1424 1385,1417 1385,1418 1385,1432 1384,1432 1184,1429 1184,1429 1184,1424 1183,1423 949,1420 948,1419 948,1384 948,1383 944,1383 941,1381 942,1322 941,1321 941,1319 941,1318 939,1318 938,1318 938,1312 939,1311 941,1311 941,1311 941,1308 943,1306 948,1306 948,1306 948,1290 949,1289 1138,1292 1138,1291 1139,1277 1139,1277 1140,1277 1141,1276 1141,1275 1144,1272 1162,1272 1165,1275 1165,1277 1165,1277 1529,1282 1530,1281 1530,1280 1530,1280 1532,1280 1534,1278 1537,1278 1538,1277 1998,1283 1999,1282 2057,1283 2060,1280 2067,1280 2071,1277 2071,1276 2071,1275 2084,1275 2085,1276 2085,1277 2085,1277 2130,1278 2133,1280 2133,1281 2133,1282 2134,1282 2135,1282 2135,1283 2135,1284 2137,1284 2138,1284 2138,1287 2140,1289 2140,1293 2141,1294 2140,1307 2141,1308 2710,1315 2710,1315 2711,1297 2713,1294 2715,1294 2716,1294 2716,1293 2717,1292 2720,1292 2722,1290 2832,1291 2833,1291 2833,1283 2833,1282 2834,1282 2835,1282 2835,1281 2835,1280 2837,1280 2838,1279 2842,1279 2843,1278 2885,1279 2886,1280 2921,1280 2922,1281 2922,1291 2922,1291 2952,1292 2954,1294 2956,1294 2957,1295 3326,1299 3327,1299 3327,1297 3328,1296 3328,1295 3334,1289 3334,1287 3334,1287 3336,1287 3339,1284 3339,1282 3339,1282 3348,1282 3349,1282 3348,1331 3349,1332 3349,1341 3346,1344 3341,1344 3341,1344 3340,1401 3339,1402 3339,1444 3338,1445 3337,1445 3337,1445 3337,1446 3333,1450 3264,1449 3264,1449 3264,1454 3263,1455 2947,1451 2946,1452 2876,1451 2875,1452 2676,1449 2676,1449 2676,1451 2675,1452"/><TextEquiv><Unicode/></TextEquiv><TextEquiv index="1"><Unicode>“dans l'anéantiſſement. L'Univers</Unicode></TextEquiv></TextLine><TextLine id="l8"><Coords points="1258,1593 1255,1590 1253,1590 1253,1590 1253,1588 1252,1587 948,1583 948,1583 948,1534 948,1533 937,1533 936,1533 936,1532 935,1531 936,1472 937,1471 938,1471 943,1466 950,1466 950,1466 950,1452 952,1450 958,1450 959,1450 1136,1452 1136,1451 1137,1434 1140,1431 1147,1431 1148,1430 1183,1430 1184,1429 1216,1430 1217,1429 1217,1426 1217,1426 1258,1426 1259,1427 1267,1428 1268,1428 1268,1429 1268,1430 1274,1430 1275,1431 1384,1432 1385,1433 2934,1453 2935,1453 2935,1452 2935,1451 3027,1453 3031,1449 3031,1447 3031,1447 3038,1447 3041,1450 3043,1450 3044,1451 3098,1452 3099,1453 3264,1455 3265,1456 3267,1456 3268,1457 3271,1457 3273,1459 3275,1459 3275,1459 3275,1466 3277,1468 3277,1485 3278,1486 3337,1487 3337,1487 3337,1492 3337,1493 3334,1493 3333,1493 3332,1568 3332,1569 3331,1569 3330,1569 3330,1571 3327,1574 3327,1575 3326,1576 3325,1575 3324,1576 3269,1576 3269,1576 3268,1612 3268,1613 2492,1603 2492,1603 2491,1606 2491,1607 1279,1591 1278,1592 1273,1592 1272,1593 1263,1593 1262,1593"/><TextEquiv><Unicode/></TextEquiv><TextEquiv index="1"><Unicode>“diſparut de nouveau; mais ce n'étoit</Unicode></TextEquiv></TextLine><TextLine id="l9"><Coords points="1605,1750 1604,1749 1603,1749 1602,1748 1597,1748 1597,1747 1597,1712 1597,1712 1258,1707 1256,1705 1109,1703 1108,1702 1103,1702 1100,1699 963,1698 961,1696 936,1695 935,1695 935,1693 931,1689 932,1637 931,1636 931,1629 933,1627 933,1625 936,1622 938,1622 939,1621 947,1621 947,1621 948,1584 948,1583 1728,1594 1729,1593 2696,1605 2697,1605 2697,1591 2697,1590 2698,1590 2699,1590 2699,1589 2699,1588 2738,1589 2739,1588 2755,1588 2756,1589 2756,1591 2757,1592 2757,1593 2758,1594 2758,1605 2758,1605 3260,1612 3261,1613 3268,1613 3268,1613 3268,1639 3269,1640 3330,1641 3330,1641 3330,1642 3331,1643 3333,1643 3334,1644 3334,1658 3335,1659 3334,1694 3337,1697 3337,1709 3335,1711 3335,1714 3335,1715 3333,1715 3332,1715 3332,1717 3330,1720 3328,1720 3327,1720 3327,1724 3324,1727 3324,1728 3322,1729 3310,1729 3308,1731 3174,1730 3174,1730 3174,1750 3172,1752 3038,1750 3036,1752 3036,1754 3035,1755 2448,1747 2447,1748 2446,1748 2446,1748 2446,1750 2443,1753 2441,1753 2441,1753 2441,1754 2440,1755 2439,1755 2437,1757 2435,1757 2434,1758 2429,1758 2427,1760 2408,1760 2407,1760"/><TextEquiv><Unicode/></TextEquiv><TextEquiv index="1"><Unicode>“encore qu'une léthargie. Je rouvris</Unicode></TextEquiv></TextLine><TextLine id="l10"><Coords points="1496,1903 1495,1901 1495,1867 1494,1867 1337,1865 1337,1865 1337,1868 1335,1870 1335,1880 1332,1883 1332,1884 1331,1884 1328,1884 1328,1885 1328,1887 1325,1890 1325,1892 1324,1892 1320,1892 1320,1893 1320,1894 1319,1894 1318,1894 1318,1895 1318,1896 1317,1896 1315,1896 1313,1898 1307,1898 1303,1894 1301,1894 1301,1894 1301,1887 1299,1884 1299,1861 1299,1861 1176,1859 1175,1860 1108,1859 1107,1860 1107,1871 1105,1872 1098,1872 1098,1872 1098,1861 1098,1860 1092,1860 1091,1860 1091,1857 1091,1856 964,1855 962,1853 960,1853 959,1852 959,1850 959,1850 934,1849 933,1849 933,1846 931,1844 931,1835 932,1834 933,1834 933,1834 933,1832 934,1831 935,1788 936,1787 936,1784 938,1782 941,1782 941,1782 941,1781 942,1780 943,1779 945,1779 945,1779 945,1778 946,1777 948,1777 950,1775 956,1775 957,1775 959,1775 959,1774 959,1770 960,1770 963,1770 966,1773 966,1785 966,1786 1095,1787 1096,1787 1096,1751 1097,1750 1098,1744 1098,1743 1100,1743 1102,1741 1104,1741 1105,1741 1105,1739 1105,1738 1108,1738 1109,1738 1110,1739 1112,1739 1114,1741 1116,1741 1117,1741 1117,1742 1120,1745 1120,1746 1121,1747 1120,1776 1121,1777 1184,1777 1184,1778 1184,1785 1185,1785 1347,1788 1349,1787 1397,1787 1398,1786 1400,1786 1402,1784 1680,1788 1681,1787 1693,1787 1694,1786 1762,1787 1763,1786 1763,1784 1765,1782 1768,1782 1773,1787 1793,1787 1794,1788 1797,1789 1798,1791 1802,1791 1803,1792 1948,1793 1949,1793 1955,1793 1956,1792 1956,1789 1957,1789 1958,1789 1960,1787 1969,1787 1970,1788 1970,1790 1972,1793 2143,1795 2144,1794 2214,1795 2215,1794 2216,1794 2218,1793 2339,1795 2340,1794 2340,1793 2341,1792 2341,1791 2342,1791 2355,1791 2357,1793 2357,1795 2359,1797 2359,1798 2359,1799 2490,1801 2491,1800 2505,1800 2506,1799 2506,1764 2509,1762 2599,1763 2600,1762 2601,1762 2601,1762 2601,1761 2602,1760 2636,1760 2637,1759 2637,1758 2638,1758 2650,1758 2652,1760 2654,1760 2656,1762 2656,1764 2658,1766 2658,1769 2661,1772 2661,1798 2661,1799 2787,1800 2789,1799 2789,1798 2789,1798 2801,1798 2804,1800 2804,1801 2804,1802 2963,1804 2964,1803 2964,1794 2965,1794 2967,1794 2968,1793 2969,1793 2969,1792 2969,1789 2970,1789 2982,1789 2983,1791 2983,1805 2983,1805 3113,1807 3114,1806 3131,1806 3132,1805 3132,1769 3133,1769 3137,1769 3139,1767 3266,1769 3270,1765 3272,1765 3272,1764 3272,1763 3273,1763 3279,1763 3280,1762 3312,1762 3313,1762 3313,1758 3313,1757 3323,1757 3324,1757 3324,1756 3325,1755 3325,1752 3326,1751 3330,1751 3332,1752 3331,1799 3335,1803 3335,1807 3334,1808 3332,1808 3332,1808 3331,1915 3329,1917 3324,1917 3323,1917 3268,1917 3267,1917 3267,1920 3266,1921 3266,1922 3266,1923 3247,1922 3246,1922 3247,1910 3246,1909 3158,1908 3158,1908 3158,1887 3157,1886 3116,1886 3114,1884 2876,1881 2876,1881 2876,1900 2875,1901 2873,1901 2873,1901 2873,1903 2872,1904 2870,1904 2868,1906 2865,1906 2864,1906 2864,1906 2864,1879 2863,1878 2711,1876 2710,1877 2684,1877 2683,1876 2554,1874 2553,1875 2545,1875 2543,1877 2460,1876 2459,1877 2443,1877 2442,1876 2230,1873 2229,1874 2226,1874 2225,1875 2218,1875 2216,1877 2207,1877 2207,1876 2207,1875 2206,1875 2205,1875 2204,1874 2203,1874 2202,1873 2154,1872 2153,1871 2027,1870 2024,1872 1947,1871 1947,1872 1947,1889 1946,1890 1946,1892 1945,1892 1941,1892 1941,1892 1941,1868 1941,1867 1768,1865 1767,1866 1767,1868 1766,1868 1762,1868 1761,1867 1757,1867 1757,1866 1592,1864 1588,1867 1517,1866 1517,1866 1517,1902 1516,1903"/><TextEquiv><Unicode/></TextEquiv><TextEquiv index="1"><Unicode>“les yeux au moment où l'on me doſ-</Unicode></TextEquiv></TextLine><TextLine id="l11"><Coords points="948,2052 947,2051 947,2007 947,2006 932,2006 931,2006 931,2005 931,2004 930,2004 929,2004 929,2003 928,2002 929,1942 931,1940 931,1937 934,1934 935,1934 935,1934 936,1899 936,1898 1493,1906 1496,1903 1675,1905 1676,1904 1678,1904 1679,1903 1684,1903 1685,1904 2776,1918 2778,1916 2782,1916 2783,1915 2785,1915 2785,1915 2785,1914 2786,1913 2788,1913 2789,1913 2793,1913 2795,1911 2803,1911 2808,1916 2810,1916 2811,1917 3268,1923 3268,1923 3268,1956 3268,1957 3331,1958 3332,1959 3335,1959 3337,1960 3337,1969 3336,1970 3335,1970 3335,1970 3335,1979 3334,1980 3334,1982 3332,1984 3332,1986 3331,1987 3330,1987 3330,1987 3330,1988 3329,1989 3328,1989 3328,1989 3327,2039 3326,2040 3324,2040 3321,2042 3187,2041 3187,2041 3187,2063 3186,2064 3173,2064 3173,2064 3172,2068 3171,2070 3066,2068 3065,2069 3065,2078 3065,2078 2420,2070 2419,2071 2400,2070 2399,2070 2400,2036 2399,2035 1308,2021 1308,2022 1308,2031 1306,2032 1168,2030 1168,2031 1168,2045 1166,2046 982,2044 982,2044 982,2052 981,2053"/><TextEquiv><Unicode/></TextEquiv><TextEquiv index="1"><Unicode>“cendoit dans la tombe. Je fis mourir</Unicode></TextEquiv></TextLine><TextLine id="l12"><Coords points="3304,2243 3303,2243 3303,2240 3303,2239 1295,2213 1294,2214 1280,2214 1278,2216 1264,2216 1263,2215 1257,2214 1256,2214 1256,2213 1256,2212 1255,2212 1254,2212 1255,2206 1254,2205 1254,2193 1253,2192 1251,2192 1251,2192 1251,2176 1250,2175 1215,2175 1214,2174 1150,2173 1148,2171 1145,2171 1143,2169 1115,2169 1115,2168 958,2166 957,2165 929,2164 922,2158 922,2149 924,2147 924,2145 926,2143 928,2143 930,2141 931,2098 931,2097 937,2097 939,2095 946,2095 947,2095 947,2053 948,2052 1145,2055 1146,2054 1148,2054 1149,2054 1149,2053 1149,2052 2592,2071 2593,2070 2594,2070 2594,2069 2594,2063 2595,2063 2599,2063 2599,2064 2599,2069 2601,2070 2604,2070 2605,2071 2926,2075 2927,2076 3065,2078 3065,2079 3065,2081 3067,2083 3067,2109 3067,2109 3327,2113 3328,2113 3327,2173 3328,2174 3333,2174 3334,2175 3334,2178 3333,2180 3324,2180 3323,2180 3322,2223 3320,2225 3320,2226 3320,2226 3319,2226 3318,2227 3318,2228 3318,2228 3312,2228 3311,2229 3311,2243 3311,2243"/><TextEquiv><Unicode/></TextEquiv><TextEquiv index="1"><Unicode>“de peur un de ceux qui m'enterroient,</Unicode></TextEquiv></TextLine><TextLine id="l13"><Coords points="1254,2384 1249,2380 1249,2378 1248,2377 1248,2370 1247,2369 1247,2368 1247,2367 1235,2367 1234,2367 1234,2365 1232,2362 1230,2362 1229,2362 1230,2360 1229,2359 941,2355 941,2355 941,2320 941,2319 931,2319 924,2313 925,2258 924,2257 924,2248 926,2245 928,2245 930,2243 935,2243 936,2243 936,2233 938,2231 1101,2233 1101,2233 1101,2229 1102,2228 1103,2228 1103,2228 1103,2224 1106,2221 1106,2220 1112,2214 1112,2212 1113,2212 1117,2212 1120,2209 1125,2209 1127,2207 2528,2225 2528,2225 2528,2223 2529,2222 2879,2227 2880,2226 2950,2227 2950,2226 2950,2225 2952,2224 2954,2224 2955,2223 2960,2223 2961,2222 3043,2223 3044,2224 3074,2224 3074,2225 3074,2228 3075,2228 3109,2229 3111,2231 3113,2231 3116,2234 3189,2235 3190,2236 3192,2236 3196,2240 3196,2259 3198,2261 3198,2264 3198,2265 3322,2267 3323,2267 3323,2275 3322,2276 3320,2393 3320,2393 3316,2393 3314,2395 1618,2373 1617,2374 1611,2374 1610,2375 1273,2371 1272,2371 1272,2378 1272,2379 1271,2379 1270,2379 1270,2380 1270,2381 1269,2381 1268,2381 1268,2383 1268,2384 1259,2384 1258,2385"/><TextEquiv><Unicode/></TextEquiv><TextEquiv index="1"><Unicode>“&amp; je m'enfuis de cette funeſte Ville.</Unicode></TextEquiv></TextLine><TextLine id="l14"><Coords points="1394,2543 1392,2542 1392,2528 1392,2527 1369,2527 1363,2521 1363,2518 1363,2518 1309,2517 1308,2517 1308,2515 1307,2513 1307,2512 1304,2509 1304,2484 1303,2483 1102,2480 1101,2481 1083,2481 1081,2479 1079,2479 1079,2479 1079,2478 1078,2477 1077,2477 1077,2477 1077,2476 1076,2475 1074,2475 1073,2473 955,2472 951,2475 948,2474 948,2475 947,2513 947,2513 943,2513 942,2512 930,2512 929,2512 930,2475 929,2474 926,2474 926,2474 926,2473 926,2472 925,2472 924,2472 924,2470 922,2468 922,2455 925,2452 926,2408 928,2406 928,2404 928,2403 930,2403 933,2401 933,2361 935,2359 936,2356 936,2355 953,2356 954,2357 955,2357 956,2358 968,2358 969,2359 969,2397 972,2400 972,2402 972,2403 973,2403 974,2403 974,2404 974,2405 975,2405 976,2405 976,2406 976,2407 977,2407 978,2407 978,2409 983,2414 983,2416 984,2417 984,2420 986,2422 986,2428 986,2429 987,2429 988,2429 988,2432 989,2433 988,2446 989,2447 1080,2448 1080,2448 1081,2397 1082,2396 1084,2396 1084,2396 1084,2370 1085,2369 1086,2369 1086,2369 1086,2368 1087,2367 1089,2367 1092,2364 1105,2365 1106,2364 1111,2364 1113,2362 1122,2362 1122,2362 1122,2364 1123,2365 1163,2365 1163,2366 1163,2367 1164,2367 1168,2367 1170,2369 1172,2369 1174,2372 1174,2374 1176,2375 1203,2376 1203,2376 1203,2394 1204,2395 1206,2395 1207,2396 1209,2396 1210,2398 1233,2398 1234,2399 1234,2404 1234,2404 1264,2405 1265,2405 1265,2406 1265,2407 1342,2408 1343,2409 1418,2410 1419,2411 1590,2413 1591,2412 1591,2376 1592,2376 1593,2376 1594,2375 1610,2375 1611,2374 1617,2374 1617,2375 1617,2377 1619,2379 1619,2406 1619,2406 1715,2407 1716,2407 1717,2407 1717,2411 1717,2412 1862,2413 1863,2413 1863,2384 1865,2382 1865,2378 1866,2377 1869,2378 1871,2376 1884,2376 1885,2377 1890,2377 1896,2383 1898,2383 1898,2383 1898,2387 1899,2388 1899,2411 1899,2412 1949,2413 1951,2415 1958,2415 1959,2416 2077,2417 2078,2417 2078,2416 2078,2415 2081,2415 2082,2415 2082,2414 2083,2412 2094,2412 2096,2414 2099,2415 2101,2417 2247,2418 2248,2418 2248,2387 2249,2386 2251,2387 2252,2386 2252,2386 2252,2387 2253,2388 2326,2388 2326,2388 2326,2385 2329,2383 2366,2383 2368,2381 2374,2381 2375,2382 2462,2383 2462,2384 2462,2388 2463,2389 2463,2404 2464,2404 2481,2405 2481,2405 2481,2410 2481,2411 2559,2412 2560,2412 2560,2416 2560,2417 2660,2418 2661,2417 2661,2400 2662,2400 2665,2400 2666,2401 2666,2412 2666,2413 2780,2414 2782,2412 2784,2412 2785,2412 2837,2412 2838,2412 2838,2387 2839,2386 2847,2386 2848,2387 2885,2388 2886,2389 2936,2389 2936,2390 2936,2391 2937,2391 2938,2391 2939,2393 2940,2393 2940,2393 2940,2397 2942,2399 2942,2404 2943,2405 2943,2425 2943,2426 3042,2427 3045,2424 3049,2424 3050,2423 3050,2422 3053,2419 3150,2420 3151,2420 3151,2406 3152,2405 3153,2405 3153,2405 3153,2404 3154,2403 3156,2403 3158,2405 3160,2405 3160,2406 3160,2410 3163,2413 3163,2426 3163,2426 3164,2426 3165,2427 3165,2428 3165,2428 3178,2429 3179,2430 3312,2431 3313,2431 3313,2427 3315,2424 3317,2424 3318,2425 3318,2427 3320,2429 3320,2434 3319,2434 3318,2434 3318,2435 3318,2438 3317,2438 3316,2438 3316,2439 3315,2466 3314,2467 3313,2537 3313,2537 3307,2537 3306,2537 3307,2513 3306,2512 3279,2512 3277,2510 3269,2510 3268,2509 3161,2507 3161,2508 3160,2534 3160,2534 3156,2534 3154,2536 3153,2536 3151,2534 3147,2534 3146,2534 3146,2532 3144,2530 3145,2511 3144,2510 3020,2509 3020,2509 3019,2543 3019,2544 3014,2544 3013,2544 2997,2544 2996,2545 2996,2546 2996,2546 2989,2546 2988,2546 2988,2540 2988,2539 2953,2539 2951,2537 2842,2535 2841,2536 2839,2536 2838,2537 2838,2544 2838,2544 2827,2544 2826,2544 2827,2506 2826,2505 2823,2505 2823,2504 2823,2503 2822,2503 2821,2503 2820,2502 2710,2501 2709,2502 2709,2503 2708,2503 2686,2503 2686,2504 2685,2542 2684,2543 2682,2542 2682,2539 2682,2538 2528,2536 2525,2539 2525,2541 2525,2541 2437,2540 2436,2539 2359,2538 2358,2537 2310,2536 2309,2536 2309,2534 2305,2530 2305,2524 2305,2523 2275,2523 2274,2522 2274,2520 2274,2520 2270,2520 2270,2519 2270,2518 2269,2517 2269,2513 2268,2513 2235,2512 2235,2512 2235,2506 2234,2505 2195,2505 2195,2504 2195,2503 2194,2503 2190,2503 2190,2502 2190,2501 2189,2501 2183,2501 2182,2500 2064,2498 2064,2499 2063,2535 2062,2536 2021,2536 2020,2535 2021,2497 2020,2496 1953,2496 1953,2495 1953,2492 1952,2492 1869,2491 1869,2491 1868,2532 1868,2533 1863,2532 1862,2533 1862,2537 1862,2537 1753,2536 1751,2534 1747,2534 1746,2533 1746,2532 1744,2530 1740,2530 1739,2529 1740,2513 1739,2513 1712,2512 1712,2512 1712,2511 1711,2510 1710,2510 1710,2510 1710,2507 1709,2506 1607,2505 1607,2506 1607,2511 1605,2512 1579,2512 1579,2512 1578,2529 1578,2530 1466,2528 1465,2529 1414,2529 1413,2529 1413,2534 1411,2536 1411,2540 1408,2543"/><TextEquiv><Unicode/></TextEquiv><TextEquiv index="1"><Unicode>“J'arappris qu'untremblement deterre</Unicode></TextEquiv></TextLine><TextLine id="l15"><Coords points="3012,2708 3010,2707 3010,2706 3010,2705 2746,2702 2745,2701 2088,2692 2086,2694 2062,2694 2060,2696 2045,2696 2044,2695 2044,2694 2044,2694 2043,2694 2042,2693 2042,2692 2042,2692 1644,2687 1643,2686 1643,2682 1642,2681 1567,2680 1564,2677 1564,2672 1564,2672 963,2664 962,2664 962,2676 962,2677 929,2676 928,2676 929,2630 928,2629 920,2629 919,2628 919,2612 920,2611 921,2562 921,2561 923,2561 924,2561 924,2559 924,2558 925,2558 926,2558 926,2557 926,2556 927,2556 928,2556 928,2513 929,2512 942,2512 943,2513 947,2513 947,2514 947,2517 948,2517 1149,2520 1151,2522 1153,2522 1154,2523 2359,2539 2360,2538 3178,2549 3184,2555 3184,2557 3185,2558 3186,2558 3186,2558 3186,2560 3187,2561 3187,2563 3189,2565 3189,2575 3189,2576 3310,2577 3313,2580 3312,2671 3312,2671 3313,2671 3315,2673 3314,2673 3149,2671 3149,2672 3149,2676 3147,2677 3144,2677 3143,2678 3054,2677 3053,2678 3053,2702 3053,2702 3051,2702 3050,2702 3050,2703 3050,2704 3034,2704 3032,2706 3030,2706 3029,2706 3029,2707 3029,2708 3014,2708 3013,2709"/><TextEquiv><Unicode/></TextEquiv><TextEquiv index="1"><Unicode>“l'avoit détruite peu de temps après.</Unicode></TextEquiv></TextLine><TextLine id="l16"><Coords points="2864,2861 2862,2859 1457,2840 1454,2838 1454,2822 1454,2821 1316,2819 1315,2818 1311,2818 1310,2817 976,2813 976,2812 977,2681 977,2681 929,2680 928,2680 928,2677 929,2676 1239,2680 1239,2680 1239,2679 1240,2678 1256,2679 1257,2678 1273,2678 1273,2677 1273,2674 1275,2673 1282,2673 1282,2673 1282,2674 1283,2675 1798,2682 1799,2683 1806,2683 1807,2684 3173,2702 3175,2704 3180,2704 3187,2711 3187,2713 3189,2715 3189,2717 3189,2718 3190,2718 3191,2718 3191,2728 3191,2729 3271,2730 3272,2730 3271,2767 3272,2768 3292,2768 3293,2769 3300,2769 3303,2773 3303,2775 3306,2778 3306,2795 3305,2796 3304,2862 3304,2862 3278,2862 3277,2863 2898,2858 2897,2859 2876,2859 2874,2861"/><TextEquiv><Unicode/></TextEquiv><TextEquiv index="1"><Unicode>“En pourſuivant mon voyage, l'a-</Unicode></TextEquiv></TextLine><TextLine id="l17"><Coords points="3217,3021 3216,3021 3216,3020 3216,3019 3037,3017 3036,3016 2777,3012 2776,3011 2547,3008 2546,3009 2380,3007 2379,3008 2375,3008 2372,3006 2372,3004 2372,3003 2347,3003 2346,3002 2346,2998 2346,2998 2255,2997 2254,2996 2254,2995 2254,2995 2251,2995 2250,2994 2250,2990 2250,2990 2057,2987 2056,2988 2056,2989 2055,2990 2052,2990 2051,2991 2048,2991 2047,2990 2047,2986 2047,2986 1794,2983 1792,2985 1790,2985 1789,2985 1789,2988 1789,2989 1785,2988 1784,2988 1784,2978 1784,2977 1503,2974 1502,2974 1502,2978 1502,2979 1490,2979 1486,2983 1484,2983 1483,2984 1481,2983 1478,2980 1304,2978 1303,2978 1303,2977 1303,2976 1156,2974 1155,2974 1156,2949 1155,2948 949,2946 949,2946 949,2947 948,2947 942,2947 942,2948 941,2986 941,2986 925,2986 924,2986 925,2944 924,2943 916,2943 916,2943 916,2940 912,2936 913,2887 912,2886 912,2877 912,2876 913,2876 914,2876 914,2872 916,2869 928,2869 929,2869 929,2857 930,2855 934,2855 935,2855 935,2851 936,2850 938,2850 938,2850 938,2848 941,2845 946,2845 947,2847 947,2866 950,2869 950,2870 950,2871 1163,2873 1165,2871 1178,2872 1179,2871 1180,2871 1180,2872 1180,2873 1412,2876 1413,2875 1413,2868 1414,2867 1472,2867 1473,2867 1473,2846 1476,2843 1480,2843 1480,2843 1480,2841 1481,2840 1637,2843 1638,2842 1786,2843 1789,2840 1790,2841 1790,2840 1791,2839 1791,2838 1792,2838 1813,2838 1813,2838 1813,2839 1814,2840 1818,2840 1821,2843 2154,2847 2154,2848 2154,2849 2155,2849 2156,2849 2157,2851 2157,2852 2158,2852 2159,2852 2159,2853 2159,2857 2161,2858 2354,2861 2356,2859 2357,2859 2357,2858 2357,2857 2358,2856 2358,2855 2360,2854 2365,2854 2367,2852 2370,2852 2372,2850 2622,2853 2623,2854 2630,2855 2630,2855 2630,2886 2630,2887 2863,2890 2864,2889 2864,2887 2865,2886 2942,2887 2943,2886 2943,2885 2943,2885 2944,2885 2945,2886 2947,2886 2948,2886 2948,2889 2948,2890 3062,2891 3064,2893 3064,2897 3064,2897 3265,2900 3266,2899 3266,2865 3269,2863 3277,2863 3278,2862 3304,2862 3304,2863 3302,3002 3303,3003 3303,3008 3302,3009 3231,3008 3230,3009 3230,3021 3230,3021"/><TextEquiv><Unicode/></TextEquiv><TextEquiv index="1"><Unicode>“mour de la ſolitude, &amp; de tout ce qui</Unicode></TextEquiv></TextLine><TextLine id="l18"><Coords points="1403,3156 1402,3155 1390,3155 1388,3153 1304,3152 1303,3151 1298,3151 1296,3150 1296,3149 1296,3148 1295,3148 1294,3148 1294,3133 1294,3132 1274,3132 1273,3131 1274,3123 1273,3122 1273,3109 1272,3109 1182,3108 1181,3107 936,3103 936,3104 935,3130 934,3131 932,3131 931,3132 930,3132 929,3132 930,3120 929,3119 911,3119 910,3118 910,3099 907,3095 908,3036 907,3035 907,3028 909,3026 911,3026 912,3026 912,3025 912,3024 916,3024 918,3022 923,3022 924,3022 924,2987 925,2986 948,2986 948,2987 948,3018 948,3019 1155,3021 1156,3022 1156,3024 1156,3024 1172,3024 1173,3025 1173,3030 1173,3030 1224,3031 1225,3032 1485,3036 1486,3035 1486,3022 1487,3021 1490,3021 1491,3020 1492,3020 1493,3020 1493,3026 1495,3029 1812,3033 1813,3032 1813,3026 1813,3026 1929,3027 1930,3027 1930,3010 1933,3007 1935,3007 1937,3005 1939,3005 1939,3005 1939,3004 1940,3003 1941,3003 1941,3003 1941,3002 1942,3002 1949,3002 1949,3002 1949,3004 1950,3005 1951,3005 1952,3006 2068,3007 2069,3008 2072,3008 2073,3010 2073,3014 2074,3014 2078,3014 2078,3015 2078,3019 2078,3019 2079,3019 2080,3020 2080,3024 2082,3026 2082,3027 2083,3028 2083,3038 2083,3038 2111,3039 2113,3040 2113,3041 2113,3042 2374,3045 2375,3045 2375,3009 2376,3008 2489,3010 2490,3009 2492,3009 2494,3007 2499,3007 2500,3008 2718,3011 2719,3012 2974,3015 2974,3015 2974,3013 2975,3012 2981,3012 2981,3013 2981,3014 2982,3014 2984,3014 2986,3016 3051,3017 3052,3018 3163,3019 3164,3021 3230,3021 3230,3022 3230,3060 3230,3061 3230,3065 3231,3065 3233,3065 3236,3069 3236,3070 3237,3070 3238,3070 3239,3072 3239,3076 3242,3079 3301,3079 3301,3080 3301,3081 3302,3081 3304,3081 3305,3082 3307,3082 3310,3086 3310,3094 3309,3095 3307,3095 3305,3097 3301,3101 3301,3103 3300,3103 3299,3103 3299,3104 3299,3105 3298,3105 3239,3105 3239,3105 3239,3122 3238,3122 3237,3122 3237,3123 3237,3125 3234,3127 3232,3127 3232,3128 3232,3129 3228,3132 3212,3132 3210,3134 3168,3134 3168,3134 3167,3152 3167,3153 3163,3153 3162,3153 3156,3153 3155,3154 3155,3160 3155,3160 2958,3158 2957,3158 2957,3164 2957,3165 2788,3163 2787,3163 2787,3164 2787,3165 2784,3165 2783,3165 2783,3166 2783,3167 2782,3167 2781,3168 2721,3167 2719,3169 2258,3163 2257,3162 2258,3126 2257,3126 2109,3124 2108,3123 1825,3119 1825,3119 1824,3141 1823,3143 1639,3141 1638,3141 1638,3155 1638,3156 1622,3155 1621,3156 1417,3154 1416,3155 1414,3155 1413,3156 1407,3156 1406,3157"/><TextEquiv><Unicode/></TextEquiv><TextEquiv index="1"><Unicode>“a rapport au cloître, m'inſpira le dé-</Unicode></TextEquiv></TextLine><TextLine id="l19"><Coords points="3260,3340 3260,3339 3260,3336 3259,3336 3113,3334 3112,3333 3098,3333 3098,3332 3098,3331 3097,3331 3055,3330 3055,3330 3055,3324 3055,3323 2745,3319 2744,3320 2744,3325 2743,3325 2721,3325 2721,3324 2721,3318 2721,3318 2428,3314 2427,3314 2427,3317 2427,3318 2423,3318 2422,3317 2422,3312 2422,3312 1978,3306 1974,3310 1973,3310 1972,3310 1972,3313 1970,3316 1963,3316 1961,3317 1961,3318 1961,3319 1850,3317 1849,3316 1835,3316 1834,3316 1834,3302 1834,3301 1577,3298 1576,3298 1576,3307 1576,3308 1450,3306 1449,3307 1449,3309 1449,3309 1443,3309 1442,3308 1360,3307 1359,3306 1359,3305 1359,3305 1316,3304 1315,3303 1313,3303 1311,3302 1311,3290 1311,3289 941,3284 940,3285 940,3294 940,3294 939,3294 938,3295 938,3296 938,3296 937,3296 936,3297 936,3299 936,3299 934,3299 933,3299 934,3273 933,3272 931,3272 931,3272 931,3259 930,3258 909,3258 909,3258 909,3256 906,3253 904,3253 904,3252 904,3250 902,3248 902,3246 901,3246 900,3246 900,3245 900,3217 898,3215 898,3210 898,3210 884,3210 883,3209 883,3206 884,3206 898,3206 901,3203 903,3203 904,3201 905,3186 905,3186 907,3186 909,3185 909,3183 911,3180 932,3180 933,3180 933,3176 933,3175 947,3176 948,3175 948,3174 948,3174 954,3174 955,3173 955,3172 955,3172 1071,3173 1072,3172 1073,3172 1074,3172 1074,3168 1076,3166 1076,3161 1077,3160 1077,3158 1081,3154 1081,3152 1082,3151 1084,3151 1089,3146 1100,3146 1101,3146 1105,3146 1105,3145 1105,3144 1106,3144 1120,3144 1120,3144 1120,3145 1121,3146 1134,3146 1134,3146 1134,3148 1135,3149 1303,3151 1304,3152 1329,3152 1329,3153 1329,3177 1329,3178 1599,3181 1600,3181 1600,3157 1601,3156 1626,3156 1627,3155 1752,3157 1753,3156 1755,3156 1756,3155 1767,3155 1772,3161 1772,3193 1772,3193 2056,3197 2057,3197 2057,3193 2058,3191 2060,3191 2061,3191 2061,3190 2061,3189 2081,3189 2082,3189 2082,3185 2082,3184 2196,3186 2197,3185 2197,3182 2197,3182 2228,3182 2229,3182 2229,3169 2231,3167 2239,3167 2241,3165 2246,3165 2247,3165 2255,3165 2257,3163 2950,3172 2950,3171 2950,3165 2951,3165 2995,3165 2995,3166 2995,3167 2996,3167 3000,3167 3005,3172 3007,3172 3007,3173 3007,3174 3007,3174 3008,3174 3009,3175 3009,3176 3009,3176 3214,3179 3218,3183 3218,3185 3220,3187 3220,3207 3220,3207 3305,3208 3306,3209 3306,3210 3306,3210 3307,3210 3309,3212 3308,3218 3306,3220 3306,3222 3306,3222 3300,3222 3299,3223 3299,3244 3297,3246 3296,3340 3295,3340"/><TextEquiv><Unicode/></TextEquiv><TextEquiv index="1"><Unicode>“fir de voir la grande Chartreuſe; je</Unicode></TextEquiv></TextLine><TextLine id="l20"><Coords points="1312,3464 1311,3464 1311,3463 1311,3462 1126,3460 1125,3459 1125,3454 1125,3454 924,3451 921,3449 922,3409 921,3408 904,3408 904,3407 904,3403 902,3401 903,3349 902,3348 902,3341 905,3338 905,3337 905,3337 908,3337 909,3337 909,3336 909,3335 920,3335 921,3335 921,3328 926,3323 926,3321 926,3320 928,3320 931,3318 931,3316 931,3315 932,3315 933,3315 933,3300 934,3299 936,3299 936,3300 936,3308 937,3308 938,3308 938,3309 938,3328 940,3330 940,3332 940,3332 1314,3337 1315,3337 1315,3335 1315,3334 1327,3334 1328,3334 1328,3314 1330,3313 1333,3313 1333,3312 1333,3310 1336,3308 1359,3308 1360,3307 1365,3307 1366,3308 1449,3309 1449,3310 1449,3336 1449,3336 1831,3341 1832,3341 1832,3321 1832,3320 1833,3320 1834,3320 1834,3317 1835,3316 1849,3316 1850,3317 1962,3319 1963,3320 1963,3324 1963,3325 1964,3325 1965,3325 1965,3332 1965,3333 2082,3334 2083,3335 2425,3340 2427,3338 2427,3337 2427,3337 2447,3337 2448,3337 2448,3324 2448,3323 2449,3323 2451,3322 2452,3322 2453,3321 2453,3319 2454,3318 2455,3318 2455,3318 2455,3317 2456,3316 2474,3316 2475,3316 2489,3316 2489,3316 2489,3319 2490,3320 2491,3320 2491,3320 2491,3321 2492,3322 2925,3327 2926,3327 2926,3319 2927,3318 2933,3319 2934,3318 2936,3318 2936,3317 2936,3313 2937,3313 3027,3314 3028,3315 3038,3315 3038,3315 3038,3331 3038,3332 3112,3333 3113,3334 3128,3334 3129,3335 3131,3335 3132,3336 3132,3338 3132,3338 3294,3340 3295,3341 3295,3351 3296,3352 3304,3352 3306,3354 3306,3357 3308,3359 3308,3363 3309,3364 3308,3399 3309,3399 3313,3399 3313,3400 3313,3404 3313,3404 3307,3404 3306,3405 3306,3407 3304,3409 3304,3414 3301,3417 3301,3418 3300,3418 3299,3418 3299,3419 3299,3420 3298,3420 3273,3420 3273,3420 3272,3468 3272,3469 3198,3468 3197,3468 3197,3478 3197,3479 3196,3479 3195,3480 3120,3479 3119,3479 3119,3482 3118,3483 3082,3482 3081,3483 3014,3483 3013,3484 2964,3483 2963,3482 2639,3478 2452,3475 2450,3476 2343,3475 2343,3474 2343,3472 2343,3472 1937,3466 1936,3467 1936,3468 1935,3469 1864,3469 1863,3469 1863,3471 1863,3472"/><TextEquiv><Unicode/></TextEquiv><TextEquiv index="1"><Unicode>“me détournai de mon chemin, &amp; j'ar-</Unicode></TextEquiv></TextLine><TextLine id="l21"><Coords points="1111,3617 1110,3616 1110,3598 1110,3598 917,3595 916,3595 917,3575 916,3574 914,3574 912,3572 912,3570 909,3567 907,3567 905,3564 905,3562 904,3561 905,3497 905,3497 906,3497 907,3497 907,3496 907,3495 927,3495 928,3495 928,3488 930,3485 1123,3488 1124,3487 1124,3461 1126,3460 2142,3473 2142,3473 2142,3472 2143,3471 2157,3471 2159,3469 3191,3483 3196,3479 3197,3479 3198,3478 3260,3479 3260,3478 3260,3471 3261,3471 3263,3471 3263,3470 3263,3469 3264,3469 3297,3469 3297,3470 3297,3518 3297,3518 3301,3518 3302,3519 3304,3519 3304,3520 3304,3522 3306,3524 3306,3530 3306,3530 3304,3530 3303,3531 3301,3531 3297,3535 3297,3538 3297,3538 3295,3538 3294,3539 3294,3540 3294,3540 3290,3540 3284,3546 3284,3553 3282,3555 3282,3559 3281,3559 3280,3559 3280,3560 3280,3562 3279,3563 3279,3567 3277,3569 3277,3572 3275,3574 3275,3576 3273,3577 3273,3579 3272,3580 3272,3583 3270,3585 3270,3587 3269,3588 3268,3588 3268,3588 3268,3593 3266,3595 3265,3599 3265,3600 3264,3600 3263,3600 3263,3608 3263,3609 3262,3609 3261,3609 3261,3611 3260,3612 3260,3616 3260,3617 3259,3617 3258,3617 3258,3620 3258,3621 3257,3621 3256,3621 3256,3623 3254,3625 3254,3627 3251,3630 3251,3632 3251,3633 3249,3633 3246,3635 3244,3635 3243,3636 3236,3636 3235,3636 3052,3634 3052,3635 3052,3636 3051,3636 3048,3636 3048,3637 3048,3638 3047,3638 2892,3636 2891,3637 2151,3627 2149,3629 1400,3619 1399,3620"/><TextEquiv><Unicode/></TextEquiv><TextEquiv index="1"><Unicode>“rivai bientôt à ce ſaint monaſtere. J'y</Unicode></TextEquiv></TextLine><TextLine id="l22"><Coords points="2365,3796 2365,3796 2365,3792 2364,3791 2364,3790 2363,3789 2125,3786 2125,3785 2125,3772 2125,3772 1828,3768 1827,3769 1754,3768 1753,3769 1753,3782 1752,3782 1745,3782 1744,3781 1730,3781 1730,3780 1730,3770 1730,3770 1476,3766 1436,3766 1435,3766 1435,3774 1434,3775 1309,3773 1308,3774 1308,3775 1307,3775 1249,3775 1249,3775 1249,3776 1248,3777 1246,3776 1245,3777 1241,3777 1239,3779 1227,3779 1227,3779 1227,3778 1226,3777 1142,3776 1140,3774 1069,3773 1069,3773 1069,3756 1069,3755 915,3753 912,3751 912,3749 910,3747 911,3722 910,3721 899,3721 897,3718 897,3705 898,3704 898,3702 898,3702 900,3702 901,3701 902,3652 904,3650 915,3650 916,3650 916,3639 916,3638 966,3639 967,3638 967,3635 968,3634 970,3634 972,3636 973,3636 974,3636 974,3641 974,3642 1305,3646 1306,3646 1306,3644 1306,3643 1307,3643 1308,3643 1308,3641 1308,3640 1357,3641 1358,3640 1358,3624 1359,3623 1359,3620 1360,3620 1562,3623 1564,3622 1965,3627 1966,3626 1966,3623 1967,3623 2209,3626 2209,3626 2209,3605 2210,3604 2245,3605 2246,3606 2361,3607 2361,3608 2361,3630 2361,3630 2911,3637 2912,3637 2912,3620 2913,3619 2924,3619 2924,3619 2924,3617 2925,3616 2989,3617 2990,3619 2990,3637 2990,3637 3047,3638 3048,3639 3048,3670 3048,3670 3138,3671 3139,3672 3259,3674 3261,3676 3284,3676 3285,3678 3285,3727 3285,3727 3287,3727 3291,3731 3291,3738 3292,3739 3292,3745 3293,3746 3292,3750 3289,3753 3289,3755 3289,3755 3254,3755 3253,3755 3253,3793 3252,3794 2778,3788 2777,3789 2599,3786 2599,3787 2599,3789 2598,3789 2530,3788 2529,3789 2422,3788 2422,3788 2422,3796 2421,3797"/><TextEquiv><Unicode/></TextEquiv><TextEquiv index="1"><Unicode>“appris des choſes ſingulieres ſur un</Unicode></TextEquiv></TextLine><TextLine id="l23"><Coords points="1860,3941 1859,3940 1757,3938 1756,3937 1380,3932 1379,3933 1296,3932 1295,3931 1058,3928 1057,3927 1055,3927 1055,3926 1055,3924 1053,3922 1053,3910 1053,3910 908,3908 907,3908 907,3907 907,3906 906,3906 905,3906 906,3880 905,3879 899,3879 897,3877 895,3877 895,3876 895,3875 894,3875 893,3875 893,3874 893,3872 891,3870 892,3869 892,3863 900,3855 901,3808 902,3807 902,3805 902,3805 925,3805 926,3805 926,3802 926,3801 927,3801 928,3800 1062,3802 1063,3802 1063,3779 1064,3777 1066,3777 1069,3775 1069,3774 1069,3773 1303,3776 1304,3775 1431,3777 1432,3776 1432,3775 1432,3775 1472,3775 1474,3774 1479,3775 1480,3774 1487,3774 1487,3774 1487,3775 1487,3776 1564,3777 1566,3779 1744,3781 1745,3782 1752,3782 1753,3783 2124,3788 2125,3787 2125,3786 2125,3786 2256,3788 2257,3787 2257,3765 2258,3765 2259,3765 2261,3763 2319,3764 2320,3763 2322,3765 2324,3765 2324,3765 2324,3785 2324,3786 2724,3791 2725,3790 2725,3789 2725,3789 2727,3789 2728,3788 2867,3790 2868,3789 2935,3790 2936,3789 3123,3791 3124,3792 3252,3794 3253,3794 3252,3826 3253,3827 3299,3827 3299,3828 3299,3832 3301,3834 3301,3844 3301,3844 3292,3844 3291,3845 3291,3849 3289,3851 3289,3863 3288,3863 3287,3863 3287,3864 3287,3898 3286,3899 3285,3905 3284,3906 3284,3909 3283,3910 3271,3910 3270,3911 3268,3911 3264,3915 3261,3915 3259,3917 3147,3915 3146,3916 3146,3939 3145,3939 2992,3937 2991,3938 2991,3940 2990,3940 2932,3940 2930,3942 2929,3942 2928,3943 2888,3942 2888,3942 2888,3943 2886,3945 2886,3947 2885,3948 2872,3948 2871,3947 2859,3947 2858,3946 2775,3945 2775,3944 2775,3943 2774,3942 2484,3939 2484,3939 2484,3945 2483,3946 2176,3942 2175,3943 2087,3941 2086,3942 2082,3942 2081,3943"/><TextEquiv><Unicode/></TextEquiv><TextEquiv index="1"><Unicode>“jeune Novice qui s'étoit éfevé dans</Unicode></TextEquiv></TextLine><TextLine id="l24"><Coords points="1518,4094 1518,4094 1518,4085 1517,4084 1476,4084 1474,4081 1337,4080 1337,4079 1337,4052 1337,4052 1125,4049 1123,4047 1120,4047 1117,4044 1111,4044 1110,4043 1054,4042 1053,4041 926,4039 924,4037 922,4037 920,4035 897,4035 893,4030 893,4027 892,4026 892,4020 891,4019 891,3973 892,3972 892,3965 893,3965 896,3965 898,3963 927,3963 927,3963 928,3957 928,3956 1057,3958 1058,3958 1058,3929 1058,3928 2384,3945 2385,3945 2385,3931 2389,3927 2408,3928 2409,3927 2415,3927 2415,3927 2415,3928 2416,3929 2450,3929 2450,3930 2450,3933 2451,3933 3016,3941 3018,3943 3281,3946 3282,3947 3282,3977 3283,3978 3288,3978 3289,3980 3289,3987 3288,3988 3287,4111 3284,4113 2073,4097 2072,4098 1800,4095 1800,4095 1800,4096 1799,4097 1747,4096 1746,4097"/><TextEquiv><Unicode/></TextEquiv><TextEquiv index="1"><Unicode>“les airs, qui avoit joué le rôle de S.</Unicode></TextEquiv></TextLine><TextLine id="l25"><Coords points="1611,4252 1609,4250 1598,4250 1597,4249 1594,4249 1592,4247 1588,4247 1588,4246 1588,4242 1587,4242 1559,4242 1559,4241 1559,4237 1557,4235 1557,4233 1557,4233 1476,4232 1475,4230 1473,4230 1471,4228 1465,4228 1464,4228 1464,4227 1464,4226 1450,4226 1449,4226 1449,4213 1449,4212 1219,4209 1218,4210 1218,4221 1215,4224 1215,4226 1215,4226 1214,4226 1213,4227 1213,4228 1213,4228 1206,4228 1204,4226 1204,4220 1204,4220 1064,4218 1062,4217 1062,4201 1062,4200 1052,4200 1051,4199 920,4197 919,4197 920,4190 918,4188 893,4188 893,4187 893,4137 892,4136 892,4125 891,4124 893,4122 893,4120 895,4119 897,4119 898,4118 921,4118 921,4118 922,4115 922,4114 1052,4116 1053,4115 1053,4082 1053,4082 1055,4082 1057,4080 1094,4081 1095,4080 1114,4080 1116,4082 1118,4082 1119,4083 1124,4083 1126,4085 1129,4085 1132,4088 1132,4090 1132,4090 1134,4090 1136,4092 1136,4094 1137,4095 1138,4095 1139,4096 1139,4098 1139,4098 1314,4100 1316,4102 1318,4102 1320,4104 1320,4106 1321,4107 1321,4111 1321,4111 1563,4115 1564,4114 1564,4102 1564,4102 1721,4104 1722,4103 1722,4097 1722,4097 1746,4097 1747,4096 1900,4098 1901,4097 1950,4098 1951,4097 2180,4100 2181,4099 2385,4101 2386,4100 2391,4100 2392,4100 2395,4100 2396,4100 2396,4101 2396,4102 2598,4104 2599,4104 2599,4090 2600,4088 2622,4089 2624,4088 2885,4091 2886,4090 2886,4079 2888,4077 2888,4075 2889,4075 2933,4076 2933,4076 2933,4093 2933,4094 2935,4094 2936,4094 2936,4108 2936,4109 2999,4109 3000,4110 3000,4115 3000,4115 3021,4116 3022,4116 3022,4117 3022,4118 3236,4121 3237,4120 3237,4116 3237,4116 3240,4116 3241,4116 3241,4124 3241,4125 3264,4125 3265,4125 3265,4126 3266,4127 3265,4136 3266,4137 3277,4137 3277,4138 3277,4173 3280,4176 3280,4178 3280,4178 3281,4178 3282,4179 3282,4180 3282,4180 3296,4180 3297,4181 3297,4183 3298,4184 3296,4185 3294,4185 3292,4187 3286,4187 3286,4188 3285,4255 3284,4256 3284,4260 3279,4264 3278,4263 3278,4252 3277,4251 3048,4248 3048,4249 3048,4255 3047,4255 3029,4255 3029,4255 3029,4264 3028,4265 3014,4265 3014,4264 3014,4262 3013,4262 2790,4259 2788,4261 2782,4261 2782,4261 2782,4263 2781,4264 2773,4264 2772,4262 2720,4262 2720,4261 2720,4254 2719,4254 2718,4254 2718,4253 2718,4226 2718,4226 2420,4222 2419,4222 2419,4250 2417,4252 2392,4252 2391,4253 2348,4252 2348,4252 2348,4253 2347,4254 2346,4254 2346,4254 2346,4257 2345,4258 2302,4257 2301,4258 2132,4256 2132,4257 2132,4258 2131,4258 2087,4258 2087,4257 2087,4244 2086,4244 1868,4241 1868,4241 1868,4251 1867,4252 1863,4252 1863,4251 1863,4248 1862,4248 1630,4245 1629,4246 1629,4247 1623,4252"/><TextEquiv><Unicode/></TextEquiv><TextEquiv index="1"><Unicode>“Bruno, qui avoit vécu dans le mo-</Unicode></TextEquiv></TextLine><TextLine id="l26"><Coords points="2869,4436 2866,4433 2867,4431 2866,4430 2866,4429 2865,4429 2861,4429 2858,4426 2073,4415 2072,4414 2067,4414 2065,4412 1805,4409 1805,4408 1805,4407 1804,4407 1401,4402 1400,4401 1347,4400 1347,4399 1347,4386 1346,4386 968,4381 967,4380 906,4379 905,4379 905,4354 905,4353 893,4353 892,4352 891,4352 890,4351 890,4350 890,4350 889,4350 888,4349 888,4348 888,4348 887,4348 886,4347 886,4346 885,4345 886,4342 885,4341 885,4333 886,4332 886,4330 887,4329 889,4329 890,4328 890,4276 891,4276 897,4276 897,4275 897,4274 898,4274 1014,4275 1014,4275 1015,4267 1015,4266 1154,4268 1155,4268 1155,4267 1155,4266 1205,4267 1208,4265 1208,4263 1208,4262 1209,4262 1210,4262 1210,4255 1210,4254 1212,4254 1213,4254 1213,4253 1213,4252 1214,4252 1215,4252 1215,4251 1217,4248 1219,4248 1220,4247 1222,4247 1224,4245 1226,4245 1227,4245 1227,4244 1227,4243 1246,4244 1247,4243 2442,4258 2443,4258 2443,4232 2445,4230 2446,4230 2447,4229 2448,4231 2448,4234 2449,4234 2609,4236 2610,4238 2610,4239 2611,4239 2652,4240 2653,4242 2655,4242 2656,4243 2658,4243 2659,4244 2659,4251 2659,4251 3085,4257 3086,4257 3086,4258 3086,4259 3088,4259 3089,4259 3089,4261 3089,4262 3093,4262 3095,4264 3104,4264 3105,4264 3105,4265 3105,4266 3137,4266 3138,4267 3138,4269 3138,4269 3140,4269 3141,4270 3140,4289 3141,4289 3283,4291 3284,4293 3284,4295 3285,4295 3287,4295 3289,4297 3291,4297 3291,4298 3290,4364 3291,4365 3291,4372 3291,4372 3290,4372 3289,4373 3289,4374 3289,4374 3281,4374 3280,4375 3280,4414 3279,4415 3279,4416 3274,4420 3248,4420 3248,4420 3248,4425 3247,4426 3129,4424 3128,4425 3058,4424 3057,4425 3019,4425 3018,4426 2912,4424 2912,4425 2911,4436 2911,4436"/><TextEquiv><Unicode/></TextEquiv><TextEquiv index="1"><Unicode>“naſtere avec une jeune fille déguiſée,</Unicode></TextEquiv></TextLine><TextLine id="l27"><Coords points="1756,4579 1755,4579 1756,4577 1755,4576 1755,4575 1754,4574 1744,4574 1743,4573 1697,4572 1695,4570 1688,4570 1688,4570 1688,4560 1687,4559 1561,4558 1560,4557 1482,4556 1481,4555 1450,4554 1449,4553 1428,4553 1428,4552 1428,4544 1427,4544 1426,4544 1426,4543 1426,4542 1425,4542 1311,4540 1311,4541 1311,4546 1310,4546 1304,4546 1304,4546 1304,4540 1303,4539 1167,4538 1167,4538 1167,4546 1166,4546 1162,4546 1162,4546 1162,4545 1161,4544 1156,4544 1156,4544 1156,4530 1156,4529 1122,4529 1120,4527 1120,4514 1120,4514 1059,4513 1058,4512 1057,4512 1055,4510 1049,4510 1048,4509 1048,4505 1048,4505 936,4503 935,4504 935,4506 935,4506 932,4506 931,4507 931,4529 931,4529 927,4529 926,4530 926,4532 926,4532 924,4532 922,4534 920,4534 919,4535 919,4537 918,4537 912,4537 912,4537 912,4535 910,4533 910,4504 910,4503 889,4503 888,4502 889,4495 888,4494 888,4488 890,4486 890,4436 892,4434 892,4432 894,4431 900,4431 900,4430 900,4429 901,4429 907,4429 907,4429 907,4425 910,4422 923,4422 923,4422 924,4410 925,4408 997,4409 998,4409 998,4398 1000,4395 1002,4395 1003,4396 1003,4418 1003,4418 1119,4420 1120,4419 1120,4369 1121,4369 1163,4369 1163,4370 1163,4371 1164,4371 1232,4372 1232,4373 1232,4374 1233,4374 1234,4374 1234,4375 1234,4376 1235,4376 1237,4376 1238,4377 1240,4377 1241,4379 1241,4381 1244,4383 1246,4384 1246,4384 1246,4387 1246,4388 1248,4388 1249,4388 1249,4398 1249,4399 1353,4400 1354,4400 1354,4401 1354,4402 1511,4404 1512,4403 1549,4403 1550,4403 1613,4403 1615,4401 1618,4401 1620,4399 1694,4400 1695,4401 1700,4401 1703,4405 1709,4405 1710,4405 1710,4407 1710,4408 1821,4409 1822,4410 1822,4412 1822,4412 1824,4412 1826,4414 1828,4414 1829,4415 1831,4415 1832,4416 1831,4433 1832,4433 2005,4435 2005,4435 2006,4415 2006,4414 2008,4414 2009,4414 2010,4414 2011,4414 2011,4418 2011,4419 2012,4419 2013,4419 2013,4420 2013,4421 2160,4422 2161,4422 2161,4416 2161,4416 2241,4417 2242,4416 2249,4416 2250,4417 2381,4418 2382,4417 2429,4418 2430,4417 2455,4417 2456,4416 2538,4417 2539,4416 2616,4417 2617,4417 2617,4416 2617,4415 2643,4416 2644,4415 2645,4415 2646,4414 2653,4414 2654,4413 2654,4412 2654,4412 2743,4413 2744,4413 2744,4404 2744,4403 2750,4403 2751,4403 2751,4401 2751,4400 2762,4400 2763,4401 2763,4422 2763,4422 3052,4426 3053,4425 3118,4426 3119,4425 3240,4427 3241,4426 3247,4426 3248,4426 3248,4431 3250,4433 3250,4435 3250,4436 3275,4436 3275,4437 3275,4449 3284,4458 3284,4468 3280,4472 3280,4474 3279,4475 3279,4477 3278,4477 3275,4477 3275,4478 3275,4479 3274,4480 3273,4529 3272,4530 3272,4532 3272,4532 3271,4532 3270,4533 3270,4534 3270,4534 3269,4534 3268,4535 3268,4536 3268,4536 3266,4536 3263,4538 3263,4540 3263,4541 3232,4541 3231,4542 3216,4541 3215,4542 3215,4558 3214,4558 3131,4557 3130,4558 3129,4558 3129,4559 3129,4565 3128,4565 3110,4565 3110,4565 3110,4571 3109,4572 3077,4572 3076,4572 3036,4572 3035,4573 2952,4572 2951,4573 2895,4572 2894,4573 2863,4573 2862,4574 2747,4572 2747,4573 2747,4574 2746,4574 2739,4574 2739,4574 2739,4552 2738,4551 2716,4551 2716,4550 2716,4536 2716,4536 2604,4534 2602,4536 2600,4536 2599,4537 2589,4537 2587,4539 2543,4539 2542,4539 2542,4565 2541,4565 2539,4565 2539,4566 2539,4567 2538,4567 2537,4566 2515,4566 2514,4565 2485,4565 2484,4564 2353,4562 2352,4563 2345,4563 2344,4564 2322,4564 2321,4565 2300,4564 2299,4565 2276,4565 2275,4566 2190,4565 2190,4565 2190,4566 2189,4567 2180,4567 2179,4568 2173,4568 2173,4567 2173,4564 2172,4564 2059,4562 2058,4563 2020,4563 2020,4563 2020,4567 2019,4568 1980,4567 1979,4568 1975,4568 1974,4567 1765,4564 1765,4565 1765,4575 1764,4575 1759,4575 1759,4576 1758,4579 1758,4579"/><TextEquiv><Unicode/></TextEquiv><TextEquiv index="1"><Unicode>“aſſez épriſe pour embraſſer, avec</Unicode></TextEquiv></TextLine><TextLine id="l28"><Coords points="2315,4733 2315,4732 2315,4730 2314,4730 2069,4726 2068,4725 2068,4724 2067,4723 1965,4722 1964,4721 1917,4720 1916,4719 1581,4715 1581,4715 1581,4717 1580,4718 1492,4717 1491,4718 1318,4715 1317,4716 1279,4716 1277,4714 1184,4713 1184,4712 1184,4710 1182,4709 1179,4709 1177,4706 1177,4704 1176,4704 944,4701 944,4701 944,4707 943,4708 902,4707 902,4707 902,4664 902,4663 888,4663 886,4661 886,4658 885,4657 886,4648 885,4647 885,4642 885,4642 887,4642 888,4641 888,4591 889,4591 906,4591 906,4591 907,4570 909,4568 909,4564 909,4563 934,4563 935,4563 935,4550 935,4549 938,4550 939,4549 968,4549 969,4548 969,4527 970,4527 971,4527 971,4526 971,4524 972,4524 983,4524 984,4525 987,4525 988,4527 988,4544 988,4544 1162,4546 1163,4547 1198,4548 1199,4549 1344,4551 1345,4552 1432,4553 1433,4554 1481,4555 1482,4556 1511,4556 1512,4557 1598,4558 1599,4559 1599,4564 1599,4564 1856,4568 1857,4567 1857,4566 1857,4566 1900,4566 1901,4567 2132,4570 2135,4567 2179,4568 2180,4567 2271,4568 2273,4566 2290,4566 2291,4565 2316,4566 2317,4565 2332,4565 2333,4564 2344,4564 2345,4563 2359,4563 2360,4562 2372,4562 2373,4561 2390,4562 2391,4561 2398,4561 2399,4560 2541,4561 2542,4561 2542,4554 2543,4553 2559,4553 2560,4552 2560,4551 2560,4551 2574,4551 2576,4549 2717,4551 2718,4551 2718,4559 2718,4560 2720,4560 2725,4564 2725,4570 2725,4571 2926,4574 2927,4573 3025,4574 3026,4573 3056,4573 3057,4572 3100,4573 3101,4572 3239,4574 3241,4572 3243,4572 3244,4571 3244,4570 3244,4570 3245,4570 3246,4569 3246,4567 3246,4567 3270,4567 3272,4566 3272,4562 3273,4560 3284,4560 3285,4561 3285,4563 3285,4563 3286,4563 3287,4564 3286,4615 3287,4616 3286,4666 3287,4666 3290,4666 3291,4668 3291,4676 3287,4680 3281,4680 3280,4681 3280,4728 3279,4729 3279,4733 3276,4735 3271,4735 3271,4736 3271,4740 3270,4740 3264,4740 3263,4739 3236,4739 3236,4738 3236,4736 3235,4736 3114,4734 3113,4733 3077,4733 3076,4732 2862,4729 2861,4730 2797,4729 2796,4730 2754,4729 2753,4730 2665,4729 2665,4730 2665,4731 2664,4731 2658,4731 2657,4732 2615,4731 2614,4732 2579,4732 2578,4733 2498,4732 2497,4733 2490,4733 2489,4734 2440,4733 2439,4734"/><TextEquiv><Unicode/></TextEquiv><TextEquiv index="1"><Unicode>ul, Péut de Caiee... ſes</Unicode></TextEquiv></TextLine><TextLine id="l29"><Coords points="3195,4904 3194,4903 3193,4903 3192,4902 3191,4902 3190,4901 3189,4901 3188,4900 3187,4900 3186,4899 3185,4899 3184,4898 3182,4898 3181,4897 3179,4897 3178,4896 3176,4896 3175,4895 3172,4895 3171,4894 3167,4894 3166,4893 3014,4891 3014,4890 3014,4880 3013,4880 2622,4875 2622,4875 2622,4878 2621,4879 2392,4876 2392,4876 2392,4886 2391,4887 2353,4886 2352,4887 2262,4886 2261,4887 2126,4885 2125,4886 2062,4885 2061,4884 2061,4882 2060,4881 2058,4881 2057,4880 1750,4876 1750,4877 1750,4878 1749,4878 1739,4878 1738,4877 1712,4877 1711,4876 1674,4875 1673,4874 1600,4873 1600,4873 1600,4872 1599,4871 1449,4869 1449,4869 1449,4866 1448,4865 1274,4863 1273,4861 1273,4853 1272,4853 1041,4850 1041,4850 1041,4855 1040,4856 1038,4856 1038,4856 1038,4860 1037,4861 1028,4861 1027,4860 960,4859 959,4858 953,4858 953,4857 953,4856 952,4855 952,4817 952,4817 889,4816 888,4815 888,4814 888,4814 887,4814 885,4812 886,4799 886,4799 887,4799 888,4798 888,4746 890,4745 901,4745 901,4745 902,4708 902,4707 946,4708 947,4708 947,4709 947,4710 1190,4713 1191,4713 1191,4724 1192,4726 1193,4726 1194,4726 1193,4730 1194,4731 1279,4732 1279,4732 1279,4736 1280,4737 1487,4740 1487,4739 1488,4720 1490,4718 1520,4718 1521,4717 1580,4718 1581,4719 1796,4722 1798,4720 1798,4718 1798,4718 1843,4718 1844,4719 1919,4720 1920,4721 1971,4722 1972,4723 1972,4725 1972,4725 2079,4726 2080,4727 2080,4730 2080,4730 2315,4734 2316,4733 2439,4734 2440,4733 2489,4734 2490,4733 2559,4734 2560,4733 2610,4733 2611,4732 2628,4733 2629,4732 2657,4732 2658,4731 2744,4732 2745,4732 2745,4731 2745,4730 2771,4731 2772,4730 2820,4730 2821,4729 2866,4730 2867,4729 2944,4730 2945,4729 3003,4730 3004,4731 3052,4731 3053,4732 3103,4733 3104,4734 3135,4734 3138,4737 3246,4739 3247,4740 3271,4740 3273,4743 3273,4763 3274,4763 3275,4763 3275,4764 3275,4766 3276,4766 3283,4766 3285,4769 3285,4776 3285,4776 3284,4776 3283,4777 3282,4876 3281,4876 3202,4875 3202,4876 3201,4900 3199,4902 3197,4902 3196,4903 3196,4904 3196,4904"/><TextEquiv><Unicode/></TextEquiv><TextEquiv index="1"><Unicode>“aventurès brillantes, à ſes mfidéfités,</Unicode></TextEquiv></TextLine><TextLine id="l30"><Coords points="2312,5087 2311,5086 2137,5083 2137,5083 2137,5081 2135,5079 2136,5026 2135,5025 1873,5022 1873,5022 1872,5066 1872,5067 1871,5067 1870,5067 1870,5068 1870,5069 1869,5069 1868,5069 1868,5070 1868,5071 1860,5071 1858,5069 1859,5004 1858,5004 1704,5002 1704,5002 1703,5072 1703,5073 1696,5072 1695,5071 1548,5070 1547,5069 1334,5066 1333,5067 1248,5066 1247,5065 1204,5064 1203,5063 1089,5062 1088,5061 1088,5060 1088,5060 981,5058 980,5057 970,5057 969,5056 969,5034 969,5034 903,5033 902,5033 903,5031 901,5029 893,5029 893,5028 893,5024 891,5022 891,5009 890,5009 882,5009 881,5007 881,4981 881,4981 877,4981 874,4978 874,4976 875,4976 879,4976 879,4975 879,4973 881,4972 884,4972 884,4971 886,4875 887,4874 891,4874 892,4873 894,4873 895,4872 895,4869 895,4869 952,4870 953,4869 953,4858 953,4858 959,4858 960,4859 961,4859 962,4860 1037,4861 1038,4861 1038,4865 1038,4866 1062,4866 1064,4868 1064,4869 1064,4869 1331,4873 1332,4872 1332,4871 1335,4868 1455,4869 1456,4870 1456,4871 1456,4871 1635,4874 1636,4875 1680,4875 1681,4876 1716,4877 1717,4878 1757,4878 1759,4880 1784,4881 1786,4883 1789,4883 1791,4885 1793,4885 1793,4885 1793,4886 1794,4887 2061,4890 2061,4890 2062,4886 2062,4885 2149,4886 2150,4885 2345,4888 2346,4887 2386,4887 2387,4886 2464,4888 2465,4887 2465,4877 2465,4877 2664,4879 2665,4879 2665,4877 2665,4876 2679,4876 2681,4874 2689,4874 2690,4873 2693,4874 2694,4873 2695,4873 2696,4874 2702,4874 2704,4876 3013,4880 3014,4880 3014,4889 3014,4890 3232,4893 3234,4891 3234,4886 3234,4886 3241,4886 3242,4885 3243,4885 3244,4884 3244,4882 3250,4876 3281,4876 3282,4877 3281,4926 3282,4926 3283,4926 3285,4929 3284,4978 3285,4978 3291,4978 3291,4979 3291,4991 3292,4992 3292,4993 3292,4993 3290,4993 3289,4994 3289,4995 3289,4995 3288,4995 3287,4996 3287,4998 3287,4998 3285,4998 3284,4999 3284,5000 3284,5000 3283,5000 3282,5001 3282,5003 3280,5005 3280,5007 3279,5008 3279,5039 3276,5041 3245,5041 3243,5043 3084,5041 3083,5042 3043,5041 3043,5042 3042,5051 3042,5051 3041,5051 3037,5055 3036,5055 3031,5060 2970,5059 2969,5060 2969,5062 2969,5062 2965,5062 2964,5063 2964,5091 2963,5091 2926,5091 2926,5091 2926,5092 2925,5093 2922,5093 2921,5094 2921,5093 2921,5092 2920,5091 2725,5089 2724,5090 2713,5090 2713,5089 2713,5060 2713,5060 2502,5057 2501,5058 2501,5070 2500,5071 2466,5071 2465,5071 2465,5087 2464,5088 2383,5086 2382,5087"/><TextEquiv><Unicode/></TextEquiv><TextEquiv index="1"><Unicode>ee eeoonus mon cher Caaudii.Je</Unicode></TextEquiv></TextLine><TextEquiv><Unicode/></TextEquiv></TextRegion></Page></PcGts>