4266 6032
906 262 3385 462 Adélaide? D'ailleurs, ma ſœur Nueute
909 451 3332 620 Merviglia vient d'arriver au milieu de
917 606 3340 779 nous. Elle a écrit auſſi ſes aventures;
921 759 3334 934 mais en italien. Je vais m'amuſer à les
924 916 3337 1090 traduire; & je les donnerai par la ſuite
931 1072 3341 1246 au public, comme une fuite naturelle
934 1232 3341 1392 de l'Aventurier François, s'il me paroît
943 1389 3385 1560 les déſirer. On y verra peut-être ce que
945 1544 3354 1705 deviennent Artémiſe & d'autres perſon-
943 1693 3347 1877 nages de l'heureuſe famille où je reſpire,
950 1858 3347 2027 & que je ſouhaite de ne jamais quitter.
947 2010 3351 2192 Quand on a trouvé le bonheur, il ne
959 2166 2857 2364 faut plus coutiude monde.
970 2999 3388 3263 LISTE DES OUVRAGES
1475 3306 2888 3479 De M. Lesuire.
983 3519 3385 3679 Iſae & Rélecca, ou Les oces Patiarchales,
1017 3647 3378 3801 Poëme en proſe en cinq Chants; nouvelle
1058 3790 1505 3929 Edition.
988 3947 3384 4134 Elog du Maréehal de Catinat, dédié à lui-même.
995 4146 3384 4312 Letre de M. Camille Trillo, ſur l Mluſique
1057 4312 1762 4480 Deamatique.
1002 4467 3385 4641 Les Amans François à Londres, ou les Délices
1024 4627 2159 4787 de l'Angleterre.
1004 4787 2959 4940 Aux Mânes de J. Jacques Rouſſeau.
