4266 6032
943 111 3370 374 Le Monde, Poëme en deux vol.
1076 339 3360 530 On prépare une nouvelle Ediuon de ce
1241 499 3356 671 Poëme, où il eſt entierement refondu &
1370 627 3356 794 corrigé, en un volume, qui formera
1242 747 3356 922 le troiſieme de l'Ouvrage pour les Ama-
1270 881 3348 1055 teurs des Variantes, qui voudront ſe pro-
1380 1012 3380 1172 curer auſſi l'ancienne dition. La nou-
1084 1138 2935 1297 velle nous paroît déſirée.
924 1320 3344 1481 Miire de la République des Leures & Ares
926 1456 3339 1646 en France, années 177,, 7e, 178t, 178i,
921 1588 1471 1728 & 188.
1012 1727 3380 1937 L'aonée 1ô va paroître. Les ſuffrages des
1107 1906 3335 2064 gens éclaires encouragent l'Auteur à
1077 2035 3327 2191 continuer cet Ouvrage, qu'on trouve
883 2078 3352 2334 utile. C'eſt un Précis & un Apperçu des
883 2273 3332 2587 tit P l ſagls leeſit um-
888 2570 3324 2779 L'venturier François, ou Mémotres de Gré-
941 2737 3272 2899 re Merveil. “. vol. troiſieme Editiou.
883 2905 3310 3077 e de l'Aventurier François, ou Mémoires
885 3063 3347 3212 de Grégoire Merveil, Marouis d'Erbeuil,
947 3182 3309 3371 vol. formant les tomes IIl & IV de l'vec-
883 3315 1930 3445 'urier François.
897 3492 3343 3663 Sconde ſuite de l'Aventurter Françols, contenanr
921 3636 3303 3776 les Mémoires de ataudin, Chevalier de Ro-
928 3759 3297 3910 ſamene, fils de Grégoire Merveil, vol. for-
1024 3886 3320 4071 mant les tomes V, Vi, VII, & VIII de
1014 4016 2350 4175 l'Avnturier François,
1024 4165 3294 4354 On voit qu'il y a vol. pour l'iſtoire du
1275 4331 3306 4488 Pere, & pour celle du Fils. On en
990 4470 3296 4618 a outera peut-être z pour celle de Ninette
1101 4582 3292 4778 Mervigla, ſi le Public paroit le déſirer.
