4266 6032
1026 272 3344 444 vu ſon arrivée, je n'ai point vu ſon dé-
1010 428 3340 601 part. Je me ſuis éveillé. On va croireque
1014 587 3335 746 c'eſt dans un tombeau. Non. D'abord,
1017 740 3334 900 c'étoit au ſein de la nuit. J'étois nu, exac-
1008 900 3332 1055 tement nu, fort durement couché. Entâ-
1002 1051 3327 1215 tonnant, je reconnus que j'étois ſur une
986 1210 3323 1530 rdeplulee no pooenmnttmeeoain
1000 1517 3359 1681 autour de moi, je ſentis que la droite
1002 1674 3323 1844 ſe repoſa machinalement ſur quelque
1002 1827 3322 1993 choſe qui reſſembloit au ſein très-ferme
1000 1980 3316 2147 & très-froid d'une femme. Je treſſaillis,
989 2138 3313 2316 non d'horreur, mais ſimplement de ſur-
991 2295 3313 2474 priſe; & en égarant plus loin ma main
986 2451 3313 2620 timide, je reconnus toutes les dépen-
917 2605 3311 2775 dances qui m'aſſurerent que j'étois au-
990 2758 3304 2948 près d'une femme nue comme moi:
988 2909 3306 3094 „Que ſignifie une telle ſituation? me
998 3064 3299 3248 “diſois-je auſſi ſcandaliſé que ſurpris.
997 3229 3306 3410 “Apropos de quoi coucher un homme
1000 3378 3304 3557 “nu ſur une table, auprès d'une femme
988 3532 3308 3718 “auſſi indécemment dépouillée? Pour-
990 3693 3306 3879 “quoi choiſir le temps de ma préten-
931 3832 3306 4044 “due mort, pour un arrangement ſi
983 4020 2207 4201 “peu honnête“?
919 4140 3311 4351 Je compris cependant qu'on avoit
983 4307 3306 4504 dû me croire effectivement mort; qu'en
986 4457 3308 4663 cette qualité on m'avoit porté dans la
983 4620 3303 4819 chambre où l'on enſevelit les morts;
974 4792 3328 4993 qu'au jour naiſſant, je devois être pro-
