4266 6032
954 264 3280 447 bablement enveloppé dans le linceul;
954 422 3298 601 que ma voiſine, au ſein froid & ferme,
964 577 3304 753 devoit être une morte poſée ſur la
959 735 2986 897 même table, pour le même objet.
1027 883 3282 1050 Cette morte m'intéreſſoit. Je déſirois
1010 1045 3284 1214 qu'elle pût, comme moi, revenir à la
1005 1198 3285 1367 lumiere. Mes mains, je l'avoue, s'éga-
1007 1355 3291 1516 toient, non pour ſatisfaire aucun déſir
1007 1509 3292 1675 malhonnête, mais dans l'intention d'exa-
1007 1665 3291 1825 miner s'il n'y avoit pas eſpérance de la
1010 1820 3289 1985 appeler à la vie. Puiſqu'on voit la lé-
1010 1978 3287 2140 gitimité de mon but, qu'on me per-
1008 2131 3289 2290 mette de dire que je touchois une peau
1010 2283 3285 2443 de ſatin, & que je ſentois, dans les
1007 2440 3282 2599 ſones de ce corps, tout ce qui pou-
1005 2589 3282 2752 voit annoncer la jeuneſſe. Autant qu'il
957 2749 3284 2912 n'étoit poſſible de juger des traits par
1005 2900 3285 3068 le ta, en paſſant la main ſur le viſage,
1008 3058 3282 3221 il me ſembloit que ce devoit être celui
1005 3215 3282 3378 d'une très-jolie perſonne. Toutes ces
1003 3366 3285 3530 circonſtances m'intéreſſoient néceſſai-
995 3521 3280 3686 rement, quoique l'humanité dût ſuffire
1000 3678 3284 3832 pour m'émouvoir en faveur de cette
996 3830 3279 4009 ſemme, quelle que fût ſa figure: &
991 3992 3280 4150 comme Artémiſe étoit la dermere per-
995 4131 3313 4308 ſonne de ſon ſexe que j'avois vue, &
993 4295 3273 4464 qui m'avoit interreſſé, je prêtois à la
990 4455 3265 4619 morte les traits de cette belle perſonne.
981 4592 3270 4775 Je me rappelois même les défaillances
981 4756 3273 4936 que je lui avois vu éprouver récem-
2310 4921 2908 5091 A
