4266 6032
965 281 3359 465 ment; & je concevois une eſpece de
970 448 3358 616 ſoupçon lointain, qui me la faiſoit en-
965 604 3359 774 trevoir dans cette dépouille immobile.
1098 747 3359 936 J'appuyois, avec crainte & reſpec-
967 911 3359 1081 tueuſement, ma main ſur la poitrine. Il
909 1070 3358 1236 me ſembla que le cadavre s'échauffoit
971 1227 3352 1391 ſingulierement ſous ma main fortunée.
977 1385 3359 1544 Je ſentis battre le cœur, d'abord foible-
983 1538 3298 1701 ment & d'une maniere douteuſe, en-
988 1696 3294 1859 ſuite très-décidément. La beauté, que
984 1851 3294 2015 je ſuppoſois à cette infortunée, me fit
986 2009 3359 2185 vaincre la répugnance que tout mort
995 2161 3359 2324 ou vivant doit inſpirer en pareille cir-
995 2315 3356 2479 conſtance. Déſirant de la ranimer, je la
993 2470 3341 2635 ſerrai dans mes bras. Je ſentis ſa poi-
990 2623 3303 2790 trine s'échauffer de plus en plus ſous la
995 2787 3356 2942 mienne, & ſon cœur battre contre mon
1002 2933 3303 3105 cœur. Je pouſſai l'humanité juſqu'à
998 3090 3299 3260 preſſer ſa bouche de la mienne. Enfin,
996 3241 3303 3420 j'entendis exhaler un grand ſoupir. Je
996 3390 3303 3565 redoublai mes tendres & ſalutaires ca-
972 3542 3303 3730 reffes. La perſonne s'écria: Stelle!
1003 3708 3315 3880 doue ſon'io? (Ciel! où ſuis-je?) Je re-
1007 3847 3313 4041 çus ces mots avec les plus vifs tranſ-
1002 4026 3315 4199 ports de joie. Cette voix, d'ailleurs, ne
1007 4173 3316 4371 m'étoit pas inconnue; elle avoit même
1003 4320 3322 4512 je ne ſais quoi de tendre qui pénétoit
1008 4481 3351 4667 juſques dans mon cœur. „Ma chere
1015 4623 3359 4822 “amie, dis - je à la nouvelle reſſuſci-
1015 4783 3335 5007 “tée, ne craignez rien, vous êtes dans
