4266 6032
895 207 3237 443 chéri dont la perte m'étoit ſi ſenſible!
893 370 3311 603 “Je reprends la vie, je retrouve l'hom-
895 500 3248 751 me qui m'eſt cher, ſans doute auſſi
940 683 3252 905 “je recouvrerai ma liberté & le cœur
898 885 1973 1050 “de ma mere“.
893 954 3260 1205 Je preſſai dans mes bras cette jeune
902 1146 3270 1377 perſonne, avec un attendriſſement inex-
950 1292 3261 1526 primable. „O ma douce Artémiſe!
893 1453 3276 1671 lui dis-je enfin, mon Ange tutélaire,
971 1605 3277 1825 “le ſeul bien qui me reſte ſur la terre,
897 1757 3282 1968 faut-il que je vous cauſe tant de mal-
959 1913 3289 2135 “heurs, en récompenſe de tant de
893 2068 3292 2287 “bienfaits dont vous m'avez comblé,
933 2227 3301 2439 & que le Ciel me condamne à pa-
991 2375 3297 2591 “roître ingrat, même quand je ſuis
993 2532 3296 2749 “privé du ſentiment? Non, ma chere
898 2683 3304 2905 amie, il ne faut pas nous endormir
988 2843 3310 3059 dans la circonſtance où nous ſommes;
988 2996 3313 3212 nous devons profiter de la vie qui
1003 3148 3306 3361 nous eſt rendue, & nous ſouſ-
893 3297 3322 3516 “traire aux tyrans qui nous perſé-
895 3450 3325 3673 cutent. -- Hélas! reprit Artémiſe, il
893 3615 3330 3824 “eſt trop vrai; ſi l'on nous retrouve
893 3766 3337 3982 “ainſi échappés à la mort, on nous
893 3921 3340 4137 enfermera chacun de notre côté, vous
893 4077 3346 4291 comme fou, puiſqu'il faut le dire,
893 4236 3348 4446 “moi peut-être en la même qualité“,
893 4389 3353 4599 Tandis que nous parlions ainſi, le
897 4539 3370 4757 Mur commençoit à poindre, &, pat
897 4709 3056 4987 grés, nous appercevions lesc
3041 4712 3365 4863 ets
