4266 6032
940 355 3359 515 revenoit avec un fouet qu'il cachoit ſous
940 514 3356 672 ſa veſte, de maniere qu'on le voyoit
941 671 3322 836 pendre. Le dogue reculoit avec le
940 824 3354 988 même reſpect; l'homme n'appercevoit
945 983 3356 1139 encore perſonne, & ſe retiroit en redou-
947 1136 3322 1297 blant ſes juremens. Nous obſervions
945 1294 3347 1454 cette farce, d'un angle obſcur où nous
945 1449 3337 1607 étions cachés. Nous ne ſavions où nous
947 1607 3337 1782 retirer. Il ne nous étoit pas poſſible de
957 1763 3328 1924 reſter, de jour, au milieu de la rue,
972 1916 3340 2076 dans un état ſi comique. Nous ſouhai-
969 2075 3342 2233 tions de bon cœur, quele Janus de cette
965 2230 3339 2386 porte, en courant après le chien, nous
966 2382 3351 2542 fournît l'occaſion d'entrer chez lui. En-
967 2536 3354 2694 fin le bon homme revint ouvrir; il ſortit
972 2693 3349 2857 pour voir, ſi, en rodant quelques pas,
972 2849 3346 3010 il ne découvriroit point le ſonneur. Il
972 3005 3344 3165 ne vit aucun homme; mais il apperçut
977 3160 3354 3322 la piteuſe éclanche pendue à la chaîne
984 3315 3359 3474 de ſa ſonnette. Alors il eut aſſez d'ima-
979 3469 3356 3788 linnirree tu e mumnt e ont ouel,
990 3782 3356 3945 après le chien, qui gambada devantlui,
991 3934 3351 4099 & finit par ſe jeter ſi à propos dans ſes
936 4090 3358 4255 jambes, qu'il le fit tomber le nez dans
926 4245 3361 4414 la boue, ou dans ce qu'on voudra. Pen-
996 4396 3363 4568 dant ce bel exploit, il avoit laiſſé ſa
993 4568 3370 4723 porte ouverte, & nous eûmes le temps
991 4703 3375 4909 d'y entrer, avant qu'Il pût voir clair &
996 4874 2345 5052 rentren lui-même.
