4266 6032
943 240 3302 384 Nous crûmes devoir éviter ſes re-
854 407 3284 580 gards. Nous nous enfonçâmes dans un
883 560 3289 725 long corridor très-obſcur, où nous ne
922 714 3291 877 rencontrâmes perſonne. Que faire? nous
931 871 3297 1036 ne pouvions obtenir des ſecours, ſans
936 1029 3315 1186 être vus, & nous ne pouvions être ap-
905 1184 3306 1351 perçus, ſans riſquer d'être pris pour des
938 1335 3310 1497 voleurs. Nous rodâmes long-temps ſans
945 1487 3306 1650 but déterminé, fort embarraſſés de nos
947 1646 3330 1806 perſonnes. Enfin, nous crûmes entendre
910 1799 3325 1958 un bruit ſouterrain, qui s'élevoit de
916 1950 3318 2116 deſſous nos pieds, & qui reſſembloit
854 2106 3313 2267 à de la muſique. Nous écoutâmes, &
955 2263 3325 2424 nous nous confirmâmes dans l'opinion
959 2412 3335 2578 que c'étoit en effet un ſon muſical. Nous
962 2567 3334 2735 diſtinguâmes, de plus, un bruit ſourd &
959 2725 3334 2889 cadencé comme celui des fauts reglés;
890 2880 3335 3043 ce qui nous annonçoit qu'on danſoit au
897 3034 3342 3177 ſon des inftrumens, comme il eſt d'u-
962 3191 3346 3354 ſage. Nous cherchâmes les moyens de
965 3347 3342 3508 parvenir à la ſalle du bal. Nous trou-
964 3499 3346 3643 vâmes, à force de tâtonner, un eſca-
955 3653 3353 3820 lier obſcur, par lequel nous deſcendî-
964 3810 3351 3964 mes. Nous découvrîmes enfin la porte
969 3964 3359 4133 de la ſalle, ou plutôt de la cave. Nous
969 4120 3347 4286 remarquâmes, à quelques toiſes de là,
964 4281 3354 4443 un grand trou creuſé dans le mur, avec
967 4432 3360 4599 les pierres dérangées & enlevées de ce
965 4585 3354 4753 tou; ce qui nous fit conjecturer qu'on
852 4737 3366 4960 paſſoit d'un bâtiment voiſin dans celui-
