4266 6032
979 324 3352 491 ci, par cette breche, où l'on pouvoit
979 484 3342 644 enſuite remettre les pierres, pour la re-
972 640 3339 797 boucher à volonté. Nous étions à la
967 793 3334 959 porte des plaiſirs; nous entendions,
965 945 3332 1109 comme on dit, les joies du Paradis;
965 1105 3330 1265 elles ne nous tentoient point; mais il
969 1253 3332 1420 nous falloit un aſile & des ſecours.
990 1413 3330 1593 „Que riſquons - nous, dis - je, à ma
964 1562 3349 1731 “chere ame, de frapper à cette porte?
964 1717 3334 1886 “Ces gens ſe divertiſſent, ils ſont gais
962 1879 3328 2041 “& contens. Les gens de bonne hu-
967 2023 3330 2189 “meur ſont ordinairement aſſez ac-
965 2181 3330 2347 “commodans“. Artémiſe trembloit;
965 2336 3329 2506 mais elle ne pouvoit s'oppoſer à mon
969 2491 3325 2658 deſſein. Je lui donne un baiſer, & je
964 2643 3330 2814 frappe à la porte. On ne nous entendit
964 2803 3328 2969 pas d'abord, parce qu'on étoit tout
965 2953 3332 3125 occupé de la danſe bruyante. Nous fû-
962 3108 3322 3280 mes obligés de redoubler, tant qu'à la
964 3268 3326 3428 fin on nous ouvrit. Nous apperçûmes
957 3425 3313 3588 une aſſez nombreuſe aſſemblée, com-
965 3578 3325 3746 poſée de Capucins & de Capucines.
957 3727 3337 3901 Nous entrâmes gravement, couverts de
960 3880 3328 4055 nos linceuls. A notre aſpect, les Ca-
959 4033 3334 4369 es cpnueines ou oueaiaie drenr de
959 4348 3339 4675 urpis de joue qiele ſete le piu ooi
967 4647 3334 4835 ble témoignoit le plus d'aſſurance, ſi
960 4811 3359 5017 nous n'avions pas apperçu que les Re-
