4266 6032
921 319 3273 508 ligieuſes avoient de grandes barbes qui,
928 482 3375 651 ſous leurs guimpes, ne les rendoient pas
929 634 3297 811 fort agréables; tandis que les Religieux
932 792 3287 962 étoient de jeunes imberbes effeminés:
936 941 3334 1119 d'oùnous conclûmes que les deux ſexes
936 1099 3299 1298 avoient troqué d'habits pour un dégui-
936 1265 1984 1425 ſement mutuel.
1012 1402 3294 1598 Les jolis petits Capucins conti-
931 1557 3299 1739 nuoient d'avoir peur, & les groſſes Ca-
943 1720 3306 2044 man etan te pnu iri e e-
945 2026 3303 2193 tendues meres nous dirent, d'une voix
952 2171 3296 2357 mâle: „Meſſieurs les revenans, ſoyez
953 2345 3318 2503 “les bien venus; ſans doute vous ve-
959 2486 3315 2680 “nez prendre part à nos plaiſirs, &
957 2645 3337 2816 “nous y conſentons de bon cœur; mais
957 2805 3306 2976 “commencez par le buffet“. Nous en
940 2955 3318 3131 avions beſoin. Nous nous reſtaurâmes
960 3115 3327 3286 volontiers. Enſuite il n'y eut pas
959 3263 3322 3441 moyen de nous diſpenſer de danſer,
960 3411 3320 3605 quelque peu d'envie que nous en euſ-
959 3585 3323 3751 ſions. On doit ſe rappeler que nous
957 3733 3320 3910 avions chacun, pour tout habillement, un
961 3884 3318 4065 drap entortillé autour de nos membres,
960 4030 3337 4238 & un ſecond par-deſſus, qui nous ſer-
904 4192 3368 4374 voitde draperie ou de manteau. D'abord
904 4351 3375 4539 on jet à l'écart le drap qui formoit no-
952 4505 3371 4683 te manteau; & nous nous trouvâmes
953 4655 3380 4833 réduis; Artémiſe & moi, à celui qui
959 4812 3327 4978 étoit roulé autour de nos membres. Dans
