4266 6032
936 331 3292 515 cette pudeur enchaînoit les tranſports
941 498 3294 664 du déſir qu'on voyoit éclore; mais
943 652 3296 831 enfinils éclaterent. Une des plus ardentes
935 804 3349 980 Capucines barbues ſe précipita ſur elle,
945 959 3302 1123 & la ſerrant dans ſes bras: „Femme ou
945 1113 3334 1292 “Ange, qui que tu ſois, dit-il, je t'a-
941 1268 3351 1436 “dore“. Tous les autres ſe précipite-
943 1426 3361 1588 rent à l'envi, pour ſuivre ce malheureux
947 1582 3385 1748 exemple. Me ſera-t-il permis de dire
950 1731 3315 1903 que les Religieuſes, de leur côté, paroiſ-
952 1893 3316 2055 ſoient me lorgner auſſi amoureufement
952 2044 3361 2212 du coin de l'œil? Jaloux de mon Arté-
955 2197 3368 2367 miſe, j'arrachai à un Muſicien ſa contre-
957 2355 3326 2519 baſſe, & je ſautai à grand coups d'inſ-
957 2511 3373 2674 trument ſur le corps des effrontés. Je
955 2666 3370 2830 les empoignois par la barbe, je les je-
957 2821 3316 2985 tois ſur le carreau à dix pas de moi, &
952 2976 3323 3141 je le foulois aux pieds. J'étois déjà
957 3131 3328 3296 triomphant ſur un trophée formé des
962 3287 3328 3451 corps des vaincus; mais pendant que
959 3442 3365 3605 je terraſſois les uns, d'autres s'empa-
957 3591 3366 3749 roient de mon Artémiſe. Il en ſurvint
957 3749 3325 3916 un ſi grand nombre, qu'ils eurent la
960 3896 3323 4072 force de m'enchaîner à un pilier. Ah!
959 4055 3335 4243 les coquins, ſi je n'avois pas été affoibli
959 4219 2575 4385 par une longue maladie...
1034 4340 3353 4542 Alors le plus grave de la bande me
952 4527 3385 4693 dit: Mon ami, ſoyez ſans inquiétude.
960 4675 3385 4844 “Pour ſouſtraire cette innocente Beauté
955 4831 3385 5015 “à la pétulance de ces jeunes pourſui-
