4266 6032
945 284 3304 455 ma Minerve, me couvrit, comme elle
950 448 3310 628 put, de ſes habillemens. Elle me donna
897 610 3325 772 même une guimpe, pour me ſervir de
905 763 3335 925 ceinture. Elle parvint ainſi à me con-
936 919 3311 1080 duire juſqu'à ſa cellule, qu'elle ferma
953 1072 3304 1235 exactement ſur nous. Qand nous fûmes
955 1230 3301 1387 ſeuls: „O mon ami! me dit-elle en
914 1380 3306 1543 “m'embraſſant, vous êtes ſans doute
952 1538 3328 1697 “un Ange que le Ciel nous envoie;
950 1691 3306 1865 “car je ne puis croire que vous ſoyez
950 1849 3311 2008 “un ſimple mortel. Un homme n'au-
948 1999 3304 2163 “roit pu pénétrer juſqu'à nous; un
895 2159 3303 2316 “homme n'auroit pas vos graces inef-
931 2314 3347 2470 “fables: mais je me reproche de vous
947 2463 3298 2625 “laiſſer ainſi enchaîné“. Alors elle me
945 2620 3297 2782 délia les mains, en me diſant: „Vous
940 2775 3291 2937 “voyez combien je me fie à vous“.
936 2931 3298 3095 Je témoignai à la grave mere la recon-
912 3082 3294 3247 noiſſance que m'inſpiroient ſes ſenti-
905 3241 3298 3402 mens & ſes manieres ſi favorables pour
905 3378 3296 3559 moi. „Mais, mon cher fils, ajouta-t-elle
900 3548 3292 3715 “enfin, qui êtes vous? Comment ſe
895 3707 3351 3868 “fait-il que vous vous trouviez au mi-
936 3863 3294 4024 “lieu de nous? --Madame, répondis-
934 4022 3285 4185 “je à la Béate, vous paroiſſez trop
892 4176 3291 4343 honnête pour vouloir me trahir, d'au-
897 4333 3287 4496 “tant plus que je n'ai rien à me repro-
895 4482 3282 4652 “cher. Je ſuis un mortreſſuſcité; mais,
888 4634 3284 4832 “pour vous parler plus clairement,
879 4803 2651 4981 “voici mon hiſtoire“.
