4266 6032
1068 338 3354 519 Alors je lui racontai de point en
957 513 3303 681 point mon combat, ma bleſſure, ma
962 670 3303 837 maladie, ma léthargie, mon réveil, &
957 824 3296 983 mon introduction dans cette maiſon.
972 977 3296 1142 „Jéſus, mon Dieu! diſoit la Reli-
957 1132 3294 1301 “gieuſe en faiſant, à chaque inſtant,
957 1293 3292 1471 “des ſignes de croix, tout ceci eſt
953 1449 3287 1612 “conduit par le Ciel, mon cher enfant;
957 1603 3282 1760 “oui, c'eſt le Ciel qui vous envoie“.
953 1758 3287 1922 Elle m'ajouta cent autres propos de cette
914 1910 3282 2078 eſpece, en me laiſſant toujours habillé
962 2057 3280 2260 comme la Vérité, ſelon une expreſſion
953 2224 3282 2389 vulgaire; en me regardant meme, je
952 2381 3284 2572 crois, d'une façon particuliere, avec
945 2532 3284 2698 une diſtraction affectee. Elle s'apperçut
946 2690 3275 2869 enfin que je grelottois. „O mon bon
947 2845 3275 3007 “ami! me dit-elle, mille fois pardon
940 2996 3277 3160 “de ma diſtraction. Fourrez-vous bien
938 3160 3275 3320 “vîte dans mon lit, pour ne pas ga-
940 3314 3272 3487 “gner un rhume. Je monterai la garde
940 3464 3270 3631 “auprès de vous“. Je me gliſſai, en
934 3623 3270 3790 effet, dans le lit comme un trait; mais
940 3781 3273 3956 je lui dis: „Madame, j'y entre unique-
933 3932 3270 4104 “ment pour me réchauffer; car je ſuis
927 4087 3270 4263 “tranſi; mais je vais vous le reſtituer
926 4240 3273 4411 “ſur le champ. Je n'abuſerai pas de
926 4405 3272 4573 “votre complaiſance, juſqu'à vous
922 4553 3270 4729 “laiſſer veiller auprès de moi hors du
926 4697 3287 4885 “lit. -- Mon bon ami, reprit-elle, ſi
926 4874 3275 5024 “l'on me ſoupçonnoit avec vous,
