4266 6032
928 251 3309 453 “ſont auſſi ſages, auſſi vertueux que
929 417 3310 572 “nous pouvons l'être. Ce ſont les mê-
881 568 3256 764 mes principes“. En effet, je m'ap-
907 725 3255 912 percevois beaucoup de cette ſageſſe:
878 880 3249 1074 sils étoient auſſi vertueux que ma com-
928 1036 3282 1203 pagne de nuit, la jeune Artémiſe étoit
929 1191 2068 1345 en de bonnes mains.
964 1345 3325 1530 Nous nous levâmes. Comme il falloit
928 1504 3241 1688 me donner de quoi me couvrir, la Re-
926 1653 3248 1848 ligieuſe, nommée Sainte-Monique, me
928 1810 3237 1991 fit endoſſer l'habit de Capucin ſous le-
888 1966 3275 2180 quel elle avoit paru au bal; &, pour
926 2122 3258 2321 elle, je la vis ſe revêtir de la guimpe
928 2272 3268 2472 & de ſon uniforme féminin, ſous lequel
922 2431 3260 2627 je la trouvai très-appétiſſante. Elle me
917 2582 3234 2788 ſit jurer de revenr dans ſes bras dès
926 2742 3248 2941 que j'aurois délivré Artémiſe. Je paſſai
895 2896 3220 3092 par la breche dont j'ai parlé; avec le ca-
895 3053 3242 3416 ppuin eeoodatdaamttonntla amaa
880 3349 3255 3553 ſon, ſans qu'on fît attention à moi.
914 3502 3220 3729 B'ailleurs les Moines étoient au chœur.
878 3660 3227 3872 J'avois beau chercher, je ne découvrois
909 3828 3306 4028 aucune trace de mon Artémiſe. Enfin,
909 3973 3220 4198 ellem'apperçoit d'une fenêtre, & je l'en-
907 4138 3210 4332 tends crier en françois: „Ah! le voilà“.
902 4276 3349 4501 le la reconnus, quoiqu'elle fût habillée
878 4452 3232 4660 enpetit Capucin. Elle me dit qu'elle
880 4597 3232 4821 oit enfermée ſous la clef; que je ne
886 4751 3320 4996 Mouvois monter chez elle que par la fe,
905 4920 1498 5105 Tom. IV.
