4266 6032
852 293 3378 518 guimpe & de l'uniforme d'une Capu-
965 475 3371 663 cine, & la conduiſit dans une cellule,
969 630 3373 825 pour qu'elle y prît du repos, dont elle
902 787 3363 988 avoit grand beſoin. Je n'en avois pas
881 939 3361 1141 moins beſoin qu'elle. Après quelques
976 1093 3353 1294 reſtaurans pris à la hâte, ma Religieuſe
929 1253 3349 1449 me conduiſit dans une autre cellule,
959 1401 3344 1598 où, ſur un lit ſolitaire, je me livrai au
952 1556 2522 1740 plus profond ſommeil.
955 1712 3368 1922 Je reſtai plongé pendant long-temps
950 1867 3361 2076 dans le plus doux anéantiſſement. Je
941 2021 3325 2229 m'éveillai, je ne me ſouviens plus com-
907 2183 3370 2386 ment; & je fus quelque temps ſans pou-
912 2333 3315 2536 voir reconnoître où j'étois. Enfin, je me
852 2482 3317 2696 rappelai avec peine tout ce qui m'é-
904 2645 3312 2838 toit arrivé depuis ma réſurrection. Je ne
921 2791 3310 2991 vis plus, auprès de moi, l'habit de Ca-
919 2953 3306 3154 pucin dont j'avois été revêtu avant de
921 3105 3301 3302 me coucher; mais je trouvai, en ſa
910 3254 3298 3468 place, celui d'une Capucine. Il fallut
868 3409 3298 3628 m'en revêtir comme je pus; mais je
886 3559 3291 3778 le fis très-maladroitement; de ſorte que
892 3719 3294 3922 quand je parus devant la Mere Sainte-
892 3863 3402 4094 Monique, elle ne put retenir de grands
892 4024 3401 4244 éclats de rire, qu'elle accompagna des
888 4188 3279 4390 embraſſemens les plus paſſionnés. Je
879 4329 3360 4558 lui demandai ce qu'étoit devenue mon
866 4489 3269 4718 Atémiſe. „Vous allez tout ſavoir, me
862 4651 3261 4876 “dit-elle, venez dans ma cellule“. La
852 4792 3267 5031 chere Dame voulutm'y faire desamitiés
2438 5005 3138 5198 Ra
