4266 6032
861 276 3320 460 où étoit la breche; mais je la trouve
886 431 3320 617 rebouchée. O Ciel! je frappe à coups
852 598 3320 768 redoublés de ma bûche. J'entends des
885 750 3318 912 éclats derire de l'autre côté; & je diſtin-
926 904 3310 1103 gue qu'on prend des meſures pour em-
940 1062 3322 1256 pêcher que mes coups ne dérangent les
938 1220 3316 1404 pierres replacées. Furieux, j'éclate en
945 1370 3322 1555 reproches. Je traite les raviſſeurs de ſcé-
955 1538 3320 1696 lérats; & à chaque injure que je pro-
943 1689 3353 1862 nonce, j'entends redoubler les éclats de
852 1845 3320 2017 rire. Enfin je diſtingue la voix de ma
943 1999 3322 2171 chere Artémiſe, qui crie & ſemble
950 2152 3320 2333 m'implorer. On l'enleve, & ſa voix gé-
867 2310 3318 2479 miſſante ſe perd dans le lointain. Il n'y
941 2465 3315 2634 avoit pas moyen de paſſer par ce trou
936 2618 3315 2789 rebouché. Il falloit ſortir par la porte du
923 2780 3315 2945 Couvent femelle, pour entrer dans le
948 2940 3320 3102 Couvent mâle, & réclamer hautement
904 3093 3316 3256 mon Artémiſe: mais, revêtu de l'uni-
871 3249 3339 3436 ſorme d'une Religieuſe, comment pou-
928 3401 2868 3569 voir mettre le pied dans la rue?
856 3533 3311 3726 Cependant il arrive un courrier tout
931 3710 3328 3884 eſſoufflé. „Il s'eſt échappé, dit-il, deux
890 3864 3315 4039 “morts de l'Hôtel-Dieu. On prie ceux
933 4028 3299 4194 “qui les trouveront de les ramener ſains
938 4180 3304 4356 “& ſaufs, s'il eſt poſſible. Il y aura
867 4340 3301 4517 “bonne récompenſe. On défend de les
924 4505 3249 4665 “tuer, ni de leur faire aucun mal“.
928 4647 3294 4824 La Mere Prieure fit chercher dans
893 4811 3298 5007 tout le Couvent, pour voir s'il ne s'y
2711 4973 2974 5134 B
