4266 6032
948 245 3363 417 trouveroit point de morts, recomman-
948 413 3373 583 dant beaucoup qu'on ne les effarou-
945 568 3373 728 chât pas. Il ne s'y trouva qu'un bon vi-
948 726 3370 893 vant; mais on ne lui en rendit pas
962 878 3323 1045 compte. On forgea, au contraire, une
948 1036 3327 1198 fauſſe lettre d'obédience, où j'étois
979 1191 3320 1352 qualifié de Mere Sainte-Hélene, en-
933 1347 3320 1507 voyée dans ce Couvent par les Supé-
981 1505 3316 1662 rieurs. Je fus reçu à bras ouverts par la
983 1657 3361 1819 Prieure en cette qualité. On me fit don-
957 1815 3383 1975 ner une cellule. Je participai dès ce
957 1966 3323 2128 moment à tous les avantages de la Com-
953 2123 3330 2284 munauté; &, dès le ſoir même, j'eus
957 2274 3328 2439 l'honneur d'aſſiſter à l'exercice de la
897 2431 3325 2598 diſcipline, qui m'amuſa ſinguliere-
962 2580 3351 2754 ment, parce que des hommes ne ſont
883 2737 3330 3061 lenmneilenent de e e ueais ſaine l
969 3048 3383 3218 deſcription de cette cérémonie; je
969 3205 3325 3373 tiendrai parole. On ſent que je
995 3359 3323 3557 me ménageai, & que je ne me fis pas
967 3524 1581 3678 ſaigner.
974 3638 3335 3855 Toutes les jeunes Religieuſes avoient
971 3813 3339 3997 connivé dans l'arrangement qui me fai-
984 3984 3341 4188 ſoit paſſer pour une Capucine. Chacune
983 4130 3342 4314 prétendoit avoir les mêmes droits ſur ma
981 4280 3346 4464 perſonne. On avoit cédé les honneurs
1005 4431 3347 4622 du premier pas à la Mere Sainte Moni-
988 4590 3356 4797 que; mais toutes les autres comptoient
984 4745 3359 4962 bien jouir de ma compagnie, chacune
