4266 6032
1172 281 3528 474 lence? C'eſt ce que j'ignore & n'ai ja-
926 454 3531 613 mais pu pénétrer à fond. J'aime à croire
1094 608 3530 782 qu'elle ſut réſiſter à cette pétulente jeu-
1165 762 3519 927 neſſe. Du moins elle s'en vantoit; &,
1161 925 3525 1096 ingénue comme elle étoit, j'euſſe com-
1165 1079 3516 1243 mis un crime, en refuſant de la croire.
1168 1230 3519 1395 Elle étoit, comme moi, vêtue en Ca-
1043 1394 3519 1559 pucine. On lui forgea auſſi une lettre
1103 1548 3514 1712 d'obédience qu'elle préſenta à la Prieu-
1165 1707 3512 1862 re; & nous nous trouvames enſemble
1067 1861 2834 2022 dans le même Couvent.
1146 2011 3512 2185 A peine eus-je recouvré mon Arté-
1091 2171 3507 2333 miſe, que je voulus à toute force quit-
1103 2331 3499 2494 ter ce Monaſtere avec elle; car, en effet,
1088 2484 3506 2656 qu'avois-je à faire dans cette priſon myſ-
1088 2639 3502 2837 uque? Les Capucines me conjuroient
1086 2800 3500 2959 en grace de reſter, pour ne pas les tra-
1086 2953 3495 3115 ir. „Car enfin, ſi vous partez, me
1151 3107 3502 3268 “diſoient - elles, on verra que nous
1089 3265 3494 3426 “avons uſé d'impoſture, afin de vous
1093 3404 3490 3598 “faire paſſer pour une Profeſſe. Atten-
1050 3577 3487 3737 “dez une circonſtance favorable“.
943 3731 3504 3894 Je riſquois & je m'ennuyois; je ne
1113 3891 3490 4054 voulois donc pas les écouter: mais
1096 4047 3490 4209 je n'avois ni argent, ni habits pour
1089 4197 3487 4374 m'échapper. Je ſus vaincre cette diffi-
1022 4358 1753 4510 culté.
1086 4490 3487 4687 Nous découvrîmes qu'il y avoit un
881 4637 3528 4864 pent hônital de quelques lits, fondé
728 4828 3526 5020 ourde vieilles femmes inſirmes, atta
