4266 6032
952 218 3334 399 Artémiſe. Cela étoit naturel; car enfin
943 389 3334 564 elle étoit femme, & elle avoit les graces
938 546 3337 718 de ſon fexe. Pour moi, je devois à ma
938 702 3332 883 grande jeuneſſe d'être pris pour un in-
941 861 3332 1023 dividu de ce ſexe; mais l'extrême déli-
969 1014 3330 1180 licateſſe ne devoit pas ſe trouver dans
972 1175 3332 1336 mes traits. Cependant l'un des deux
936 1333 3327 1494 nous dit: „Pour moi, j'aime cette grande
950 1488 3328 1681 “Virago“. Et il ſembla prendre le parti
943 1645 3320 1804 de tourner ſes affections de mon coté.
971 1803 3325 1960 L'autre, dès le commencement, avoit
940 1959 3325 2121 paru décidément s'attacher à ma com-
938 2113 3322 2278 pagne. On nous demanda fort poliment
933 2268 3323 2430 nos ordres, proteſtant qu'on alloit nous
929 2422 3328 2582 conduire où nous voudrions, & faire
960 2579 3316 2741 ce que nous ordonnerions. „Meſſieurs,
960 2733 3323 2911 “dis-je aux jeunes gens, je débute par
965 2886 3320 3053 “vous dire, pour vous inſpirer de la
955 3043 3322 3209 “confiance, que nous n'avons ni feu
935 3201 3371 3362 “ni lieu. Nous venons de nous échap-
934 3356 3322 3525 “per, par un miracle, d'un Couvent
960 3507 3358 3675 “où il ne nous étoit pas poſſible de
957 3657 3322 3831 “reſter. Nous avons beſoin d'un aſile
929 3825 3325 3991 “où nous puiſſions éviter d'abord les re-
960 3972 3344 4147 “cherches qu'on va ſans doute faire ſur
953 4131 3325 4303 “notre compte; enſuite il fautnous aider
914 4286 3325 4451 “à trouver les moyens de nous évader
902 4448 3327 4615 “de ce pays. Nous tenons toutes deux
914 4603 3335 4772 “à des familles honnêtes, riches même,
921 4752 3340 4936 “qui nous mettront à portée de ſatis
