4266 6032
891 290 3323 484 “faire aux obligations que nous pour-
962 468 3327 630 “rions contracter. Au reſte, nous n'al-
959 623 3328 790 “lons pas tarder à faire enſemble une
959 773 3318 948 “connoiſſance plus particuliere. Nous
962 935 3318 1104 “vous raconterons quelques circonſ-
971 1082 3313 1250 “tances eſſentielles de notre hiſtoire.
962 1245 3313 1413 “Nous vous peindrons au juſte notre
969 1399 3332 1571 “ſituation. Vous verrez ſi vous pourrez
955 1557 3315 1726 “nous obliger; & nous verrons, de
967 1714 3337 1877 “notre côté, ſi nous pourrons conſentir
965 1866 3308 2037 “à être obligées par vous. A en juger
957 2021 3308 2187 “par l'accueil honnête que vous
967 2175 3310 2341 “nous faites, & par tout ce que nous
948 2336 3310 2501 “voyons de vous, nous jugeons d'a-
964 2487 3315 2658 “vance que nous ne pouvions tomber
955 2644 3308 2802 “en de meilleures mains“. Ce diſ-
952 2800 3313 2985 cours, qui eût été tout ſimple de la part
947 2944 3308 3117 d'un homme, parut ſurnaturel & divin
965 3105 3308 3296 de la part d'une femme. Nos jeunes gens
962 3254 3308 3432 aſſurerent qu'ils étoient prêts à ſuivre
921 3414 3311 3590 toutes nos volontés, ſûrs qu'une per-
941 3566 3304 3739 ſonne qui s'exprimoit ſi bien, devoit
940 3724 3308 3905 être auſſi recommandable par les qua-
928 3879 3304 4078 lités de ſon cœur, que par celles de ſon
953 4038 1270 4190 eſprit.
929 4165 3374 4372 Nos jeunes éveillés nous dirent qu'ils
926 4338 3306 4522 alloient dîner tête à tête dans une mai-
922 4495 3298 4684 ſon de campagne, & nous offrirent
912 4647 3294 4869 de nous y conduire. „Volontiers,
