4266 6032
1015 223 3332 412 échappée du Couvent des Capucines;
1010 386 3340 561 ce que prouvoit l'habillement dont j'é-
1000 543 3354 711 tois revêtu; & ils prétendoient m'avoir,
1010 697 2543 855 comme Profeſſe fugitive.
950 854 3325 1024 Le Podeſta me demanda ce que j'avois
1005 1011 3323 1168 à répondre. Je lui dis que je n'étois ni
909 1165 3323 1335 mort, ni fou, ni Religieuſe; & que je
1003 1321 3320 1478 me ſentois en état de prouver ces trois
1002 1473 3315 1644 aſſertions. Il me demanda pourquoi
998 1628 3315 1789 j'étois habillé en Religieuſe. „C'eſt,
996 1787 3316 1948 “lui répondis-je, parce que je n'ai pas
990 1941 3316 2101 “d'autre habit pour le préſent, & que
990 2094 3315 2254 “j'ai penſé qu'il étoit moins indécent
988 2248 3313 2410 “d'être habillé en Religieuſe, que
983 2401 3308 2561 “tout à fait nu --. Pourquoi donc,
983 2560 3354 2721 “reprit-il, & comment n'avez - vous
914 2713 3311 2874 “pas d'autre habillement que celui-là?
979 2871 3310 3031 “-- C'eſt, répliquai-je, une hiſtoire
976 3027 3308 3186 “qui ſeroit un peu trop longue à vous
974 3180 3313 3303 “raconter. J'en ferai le récit à M. le
972 3334 3328 3494 “Gouverneur de Milan, devant lequel
969 3490 3311 3651 “j'ai déjà eu l'honneur de paroître plu-
967 3647 3310 3803 “ſieurs fois, qui en ſait le commence-
960 3805 3304 3962 “ment, & dont je réclame le jugement
959 3953 3308 4118 “& la protection“. Ma demande fut
964 4114 3304 4272 octroyée. On me conduiſit à Milan; on
957 4272 3306 4463 prévint le Gouverneur, & je comparus
957 4426 1712 4581 devant lùi.
1115 4560 3306 4744 Il me reconnut du premier coup-
960 4730 3313 4909 d'œil. „Mais comment donc, me dit-
