4266 6032
965 241 3337 406 ſemblée qu'elle avoit chez elle, comme
969 400 3335 564 une jeune Religieuſe ſa parente, à la-
977 561 3375 721 quelle on avoit accordé une petite va-
972 709 3327 877 cance. Tout le monde, par politeſſe,
969 869 3335 1031 témoigna être enchanté de ma figure &
972 1024 3337 1187 de mes graces. Toutes les Dames, parmi
974 1180 3330 1340 leſquelles il s'en trouvoit de jolies,
981 1333 3340 1495 m'embraſſerent avec tranſport. Tous les
976 1488 3346 1653 Cavaliers s'empreſſerent de me baiſer
974 1645 3339 1807 la main reſpectueuſement. La Gouver-
976 1804 3339 1964 nante rioit comme une folle. Son mari
976 1959 3335 2118 vint, & ne put s'empêcher de ſourire
959 2115 3330 2274 lui-même. On dîna gaîment. Tous les
977 2269 3335 2429 honneurs furent pour moi. Après le re-
972 2424 3339 2584 pas on danſa, & je ne pus me diſpenſer
948 2577 3337 2739 de prendre part à la danſe. On ne tar-
972 2732 3334 2912 riſſoit point ſur mes louanges. On me
960 2888 3335 3049 trouvoit des graces juſques au bout des
953 3041 3334 3203 doigts. Un Poëte improviſateur chanta
972 3196 3330 3361 mes louanges; &, avant la ſoirée, il y
919 3352 3335 3518 avoit déjà des ſonnets à ma gloire, im-
969 3507 2137 3662 primés ſur du ſatin.
907 3657 3335 3820 Tous ces honneurs m'ennuyoient
965 3813 3334 3982 beaucoup. Je me repréſentois Artémiſe
885 3977 3363 4137 en proie à la pétulance de deux jeunes
960 4125 3330 4288 Militaires; &, d'ailleurs, l'image de ma
960 4288 3325 4451 chere Adélaïde, morte par mes coups,
878 4436 3323 4607 me perſécutoit ſans ceſſe. Je ſentois,
879 4594 3373 4761 d'ailleurs, que je ne tarderois pas à être
878 4752 3340 4924 reconnu, & que les hommes furieux
