4266 6032
929 299 3402 480 changeroient en outrages inévitables,
1010 474 3377 635 les hommages inconſidérés qu'ils me
1012 630 2697 792 rendoient pour le moment.
931 783 3426 954 Ce que je prévoyois ne manqua pas
1007 938 3341 1105 d'arriver. Il vint, dans le cours de l'après-
1017 1089 3426 1256 midi, pluſieurs viſites d'Officiers auſſi
1014 1253 3337 1413 empreſſés que les autres de m'honorer
1031 1407 3328 1571 de leur courtoiſie; mais qui, peu à peu,
1020 1560 3339 1722 me reconnurent, & me le firent ſavoir
876 1715 3340 1880 en me marchant ſur le pied. Ils étoient
862 1875 3335 2037 piqués d'avoir été pris pour dupes; &,
891 2028 3332 2190 plus ils m'avoient rendu d'hommages
1022 2183 3334 2344 quand ils me croyoient femme, plus ils
909 2334 3344 2501 vouloient m'en punir, en me reconnoiſ-
910 2491 2321 2654 ſant pour un homme.
859 2620 3339 2811 Je me hâtai d'aller prendre les habits
914 2800 3332 2966 de mon ſexe. Je rejoignis les fier-à-bras.
1019 2952 3339 3118 Nous ſortîmes enſemble. Dans la ſoirée
916 3111 3425 3304 même, au clair de la lune je donnai,
1019 3261 3406 3432 avec mon épée, une leçon à deux des
1014 3413 3364 3583 plus ſuffiſans, qui en ont été plus de ſix
1014 3571 3334 3739 mois au lit; ce qui fit paſſer aux autres
909 3727 3332 3906 l'envie qu'ils témoignoient de me tâter.
916 3884 3342 4051 Ce nouvel exploit vint encore aux
986 4035 3339 4203 oreilles du Gouverneur, qui me dit:
840 4197 3351 4355 „Monſieur le Chevalier, quelque atta-
993 4352 3347 4515 “chement que j'aye pour vous, je ne
922 4498 3404 4670 “puis abſolument vous permettre de
916 4659 3421 4821 “reſter ſur les terres de mon Gouver-
907 4806 3418 5013 nement. Ni les hommes, ni les fem-
