4266 6032
979 319 3346 494 témiſe. Les deux jeunes Seigneurs n'y
981 474 3344 650 étoient plus. On m'aſſura que la jeune
971 635 3342 811 Religieuſe, ma compagne, s'étoit échap-
976 790 3332 971 pée. (Car je déclarai qui j'étois, ſans
977 950 3327 1119 quoi l'on ne m'auroit pas reconnu.) Je
974 1106 3330 1268 rodai dans tous les environs, pour ap-
969 1263 3325 1438 prendre de ſes nouvelles: je ne pus en
971 1418 3328 1583 recevoir. Quelqu'un me dit cependant
972 1571 3325 1748 qu'elle avoit pris une route qu'il me
974 1727 3322 1896 montra. Je la ſuivis pendant long-temps.
967 1880 3335 2056 Je reçus quelques renſeignemens ſur le
948 2037 3335 2209 chemin, qui m'indiquoient ſa trace. Je
964 2192 3320 2527 oepeoie e inremalaa, de euemm-
960 2506 3316 2677 niere, juſques en France. La chere per-
959 2659 3313 2837 ſonne, ſelon les lumieres que je recueil-
960 2819 3318 3012 lois, s'étoit engagée dans les monta-
962 2968 3318 3152 gnes du Dauphie; mais elle s'y étoit
960 3131 3344 3456 eseuees e e neereie plus de mou-
962 3450 2300 3609 velles ſur ſon compte.
1051 3590 3313 3772 J'arrivai, en la cherchant, juſqu'à la
952 3746 3315 4085 ioſoiaii, , uuiſeneſtaaeeree ou
960 4053 3310 4242 ſent combien le lieu & tout ce que j'y
953 4216 3316 4398 voyois, ſecondoit la mélancolie dont
950 4380 3337 4563 j'étois abreuvé. Je me promenois, avec
952 4527 3351 4709 une ſombre volupté, dans ces lieux con-
953 4673 3358 4866 ſacrés au ſilence, à la ſolitude, & à
957 4838 3353 5024 la pénitence. Je me voyois ſeul dans
