4266 6032
969 267 3340 451 ſonne, où elle étoit repréſentée en pied
965 432 3339 614 dans un très-petit médaillon. C'étoitle
967 587 3341 769 Gouverneur de Milan, dans les mains
971 747 3339 948 duquel je ne ſais quel haſard l'avoit ame-
969 902 3327 1091 né, auquel j'en étois redevable. On a
965 1056 3330 1251 vu ce que je ſavois faire avec des verres
969 1209 3332 1408 dans ma priſon de la Baſtille. Je fis uſage
971 1370 3335 1574 du même talent dans ma cellule. J'ob-
976 1521 3332 1724 tins quelques verres, avec leſquels je
971 1675 3327 1858 trouvai le moyen de faire paroître ſur
971 1834 3325 2032 le mur, de grandeur naturelle, l'image
966 2001 3332 2183 de mon Amante, exprimée avec une
967 2147 3337 2340 netteté qui la rendoit vivante à mes
962 2297 3328 2508 yeux. C'étoit tout ce que je pouvois faire
971 2455 3334 2669 dans une cellule; car les Chartreux n'au-
965 2604 3327 2816 roient pas ſouffert que j'y conſervaſſeun
967 2774 3337 2961 tableau ou une ſtatue repréſentant une
964 2916 3327 3141 jeune fille. L'image que j'enfantois ſur le
972 3074 3334 3282 mur, n'étoit que paſſagere & fugitive
974 3230 3328 3443 comme une ombre; & quand je partois,
976 3382 3339 3603 elle diſparoiſſoittellement, que D. Prieur
977 3533 3330 3756 avoit beau faire ſa viſite chez moi, il
977 3688 3334 3913 n'étoit pas poſſible qu'il y trouvât l'idole
974 3845 3359 4059 de mon cœur. Cependant elle étoit ſous
974 4028 3337 4231 mes yeux, tant que je reſtois dans mare-
979 4151 3339 4355 traite. Je lui dreſſois un petit autel; &
979 4311 3349 4535 ma chere Adélaïde étoit la Divinité qui
981 4479 3347 4687 obtenoit mes adorations. Je fis ſecrete-
977 4625 3347 4856 ment en miniature les portraits de Scin-
976 4774 3347 5007 tilla, d'Artémiſe, de la Princeſſe Gé-
