4266 6032
962 372 3316 541 beautés terreſtres. Je comptois qu'on
959 525 3318 700 me laiſſeroit mon ouvrage pour ma ſa-
955 683 3320 842 tisfaction; mais Don Prieur en fut ſi con-
955 836 3316 1006 tent, qu'il voulut abſolument en décorer
962 995 3308 1160 l'autel d'une Chapelle où nous allions
962 1151 3313 1320 tous les jours rendre hommage à laVierge
960 1306 3313 1469 ſacrée, dont ma ſtatue paſſoit pour être
960 1459 3310 1624 l'image. J'avois un plaiſir ſenſible à pou-
964 1619 3308 1779 voir aller chaque jour adorer à genoux
948 1772 3303 1935 la Divinité de mon cœur. „Non, ma
959 1923 3303 2085 “chere Adélaïde, me diſois-je en moi-
959 2080 3299 2241 “même, ce n'eſt point un ſacrilége dete
959 2235 3299 2398 “rendre une eſpece de culte. Si la mort
959 2393 3342 2554 “t'a ravie à la terre, tu dois être, dans
959 2542 3294 2705 “les Cieux, ſur un des trônes qui en-
959 2701 3296 2861 “tourent celui de l'Eternel. Je ne fais
960 2857 3297 3021 “que prévenir ta canoniſation“. Je
969 3012 3294 3172 ſouriois ſecretement en voyant tous les
965 3167 3294 3327 Chartreux à genoux, comme moi, de-
967 3323 3296 3483 vant la ſtatue de mon Amante. Toutes
979 3476 3294 3641 ces occupations nourriſſoient, dans
976 3631 3103 3794 mon cœur, le feu ſacré de l'amour.
1127 3786 3299 3952 Je vivois ainſi avec des ombres que
981 3940 3297 4114 je faiſois paroître ſur ma muraille; &
988 4099 3296 4263 cette vie avoit ſes agrémens, parce que
991 4253 3298 4418 ces ombres m'étoient cheres. Mais j'é-
986 4407 3308 4571 tois autre choſe qu'une ombre. J'avois
986 4565 3298 4747 un corps auſſi bien qu'une ame, & je
988 4713 3299 4883 ſentois le beſoin de converſer avec des
991 4869 3306 5024 êtres qui euſſent l'un & l'autre. Je ne
