<?xml version="1.0" encoding="UTF-8" standalone="no"?><PcGts xmlns="http://schema.primaresearch.org/PAGE/gts/pagecontent/2017-07-15" xmlns:xsi="http://www.w3.org/2001/XMLSchema-instance" xsi:schemaLocation="http://schema.primaresearch.org/PAGE/gts/pagecontent/2017-07-15 http://schema.primaresearch.org/PAGE/gts/pagecontent/2017-07-15/pagecontent.xsd"><Metadata><Creator/><Created>2020-10-14T10:44:26</Created><LastChange>1970-01-01T00:00:00</LastChange><Comments/></Metadata><Page imageFilename="0055.png" imageHeight="6032" imageWidth="4266"><TextRegion id="r1" orientation="0.125" type="paragraph"><Coords points="1,1 4264,1 4264,6030 1,6030"/><TextLine id="l1"><Coords points="2776,583 2775,582 2769,582 2769,581 2769,537 2768,537 2584,537 2584,538 2584,546 2583,546 2580,546 2580,546 2580,542 2579,541 2577,541 2577,541 2577,537 2576,536 2426,536 2424,534 2422,534 2422,534 2422,533 2421,532 2367,532 2366,531 2347,532 2345,530 2122,530 2120,532 1996,532 1996,533 1996,573 1993,575 1992,575 1992,576 1992,577 1991,577 1956,577 1956,577 1956,576 1955,575 1954,575 1954,575 1954,556 1953,555 1832,556 1832,555 1832,534 1831,534 1586,534 1586,535 1586,544 1581,549 1581,551 1580,551 1576,551 1576,552 1576,553 1575,553 1574,553 1571,556 1569,556 1569,557 1569,558 1566,560 1562,560 1561,561 1547,561 1547,561 1547,533 1546,532 1387,533 1386,534 1282,534 1279,537 1273,537 1272,536 1271,536 1269,534 1153,534 1153,535 1153,576 1152,576 1137,576 1137,576 1137,535 1136,534 1002,534 1000,536 999,536 998,535 998,534 997,533 962,534 962,533 962,532 961,532 960,532 960,531 960,530 958,529 957,529 957,528 957,522 959,520 960,520 961,519 960,471 964,468 965,468 965,467 965,432 967,430 967,428 969,427 971,427 971,426 971,424 974,422 1116,421 1117,420 1119,420 1120,419 1129,419 1132,422 1134,422 1134,423 1134,424 1135,424 1141,424 1141,425 1141,456 1142,456 1272,456 1273,455 1278,455 1279,456 1487,455 1487,455 1487,440 1488,439 1488,420 1489,419 1500,419 1501,420 1502,420 1502,421 1502,424 1503,424 1504,424 1504,425 1504,463 1505,463 1710,463 1710,462 1710,440 1712,438 1712,434 1714,432 1714,431 1715,430 1715,426 1718,424 1724,424 1724,423 1724,422 1730,417 1732,417 1732,416 1732,413 1734,412 1736,412 1736,412 1736,414 1739,417 1746,417 1748,419 1750,419 1753,422 1755,422 1755,422 1755,426 1757,428 1757,430 1760,433 1760,436 1762,438 1762,462 1763,463 1792,463 1794,465 1796,465 1796,465 1797,502 1797,503 1956,502 1957,502 1956,470 1958,468 1958,464 1959,463 1972,463 1973,462 1995,462 1997,460 2001,460 2001,460 2001,459 2002,458 2056,458 2056,458 2056,457 2057,456 2059,456 2060,455 2075,455 2076,456 2291,456 2291,456 2291,457 2292,458 2339,458 2340,459 2381,458 2381,459 2381,460 2382,460 2455,460 2455,461 2455,462 2456,462 2601,462 2602,463 2787,463 2788,462 2790,462 2790,461 2790,460 2791,460 2799,460 2800,461 2976,460 2976,460 2976,437 2978,435 2978,433 2980,431 2982,431 2984,429 3024,429 3024,429 3024,428 3025,427 3026,427 3028,425 3035,425 3036,427 3036,429 3037,429 3165,429 3165,429 3165,478 3166,479 3211,479 3212,480 3260,480 3261,481 3279,480 3281,482 3282,482 3282,483 3282,486 3283,486 3291,486 3291,487 3292,542 3294,544 3294,551 3291,553 3285,553 3285,554 3285,555 3284,556 3284,558 3283,558 3275,559 3274,558 3270,558 3270,557 3270,556 3269,556 3268,556 3265,553 3200,553 3198,551 3196,551 3196,550 3196,549 3195,549 3144,549 3143,548 3140,548 3138,546 3079,546 3079,545 3079,544 3078,544 2837,544 2837,545 2837,549 2836,549 2833,549 2833,549 2833,545 2832,544 2830,544 2828,542 2826,542 2825,541 2823,541 2822,540 2803,541 2801,539 2792,539 2790,537 2788,537 2788,537 2788,582 2787,583"/><TextEquiv><Unicode/></TextEquiv><TextEquiv index="1"><Unicode>infortuné; &amp;, par une contradiction</Unicode></TextEquiv></TextLine><TextLine id="l2"><Coords points="2502,733 2501,733 2501,731 2501,730 2499,730 2498,730 2498,710 2497,709 2398,709 2398,709 2398,691 2397,690 1313,693 1313,693 1313,730 1313,731 1300,731 1299,730 1020,730 1019,730 1019,729 1019,728 1004,728 1003,728 1003,727 1002,726 1002,691 1001,690 984,690 978,685 974,685 974,684 974,680 973,680 971,680 971,679 971,675 970,675 969,675 969,674 969,673 968,673 967,673 967,672 967,670 965,668 965,661 964,660 964,658 962,656 962,639 967,634 971,634 972,633 972,632 972,632 973,632 974,631 974,629 975,628 976,628 977,627 977,624 978,623 996,622 998,620 1031,620 1033,618 1086,618 1088,616 1136,616 1137,616 1137,577 1137,576 1328,576 1329,575 1344,575 1346,577 1351,577 1352,578 1824,577 1826,579 1828,579 1829,580 1831,580 1832,581 2555,579 2556,580 2558,580 2560,582 2775,582 2776,583 2787,583 2788,583 2788,587 2788,588 2992,587 2993,588 2993,590 2995,592 2995,594 2997,596 2997,599 2997,599 3274,599 3275,600 3284,599 3287,602 3287,649 3287,649 3288,649 3289,650 3289,651 3289,651 3291,651 3292,652 3292,657 3294,659 3294,697 3282,708 3278,708 3277,709 2529,711 2529,712 2529,714 2527,716 2527,718 2526,718 2525,718 2525,719 2525,721 2524,722 2524,726 2524,726 2522,726 2520,728 2520,733 2520,733"/><TextEquiv><Unicode/></TextEquiv><TextEquiv index="1"><Unicode>qui eſt dans la nature, j'étois charmé</Unicode></TextEquiv></TextLine><TextLine id="l3"><Coords points="2638,897 2637,896 2637,895 2637,895 2633,895 2630,892 2630,890 2628,888 2628,884 2634,879 2637,879 2637,878 2637,850 2637,850 2464,850 2463,849 2451,849 2450,849 2450,848 2450,847 2391,847 2389,845 2382,845 2381,844 2107,845 2105,847 2019,847 2017,849 2011,849 2010,848 1853,849 1851,847 1849,847 1847,845 1747,845 1746,844 1746,843 1746,843 1575,843 1574,842 1369,843 1368,843 1368,844 1368,845 1347,845 1345,847 1328,847 1327,847 1327,851 1327,852 1323,852 1322,851 1322,847 1322,847 1310,847 1309,847 1309,886 1309,887 1295,887 1294,886 1294,847 1294,847 1173,847 1172,848 1172,850 1172,850 1161,850 1160,849 1014,849 1012,847 991,847 989,845 985,845 984,844 980,845 979,844 979,843 978,842 977,842 976,841 976,840 976,840 972,840 965,833 965,830 964,829 964,825 962,823 962,818 960,816 960,812 959,811 959,794 960,794 961,794 962,792 962,790 963,790 964,790 964,789 964,788 966,787 967,787 967,786 967,785 968,785 969,785 969,784 969,783 970,783 972,783 972,782 972,779 974,778 979,778 981,776 983,776 984,775 995,774 996,773 1005,773 1005,773 1005,738 1006,737 1017,737 1017,737 1017,736 1018,735 1058,735 1063,740 1065,740 1065,741 1065,745 1067,747 1067,750 1069,752 1069,757 1067,759 1067,766 1067,766 1066,766 1065,767 1065,771 1066,771 1256,771 1256,771 1256,772 1257,773 1297,773 1297,772 1297,734 1299,732 1299,731 1300,731 1313,731 1314,732 1316,732 1317,733 1319,733 1320,734 1320,772 1321,773 1483,772 1484,771 1605,771 1607,769 1618,769 1620,771 1945,770 1946,769 2144,769 2145,768 2254,768 2255,769 2255,770 2256,771 2260,771 2261,772 2418,771 2420,773 2424,773 2424,774 2424,775 2425,775 2487,775 2488,776 2748,776 2750,778 2817,778 2818,778 2905,778 2907,780 3058,780 3060,782 3217,782 3217,781 3217,754 3220,752 3227,752 3229,750 3235,750 3236,751 3236,767 3237,768 3237,791 3238,792 3275,792 3276,792 3278,792 3280,794 3282,794 3283,795 3287,795 3287,796 3287,798 3288,798 3290,800 3292,800 3292,801 3292,803 3295,805 3297,805 3297,806 3297,807 3296,808 3296,826 3296,826 3293,826 3292,827 3292,857 3292,857 3290,857 3289,858 3289,859 3289,859 3288,859 3287,860 3287,861 3287,861 3285,861 3284,862 3283,862 3282,863 3282,864 3282,864 3281,864 3280,865 3280,866 3280,866 3272,867 3271,868 3267,868 3265,866 3264,866 3263,865 3263,864 3263,864 3225,864 3222,861 3203,861 3201,859 3194,859 3193,858 3193,856 3192,855 2846,855 2845,856 2845,859 2846,859 2847,859 2847,860 2847,878 2847,878 2846,878 2843,881 2843,885 2840,888 2840,890 2840,890 2834,890 2832,892 2831,892 2830,893 2828,893 2826,895 2818,895 2817,895 2649,895 2647,897"/><TextEquiv><Unicode/></TextEquiv><TextEquiv index="1"><Unicode>d'avoir un nouveau compagnon de</Unicode></TextEquiv></TextLine><TextLine id="l4"><Coords points="1864,1009 1862,1007 1860,1007 1860,1006 1860,1005 1859,1005 1800,1005 1798,1003 1600,1003 1599,1002 1487,1002 1486,1001 1124,1002 1123,1003 1029,1003 1028,1002 966,1003 965,1002 963,1002 961,1000 957,1000 957,999 957,986 957,986 958,986 959,985 959,984 960,983 959,933 960,933 977,933 979,931 1102,930 1103,929 1165,929 1166,928 1290,928 1290,927 1290,889 1292,888 1294,888 1295,887 1429,887 1431,885 1442,885 1443,885 1452,885 1457,890 1459,890 1459,891 1459,919 1460,919 1598,919 1601,922 1604,922 1606,924 1607,924 1607,925 1607,926 1608,926 1631,926 1633,928 1753,928 1754,929 1821,929 1823,931 1832,931 1834,933 1834,935 1837,938 1837,940 1838,941 1840,941 1841,942 1841,945 1843,947 1844,971 1844,972 1867,972 1868,972 1868,973 1868,974 1869,974 1870,974 1870,975 1870,976 1872,976 1874,977 1874,978 1875,979 1875,980 1875,981 1876,981 1877,981 1877,983 1879,985 1879,989 1880,990 1880,995 1879,996 1879,1000 1877,1002 1875,1002 1868,1009"/><TextEquiv><Unicode/></TextEquiv><TextEquiv index="1"><Unicode>mon infortune.</Unicode></TextEquiv></TextLine><TextLine id="l5"><Coords points="2977,1207 2976,1207 2976,1202 2976,1201 2822,1201 2821,1201 2821,1200 2821,1199 2819,1199 2818,1199 2813,1199 2812,1198 2812,1197 2812,1197 1577,1199 1576,1200 1576,1202 1576,1202 1549,1202 1548,1202 1548,1201 1548,1200 1094,1201 1093,1201 1093,1200 1095,1198 1277,1198 1277,1197 1277,1162 1276,1162 1148,1162 1148,1162 1148,1158 1146,1156 1144,1156 1143,1155 1143,1153 1141,1151 1136,1151 1136,1151 1136,1147 1135,1146 1132,1146 1132,1146 1132,1144 1131,1143 1131,1141 1129,1139 1129,1135 1128,1134 1127,1134 1127,1134 1127,1130 1125,1128 1125,1126 1124,1125 1124,1101 1122,1099 1122,1092 1121,1091 1120,1091 1120,1091 1120,1065 1119,1064 1118,1064 1116,1062 1115,1062 1115,1062 1115,1061 1112,1058 1112,1051 1114,1048 1121,1048 1122,1048 1122,1047 1122,1046 1126,1046 1127,1045 1182,1045 1184,1043 1222,1043 1224,1045 1226,1045 1229,1048 1406,1048 1409,1051 1411,1051 1414,1053 1414,1081 1414,1082 3042,1078 3043,1078 3043,1061 3043,1060 3045,1060 3047,1058 3073,1058 3074,1057 3074,1053 3074,1053 3076,1053 3079,1050 3088,1050 3089,1051 3091,1051 3093,1053 3097,1053 3098,1053 3098,1057 3100,1059 3100,1063 3101,1064 3101,1092 3101,1093 3176,1093 3177,1094 3179,1094 3181,1096 3251,1096 3255,1100 3259,1100 3261,1101 3261,1105 3263,1107 3263,1121 3263,1122 3275,1122 3276,1122 3291,1122 3293,1124 3298,1124 3299,1125 3301,1125 3303,1127 3303,1139 3302,1139 3301,1139 3301,1140 3301,1141 3300,1141 3299,1141 3299,1142 3299,1144 3296,1146 3284,1146 3282,1148 3273,1149 3273,1149 3273,1161 3272,1162 3272,1165 3270,1167 3268,1167 3267,1168 3267,1170 3265,1172 3064,1172 3064,1172 3064,1191 3062,1193 3062,1195 3062,1196 3060,1196 3058,1198 3056,1198 3055,1198 3055,1202 3055,1203 3054,1203 3053,1203 3053,1204 3053,1205 2994,1205 2993,1206 2993,1207 2993,1207"/><TextEquiv><Unicode/></TextEquiv><TextEquiv index="1"><Unicode>Un jour, on en reçut un que j'exa-</Unicode></TextEquiv></TextLine><TextLine id="l6"><Coords points="3155,1365 3154,1364 3154,1328 3154,1328 3077,1328 3076,1328 3076,1358 3076,1359 3060,1359 3058,1361 3046,1361 3044,1359 3042,1359 3041,1359 3041,1321 3041,1320 3027,1320 3026,1320 3026,1319 3026,1318 2795,1319 2794,1319 2794,1354 2793,1356 2767,1356 2766,1355 2766,1354 2766,1354 2765,1354 2764,1353 2764,1339 2764,1339 2635,1339 2632,1336 2632,1318 2632,1318 2466,1318 2465,1319 2465,1320 2465,1320 2411,1320 2410,1320 2410,1319 2410,1318 2368,1318 2367,1317 2115,1318 2114,1319 2114,1321 2113,1322 1885,1323 1884,1323 1884,1357 1884,1358 1810,1358 1808,1356 1804,1356 1803,1355 1803,1318 1803,1318 1672,1318 1670,1316 1494,1316 1493,1315 1492,1315 1491,1314 1347,1315 1278,1315 1277,1316 1254,1316 1253,1316 1253,1317 1253,1318 1183,1318 1182,1319 1182,1320 1182,1320 1104,1320 1103,1319 962,1320 958,1316 942,1316 941,1315 941,1312 943,1311 950,1311 950,1310 950,1299 951,1299 957,1299 957,1298 957,1251 960,1248 960,1245 962,1244 965,1244 967,1242 1091,1241 1091,1241 1091,1202 1092,1201 1112,1201 1112,1202 1112,1203 1113,1203 1277,1203 1277,1202 1277,1200 1278,1200 1301,1200 1301,1200 1301,1202 1302,1203 1303,1203 1303,1203 1303,1238 1304,1239 1547,1238 1547,1238 1547,1211 1548,1210 1548,1203 1549,1202 1576,1202 1576,1203 1576,1241 1577,1241 1641,1241 1642,1242 1882,1242 1883,1241 2030,1240 2030,1240 2030,1207 2031,1206 2032,1206 2033,1205 2038,1205 2040,1203 2047,1203 2049,1205 2052,1205 2052,1206 2052,1209 2054,1211 2054,1242 2055,1242 2272,1242 2273,1241 2403,1240 2404,1239 2412,1239 2412,1240 2412,1241 2413,1241 2414,1241 2415,1242 2587,1242 2587,1243 2587,1245 2589,1246 2754,1246 2754,1245 2754,1244 2755,1244 2764,1244 2765,1245 2976,1244 2976,1244 2976,1208 2977,1207 2993,1207 2993,1208 2993,1247 2994,1247 3153,1247 3153,1246 3153,1218 3154,1218 3155,1218 3156,1216 3156,1214 3160,1211 3173,1211 3174,1212 3174,1214 3175,1215 3175,1217 3176,1218 3177,1218 3177,1218 3177,1221 3178,1222 3179,1222 3179,1222 3179,1226 3181,1228 3181,1229 3182,1230 3182,1248 3183,1249 3271,1249 3272,1250 3272,1253 3273,1254 3276,1254 3277,1254 3287,1254 3287,1255 3287,1256 3288,1256 3289,1256 3289,1257 3289,1261 3291,1263 3291,1313 3296,1318 3296,1326 3295,1327 3293,1327 3292,1328 3280,1328 3279,1327 3168,1328 3167,1328 3167,1364 3167,1365"/><TextEquiv><Unicode/></TextEquiv><TextEquiv index="1"><Unicode>minai moins que les autres, quoiqu'en</Unicode></TextEquiv></TextLine><TextLine id="l7"><Coords points="1000,1547 1000,1547 1000,1543 999,1542 997,1542 996,1541 996,1539 993,1536 991,1536 990,1535 990,1533 988,1531 986,1531 986,1531 986,1530 984,1528 984,1526 983,1526 979,1526 979,1525 979,1524 978,1524 974,1524 972,1521 972,1507 971,1507 969,1507 964,1501 964,1497 963,1497 962,1497 962,1496 962,1471 961,1471 960,1471 960,1470 960,1468 960,1468 964,1468 965,1467 965,1426 967,1424 967,1422 969,1420 969,1418 972,1415 972,1413 972,1413 974,1413 976,1411 979,1411 983,1406 983,1404 985,1402 990,1402 991,1401 992,1401 994,1399 1077,1399 1077,1399 1077,1378 1079,1376 1079,1371 1081,1369 1081,1365 1082,1364 1225,1364 1225,1363 1225,1361 1226,1361 1228,1361 1230,1359 1385,1359 1386,1358 1390,1358 1390,1357 1390,1356 1391,1356 1399,1356 1399,1356 1399,1360 1402,1363 1402,1364 1403,1365 1493,1364 1495,1367 1495,1368 1496,1368 1497,1368 1497,1369 1497,1399 1498,1399 1657,1399 1657,1400 1657,1401 1658,1401 1832,1401 1832,1400 1832,1398 1834,1396 1834,1390 1835,1390 1836,1390 1836,1389 1836,1383 1837,1382 1837,1377 1840,1375 1842,1375 1843,1373 1843,1371 1846,1368 1846,1366 1847,1366 1848,1366 1848,1365 1848,1364 1849,1364 1858,1364 1858,1363 1858,1358 1859,1358 1944,1357 1945,1356 1947,1356 1949,1354 1954,1354 1956,1356 1994,1356 1994,1357 1994,1358 1995,1358 1997,1358 1998,1359 1999,1359 1999,1360 1999,1361 2000,1361 2004,1361 2006,1364 2006,1366 2008,1368 2008,1395 2009,1395 2031,1395 2033,1397 2035,1397 2035,1398 2035,1400 2037,1401 2215,1401 2217,1399 2226,1399 2228,1401 2236,1401 2237,1402 2471,1401 2473,1399 2504,1399 2506,1397 2563,1397 2565,1395 2682,1395 2682,1394 2682,1361 2683,1361 2685,1361 2687,1359 2697,1359 2697,1359 2697,1361 2698,1362 2699,1363 2701,1363 2701,1363 2701,1398 2702,1399 2745,1399 2746,1400 2900,1399 2900,1399 2900,1397 2903,1394 2914,1394 2915,1395 2949,1395 2951,1397 2955,1397 2957,1400 2957,1401 2958,1401 3151,1401 3151,1400 3151,1367 3154,1365 3167,1365 3169,1367 3169,1403 3170,1404 3276,1404 3277,1404 3287,1404 3287,1405 3287,1408 3292,1412 3292,1414 3294,1416 3295,1416 3296,1417 3296,1425 3297,1426 3297,1455 3298,1456 3298,1466 3298,1466 3301,1466 3304,1469 3304,1476 3299,1480 3296,1480 3295,1481 3285,1481 3283,1479 3250,1480 3248,1478 3198,1478 3198,1477 3198,1476 3197,1476 3115,1476 3112,1473 2926,1473 2924,1475 2923,1475 2922,1476 2909,1476 2906,1473 2837,1473 2837,1473 2837,1471 2836,1470 2660,1471 2658,1469 2474,1469 2474,1470 2474,1472 2472,1473 2436,1473 2436,1474 2436,1493 2434,1495 2434,1499 2433,1499 2432,1499 2432,1500 2432,1504 2431,1505 2431,1509 2430,1509 2424,1509 2422,1511 2420,1511 2419,1512 2416,1512 2414,1514 2410,1514 2410,1515 2410,1516 2409,1516 2407,1516 2405,1518 2399,1518 2397,1516 2381,1516 2381,1516 2381,1515 2380,1514 2379,1514 2379,1514 2379,1513 2378,1512 2377,1512 2376,1511 2373,1511 2368,1506 2366,1506 2365,1505 2365,1500 2364,1499 2364,1475 2363,1474 2156,1475 2156,1475 2156,1511 2155,1512 2154,1512 2154,1512 2154,1513 2153,1514 2152,1514 2152,1514 2152,1515 2151,1516 2149,1516 2147,1518 2117,1518 2114,1515 2114,1476 2113,1475 2007,1475 2005,1473 1917,1473 1916,1472 1829,1473 1755,1473 1755,1473 1755,1475 1754,1476 1743,1476 1742,1475 1740,1475 1738,1473 1735,1473 1733,1471 1557,1471 1557,1472 1557,1473 1556,1473 1502,1473 1500,1476 1500,1493 1499,1494 1499,1500 1498,1500 1497,1500 1497,1501 1497,1502 1496,1502 1495,1502 1495,1503 1495,1509 1494,1509 1492,1509 1487,1514 1471,1514 1468,1511 1468,1510 1467,1509 1464,1509 1464,1509 1464,1471 1463,1470 1234,1471 1232,1473 1041,1473 1041,1474 1041,1497 1039,1499 1039,1500 1038,1501 1038,1503 1036,1505 1036,1509 1035,1509 1033,1509 1031,1511 1027,1511 1026,1512 1025,1512 1021,1516 1014,1516 1012,1518 1010,1518 1010,1519 1010,1547 1009,1547"/><TextEquiv><Unicode/></TextEquiv><TextEquiv index="1"><Unicode>général je ne fiſſe pas grande attention</Unicode></TextEquiv></TextLine><TextLine id="l8"><Coords points="3032,1669 3031,1669 3031,1629 3030,1628 3011,1628 3009,1626 3004,1626 3002,1624 2823,1624 2823,1625 2823,1626 2822,1626 2821,1626 2819,1628 2794,1629 2793,1628 2724,1628 2722,1626 2486,1626 2484,1628 2412,1628 2409,1631 2405,1631 2405,1632 2405,1633 2404,1633 2397,1633 2396,1632 2314,1633 2314,1632 2314,1631 2313,1631 2312,1631 2312,1630 2312,1629 2311,1629 2164,1629 2163,1628 1990,1628 1989,1629 1984,1629 1982,1631 1853,1632 1852,1633 1846,1633 1846,1632 1846,1631 1845,1631 1745,1631 1743,1629 1741,1629 1740,1628 1562,1628 1561,1629 1556,1629 1554,1631 1543,1631 1543,1631 1543,1630 1539,1626 1375,1627 1375,1627 1375,1628 1376,1628 1377,1628 1377,1630 1378,1631 1378,1637 1378,1638 1379,1638 1380,1638 1380,1647 1377,1650 1377,1653 1376,1655 1374,1655 1373,1655 1373,1657 1371,1660 1369,1660 1368,1660 1368,1662 1364,1667 1362,1667 1361,1667 1361,1668 1361,1669 1360,1669 1359,1669 1359,1670 1359,1671 1357,1671 1356,1672 1343,1672 1342,1671 1335,1671 1333,1669 1331,1669 1330,1668 1330,1667 1330,1667 1323,1667 1321,1665 1319,1665 1318,1664 1316,1664 1314,1662 1312,1662 1311,1661 1311,1660 1311,1660 1310,1660 1309,1659 1309,1657 1308,1656 1308,1654 1306,1652 1306,1650 1306,1650 1305,1650 1304,1649 1304,1637 1306,1635 1306,1631 1306,1631 1307,1631 1308,1630 1308,1629 1309,1628 1309,1626 1308,1626 1158,1626 1158,1627 1158,1670 1158,1670 1137,1670 1136,1670 1136,1627 1135,1626 1105,1626 1103,1628 992,1628 990,1626 986,1626 985,1625 983,1626 981,1624 972,1624 972,1623 972,1622 971,1622 969,1622 968,1621 964,1621 964,1620 964,1619 963,1619 960,1619 960,1618 960,1616 959,1615 959,1613 957,1611 957,1600 957,1600 961,1600 962,1599 962,1571 962,1571 963,1571 964,1570 964,1562 964,1562 966,1562 968,1560 971,1560 972,1559 978,1559 979,1558 979,1557 979,1557 1078,1556 1079,1556 1079,1541 1081,1539 1081,1520 1084,1516 1085,1516 1086,1516 1086,1515 1086,1514 1258,1514 1260,1512 1262,1512 1263,1511 1270,1511 1272,1509 1279,1509 1281,1511 1283,1511 1284,1512 1286,1512 1287,1512 1287,1513 1287,1514 1289,1514 1292,1516 1292,1518 1292,1519 1293,1519 1294,1519 1294,1520 1294,1521 1295,1521 1296,1521 1296,1551 1296,1552 1429,1552 1430,1551 1430,1550 1430,1550 1442,1550 1444,1551 1444,1552 1444,1552 1503,1552 1504,1553 1504,1554 1504,1554 1682,1554 1683,1553 1683,1519 1685,1517 1690,1517 1691,1516 1692,1516 1693,1515 1693,1514 1693,1514 1704,1514 1705,1514 1705,1515 1705,1516 1706,1516 1707,1516 1707,1517 1708,1518 1708,1534 1707,1535 1707,1551 1707,1552 1762,1552 1765,1555 2259,1554 2260,1555 2266,1555 2267,1556 2493,1555 2494,1554 2498,1554 2500,1552 2540,1552 2541,1552 2541,1550 2541,1549 2542,1548 2544,1548 2546,1550 2637,1550 2641,1554 2801,1554 2802,1553 2802,1550 2802,1550 2806,1550 2808,1552 2811,1552 2812,1553 2889,1552 2890,1553 2890,1554 2890,1554 2968,1554 2969,1555 3142,1555 3143,1554 3143,1533 3142,1533 3139,1533 3139,1532 3139,1531 3138,1531 3131,1531 3131,1530 3131,1523 3133,1521 3136,1521 3138,1519 3153,1519 3155,1521 3198,1521 3199,1521 3199,1523 3199,1524 3200,1524 3201,1524 3201,1527 3201,1528 3202,1528 3204,1530 3205,1530 3206,1530 3206,1542 3205,1543 3205,1547 3203,1549 3203,1551 3202,1552 3201,1552 3201,1552 3201,1554 3196,1559 3196,1560 3239,1560 3242,1562 3242,1564 3243,1566 3245,1566 3246,1566 3246,1568 3248,1570 3248,1584 3248,1585 3276,1584 3277,1585 3279,1585 3280,1586 3291,1586 3292,1587 3292,1588 3292,1588 3293,1588 3294,1589 3294,1590 3294,1590 3296,1590 3299,1593 3299,1600 3297,1602 3297,1605 3296,1605 3293,1605 3291,1607 3248,1608 3248,1608 3248,1618 3248,1619 3250,1619 3251,1619 3251,1630 3248,1633 3129,1633 3129,1632 3129,1631 3128,1631 3122,1631 3122,1630 3122,1629 3121,1629 3120,1629 3119,1628 3036,1628 3036,1629 3036,1667 3037,1667 3039,1667 3040,1669 3040,1669"/><TextEquiv><Unicode/></TextEquiv><TextEquiv index="1"><Unicode>a la figure de ces nouveaux venus. J'a-</Unicode></TextEquiv></TextLine><TextLine id="l9"><Coords points="3187,1826 3186,1825 3186,1792 3186,1792 3180,1792 3179,1792 3179,1822 3178,1824 3149,1824 3148,1823 3148,1822 3148,1822 3147,1822 3146,1821 3146,1784 3146,1784 3130,1784 3128,1782 3035,1782 3034,1781 2716,1782 2715,1782 2715,1785 2714,1786 2714,1805 2713,1806 2713,1810 2711,1812 2711,1814 2709,1817 2707,1817 2704,1819 2704,1821 2704,1822 2688,1822 2687,1821 2687,1784 2687,1784 2294,1785 2293,1785 2293,1824 2293,1825 2215,1825 2214,1824 2214,1786 2214,1786 2000,1786 1998,1788 1984,1788 1982,1786 1978,1786 1977,1785 1878,1786 1877,1785 1877,1784 1877,1784 1834,1784 1780,1784 1779,1784 1779,1809 1779,1810 1777,1810 1774,1813 1704,1813 1703,1813 1703,1824 1700,1827 1700,1828 1700,1829 1670,1829 1669,1829 1669,1828 1669,1827 1668,1827 1667,1827 1667,1826 1667,1825 1665,1825 1664,1824 1662,1824 1660,1823 1660,1785 1660,1784 1582,1784 1581,1783 1419,1784 1417,1782 1415,1782 1414,1781 1206,1781 1205,1782 1203,1782 1201,1784 1183,1784 1182,1784 1182,1783 1182,1782 1013,1782 1012,1783 1012,1784 1012,1784 1011,1784 1010,1785 1010,1789 1010,1789 999,1789 998,1789 998,1787 995,1784 995,1780 995,1779 994,1779 993,1779 993,1778 993,1777 992,1777 991,1777 991,1775 991,1774 989,1774 988,1774 988,1772 986,1770 986,1769 984,1767 984,1763 983,1762 983,1757 981,1755 981,1743 979,1741 972,1741 970,1739 968,1739 967,1738 967,1734 964,1731 964,1724 965,1724 967,1724 967,1723 967,1714 970,1712 990,1711 991,1710 1134,1710 1134,1710 1134,1673 1135,1672 1136,1672 1136,1672 1136,1671 1137,1670 1268,1670 1269,1669 1278,1669 1280,1667 1285,1667 1289,1671 1289,1704 1290,1705 1457,1704 1457,1704 1457,1688 1459,1686 1459,1684 1461,1682 1461,1680 1462,1679 1462,1676 1464,1674 1466,1674 1466,1674 1466,1673 1467,1672 1468,1672 1468,1672 1468,1670 1469,1669 1483,1669 1483,1670 1483,1672 1487,1676 1487,1679 1488,1679 1490,1679 1490,1680 1490,1684 1493,1687 1493,1689 1495,1691 1495,1703 1496,1703 1533,1703 1533,1704 1533,1705 1534,1705 1591,1705 1593,1707 1750,1707 1750,1706 1750,1672 1751,1672 1758,1672 1761,1669 1763,1669 1765,1667 1773,1667 1777,1671 1777,1707 1778,1708 1890,1708 1891,1709 1891,1711 1892,1712 1897,1712 1898,1713 2138,1712 2140,1710 2219,1710 2221,1708 2229,1708 2231,1710 2238,1710 2238,1710 2238,1711 2239,1712 2369,1711 2369,1711 2369,1687 2370,1686 2370,1678 2372,1676 2372,1674 2375,1671 2386,1671 2389,1675 2389,1710 2390,1710 2539,1710 2541,1708 2546,1708 2547,1707 2611,1707 2611,1706 2611,1705 2612,1705 2692,1705 2692,1704 2692,1678 2697,1674 2707,1674 2710,1677 2712,1677 2713,1678 2713,1706 2714,1707 2771,1707 2772,1708 2984,1707 2984,1707 2984,1672 2985,1671 2994,1671 2996,1669 3043,1669 3045,1672 3045,1674 3046,1675 3046,1679 3047,1679 3048,1679 3048,1679 3048,1681 3050,1683 3050,1687 3052,1689 3052,1694 3053,1695 3053,1710 3055,1712 3058,1712 3060,1714 3229,1714 3230,1715 3277,1714 3278,1715 3287,1715 3287,1716 3287,1717 3288,1717 3289,1717 3289,1718 3289,1719 3290,1719 3294,1719 3294,1720 3294,1722 3296,1724 3296,1727 3297,1728 3297,1730 3301,1734 3301,1744 3299,1746 3299,1781 3299,1781 3297,1781 3296,1782 3296,1785 3295,1786 3293,1786 3292,1787 3292,1788 3292,1788 3290,1788 3289,1789 3289,1791 3289,1791 3195,1792 3194,1792 3194,1825 3194,1826"/><TextEquiv><Unicode/></TextEquiv><TextEquiv index="1"><Unicode>vois la tête plus occupée ce jour-là que</Unicode></TextEquiv></TextLine><TextLine id="l10"><Coords points="2030,1981 2030,1981 2030,1942 2029,1941 1910,1941 1909,1940 1853,1941 1853,1940 1853,1939 1852,1939 1678,1939 1678,1939 1678,1979 1677,1980 1653,1980 1653,1980 1653,1979 1652,1978 1595,1978 1593,1976 1593,1943 1592,1942 1450,1942 1448,1940 1344,1941 1344,1940 1344,1939 1343,1939 1163,1939 1163,1940 1163,1953 1162,1953 1160,1953 1160,1953 1160,1940 1159,1939 1126,1939 1124,1941 1113,1941 1112,1942 1066,1942 1064,1944 1034,1944 1034,1944 1034,1943 1033,1942 987,1942 986,1941 979,1942 978,1941 973,1941 971,1938 971,1930 972,1929 971,1837 972,1837 974,1837 975,1836 977,1836 977,1835 977,1833 979,1832 981,1832 983,1830 994,1829 996,1827 998,1827 1000,1825 1006,1825 1009,1829 1009,1831 1010,1832 1010,1867 1011,1867 1197,1867 1199,1865 1307,1865 1309,1863 1335,1863 1335,1862 1335,1858 1336,1858 1352,1858 1354,1860 1354,1864 1355,1865 1513,1864 1514,1863 1597,1863 1597,1863 1597,1862 1598,1861 1600,1861 1600,1861 1600,1833 1601,1832 1602,1832 1604,1830 1616,1830 1618,1832 1619,1832 1619,1833 1619,1836 1620,1836 1621,1836 1621,1837 1621,1861 1622,1861 1697,1861 1698,1862 1698,1864 1699,1865 1772,1865 1774,1867 1776,1867 1777,1868 2001,1867 2001,1867 2001,1830 2006,1825 2293,1825 2294,1826 2420,1825 2420,1826 2420,1832 2421,1832 2422,1832 2422,1833 2422,1863 2423,1863 2716,1863 2716,1863 2716,1864 2717,1865 2906,1864 2907,1863 2945,1863 2947,1861 3024,1861 3024,1861 3024,1859 3025,1858 3027,1858 3029,1856 3036,1856 3036,1857 3036,1858 3037,1858 3038,1858 3038,1859 3038,1860 3039,1860 3041,1860 3041,1861 3041,1865 3042,1866 3042,1867 3043,1867 3180,1867 3180,1866 3180,1831 3183,1829 3184,1829 3184,1828 3184,1827 3185,1827 3186,1827 3187,1826 3194,1826 3194,1826 3194,1827 3198,1831 3198,1860 3199,1861 3287,1860 3288,1861 3290,1861 3292,1863 3293,1863 3293,1864 3294,1868 3296,1870 3296,1873 3297,1874 3298,1874 3299,1875 3301,1875 3303,1877 3303,1935 3301,1937 3301,1939 3300,1939 3299,1939 3299,1940 3299,1941 3298,1941 3292,1941 3291,1942 3284,1942 3283,1941 3279,1941 3279,1941 3279,1939 3278,1938 3176,1939 3174,1937 2916,1937 2914,1939 2904,1939 2902,1937 2900,1937 2900,1937 2900,1936 2899,1935 2895,1935 2894,1934 2727,1935 2725,1937 2597,1937 2597,1937 2597,1977 2596,1978 2585,1978 2585,1978 2585,1940 2584,1939 2390,1939 2387,1936 2225,1937 2223,1939 2198,1939 2198,1939 2198,1980 2197,1981"/><TextEquiv><Unicode/></TextEquiv><TextEquiv index="1"><Unicode>les autres jours. Enfin le moment vint</Unicode></TextEquiv></TextLine><TextLine id="l11"><Coords points="1637,2138 1636,2137 1502,2137 1501,2137 1501,2099 1500,2098 1335,2099 1335,2099 1335,2120 1335,2121 1317,2121 1316,2121 1316,2127 1314,2130 1312,2130 1311,2129 1311,2095 1310,2095 1285,2095 1284,2094 1108,2094 1108,2095 1108,2097 1107,2097 1103,2097 1103,2098 1103,2099 1102,2099 1101,2099 1101,2100 1101,2101 1101,2101 1097,2101 1096,2102 1080,2102 1078,2100 1030,2100 1028,2099 1024,2099 1024,2099 1024,2098 1023,2097 1002,2097 1000,2095 996,2095 995,2094 994,2094 990,2090 987,2090 986,2089 984,2090 984,2089 984,2087 978,2082 957,2082 957,2081 957,2056 956,2056 950,2056 950,2055 950,2049 950,2049 952,2049 954,2047 965,2047 966,2046 966,2044 966,2044 974,2044 978,2040 978,2039 979,2038 979,2037 979,2037 980,2037 981,2036 981,2034 982,2033 985,2032 986,2031 989,2031 990,2030 994,2030 995,2030 995,2029 995,2028 997,2028 998,2027 1000,2027 1002,2025 1005,2025 1007,2023 1016,2023 1017,2023 1017,1990 1019,1987 1021,1987 1023,1985 1040,1985 1041,1986 1041,1988 1043,1990 1043,2021 1045,2023 1045,2027 1045,2027 1203,2027 1209,2021 1222,2021 1223,2020 1223,1986 1224,1985 1234,1985 1235,1984 1247,1984 1248,1984 1248,2019 1248,2020 1520,2019 1521,2018 1652,2018 1653,2018 1653,1981 1653,1980 1678,1980 1679,1980 1679,1982 1680,1984 1682,1984 1684,1985 1684,1987 1686,1989 1686,1993 1686,1994 1687,1994 1688,1994 1688,1998 1690,2000 1690,2003 1691,2004 1691,2019 1691,2020 1903,2019 1904,2019 1904,1989 1906,1987 1906,1985 1908,1982 2029,1982 2030,1981 2198,1981 2200,1982 2200,1983 2200,1984 2428,1983 2429,1982 2433,1982 2434,1982 2434,1981 2434,1980 2438,1980 2440,1978 2652,1978 2653,1977 2669,1977 2670,1978 2673,1978 2675,1979 2675,1984 2675,1985 2838,1984 2842,1980 2859,1980 2866,1987 2866,2016 2866,2016 2992,2016 2993,2017 2993,2018 2993,2018 2994,2018 2995,2019 2995,2021 2995,2021 3247,2021 3248,2020 3248,1987 3251,1984 3260,1984 3261,1984 3261,1987 3263,1989 3263,2064 3263,2065 3292,2064 3294,2066 3296,2066 3298,2068 3298,2075 3299,2076 3299,2087 3295,2090 3294,2090 3294,2091 3294,2093 3291,2095 3218,2096 3217,2097 3212,2097 3210,2095 3206,2095 3205,2094 3045,2094 3044,2095 2986,2095 2986,2096 2986,2133 2986,2133 2977,2133 2976,2133 2976,2093 2975,2092 2711,2093 2710,2094 2708,2094 2707,2095 2686,2095 2684,2097 2678,2097 2678,2096 2678,2095 2676,2094 2481,2094 2480,2095 2479,2095 2479,2096 2479,2097 2478,2097 2434,2097 2433,2096 2340,2097 2338,2095 2043,2095 2041,2097 2032,2097 2031,2099 2021,2099 2018,2097 2016,2097 2015,2096 1791,2097 1789,2095 1786,2095 1785,2094 1650,2094 1650,2095 1650,2138 1650,2138"/><TextEquiv><Unicode/></TextEquiv><TextEquiv index="1"><Unicode>de donner à celui-ci le baiſer fraternel.</Unicode></TextEquiv></TextLine><TextLine id="l12"><Coords points="2384,2295 2382,2293 2378,2293 2377,2292 2213,2293 2212,2292 2212,2250 2212,2250 2000,2250 1999,2251 1999,2252 1999,2252 1860,2253 1859,2254 1857,2254 1856,2255 1813,2255 1812,2255 1812,2262 1810,2264 1810,2268 1810,2269 1809,2269 1808,2269 1808,2270 1805,2273 1805,2275 1805,2276 1804,2276 1803,2276 1803,2278 1801,2280 1801,2282 1799,2285 1794,2285 1793,2285 1793,2287 1793,2288 1792,2288 1791,2288 1791,2289 1791,2290 1787,2290 1786,2291 1782,2291 1781,2291 1781,2292 1781,2293 1780,2293 1779,2293 1779,2294 1779,2295 1778,2295 1777,2295 1777,2296 1777,2297 1763,2297 1762,2296 1762,2295 1762,2295 1760,2295 1758,2293 1754,2293 1753,2292 1753,2291 1753,2291 1749,2291 1746,2288 1746,2286 1746,2286 1740,2286 1738,2284 1738,2283 1738,2283 1737,2283 1736,2282 1736,2281 1736,2281 1735,2281 1734,2280 1734,2279 1732,2277 1732,2272 1731,2271 1731,2250 1731,2250 1493,2250 1492,2249 1319,2250 1318,2250 1318,2251 1318,2252 1314,2252 1312,2254 1299,2254 1297,2252 1288,2252 1287,2251 1287,2250 1287,2250 1106,2250 1105,2251 1105,2252 1105,2252 1097,2252 1094,2255 988,2255 987,2254 984,2255 983,2254 983,2251 982,2250 980,2250 979,2249 979,2248 978,2247 977,2247 976,2246 976,2240 976,2240 975,2240 974,2239 974,2231 975,2231 976,2231 978,2229 979,2229 980,2228 981,2228 981,2227 981,2226 982,2226 983,2226 983,2225 983,2224 984,2224 986,2223 986,2223 986,2147 987,2146 988,2146 989,2145 991,2145 993,2143 993,2141 994,2140 1024,2140 1024,2141 1024,2142 1025,2142 1046,2142 1046,2143 1046,2176 1047,2176 1448,2175 1449,2174 1499,2174 1499,2174 1499,2139 1501,2137 1523,2137 1524,2138 1651,2138 1653,2141 1653,2143 1654,2143 1656,2143 1662,2149 1664,2149 1664,2150 1664,2152 1667,2155 1667,2178 1668,2178 1919,2177 1920,2176 2241,2176 2243,2174 2345,2174 2346,2173 2350,2173 2350,2173 2350,2175 2352,2177 2522,2176 2522,2176 2522,2143 2523,2142 2525,2142 2527,2140 2535,2140 2537,2142 2541,2142 2543,2145 2543,2149 2544,2150 2544,2155 2546,2157 2546,2159 2547,2159 2548,2159 2548,2160 2548,2178 2549,2178 2689,2178 2689,2177 2689,2176 2690,2176 2692,2176 2695,2173 2709,2173 2709,2172 2709,2139 2712,2137 2847,2136 2848,2135 2974,2135 2976,2133 2988,2133 2988,2134 2988,2135 2989,2135 3144,2135 3146,2133 3151,2133 3153,2135 3158,2135 3158,2135 3158,2175 3159,2176 3278,2175 3279,2176 3287,2176 3287,2177 3287,2178 3288,2178 3292,2178 3297,2183 3299,2183 3299,2184 3299,2188 3300,2188 3301,2188 3301,2189 3301,2200 3299,2202 3299,2240 3296,2243 3296,2245 3296,2245 3292,2245 3290,2247 3286,2247 3285,2248 3280,2248 3279,2249 3279,2251 3279,2251 3275,2252 3273,2250 3058,2250 3055,2252 3055,2256 3055,2257 3054,2257 3053,2257 3053,2258 3052,2259 3052,2260 3051,2262 3049,2262 3048,2262 3048,2263 3045,2267 3041,2267 3039,2269 3034,2269 3032,2267 3030,2267 3029,2267 3029,2248 3029,2247 2799,2248 2797,2250 2795,2250 2793,2252 2790,2252 2788,2254 2778,2254 2776,2252 2774,2252 2773,2251 2773,2250 2773,2250 2719,2250 2718,2249 2718,2248 2718,2248 2558,2248 2556,2250 2490,2250 2489,2251 2489,2252 2489,2252 2416,2252 2415,2253 2415,2293 2415,2293 2413,2293 2412,2294 2412,2295 2412,2295"/><TextEquiv><Unicode/></TextEquiv><TextEquiv index="1"><Unicode>Je me mis à genoux auprès de lui, ſans</Unicode></TextEquiv></TextLine><TextLine id="l13"><Coords points="1951,2467 1951,2467 1951,2463 1949,2461 1949,2452 1948,2451 1932,2451 1928,2447 1928,2412 1927,2411 1803,2412 1803,2412 1803,2448 1802,2449 1791,2449 1791,2448 1791,2412 1790,2412 1786,2412 1786,2412 1786,2426 1784,2428 1784,2431 1782,2433 1782,2438 1779,2441 1779,2443 1776,2446 1758,2446 1758,2445 1758,2436 1757,2436 1662,2436 1662,2436 1662,2435 1661,2434 1659,2434 1657,2432 1657,2409 1656,2408 1607,2408 1606,2407 1404,2408 1404,2408 1404,2411 1403,2412 1320,2412 1320,2412 1320,2426 1319,2427 1318,2427 1318,2427 1318,2431 1317,2432 1315,2432 1315,2432 1315,2436 1313,2438 1313,2440 1312,2441 1311,2441 1311,2441 1311,2442 1310,2443 1303,2443 1300,2446 1299,2446 1299,2446 1299,2447 1298,2448 1267,2448 1266,2446 1266,2443 1265,2443 1262,2443 1260,2441 1256,2441 1256,2440 1256,2439 1255,2439 1253,2439 1252,2438 1250,2438 1249,2436 1249,2434 1246,2431 1246,2408 1245,2408 1039,2408 1039,2408 1039,2407 1038,2406 978,2407 976,2405 974,2405 974,2404 974,2389 973,2389 965,2389 965,2388 965,2386 964,2386 955,2386 955,2385 955,2379 955,2379 982,2379 983,2378 983,2364 984,2363 983,2298 984,2298 986,2297 987,2296 993,2296 994,2295 1008,2295 1009,2297 1010,2336 1010,2336 1159,2336 1160,2336 1160,2335 1160,2334 1162,2334 1163,2333 1275,2333 1277,2331 1480,2330 1481,2330 1480,2299 1481,2298 1481,2296 1482,2295 1483,2295 1483,2295 1483,2294 1484,2293 1505,2293 1506,2295 1506,2298 1507,2299 1507,2303 1509,2305 1510,2331 1510,2331 1520,2331 1521,2332 1521,2333 1521,2333 1630,2333 1631,2334 1631,2336 1631,2336 1765,2336 1766,2335 1765,2305 1766,2305 1767,2305 1767,2304 1767,2302 1768,2302 1777,2302 1777,2301 1777,2300 1778,2300 1782,2300 1782,2300 1782,2314 1783,2315 1874,2315 1875,2316 1876,2334 1876,2335 1972,2334 1973,2333 2101,2333 2102,2333 2102,2331 2104,2329 2103,2325 2104,2324 2104,2317 2106,2315 2106,2311 2107,2310 2107,2308 2108,2307 2109,2307 2109,2307 2109,2305 2113,2301 2113,2298 2114,2297 2117,2297 2121,2293 2123,2293 2123,2293 2123,2292 2124,2291 2130,2291 2133,2288 2147,2288 2147,2288 2147,2289 2148,2290 2150,2290 2151,2291 2155,2291 2157,2293 2236,2293 2236,2293 2237,2332 2237,2333 2370,2332 2371,2331 2522,2331 2523,2331 2522,2299 2523,2298 2524,2298 2525,2297 2525,2296 2526,2295 2532,2295 2534,2297 2539,2297 2541,2300 2541,2302 2543,2304 2544,2329 2544,2329 2680,2329 2682,2331 2857,2330 2858,2329 3054,2329 3055,2328 3055,2326 3057,2324 3064,2324 3064,2324 3065,2326 3069,2331 3229,2331 3230,2330 3229,2322 3230,2321 3230,2295 3231,2295 3232,2295 3232,2294 3232,2293 3233,2293 3237,2293 3239,2291 3245,2291 3248,2294 3248,2324 3249,2325 3283,2324 3283,2325 3284,2328 3284,2328 3286,2328 3291,2333 3293,2333 3296,2336 3296,2340 3297,2341 3298,2341 3299,2342 3299,2379 3299,2379 3300,2379 3301,2380 3301,2381 3301,2381 3305,2381 3306,2382 3306,2384 3308,2386 3308,2394 3306,2396 3306,2398 3303,2400 3301,2400 3298,2403 3296,2403 3296,2404 3296,2444 3295,2444 3183,2445 3183,2444 3183,2403 3182,2403 3172,2403 3172,2403 3172,2404 3171,2405 3169,2405 3167,2407 3147,2407 3145,2405 3064,2405 3062,2403 3060,2403 3059,2402 3056,2402 3054,2400 2942,2400 2941,2401 2939,2401 2937,2403 2924,2403 2923,2402 2759,2403 2759,2403 2759,2404 2758,2405 2734,2405 2731,2402 2601,2402 2600,2403 2544,2403 2544,2404 2544,2410 2543,2411 2543,2430 2541,2432 2541,2434 2540,2434 2539,2434 2539,2435 2539,2439 2536,2441 2532,2441 2532,2442 2532,2443 2530,2444 2515,2444 2513,2442 2513,2404 2512,2403 2365,2403 2365,2404 2365,2405 2364,2405 2363,2405 2362,2404 2235,2405 2232,2408 2226,2408 2225,2407 2220,2407 2218,2405 2058,2405 2056,2407 1973,2407 1973,2408 1973,2446 1972,2446 1970,2446 1970,2447 1970,2461 1968,2463 1968,2465 1965,2467"/><TextEquiv><Unicode/></TextEquiv><TextEquiv index="1"><Unicode>le regarder; je poſai ma joue contre la</Unicode></TextEquiv></TextLine><TextLine id="l14"><Coords points="2095,2603 2094,2603 2094,2601 2092,2599 2092,2566 2092,2565 1956,2565 1954,2563 1950,2563 1949,2563 1949,2562 1949,2561 1905,2561 1904,2560 1675,2561 1674,2561 1674,2574 1672,2577 1672,2582 1671,2583 1671,2587 1671,2587 1670,2587 1669,2588 1669,2590 1664,2595 1664,2597 1663,2598 1658,2598 1657,2599 1655,2599 1653,2601 1646,2601 1644,2599 1642,2599 1641,2599 1641,2581 1641,2580 1639,2580 1638,2580 1638,2559 1638,2558 1421,2559 1420,2559 1420,2566 1418,2568 1418,2570 1413,2575 1413,2577 1412,2579 1408,2579 1406,2580 1406,2581 1406,2582 1405,2582 1404,2582 1404,2583 1404,2584 1392,2584 1389,2581 1389,2567 1389,2567 1311,2567 1305,2561 1300,2561 1297,2558 1115,2558 1113,2560 1113,2561 1113,2561 972,2562 971,2562 971,2563 970,2565 963,2565 962,2564 962,2546 962,2546 970,2546 971,2545 971,2508 971,2508 976,2508 977,2507 977,2490 980,2487 982,2487 983,2486 983,2484 984,2483 984,2478 986,2476 986,2472 986,2471 987,2471 988,2471 988,2463 988,2462 995,2462 996,2462 996,2460 1000,2455 1002,2455 1007,2450 1014,2450 1015,2450 1015,2449 1015,2448 1019,2448 1021,2446 1038,2446 1040,2448 1042,2448 1043,2449 1043,2450 1043,2450 1045,2450 1046,2451 1047,2451 1048,2452 1048,2456 1050,2458 1050,2487 1050,2487 1330,2487 1336,2493 1339,2493 1340,2493 1340,2494 1342,2496 1342,2497 1342,2498 1345,2498 1346,2499 1502,2498 1504,2497 1504,2495 1505,2494 1505,2465 1507,2463 1507,2460 1508,2458 1510,2458 1511,2458 1511,2454 1511,2453 1513,2453 1514,2453 1514,2451 1516,2448 1518,2448 1520,2446 1522,2446 1523,2446 1523,2445 1523,2444 1527,2444 1528,2443 1541,2443 1542,2444 1543,2444 1545,2446 1549,2446 1550,2447 1550,2448 1550,2448 1847,2448 1848,2448 1848,2486 1848,2487 1903,2486 1904,2487 1965,2487 1966,2488 1966,2489 1966,2489 2134,2489 2136,2487 2192,2487 2193,2486 2256,2486 2257,2485 2257,2474 2259,2472 2259,2469 2260,2468 2260,2461 2264,2457 2264,2453 2269,2448 2271,2448 2276,2443 2283,2443 2285,2441 2331,2441 2333,2443 2337,2443 2338,2444 2345,2444 2348,2446 2348,2448 2352,2452 2352,2486 2352,2487 2515,2486 2516,2486 2516,2445 2516,2444 2525,2444 2526,2445 2526,2486 2526,2486 2535,2486 2536,2486 2536,2451 2537,2450 2537,2449 2537,2448 2538,2448 2539,2448 2539,2447 2539,2446 2724,2446 2726,2444 2730,2444 2732,2446 2737,2446 2739,2447 2739,2449 2742,2452 2742,2454 2742,2455 2743,2455 2744,2455 2744,2457 2745,2458 2745,2481 2745,2482 2913,2481 2914,2482 2918,2482 2919,2483 2919,2484 2919,2484 3026,2484 3027,2485 3027,2487 3027,2487 3171,2487 3172,2486 3172,2470 3172,2470 3173,2470 3174,2469 3174,2465 3175,2464 3175,2460 3175,2460 3176,2460 3177,2459 3177,2455 3179,2453 3179,2451 3179,2451 3180,2451 3181,2450 3181,2448 3182,2447 3182,2445 3182,2445 3296,2444 3299,2447 3299,2487 3301,2489 3301,2493 3301,2493 3302,2493 3303,2494 3303,2498 3303,2498 3305,2498 3306,2499 3306,2501 3308,2503 3308,2508 3307,2508 3306,2508 3306,2509 3306,2510 3305,2510 3304,2510 3304,2511 3304,2544 3303,2545 3303,2547 3300,2549 3298,2549 3296,2551 3294,2551 3294,2552 3294,2553 3293,2553 3287,2553 3285,2556 3140,2557 3137,2560 2917,2560 2916,2560 2916,2559 2916,2558 2910,2558 2908,2556 2870,2556 2868,2555 2620,2556 2620,2556 2620,2557 2620,2558 2611,2558 2609,2560 2382,2560 2379,2563 2372,2563 2370,2565 2364,2565 2363,2564 2360,2565 2358,2563 2356,2563 2354,2561 2353,2561 2352,2560 2136,2560 2135,2560 2135,2598 2133,2601 2129,2601 2128,2602 2128,2603 2128,2603"/><TextEquiv><Unicode/></TextEquiv><TextEquiv index="1"><Unicode>ſienne, &amp; j'allots paſſer de l'autre côté</Unicode></TextEquiv></TextLine><TextLine id="l15"><Coords points="1579,2761 1577,2759 1572,2759 1570,2757 1556,2757 1555,2756 1550,2756 1546,2752 1544,2752 1543,2751 1542,2751 1540,2749 1538,2749 1533,2745 1533,2740 1531,2738 1531,2721 1531,2720 1493,2720 1492,2719 1338,2720 1337,2720 1337,2758 1337,2759 1317,2759 1316,2758 1316,2716 1316,2716 1034,2716 1033,2715 1002,2715 1001,2714 971,2715 969,2713 969,2648 971,2646 971,2644 976,2640 978,2640 979,2639 981,2639 981,2638 981,2625 982,2625 983,2625 983,2624 983,2616 984,2615 984,2614 988,2610 994,2610 996,2608 998,2608 998,2608 998,2607 999,2606 1000,2606 1003,2603 1003,2602 1004,2601 1005,2601 1005,2601 1005,2600 1006,2599 1017,2599 1019,2597 1028,2597 1030,2599 1036,2599 1036,2600 1036,2601 1037,2601 1038,2601 1038,2602 1038,2604 1039,2605 1039,2642 1040,2642 1275,2642 1275,2641 1275,2603 1276,2603 1278,2603 1280,2601 1294,2601 1294,2601 1294,2602 1295,2603 1297,2603 1297,2603 1297,2606 1299,2608 1299,2639 1300,2640 1444,2640 1445,2640 1769,2640 1769,2639 1769,2606 1770,2606 1775,2606 1777,2604 1782,2604 1783,2603 1789,2603 1790,2604 1792,2604 1793,2605 1793,2621 1794,2622 1794,2641 1795,2642 2013,2641 2013,2641 2013,2607 2016,2604 2025,2604 2026,2603 2033,2603 2034,2604 2038,2604 2039,2606 2039,2611 2040,2612 2040,2640 2041,2640 2346,2640 2347,2639 2348,2639 2348,2638 2348,2637 2349,2637 2360,2637 2362,2639 2362,2640 2363,2640 2419,2640 2421,2642 2563,2642 2563,2643 2563,2644 2564,2644 2708,2644 2708,2643 2708,2601 2709,2600 2709,2598 2711,2597 2744,2597 2745,2596 2756,2596 2757,2597 2765,2597 2767,2599 2798,2599 2801,2602 2801,2621 2802,2622 2802,2639 2803,2640 3008,2639 3012,2635 3084,2635 3086,2632 3086,2618 3087,2618 3088,2618 3088,2617 3088,2616 3089,2615 3089,2614 3091,2612 3091,2608 3096,2603 3096,2601 3097,2601 3103,2601 3106,2598 3108,2598 3108,2597 3108,2596 3109,2596 3127,2596 3129,2598 3129,2600 3130,2601 3132,2601 3132,2601 3132,2634 3133,2635 3208,2635 3209,2636 3292,2635 3292,2636 3292,2637 3293,2637 3297,2637 3300,2640 3302,2640 3304,2642 3306,2642 3306,2643 3306,2647 3308,2649 3308,2668 3308,2668 3307,2668 3306,2669 3306,2699 3306,2699 3305,2699 3304,2700 3304,2702 3304,2702 3301,2702 3299,2704 3297,2704 3290,2711 3280,2711 3279,2710 3018,2711 3017,2712 3017,2713 3017,2713 3003,2713 3001,2711 2876,2711 2875,2710 2795,2711 2793,2709 2618,2709 2616,2710 2616,2712 2616,2713 2573,2713 2572,2714 2570,2714 2568,2716 2564,2716 2563,2717 2563,2718 2563,2718 2516,2718 2515,2719 2515,2733 2513,2735 2513,2740 2512,2741 2512,2745 2512,2745 2511,2745 2510,2746 2510,2749 2510,2749 2509,2749 2508,2750 2508,2752 2508,2752 2497,2752 2496,2753 2496,2754 2496,2754 2470,2754 2468,2752 2458,2752 2457,2751 2455,2751 2453,2749 2451,2749 2449,2747 2447,2747 2446,2747 2446,2745 2443,2742 2443,2717 2443,2716 2364,2716 2363,2715 2155,2716 2154,2716 2154,2718 2150,2723 2143,2723 2138,2718 2024,2718 2023,2717 1901,2718 1900,2718 1900,2757 1900,2758 1880,2758 1879,2757 1879,2720 1879,2720 1834,2720 1832,2718 1823,2718 1822,2717 1822,2716 1822,2716 1608,2716 1607,2717 1607,2731 1605,2733 1605,2737 1604,2738 1604,2741 1600,2745 1600,2749 1600,2749 1598,2749 1593,2754 1593,2756 1593,2756 1591,2756 1586,2761"/><TextEquiv><Unicode/></TextEquiv><TextEquiv index="1"><Unicode>ſans le regarder davantage. Il me ſerre</Unicode></TextEquiv></TextLine><TextLine id="l16"><Coords points="2338,2912 2338,2911 2338,2871 2337,2871 2219,2871 2219,2870 2219,2869 2218,2869 2217,2869 2216,2868 2014,2868 2013,2870 2013,2871 2012,2871 2011,2871 2011,2872 2011,2873 2010,2873 2006,2873 2005,2874 1994,2874 1993,2873 1700,2874 1699,2873 1697,2873 1695,2871 1691,2871 1691,2870 1691,2869 1690,2869 1494,2869 1494,2870 1494,2873 1492,2874 1489,2874 1487,2877 1487,2881 1486,2881 1485,2881 1485,2882 1485,2883 1484,2883 1483,2883 1483,2884 1483,2886 1482,2886 1480,2886 1480,2887 1480,2888 1479,2888 1478,2888 1478,2889 1478,2891 1476,2892 1471,2892 1470,2893 1468,2893 1468,2894 1468,2895 1467,2895 1461,2895 1459,2893 1457,2893 1457,2893 1457,2871 1456,2870 1263,2871 1263,2871 1263,2872 1262,2873 1250,2873 1246,2869 1079,2869 1079,2870 1079,2871 1078,2871 1076,2871 1074,2873 1002,2873 1001,2874 992,2874 990,2876 989,2876 988,2875 985,2876 983,2874 981,2874 981,2873 981,2871 980,2871 979,2871 979,2870 979,2869 977,2867 976,2766 976,2766 973,2766 972,2765 974,2764 981,2764 981,2763 981,2761 982,2761 984,2761 984,2760 984,2758 986,2756 1008,2756 1008,2757 1008,2758 1010,2760 1010,2764 1012,2766 1013,2795 1013,2795 1055,2795 1057,2797 1260,2797 1262,2795 1265,2795 1266,2794 1316,2794 1317,2793 1316,2759 1317,2759 1337,2759 1337,2759 1338,2794 1338,2795 1403,2795 1404,2795 1404,2796 1404,2797 1405,2797 1406,2797 1406,2798 1406,2799 1408,2799 1409,2800 1587,2799 1588,2799 1588,2798 1588,2797 1592,2797 1594,2795 1606,2795 1607,2796 1607,2797 1607,2797 1649,2797 1650,2798 1650,2799 1650,2799 1829,2799 1833,2795 1832,2763 1837,2759 1879,2759 1880,2758 1901,2758 1901,2758 1902,2792 1902,2793 1934,2792 1935,2793 1935,2795 1935,2795 2003,2795 2004,2796 2004,2797 2004,2797 2249,2797 2250,2796 2250,2794 2252,2792 2252,2789 2254,2787 2253,2783 2254,2783 2255,2783 2255,2782 2255,2779 2257,2777 2257,2775 2259,2773 2259,2771 2260,2770 2260,2767 2262,2765 2262,2761 2263,2761 2264,2761 2264,2760 2264,2758 2266,2757 2267,2757 2268,2756 2270,2756 2272,2754 2281,2754 2281,2754 2281,2755 2282,2756 2469,2755 2470,2754 2495,2754 2495,2755 2496,2794 2496,2794 2630,2794 2632,2792 2799,2792 2800,2791 2799,2757 2801,2756 2802,2756 2802,2755 2802,2754 2803,2754 2817,2754 2818,2755 2883,2754 2883,2755 2883,2756 2884,2756 2886,2756 2887,2757 2889,2757 2892,2761 2892,2763 2893,2764 2894,2795 2894,2795 3077,2795 3078,2794 3077,2758 3079,2757 3081,2757 3082,2756 3096,2756 3096,2755 3096,2754 3097,2754 3227,2754 3227,2753 3227,2752 3228,2752 3230,2752 3233,2749 3241,2749 3241,2749 3241,2751 3242,2752 3243,2787 3243,2788 3279,2787 3280,2788 3294,2788 3296,2790 3296,2792 3299,2795 3299,2797 3299,2797 3300,2797 3301,2798 3301,2802 3304,2805 3304,2841 3306,2843 3306,2852 3303,2854 3299,2854 3298,2855 3297,2855 3295,2857 3294,2857 3294,2858 3294,2859 3293,2859 3292,2859 3292,2860 3292,2861 3291,2861 3166,2862 3164,2864 3098,2864 3098,2864 3098,2865 3097,2866 3093,2866 3091,2868 3086,2868 3085,2869 3076,2869 3074,2871 3072,2871 3072,2870 3072,2864 3069,2862 2897,2862 2897,2863 2897,2864 2896,2864 2895,2864 2895,2865 2895,2866 2894,2866 2893,2866 2893,2867 2893,2868 2892,2868 2749,2869 2748,2868 2575,2868 2574,2869 2474,2869 2474,2870 2474,2871 2473,2871 2465,2871 2464,2870 2355,2871 2355,2871 2355,2911 2354,2912"/><TextEquiv><Unicode/></TextEquiv><TextEquiv index="1"><Unicode>la main, me dit: „Ah! cruel!“ Je le</Unicode></TextEquiv></TextLine><TextLine id="l17"><Coords points="1290,3072 1289,3071 1289,3070 1289,3070 1125,3070 1124,3069 1122,3069 1120,3067 1115,3067 1113,3066 1113,3063 1113,3062 1111,3062 1110,3062 1110,3061 1110,3060 1109,3060 1108,3060 1108,3056 1105,3053 1105,3051 1105,3050 1104,3050 1103,3050 1103,3034 1103,3033 1060,3033 1058,3031 1056,3031 1055,3031 1055,3030 1055,3029 990,3029 989,3028 980,3029 979,3028 979,3026 976,3023 976,3015 977,3014 977,2958 978,2957 983,2957 985,2955 1017,2954 1018,2953 1205,2953 1206,2952 1332,2952 1333,2951 1333,2918 1335,2916 1335,2913 1336,2912 1344,2912 1346,2914 1350,2914 1351,2914 1351,2915 1351,2916 1355,2916 1356,2916 1356,2918 1359,2921 1359,2952 1359,2953 1534,2952 1535,2952 1535,2924 1537,2921 1539,2921 1540,2921 1540,2920 1540,2919 1676,2919 1678,2917 1680,2917 1681,2916 1686,2916 1688,2914 1699,2914 1700,2914 1700,2944 1702,2946 1702,2952 1702,2953 2287,2952 2288,2953 2335,2953 2336,2952 2336,2913 2337,2912 2355,2912 2357,2913 2357,2915 2359,2917 2359,2955 2359,2956 2517,2955 2518,2955 2518,2953 2518,2952 2519,2952 2520,2952 2520,2943 2522,2941 2522,2937 2522,2936 2523,2936 2525,2935 2525,2933 2531,2926 2533,2926 2534,2926 2534,2925 2534,2924 2535,2924 2537,2923 2537,2922 2537,2921 2541,2921 2544,2919 2544,2917 2544,2916 2550,2916 2551,2916 2551,2915 2551,2914 2553,2914 2555,2912 2557,2912 2559,2910 2576,2910 2577,2909 2639,2909 2643,2905 2648,2905 2649,2905 2649,2906 2649,2907 2650,2907 2651,2907 2651,2908 2651,2909 2927,2908 2930,2905 2937,2905 2938,2906 2938,2907 2938,2907 3124,2907 3126,2905 3216,2905 3217,2904 3231,2904 3232,2905 3288,2904 3292,2908 3292,2912 3292,2912 3293,2912 3294,2913 3294,2945 3294,2945 3295,2945 3296,2946 3296,2995 3297,2996 3297,3010 3296,3011 3296,3012 3295,3012 3294,3012 3294,3013 3294,3014 3294,3014 3290,3014 3289,3015 3195,3016 3194,3017 3190,3017 3189,3017 3189,3018 3189,3019 3094,3019 3092,3021 3083,3021 3082,3022 3058,3022 3057,3021 2839,3021 2838,3022 2836,3022 2835,3023 2835,3024 2835,3024 2834,3024 2833,3025 2833,3027 2833,3027 2824,3027 2823,3028 2562,3029 2561,3028 2393,3028 2391,3026 2239,3027 2238,3027 2238,3052 2238,3053 2229,3053 2228,3052 2228,3027 2228,3027 2172,3027 2171,3028 2058,3028 2057,3029 2054,3029 2052,3031 1914,3031 1913,3032 1913,3033 1913,3033 1908,3033 1905,3030 1897,3031 1896,3030 1896,3029 1896,3029 1601,3029 1600,3030 1600,3031 1600,3031 1560,3031 1559,3032 1559,3037 1557,3039 1557,3048 1555,3050 1555,3052 1554,3053 1554,3054 1552,3056 1552,3060 1552,3060 1551,3060 1550,3061 1550,3064 1550,3064 1549,3064 1548,3065 1541,3065 1540,3066 1540,3067 1540,3067 1531,3067 1529,3066 1529,3054 1529,3053 1465,3053 1464,3052 1461,3052 1457,3049 1457,3031 1457,3030 1397,3031 1395,3029 1391,3029 1390,3028 1349,3028 1348,3027 1307,3027 1306,3027 1306,3071 1306,3072"/><TextEquiv><Unicode/></TextEquiv><TextEquiv index="1"><Unicode>regarde, je le reconnois. Ciel! ô Ciel!</Unicode></TextEquiv></TextLine><TextLine id="l18"><Coords points="2200,3226 2199,3225 2199,3184 2199,3184 1928,3184 1926,3186 1911,3186 1908,3183 1735,3184 1734,3184 1734,3185 1734,3186 1727,3186 1724,3183 1724,3182 1724,3182 1572,3182 1571,3183 1571,3184 1571,3184 1563,3184 1562,3184 1562,3183 1562,3182 1390,3183 1358,3183 1357,3184 1348,3184 1347,3184 1347,3185 1347,3186 1337,3186 1335,3184 1158,3184 1137,3184 1135,3186 1025,3186 1024,3186 1024,3185 1024,3184 1020,3184 1018,3182 1008,3182 1005,3179 1001,3179 1000,3179 1000,3178 1000,3177 999,3177 998,3177 998,3176 998,3175 997,3175 995,3174 995,3172 991,3168 991,3166 990,3165 990,3163 988,3161 988,3157 986,3155 986,3153 984,3151 984,3133 986,3131 986,3129 987,3128 988,3128 988,3128 988,3124 989,3123 990,3123 991,3122 996,3122 1001,3117 1012,3117 1012,3117 1012,3116 1013,3115 1014,3115 1014,3115 1014,3114 1015,3113 1021,3113 1022,3112 1022,3111 1023,3110 1055,3110 1055,3110 1055,3075 1058,3072 1065,3072 1067,3070 1075,3070 1077,3072 1080,3072 1082,3074 1287,3074 1287,3073 1287,3072 1288,3072 1307,3072 1308,3073 1308,3104 1309,3105 1342,3105 1344,3107 1344,3109 1345,3110 1566,3109 1567,3108 1758,3108 1760,3105 1760,3103 1761,3103 1762,3103 1762,3102 1762,3098 1763,3097 1763,3095 1765,3093 1765,3090 1767,3088 1767,3086 1769,3084 1769,3076 1770,3075 1770,3071 1775,3067 1784,3067 1787,3070 1789,3070 1789,3070 1789,3071 1790,3072 1791,3072 1791,3072 1791,3074 1793,3076 1793,3078 1794,3079 1794,3083 1795,3084 1796,3084 1796,3084 1796,3090 1797,3091 1798,3091 1798,3091 1798,3093 1800,3095 1800,3099 1803,3102 1803,3104 1804,3105 1806,3105 1806,3105 1806,3106 1807,3107 1965,3106 1965,3106 1965,3097 1966,3096 1966,3093 1968,3091 1968,3082 1970,3080 1970,3077 1973,3074 2131,3074 2131,3074 2131,3072 2135,3067 2135,3065 2136,3065 2200,3065 2201,3064 2219,3064 2219,3064 2219,3066 2220,3067 2221,3067 2221,3067 2221,3068 2222,3069 2224,3069 2224,3069 2224,3109 2225,3110 2250,3110 2252,3112 2254,3112 2255,3113 2260,3113 2260,3113 2260,3115 2261,3116 2264,3119 2266,3119 2267,3120 2267,3122 2269,3124 2269,3128 2270,3129 2271,3129 2271,3129 2271,3152 2272,3153 2300,3153 2300,3153 2300,3154 2301,3155 2309,3155 2310,3156 2310,3158 2312,3160 2312,3172 2309,3175 2309,3177 2306,3181 2304,3181 2303,3181 2303,3183 2303,3184 2301,3184 2300,3184 2300,3185 2300,3186 2248,3186 2247,3187 2241,3187 2240,3186 2234,3186 2233,3185 2233,3184 2233,3184 2218,3184 2217,3184 2217,3225 2217,3226"/><TextEquiv><Unicode/></TextEquiv><TextEquiv index="1"><Unicode>c'étoit mon Artémiſe.</Unicode></TextEquiv></TextLine><TextLine id="l19"><Coords points="1339,3385 1339,3384 1339,3382 1338,3382 1336,3382 1335,3380 1335,3346 1334,3346 1136,3346 1136,3346 1136,3345 1135,3344 1134,3344 1134,3344 1134,3331 1134,3330 1138,3330 1140,3328 1152,3328 1153,3328 1153,3324 1153,3323 1154,3323 1155,3323 1154,3242 1154,3241 1142,3241 1141,3241 1141,3232 1144,3229 1147,3229 1149,3227 1175,3227 1177,3229 1182,3229 1183,3230 1195,3230 1196,3232 1197,3270 1197,3270 1374,3270 1375,3269 1375,3268 1375,3268 1377,3268 1379,3266 1501,3265 1502,3265 1502,3251 1504,3249 1503,3243 1505,3241 1505,3231 1507,3229 1507,3228 1508,3227 1521,3227 1521,3228 1522,3261 1522,3261 1562,3261 1564,3263 1564,3266 1564,3266 1772,3266 1773,3265 1772,3231 1774,3230 1776,3230 1777,3229 1780,3229 1782,3227 1787,3227 1788,3228 1997,3227 1999,3225 2004,3225 2004,3226 2004,3227 2005,3227 2020,3227 2020,3228 2020,3229 2021,3229 2025,3229 2027,3232 2028,3266 2028,3266 2078,3266 2080,3268 2197,3268 2198,3267 2197,3229 2199,3227 2199,3226 2200,3226 2217,3226 2217,3226 2217,3231 2218,3232 2219,3267 2219,3268 2325,3268 2327,3266 2330,3266 2331,3265 2476,3264 2477,3263 2545,3263 2546,3263 2546,3262 2546,3261 2655,3261 2656,3260 2661,3260 2662,3259 2661,3226 2666,3222 2707,3222 2708,3220 2708,3217 2709,3217 2714,3217 2716,3215 2725,3215 2725,3215 2725,3219 2726,3220 2728,3220 2728,3220 2729,3253 2729,3254 2822,3253 2823,3254 2828,3254 2830,3256 3009,3256 3010,3256 3010,3251 3011,3249 3086,3249 3087,3248 3086,3217 3088,3215 3088,3213 3091,3211 3104,3211 3107,3214 3107,3216 3108,3217 3109,3245 3109,3246 3185,3246 3186,3246 3186,3247 3186,3248 3245,3248 3246,3249 3303,3248 3304,3249 3304,3251 3304,3251 3305,3251 3306,3252 3306,3256 3310,3260 3310,3269 3306,3273 3306,3316 3305,3316 3303,3316 3301,3318 3299,3318 3299,3319 3299,3320 3298,3320 3233,3321 3232,3322 3162,3322 3162,3322 3162,3365 3161,3366 3144,3366 3144,3365 3144,3322 3143,3322 3132,3322 3131,3323 3110,3323 3110,3323 3110,3324 3109,3325 3038,3325 3036,3327 3033,3327 3032,3328 2896,3328 2894,3330 2845,3330 2845,3331 2845,3332 2844,3332 2838,3332 2838,3333 2838,3334 2837,3334 2565,3335 2565,3336 2565,3337 2564,3337 2560,3337 2558,3339 2550,3339 2548,3337 2546,3337 2546,3337 2546,3336 2545,3335 2543,3335 2542,3334 2352,3335 2348,3339 2348,3341 2347,3342 2341,3342 2341,3341 2341,3340 2340,3340 2264,3340 2263,3339 2114,3339 2114,3340 2114,3381 2113,3381 2101,3381 2100,3380 2100,3340 2099,3339 2070,3339 2069,3340 2063,3340 2062,3341 2060,3339 1781,3340 1780,3341 1778,3339 1693,3339 1693,3339 1693,3381 1692,3382 1677,3382 1677,3381 1677,3339 1676,3339 1617,3339 1616,3340 1443,3341 1443,3341 1443,3383 1442,3384 1364,3384 1363,3385"/><TextEquiv><Unicode/></TextEquiv><TextEquiv index="1"><Unicode>Le prétendu Novice me dit tout bas:</Unicode></TextEquiv></TextLine><TextLine id="l20"><Coords points="1734,3540 1732,3538 1728,3538 1727,3537 1722,3537 1719,3534 1719,3533 1719,3533 1718,3533 1717,3532 1717,3531 1717,3531 1715,3531 1714,3530 1714,3529 1712,3527 1712,3526 1712,3526 1711,3526 1710,3525 1710,3523 1707,3520 1707,3495 1707,3495 1672,3495 1671,3494 1442,3495 1440,3497 1304,3497 1302,3499 1286,3499 1285,3500 1279,3500 1278,3499 1160,3499 1158,3497 1142,3497 1141,3497 1141,3496 1141,3495 1054,3495 1053,3494 1022,3494 1020,3492 1018,3492 1017,3492 1017,3491 1017,3490 1015,3490 1013,3488 1011,3488 1008,3486 1008,3484 1008,3483 1006,3483 1005,3483 1005,3477 1005,3476 1004,3476 1003,3476 1003,3472 998,3467 998,3464 997,3463 992,3463 991,3462 991,3432 990,3431 978,3432 977,3430 978,3429 978,3426 978,3426 1133,3425 1134,3425 1134,3388 1134,3387 1136,3387 1138,3385 1145,3385 1147,3383 1150,3383 1151,3382 1159,3382 1160,3383 1239,3383 1241,3385 1245,3385 1246,3385 1246,3388 1246,3389 1248,3389 1249,3389 1249,3415 1249,3416 1424,3416 1425,3415 1425,3411 1426,3410 1426,3391 1430,3387 1430,3384 1430,3384 1443,3384 1444,3384 1444,3421 1444,3422 1671,3421 1672,3421 1672,3390 1674,3388 1674,3383 1674,3382 1694,3382 1695,3382 1695,3422 1695,3423 2041,3422 2042,3421 2067,3421 2070,3418 2091,3418 2092,3418 2092,3388 2092,3387 2096,3387 2097,3387 2097,3383 2097,3382 2099,3382 2100,3381 2114,3381 2116,3383 2116,3385 2118,3387 2118,3420 2118,3420 2359,3420 2360,3419 2360,3382 2360,3382 2364,3381 2365,3382 2376,3382 2379,3385 2379,3387 2379,3387 2380,3387 2381,3388 2381,3401 2381,3401 2382,3401 2383,3402 2383,3420 2383,3420 2596,3420 2598,3418 2600,3418 2601,3417 2601,3416 2601,3416 2660,3416 2661,3415 2661,3413 2661,3413 2663,3413 2665,3411 2672,3411 2674,3413 2676,3413 2677,3414 2849,3413 2850,3413 2850,3411 2852,3409 2852,3388 2852,3387 2853,3387 2854,3387 2854,3385 2857,3382 2857,3381 2857,3380 2858,3380 2859,3380 2859,3379 2859,3378 2860,3378 2861,3378 2862,3377 2862,3376 2862,3375 2863,3375 2864,3375 2864,3373 2865,3371 2870,3371 2871,3370 2873,3370 2875,3368 2899,3368 2904,3373 2904,3409 2904,3409 3049,3409 3051,3407 3112,3407 3113,3406 3143,3406 3144,3405 3144,3366 3144,3366 3193,3366 3196,3363 3198,3363 3202,3359 3210,3359 3211,3358 3217,3358 3220,3360 3220,3362 3220,3363 3222,3363 3224,3364 3224,3402 3224,3403 3306,3402 3308,3404 3308,3407 3310,3409 3310,3413 3311,3414 3311,3457 3313,3459 3313,3461 3313,3461 3314,3461 3315,3462 3315,3463 3316,3464 3316,3478 3315,3479 3315,3481 3315,3481 3313,3481 3311,3483 3311,3485 3310,3486 3310,3494 3309,3495 3302,3495 3301,3496 3301,3497 3301,3497 3300,3497 3299,3498 3299,3499 3299,3499 3297,3499 3296,3500 3292,3500 3290,3502 3283,3502 3281,3501 3281,3500 3279,3498 3279,3492 3278,3491 3278,3476 3278,3476 3051,3476 3050,3476 3050,3520 3050,3521 3049,3521 3048,3522 3048,3524 3048,3524 3034,3524 3033,3525 3031,3523 3015,3523 3012,3521 3012,3486 3012,3485 2791,3486 2790,3487 2789,3487 2788,3488 2688,3488 2687,3488 2687,3489 2687,3490 2538,3490 2537,3491 2537,3497 2535,3499 2527,3499 2525,3497 2428,3497 2427,3497 2427,3496 2427,3495 2423,3495 2422,3494 2369,3494 2368,3493 2179,3494 2176,3496 2176,3498 2176,3499 2169,3499 2167,3497 2162,3497 2159,3494 1955,3494 1954,3495 1954,3536 1954,3536 1942,3536 1941,3536 1941,3497 1941,3496 1778,3497 1777,3497 1777,3523 1777,3524 1775,3524 1774,3524 1774,3525 1774,3526 1773,3526 1772,3526 1772,3529 1772,3530 1768,3530 1765,3533 1763,3533 1761,3535 1756,3535 1754,3537 1751,3537 1750,3538 1746,3538 1744,3540"/><TextEquiv><Unicode/></TextEquiv><TextEquiv index="1"><Unicode>„Ne témoignez rien de votre ſurpriſe;</Unicode></TextEquiv></TextLine><TextLine id="l21"><Coords points="1422,3695 1421,3694 1421,3662 1421,3662 1249,3662 1247,3660 1245,3660 1244,3659 1242,3659 1241,3658 1241,3657 1241,3657 1237,3657 1235,3655 1144,3655 1142,3653 1018,3653 1017,3653 1017,3649 1017,3648 991,3648 990,3647 989,3647 988,3647 988,3576 988,3575 987,3575 986,3575 986,3571 987,3570 1849,3569 1849,3568 1849,3546 1853,3543 1861,3543 1862,3542 1934,3541 1935,3540 1935,3538 1937,3536 1996,3536 1997,3535 1999,3535 1999,3535 1999,3534 2000,3533 2006,3533 2006,3533 2006,3532 2007,3531 2707,3530 2711,3526 2725,3526 2727,3524 2745,3524 2745,3524 2745,3525 2746,3526 2762,3526 2763,3527 3008,3526 3010,3528 3012,3528 3014,3531 3014,3555 3015,3555 3304,3554 3305,3555 3309,3555 3311,3557 3313,3557 3313,3558 3313,3560 3316,3563 3316,3567 3318,3569 3318,3574 3320,3576 3320,3583 3322,3585 3322,3586 3322,3586 3320,3586 3318,3588 3318,3614 3318,3614 3317,3614 3316,3615 3316,3617 3315,3618 3315,3620 3313,3622 3313,3624 3313,3624 3309,3624 3308,3625 3308,3626 3308,3626 3307,3626 3306,3627 3306,3628 3306,3628 3305,3628 3304,3629 3304,3645 3304,3645 2476,3647 2475,3648 2342,3649 2341,3649 2341,3687 2339,3690 2337,3690 2336,3691 2120,3691 2119,3692 1438,3694 1437,3695"/><TextEquiv><Unicode/></TextEquiv><TextEquiv index="1"><Unicode>“ne nous trahiſſons pas“. Il fallut me</Unicode></TextEquiv></TextLine><TextLine id="l22"><Coords points="1090,3852 1090,3852 1090,3811 1089,3810 1022,3810 1022,3810 1022,3809 1021,3808 1012,3808 1009,3805 1007,3805 1007,3805 1007,3804 1006,3803 1002,3803 1000,3801 1000,3799 999,3798 998,3798 998,3798 998,3789 996,3787 996,3783 995,3782 995,3780 994,3779 993,3779 993,3779 993,3765 998,3760 998,3758 1004,3751 1008,3751 1010,3750 1010,3748 1011,3746 1020,3746 1022,3745 1022,3744 1022,3743 1024,3743 1026,3741 1030,3741 1031,3741 1031,3740 1031,3739 1090,3739 1091,3738 1093,3738 1097,3734 1229,3734 1232,3731 1240,3731 1241,3731 1241,3732 1241,3733 1243,3733 1244,3734 1248,3734 1249,3734 1249,3735 1249,3736 1415,3736 1416,3735 1415,3701 1417,3700 1418,3700 1418,3699 1418,3695 1419,3695 1437,3695 1437,3695 1438,3732 1438,3733 1606,3732 1607,3732 1606,3701 1607,3700 1607,3699 1608,3698 1609,3698 1609,3698 1609,3697 1611,3695 1617,3695 1617,3695 1617,3694 1618,3693 1908,3692 1909,3691 1966,3691 1967,3690 1971,3690 1973,3688 1976,3688 1978,3686 1982,3686 1982,3686 1982,3685 1983,3684 1992,3684 1992,3685 1992,3686 1993,3686 1997,3686 1999,3688 2037,3688 2041,3692 2120,3692 2121,3694 2121,3696 2122,3696 2124,3696 2125,3698 2126,3731 2126,3731 2214,3731 2216,3729 2300,3729 2301,3728 2300,3691 2301,3691 2331,3691 2331,3691 2331,3692 2332,3693 2355,3693 2357,3695 2358,3703 2359,3704 2359,3725 2360,3726 2360,3729 2360,3730 2650,3729 2651,3728 2651,3727 2651,3727 2652,3727 2653,3726 2653,3724 2653,3724 2725,3724 2726,3723 2726,3711 2727,3710 2726,3692 2728,3690 2728,3685 2730,3684 2737,3684 2738,3683 2744,3683 2745,3684 2747,3684 2747,3684 2748,3721 2748,3722 2799,3722 2800,3723 2958,3722 2960,3720 2965,3720 2966,3720 2965,3701 2966,3700 2966,3698 2967,3697 2967,3693 2969,3691 2969,3687 2970,3686 2971,3686 2971,3686 2971,3685 2972,3684 2974,3684 2975,3683 3082,3683 3082,3682 3082,3678 3085,3676 3098,3676 3098,3676 3099,3711 3099,3712 3231,3712 3232,3711 3232,3710 3232,3710 3233,3710 3235,3708 3240,3708 3241,3707 3253,3707 3256,3709 3256,3711 3256,3712 3262,3712 3267,3717 3270,3717 3272,3718 3272,3721 3273,3723 3319,3722 3320,3723 3320,3726 3320,3726 3321,3726 3322,3727 3322,3731 3323,3732 3323,3741 3322,3742 3322,3751 3319,3753 3275,3754 3275,3754 3275,3759 3273,3761 3273,3763 3272,3764 3270,3764 3270,3764 3270,3767 3268,3769 3267,3769 3267,3769 3267,3772 3265,3774 3263,3774 3261,3776 3261,3778 3260,3779 3253,3779 3250,3782 3157,3782 3155,3784 3098,3784 3098,3784 3098,3785 3097,3786 3096,3786 3096,3786 3096,3787 3095,3788 3093,3788 3092,3789 3033,3789 3031,3791 2985,3791 2983,3793 2971,3793 2969,3795 2917,3795 2916,3796 2914,3796 2914,3797 2914,3798 2913,3798 2897,3798 2896,3797 2689,3798 2689,3798 2689,3841 2688,3842 2677,3842 2677,3841 2677,3798 2676,3798 2648,3798 2646,3800 2642,3800 2641,3801 2608,3801 2608,3801 2608,3802 2607,3803 2603,3803 2601,3805 2599,3805 2596,3808 2512,3808 2510,3810 2507,3810 2506,3809 2506,3808 2505,3807 2433,3807 2430,3804 2247,3805 2245,3807 2237,3807 2235,3805 2077,3805 2075,3807 1970,3807 1970,3808 1970,3848 1969,3848 1951,3848 1951,3848 1951,3808 1950,3807 1914,3807 1913,3806 1724,3807 1721,3810 1693,3810 1693,3809 1693,3808 1692,3808 1520,3808 1518,3810 1514,3810 1514,3810 1514,3809 1513,3808 1311,3809 1310,3810 1306,3810 1306,3810 1306,3811 1305,3812 1243,3812 1241,3810 1103,3810 1103,3811 1103,3852 1102,3852"/><TextEquiv><Unicode/></TextEquiv><TextEquiv index="1"><Unicode>contenir. Je laiſſai achever la cérémo-</Unicode></TextEquiv></TextLine><TextLine id="l23"><Coords points="2267,4006 2266,4005 2214,4005 2213,4004 2055,4004 2054,4004 2054,3966 2054,3965 2002,3965 2001,3965 2001,3964 2001,3963 1908,3963 1907,3962 1672,3963 1671,3964 1671,3966 1671,3966 1547,3966 1545,3968 1543,3968 1541,3970 1491,3970 1490,3971 1490,3975 1490,3975 1489,3975 1488,3976 1488,3992 1487,3993 1487,3997 1487,3997 1486,3997 1485,3998 1485,3999 1485,3999 1484,3999 1483,4000 1483,4002 1482,4003 1477,4003 1476,4004 1472,4004 1471,4005 1471,4006 1471,4006 1464,4006 1459,4002 1459,3965 1459,3964 1247,3965 1246,3965 1246,3970 1244,3972 1244,3976 1244,3977 1243,3977 1241,3978 1241,3979 1241,3980 1240,3980 1239,3980 1239,3982 1237,3984 1237,3986 1237,3987 1235,3987 1234,3987 1234,3989 1232,3992 1230,3992 1228,3994 1220,3994 1215,3990 1215,3971 1215,3970 1146,3970 1144,3968 1004,3968 1003,3968 1003,3967 1003,3966 996,3966 995,3965 994,3965 993,3965 993,3897 993,3896 999,3896 1000,3896 1000,3895 1000,3894 1033,3894 1035,3892 1080,3892 1081,3892 1081,3861 1084,3858 1084,3856 1086,3853 1088,3853 1089,3852 1102,3852 1103,3853 1104,3853 1105,3854 1105,3856 1107,3858 1107,3894 1107,3894 1155,3894 1157,3896 1171,3896 1172,3897 1172,3898 1172,3898 1173,3898 1174,3899 1332,3899 1333,3898 1333,3868 1335,3866 1335,3862 1336,3861 1338,3861 1339,3860 1339,3858 1341,3856 1345,3856 1346,3855 1349,3855 1353,3851 1358,3851 1360,3849 1368,3849 1370,3851 1372,3851 1373,3851 1373,3852 1373,3853 1377,3853 1379,3855 1382,3855 1383,3856 1609,3855 1612,3853 1612,3852 1612,3851 1614,3851 1616,3849 1621,3849 1622,3848 1637,3848 1638,3849 1970,3848 1973,3851 2139,3851 2140,3851 2140,3852 2140,3853 2141,3853 2142,3853 2142,3855 2144,3857 2144,3888 2144,3889 2375,3888 2376,3887 2471,3887 2472,3886 2474,3886 2476,3884 2676,3884 2677,3883 2677,3842 2677,3842 2688,3842 2689,3841 2693,3841 2694,3841 2694,3843 2697,3846 2697,3881 2697,3882 2734,3882 2736,3880 2902,3879 2904,3877 2944,3877 2945,3877 2945,3876 2945,3875 3107,3875 3108,3874 3110,3874 3112,3872 3124,3872 3126,3870 3179,3870 3181,3868 3200,3868 3203,3865 3203,3862 3205,3860 3205,3837 3206,3836 3206,3833 3208,3831 3208,3827 3208,3827 3209,3827 3210,3826 3210,3825 3210,3825 3214,3825 3215,3824 3217,3824 3219,3822 3222,3822 3224,3820 3241,3820 3243,3822 3245,3822 3246,3822 3246,3826 3248,3828 3248,3848 3248,3849 3312,3848 3313,3849 3313,3856 3313,3856 3320,3856 3322,3858 3322,3860 3325,3863 3325,3865 3325,3865 3326,3865 3327,3866 3327,3880 3326,3880 3322,3880 3322,3881 3322,3883 3321,3883 3320,3884 3318,3884 3318,3885 3318,3930 3316,3932 3316,3934 3316,3934 3312,3934 3311,3935 3311,3944 3311,3944 3305,3944 3304,3944 3304,3941 3304,3940 3142,3941 3141,3942 3136,3942 3134,3944 3128,3944 3127,3944 3127,3945 3127,3946 3125,3946 3123,3948 3058,3948 3057,3948 3057,3950 3057,3951 2912,3951 2910,3953 2844,3953 2843,3954 2696,3955 2695,3956 2692,3956 2690,3958 2686,3958 2685,3958 2685,3997 2685,3998 2678,3998 2677,3999 2664,3999 2663,3998 2663,3958 2663,3958 2547,3958 2546,3959 2546,3961 2546,3961 2544,3961 2542,3963 2537,3963 2536,3963 2536,3962 2536,3961 2305,3962 2304,3962 2304,4005 2304,4006"/><TextEquiv><Unicode/></TextEquiv><TextEquiv index="1"><Unicode>nie, &amp; je brûlois de pouvoir converſer</Unicode></TextEquiv></TextLine><TextLine id="l24"><Coords points="1782,4163 1782,4162 1781,4126 1781,4126 1739,4126 1738,4125 1615,4125 1614,4125 1614,4124 1614,4123 1471,4123 1470,4122 1250,4123 1249,4123 1249,4124 1249,4125 1181,4125 1180,4126 1101,4126 1100,4127 1100,4128 1100,4128 1090,4128 1089,4128 1089,4127 1088,4125 1005,4125 1003,4123 998,4123 996,4122 996,4120 995,4118 993,4118 991,4117 991,4114 991,4113 984,4114 983,4113 983,4107 984,4107 990,4106 990,4106 990,4104 991,4103 991,4099 993,4097 993,4095 996,4092 996,4066 998,4064 998,4061 1000,4059 1000,4057 1003,4054 1003,4052 1004,4051 1006,4051 1007,4050 1007,4048 1008,4047 1010,4047 1012,4045 1013,4046 1021,4046 1022,4048 1022,4049 1023,4049 1024,4049 1024,4050 1024,4051 1025,4051 1239,4051 1239,4050 1239,4049 1240,4049 1308,4049 1308,4048 1308,4013 1313,4009 1318,4009 1319,4008 1327,4008 1328,4009 1328,4015 1329,4016 1330,4016 1330,4016 1330,4044 1331,4045 1504,4044 1504,4044 1504,4012 1505,4011 1509,4011 1511,4009 1512,4009 1513,4008 1517,4008 1519,4006 1526,4006 1528,4009 1528,4037 1530,4039 1530,4040 1531,4041 1531,4044 1532,4044 1837,4044 1837,4043 1837,4032 1838,4032 1839,4032 1839,4031 1839,4025 1840,4025 1841,4025 1841,4024 1841,4023 1842,4023 1843,4023 1843,4022 1843,4018 1844,4017 1844,4013 1845,4013 1846,4013 1846,4012 1846,4010 1849,4007 1849,4005 1853,4002 1864,4002 1867,4005 1867,4007 1868,4008 1870,4008 1870,4008 1870,4012 1871,4013 1872,4013 1872,4013 1872,4015 1874,4017 1874,4019 1875,4020 1875,4022 1876,4023 1877,4023 1877,4023 1877,4027 1879,4029 1879,4034 1880,4035 1880,4039 1881,4040 1882,4040 1883,4041 2044,4040 2044,4040 2044,4009 2045,4008 2050,4008 2054,4004 2062,4004 2063,4005 2231,4005 2232,4006 2308,4006 2309,4007 2309,4043 2310,4044 2333,4044 2333,4044 2333,4045 2334,4046 2336,4046 2337,4047 2341,4047 2342,4048 2522,4047 2524,4045 2546,4045 2549,4042 2599,4042 2601,4040 2604,4040 2605,4039 2606,4039 2606,4038 2606,4037 2607,4037 2661,4037 2661,4036 2661,4001 2662,4001 2663,4001 2663,4000 2663,3999 2664,3999 2677,3999 2678,3998 2685,3998 2685,3998 2685,4036 2686,4037 2817,4037 2819,4035 2927,4034 2928,4033 2928,4031 2934,4025 3132,4025 3134,4023 3136,4023 3136,4022 3136,3985 3137,3985 3138,3985 3139,3984 3155,3984 3156,3985 3156,4012 3157,4013 3282,4012 3283,4013 3284,4013 3284,4014 3284,4015 3286,4016 3288,4016 3289,4018 3289,4035 3290,4035 3326,4035 3328,4038 3328,4040 3329,4040 3330,4040 3330,4041 3330,4050 3332,4052 3332,4061 3332,4061 3328,4061 3327,4062 3327,4064 3327,4064 3325,4064 3323,4066 3299,4066 3298,4067 3298,4086 3295,4089 3211,4090 3210,4090 3210,4091 3210,4092 3207,4092 3206,4092 3206,4093 3206,4094 3202,4094 3201,4095 3158,4095 3156,4097 3132,4097 3130,4099 3054,4099 3053,4099 3053,4100 3053,4101 3051,4101 3048,4104 3046,4104 3044,4106 2960,4106 2959,4107 2902,4107 2900,4109 2829,4109 2828,4110 2828,4111 2828,4111 2735,4112 2733,4114 2489,4114 2487,4116 2423,4116 2422,4117 2422,4118 2422,4118 2421,4118 2420,4119 2420,4121 2419,4122 2419,4131 2415,4135 2415,4137 2414,4138 2413,4138 2412,4139 2412,4140 2412,4140 2411,4140 2410,4141 2410,4142 2410,4142 2409,4142 2408,4143 2408,4144 2408,4144 2406,4144 2403,4147 2401,4147 2399,4149 2387,4149 2386,4149 2386,4148 2386,4147 2385,4147 2384,4147 2384,4146 2383,4145 2383,4123 2383,4122 2315,4123 2313,4121 2311,4121 2310,4120 2309,4120 2307,4118 2156,4118 2155,4118 2155,4160 2155,4161 2141,4161 2140,4160 2140,4118 2140,4118 2059,4118 2057,4120 2007,4120 2006,4121 1992,4121 1991,4120 1825,4121 1823,4123 1800,4123 1799,4123 1800,4162 1799,4163"/><TextEquiv><Unicode/></TextEquiv><TextEquiv index="1"><Unicode>avec la chere Artémiſe; mais cette dou-</Unicode></TextEquiv></TextLine><TextLine id="l25"><Coords points="2367,4317 2367,4317 2367,4277 2366,4276 2255,4277 2254,4278 2252,4278 2251,4279 2243,4279 2242,4278 1913,4278 1912,4277 1698,4278 1697,4279 1691,4279 1690,4278 1475,4278 1474,4279 1472,4279 1470,4281 1456,4281 1454,4279 1450,4279 1449,4278 1241,4279 1241,4279 1241,4280 1240,4281 1237,4281 1237,4281 1237,4282 1236,4283 1117,4283 1115,4285 1110,4285 1109,4286 1096,4286 1095,4285 1093,4285 1093,4285 1093,4284 1092,4283 1023,4283 1018,4278 1014,4278 1007,4271 1007,4269 1005,4267 1002,4267 1001,4266 1000,4266 1000,4266 1000,4263 999,4262 998,4262 998,4262 998,4258 996,4256 996,4244 994,4242 992,4242 992,4242 992,4241 991,4240 991,4239 991,4238 992,4238 993,4238 993,4232 993,4231 994,4231 995,4231 995,4227 995,4226 997,4226 1002,4221 1006,4221 1007,4221 1007,4220 1010,4216 1012,4216 1014,4214 1018,4214 1019,4214 1019,4213 1019,4212 1020,4212 1021,4211 1040,4211 1041,4211 1041,4210 1041,4209 1078,4209 1079,4209 1079,4179 1079,4178 1085,4178 1086,4179 1086,4207 1086,4207 1174,4207 1176,4205 1245,4205 1246,4204 1546,4203 1547,4203 1547,4200 1548,4199 1548,4192 1550,4190 1550,4183 1552,4181 1552,4177 1552,4176 1554,4176 1555,4176 1555,4173 1561,4166 1563,4166 1564,4166 1564,4165 1564,4164 1568,4164 1570,4162 1572,4162 1573,4161 1575,4161 1575,4161 1575,4160 1576,4159 1585,4159 1587,4161 1589,4161 1592,4164 1595,4164 1597,4166 1597,4168 1598,4169 1598,4199 1598,4199 1689,4199 1691,4200 1691,4201 1691,4202 1776,4202 1777,4201 1777,4170 1779,4168 1779,4164 1779,4164 1781,4164 1782,4163 1799,4163 1801,4164 1801,4201 1801,4202 1895,4202 1896,4201 1896,4199 1898,4197 1907,4196 1908,4197 1914,4197 1915,4198 1915,4199 1915,4199 1916,4199 1917,4200 2087,4200 2088,4200 2088,4166 2091,4162 2094,4162 2095,4161 2155,4161 2156,4161 2156,4172 2157,4173 2157,4194 2157,4195 2187,4195 2194,4202 2400,4201 2401,4201 2401,4163 2403,4161 2402,4160 2403,4159 2412,4159 2414,4157 2674,4157 2675,4156 2678,4156 2678,4155 2678,4154 2679,4154 2685,4154 2687,4156 2727,4156 2727,4156 2727,4159 2730,4161 2730,4172 2730,4173 2731,4173 2732,4173 2732,4185 2732,4186 2969,4185 2971,4183 3007,4183 3009,4181 3133,4181 3134,4180 3140,4180 3141,4179 3141,4178 3141,4178 3205,4178 3207,4176 3208,4176 3209,4175 3208,4142 3210,4140 3210,4138 3211,4138 3213,4138 3214,4137 3227,4137 3227,4137 3227,4141 3228,4142 3229,4142 3229,4142 3230,4168 3230,4169 3317,4168 3318,4169 3325,4169 3332,4176 3332,4180 3332,4180 3333,4180 3334,4181 3334,4205 3332,4207 3332,4240 3331,4240 3330,4240 3330,4241 3330,4243 3329,4243 3322,4243 3320,4245 3317,4245 3315,4247 3253,4248 3252,4249 3225,4249 3224,4250 3129,4250 3129,4250 3129,4251 3128,4252 3112,4252 3110,4254 3082,4254 3081,4255 3081,4257 3079,4259 3038,4259 3036,4261 3033,4261 3032,4262 2997,4262 2995,4264 2857,4264 2857,4265 2857,4266 2856,4266 2849,4266 2848,4267 2740,4268 2739,4269 2695,4269 2695,4269 2695,4312 2694,4313 2679,4313 2679,4312 2679,4271 2678,4271 2505,4271 2505,4272 2505,4274 2504,4274 2458,4274 2458,4275 2458,4278 2457,4278 2452,4278 2450,4276 2388,4276 2388,4277 2388,4317 2387,4317"/><TextEquiv><Unicode/></TextEquiv><TextEquiv index="1"><Unicode>ceur me fut interdite. Il fallut attendre</Unicode></TextEquiv></TextLine><TextLine id="l26"><Coords points="1095,4480 1094,4480 1094,4444 1094,4443 1005,4443 1000,4438 996,4438 995,4438 995,4435 996,4434 996,4431 998,4429 998,4425 999,4424 1000,4424 1000,4424 1000,4423 1001,4422 1002,4422 1002,4422 1002,4421 1004,4419 1005,4419 1005,4419 1005,4339 1004,4338 1002,4338 1002,4338 1002,4336 1000,4334 1000,4327 999,4326 998,4326 998,4326 998,4325 996,4323 996,4322 996,4321 1009,4321 1010,4322 1019,4322 1021,4324 1028,4324 1029,4325 1029,4327 1031,4329 1193,4329 1194,4329 1194,4327 1194,4326 1195,4326 1196,4326 1196,4325 1196,4324 1200,4324 1203,4321 1207,4321 1208,4321 1208,4320 1208,4319 1387,4319 1389,4321 1391,4321 1392,4322 1449,4321 1450,4322 1456,4322 1457,4323 1457,4324 1457,4324 1460,4324 1461,4325 1461,4328 1461,4328 1463,4328 1464,4329 1464,4358 1464,4358 1723,4358 1724,4357 1724,4336 1724,4336 1761,4336 1762,4335 1762,4328 1765,4325 1765,4324 1765,4324 1766,4324 1769,4321 1772,4321 1774,4319 1919,4318 1920,4317 2091,4317 2092,4317 2092,4315 2094,4312 2108,4312 2109,4313 2109,4314 2109,4314 2113,4314 2115,4316 2118,4316 2119,4317 2119,4320 2121,4322 2121,4358 2121,4358 2301,4358 2302,4357 2364,4356 2365,4356 2365,4320 2367,4317 2387,4317 2388,4318 2388,4343 2388,4343 2467,4343 2469,4345 2469,4353 2469,4353 2677,4353 2678,4352 2678,4313 2678,4313 2695,4313 2696,4313 2696,4315 2697,4316 2697,4323 2697,4324 2698,4324 2699,4324 2699,4328 2701,4330 2701,4332 2702,4333 2702,4345 2702,4346 3033,4345 3035,4343 3100,4343 3102,4341 3109,4341 3110,4340 3133,4340 3134,4339 3134,4338 3134,4338 3135,4338 3136,4337 3136,4336 3138,4334 3193,4334 3194,4333 3201,4333 3205,4329 3272,4329 3273,4328 3273,4326 3273,4326 3283,4325 3284,4324 3291,4324 3294,4327 3294,4331 3294,4331 3295,4331 3296,4332 3296,4346 3296,4346 3330,4346 3334,4350 3334,4372 3333,4372 3303,4372 3303,4373 3303,4398 3303,4398 3271,4399 3270,4400 3266,4400 3264,4402 3221,4402 3220,4403 3216,4403 3215,4403 3215,4404 3215,4405 3207,4405 3206,4405 3206,4406 3206,4407 3140,4407 3139,4408 3137,4408 3136,4408 3136,4448 3135,4450 3133,4450 3131,4451 3131,4452 3131,4453 3123,4453 3122,4453 3122,4454 3122,4455 3101,4455 3099,4453 3097,4453 3096,4452 3096,4417 3096,4417 2905,4417 2903,4419 2853,4419 2852,4420 2807,4421 2806,4422 2800,4422 2796,4426 2793,4426 2792,4427 2630,4427 2628,4429 2530,4429 2528,4431 2343,4432 2342,4433 2282,4433 2279,4436 2160,4436 2159,4436 2159,4438 2159,4439 2153,4439 2152,4438 2131,4438 2130,4438 2130,4437 2130,4436 2128,4436 2126,4434 1850,4435 1849,4436 1825,4436 1823,4434 1620,4434 1619,4435 1619,4436 1619,4436 1465,4436 1464,4437 1464,4462 1461,4465 1461,4467 1461,4467 1460,4467 1457,4470 1457,4472 1457,4472 1455,4472 1451,4476 1438,4477 1435,4474 1435,4438 1435,4438 1274,4438 1273,4439 1116,4439 1115,4440 1115,4480 1115,4480"/><TextEquiv><Unicode/></TextEquiv><TextEquiv index="1"><Unicode>le ſeul jour de la ſemaine où nous pou-</Unicode></TextEquiv></TextLine><TextLine id="l27"><Coords points="1717,4634 1717,4633 1717,4632 1714,4629 1713,4592 1713,4592 1489,4592 1488,4591 1485,4591 1484,4590 1317,4591 1316,4592 1315,4592 1313,4594 1157,4594 1156,4595 1156,4605 1155,4606 1152,4606 1151,4606 1151,4602 1151,4601 1109,4601 1108,4601 1108,4597 1108,4596 1035,4596 1034,4597 1034,4611 1034,4611 1030,4611 1027,4609 1027,4593 1027,4592 1016,4592 1015,4591 1013,4591 1012,4591 1012,4588 1012,4587 1011,4587 1010,4587 1010,4544 1008,4541 1005,4541 1003,4540 1003,4537 1002,4536 1002,4525 1003,4524 1003,4520 1005,4518 1091,4518 1091,4518 1091,4484 1093,4482 1094,4482 1096,4480 1115,4480 1115,4481 1115,4518 1116,4518 1248,4518 1249,4517 1431,4517 1433,4515 1438,4515 1440,4517 1445,4517 1446,4518 1579,4517 1581,4515 1596,4515 1598,4513 1605,4513 1605,4514 1605,4515 1606,4515 1612,4515 1612,4516 1612,4518 1613,4518 1757,4518 1758,4517 1827,4517 1827,4516 1827,4515 1828,4515 1880,4515 1882,4513 1889,4513 1889,4513 1889,4514 1890,4515 1892,4515 1893,4516 2083,4515 2085,4517 2288,4517 2288,4516 2288,4515 2289,4515 2385,4514 2386,4513 2393,4513 2393,4513 2393,4478 2394,4477 2395,4477 2395,4477 2395,4476 2397,4474 2415,4474 2415,4475 2415,4477 2416,4477 2417,4477 2417,4478 2417,4479 2418,4479 2420,4479 2420,4480 2420,4508 2421,4508 2544,4508 2544,4509 2544,4510 2545,4510 2556,4510 2556,4511 2556,4512 2557,4512 2690,4512 2690,4511 2690,4473 2694,4470 2697,4470 2698,4469 2708,4469 2709,4470 2709,4504 2710,4505 2852,4504 2853,4503 2886,4503 2888,4501 2947,4501 2948,4500 3018,4500 3020,4498 3022,4498 3024,4496 3201,4496 3203,4494 3206,4494 3206,4493 3206,4491 3207,4491 3210,4491 3210,4490 3210,4488 3212,4487 3218,4487 3219,4486 3221,4486 3223,4484 3275,4484 3278,4481 3280,4480 3280,4480 3280,4478 3282,4476 3283,4476 3284,4477 3287,4477 3287,4478 3287,4479 3288,4479 3290,4479 3292,4481 3294,4481 3299,4487 3299,4496 3300,4496 3326,4496 3328,4498 3330,4498 3332,4500 3334,4500 3334,4501 3334,4526 3333,4527 3307,4527 3306,4528 3306,4551 3306,4551 3304,4551 3303,4552 3303,4603 3303,4603 3288,4603 3287,4604 3284,4604 3282,4603 3282,4560 3282,4559 3152,4560 3151,4560 3151,4566 3150,4567 3150,4570 3146,4574 3146,4581 3146,4582 3144,4582 3143,4582 3143,4584 3142,4586 3140,4586 3137,4589 3135,4589 3134,4589 3134,4590 3134,4591 3132,4591 3129,4594 3116,4594 3113,4591 3113,4572 3113,4572 2979,4572 2977,4574 2953,4574 2952,4575 2952,4577 2952,4577 2889,4577 2888,4578 2888,4614 2887,4615 2886,4615 2885,4616 2886,4620 2885,4620 2883,4620 2883,4621 2883,4622 2882,4622 2846,4622 2845,4621 2845,4619 2844,4618 2843,4618 2842,4618 2842,4582 2842,4581 2747,4582 2745,4580 2616,4580 2615,4580 2615,4581 2615,4582 2606,4582 2604,4584 2602,4584 2600,4586 2598,4586 2597,4587 2448,4587 2446,4589 2409,4589 2408,4590 2409,4627 2408,4627 2402,4627 2401,4628 2393,4628 2393,4628 2392,4589 2392,4588 2234,4589 2233,4589 2233,4590 2233,4591 2231,4591 2230,4591 2230,4596 2229,4598 2226,4598 2224,4596 2222,4596 2221,4595 2221,4594 2221,4594 2217,4594 2215,4592 2208,4592 2207,4591 1892,4592 1891,4592 1891,4593 1891,4594 1883,4594 1881,4592 1880,4592 1879,4591 1753,4591 1752,4591 1753,4631 1752,4632 1726,4632 1724,4634"/><TextEquiv><Unicode/></TextEquiv><TextEquiv index="1"><Unicode>vions nous promener dans le parc; en-</Unicode></TextEquiv></TextLine><TextLine id="l28"><Coords points="2484,4792 2484,4792 2484,4788 2483,4787 2462,4787 2460,4785 2460,4748 2459,4747 2408,4747 2407,4746 2399,4746 2397,4744 2395,4744 2394,4743 2293,4744 2291,4746 2186,4746 2185,4747 2166,4747 2165,4746 2048,4746 1968,4746 1967,4747 1966,4747 1966,4747 1966,4746 1964,4744 1864,4745 1863,4746 1858,4746 1857,4747 1853,4747 1853,4747 1853,4748 1852,4749 1850,4749 1848,4751 1841,4751 1840,4752 1796,4752 1796,4752 1796,4774 1795,4775 1794,4775 1794,4775 1794,4777 1793,4778 1791,4778 1791,4778 1791,4780 1788,4783 1778,4783 1776,4785 1769,4785 1767,4782 1767,4749 1766,4749 1685,4749 1683,4747 1616,4747 1616,4748 1616,4789 1615,4789 1576,4789 1576,4790 1576,4792 1575,4792 1502,4792 1502,4792 1502,4791 1501,4790 1500,4790 1500,4790 1500,4789 1499,4788 1499,4751 1498,4750 1422,4751 1420,4749 1253,4749 1253,4749 1253,4751 1252,4752 1236,4752 1236,4752 1236,4789 1235,4790 1213,4790 1213,4790 1213,4750 1212,4749 1057,4749 1055,4751 1050,4751 1050,4751 1050,4750 1049,4749 1040,4749 1038,4747 1029,4747 1024,4742 1024,4741 1023,4740 1021,4740 1020,4739 1018,4739 1016,4737 1012,4737 1012,4737 1012,4736 1011,4735 1009,4735 1008,4734 1008,4733 1007,4732 1007,4726 1006,4725 1005,4725 1005,4725 1005,4709 1007,4707 1007,4702 1008,4701 1008,4699 1012,4695 1012,4693 1012,4692 1013,4692 1014,4692 1014,4691 1015,4690 1015,4689 1018,4685 1023,4685 1024,4684 1026,4684 1027,4684 1027,4682 1028,4680 1038,4680 1040,4678 1045,4678 1046,4677 1052,4677 1053,4677 1053,4676 1053,4675 1109,4675 1110,4675 1110,4674 1110,4673 1190,4673 1191,4673 1191,4671 1191,4670 1203,4670 1205,4672 1205,4675 1205,4675 1327,4675 1329,4673 1348,4673 1350,4671 1438,4671 1442,4675 1538,4674 1539,4673 1542,4673 1544,4671 1597,4671 1598,4670 1649,4670 1650,4671 1650,4673 1650,4673 1768,4673 1769,4672 1769,4641 1769,4641 1772,4641 1774,4639 1779,4639 1781,4637 1788,4637 1790,4639 1792,4639 1793,4639 1793,4640 1794,4641 1794,4669 1794,4670 1795,4670 1796,4670 1796,4672 1796,4673 1929,4672 1930,4671 1940,4671 1941,4670 1991,4670 1992,4670 1992,4635 1992,4634 1996,4634 1997,4634 1997,4633 1997,4632 2001,4632 2005,4628 2014,4628 2016,4630 2016,4633 2018,4635 2018,4658 2018,4658 2056,4658 2058,4660 2058,4668 2058,4668 2075,4668 2077,4670 2079,4670 2080,4671 2152,4671 2154,4673 2263,4673 2264,4672 2264,4632 2264,4632 2270,4632 2271,4631 2271,4630 2271,4630 2283,4630 2285,4632 2287,4632 2288,4632 2288,4636 2290,4638 2290,4667 2290,4668 2390,4667 2391,4667 2391,4632 2393,4630 2393,4629 2393,4628 2401,4628 2402,4627 2409,4627 2410,4628 2413,4628 2415,4630 2416,4630 2417,4631 2417,4668 2417,4668 2498,4668 2500,4666 2560,4666 2561,4665 2664,4665 2665,4664 2665,4627 2667,4625 2674,4625 2675,4624 2675,4623 2675,4623 2684,4623 2685,4623 2685,4624 2685,4625 2687,4625 2689,4626 2689,4658 2689,4659 2891,4658 2892,4658 2892,4652 2892,4651 2904,4651 2905,4652 2905,4656 2905,4656 2951,4656 2952,4656 2952,4655 2952,4654 2978,4654 2979,4653 3079,4653 3081,4651 3098,4651 3100,4649 3102,4649 3104,4647 3147,4647 3148,4646 3148,4644 3148,4644 3157,4644 3159,4642 3164,4642 3165,4641 3225,4641 3227,4639 3247,4639 3248,4638 3248,4637 3249,4636 3249,4632 3249,4632 3283,4631 3284,4631 3283,4605 3284,4604 3287,4604 3288,4603 3303,4603 3303,4604 3304,4642 3304,4642 3325,4642 3330,4647 3330,4649 3330,4649 3331,4649 3332,4650 3332,4651 3334,4653 3334,4681 3332,4682 3308,4682 3308,4683 3308,4702 3305,4704 3303,4704 3301,4706 3272,4707 3272,4707 3272,4708 3271,4709 3269,4709 3267,4711 3242,4711 3242,4711 3242,4753 3241,4754 3237,4754 3236,4755 3220,4755 3220,4754 3220,4711 3219,4711 3189,4711 3189,4711 3189,4712 3188,4713 3162,4713 3159,4716 3119,4716 3117,4718 3115,4718 3115,4718 3115,4722 3114,4723 3103,4723 3103,4723 3103,4760 3101,4762 3101,4763 3100,4764 3086,4764 3086,4764 3086,4765 3085,4766 3083,4766 3081,4768 3069,4768 3067,4766 3064,4766 3064,4765 3064,4727 3063,4727 2972,4727 2972,4728 2972,4733 2971,4734 2971,4735 2970,4735 2964,4735 2964,4735 2964,4734 2963,4733 2936,4733 2936,4734 2936,4771 2935,4771 2926,4771 2926,4771 2926,4734 2925,4733 2898,4733 2897,4732 2892,4732 2891,4731 2787,4732 2787,4732 2787,4774 2786,4775 2781,4775 2780,4776 2764,4776 2764,4775 2764,4732 2763,4732 2756,4732 2755,4733 2753,4733 2751,4735 2747,4735 2747,4735 2747,4736 2746,4737 2742,4737 2740,4739 2630,4739 2629,4740 2598,4740 2596,4742 2505,4742 2505,4743 2505,4783 2504,4783 2502,4783 2500,4785 2496,4785 2496,4786 2496,4787 2495,4787 2489,4787 2487,4790 2487,4792 2486,4792"/><TextEquiv><Unicode/></TextEquiv><TextEquiv index="1"><Unicode>core ne pus-je alors lui parler en parti-</Unicode></TextEquiv></TextLine><TextLine id="l29"><Coords points="1646,4945 1643,4943 1643,4905 1643,4904 1421,4905 1420,4905 1420,4910 1418,4912 1418,4913 1418,4914 1417,4914 1416,4914 1416,4916 1416,4917 1414,4917 1413,4917 1413,4918 1413,4919 1412,4919 1411,4919 1411,4921 1410,4923 1409,4923 1408,4923 1408,4926 1407,4928 1392,4928 1389,4925 1389,4905 1389,4905 1273,4905 1272,4904 1264,4904 1263,4904 1263,4945 1263,4946 1109,4946 1108,4946 1108,4905 1108,4904 1068,4904 1067,4905 1062,4905 1060,4907 1035,4907 1034,4907 1034,4905 1032,4902 1025,4902 1024,4902 1024,4901 1024,4900 1023,4900 1022,4900 1022,4898 1022,4897 1020,4897 1019,4897 1019,4896 1019,4895 1018,4895 1017,4895 1017,4891 1015,4889 1015,4888 1015,4887 1014,4887 1010,4884 1010,4882 1010,4881 1009,4881 1008,4881 1008,4879 1008,4878 999,4878 998,4878 998,4871 1000,4869 1003,4869 1003,4869 1003,4866 1005,4864 1005,4862 1006,4861 1008,4861 1010,4859 1010,4857 1011,4856 1013,4856 1014,4855 1014,4853 1017,4850 1017,4848 1017,4847 1018,4847 1019,4847 1019,4846 1019,4845 1021,4845 1024,4843 1024,4841 1024,4840 1028,4840 1030,4838 1032,4838 1034,4837 1034,4836 1034,4835 1045,4835 1047,4833 1050,4833 1052,4831 1118,4831 1119,4830 1160,4830 1161,4830 1161,4804 1163,4802 1163,4797 1164,4795 1167,4795 1168,4794 1172,4794 1176,4790 1235,4790 1236,4790 1236,4825 1236,4826 1360,4826 1361,4826 1361,4828 1361,4829 1556,4828 1557,4828 1557,4793 1557,4792 1575,4792 1576,4792 1576,4791 1576,4790 1602,4790 1603,4789 1615,4789 1617,4791 1617,4830 1617,4830 1686,4830 1688,4828 1747,4828 1748,4827 1748,4826 1748,4826 1765,4826 1769,4830 1929,4829 1930,4828 1931,4828 1932,4828 1932,4827 1932,4826 2001,4826 2002,4825 2137,4825 2138,4824 2138,4811 2138,4811 2139,4811 2140,4810 2140,4806 2142,4804 2142,4802 2144,4800 2144,4799 2145,4798 2145,4796 2146,4795 2148,4795 2149,4794 2149,4790 2149,4790 2153,4790 2156,4787 2158,4787 2159,4786 2159,4785 2159,4785 2168,4785 2170,4783 2189,4783 2190,4783 2190,4786 2190,4787 2191,4787 2192,4788 2224,4788 2226,4789 2226,4820 2226,4821 2307,4821 2308,4821 2308,4824 2308,4825 2509,4824 2510,4824 2510,4822 2510,4821 2560,4821 2565,4817 2565,4815 2565,4814 2639,4814 2640,4813 2640,4783 2641,4782 2651,4782 2654,4779 2654,4777 2655,4776 2780,4776 2781,4775 2923,4774 2924,4774 2924,4773 2925,4771 2935,4771 2936,4770 2944,4770 2947,4773 2947,4809 2947,4809 3023,4809 3025,4807 3028,4807 3029,4806 3031,4806 3033,4804 3055,4804 3057,4802 3128,4802 3129,4801 3129,4785 3129,4785 3179,4785 3180,4784 3180,4760 3183,4757 3185,4757 3186,4756 3187,4755 3187,4753 3188,4752 3198,4752 3200,4754 3241,4754 3242,4754 3242,4785 3242,4786 3332,4785 3334,4787 3334,4857 3334,4857 3332,4857 3330,4859 3279,4860 3278,4861 3273,4861 3272,4862 3247,4862 3246,4862 3246,4863 3246,4864 3204,4864 3203,4864 3203,4865 3203,4866 3178,4866 3176,4868 3175,4868 3174,4869 3097,4869 3096,4869 3096,4870 3094,4873 3092,4873 3091,4874 3089,4874 3088,4874 3088,4875 3088,4876 3087,4876 3086,4876 3086,4878 3085,4880 3011,4880 3010,4881 3007,4881 3005,4883 3003,4883 3001,4885 2953,4885 2952,4886 2952,4888 2952,4888 2951,4888 2950,4889 2950,4892 2950,4892 2949,4892 2948,4893 2946,4893 2945,4893 2945,4891 2945,4890 2787,4891 2786,4892 2669,4892 2668,4893 2663,4893 2661,4895 2592,4895 2590,4897 2588,4897 2586,4899 2463,4899 2462,4900 2406,4900 2405,4901 2405,4902 2405,4902 2403,4902 2401,4904 2396,4904 2395,4905 2330,4906 2329,4906 2329,4942 2329,4943 2301,4943 2300,4942 2300,4940 2300,4940 2286,4940 2284,4938 2284,4904 2284,4904 2203,4904 2202,4903 2202,4902 2202,4902 2193,4902 2192,4901 2192,4900 2192,4900 2042,4900 2019,4900 2018,4901 2018,4902 2018,4902 1954,4902 1952,4904 1945,4904 1944,4905 1936,4905 1935,4904 1687,4905 1686,4905 1686,4940 1685,4942 1684,4942 1683,4943 1681,4943 1679,4945"/><TextEquiv><Unicode/></TextEquiv><TextEquiv index="1"><Unicode>culier, ni par conſéquent lui rien dire</Unicode></TextEquiv></TextLine><TextLine id="l30"><Coords points="1645,5089 1645,5089 1644,5070 1644,5069 1560,5069 1559,5069 1559,5068 1559,5067 1556,5067 1555,5067 1555,5065 1555,5064 1517,5064 1516,5064 1516,5063 1516,5062 1510,5062 1509,5061 1393,5062 1391,5064 1328,5064 1327,5064 1327,5066 1327,5067 1326,5067 1325,5067 1325,5068 1325,5069 1324,5069 1322,5071 1318,5071 1314,5067 1197,5067 1196,5068 1196,5069 1196,5069 1195,5069 1191,5073 1191,5074 1191,5074 1180,5074 1177,5072 1177,5068 1177,5067 1109,5067 1108,5067 1108,5066 1108,5065 1065,5065 1064,5064 1032,5064 1031,5064 1031,5063 1031,5062 1023,5062 1022,5062 1022,5061 1022,5060 1018,5060 1017,5060 1017,5058 1017,5057 1015,5057 1014,5057 1014,5005 1014,5004 1009,5004 1007,5003 1007,4996 1008,4995 1008,4990 1010,4988 1010,4986 1012,4984 1014,4984 1015,4983 1017,4983 1017,4983 1017,4981 1019,4979 1105,4979 1105,4979 1105,4948 1106,4947 1108,4947 1109,4946 1124,4946 1125,4947 1241,4947 1242,4946 1263,4946 1263,4946 1263,4956 1264,4957 1321,4957 1322,4958 1322,4982 1323,4983 1366,4983 1367,4984 1403,4984 1406,4987 1406,4988 1407,4989 1521,4988 1521,4988 1521,4987 1522,4986 1526,4986 1528,4984 1597,4984 1598,4983 1646,4983 1650,4979 1652,4979 1653,4978 1662,4978 1664,4981 1664,4983 1666,4984 1782,4984 1783,4983 1784,4983 1784,4982 1784,4981 1785,4981 1868,4981 1868,4980 1868,4947 1869,4947 1875,4947 1875,4946 1875,4945 1876,4945 1885,4945 1887,4947 1892,4947 1892,4947 1892,4950 1894,4952 1894,4981 1895,4982 2106,4981 2106,4981 2106,4951 2107,4950 2107,4948 2108,4947 2109,4947 2109,4947 2109,4946 2110,4945 2128,4945 2128,4946 2128,4950 2129,4950 2130,4950 2130,4951 2130,4967 2132,4969 2132,4984 2133,4984 2278,4984 2279,4982 2279,4963 2281,4961 2281,4959 2283,4957 2283,4955 2284,4955 2285,4955 2285,4954 2285,4952 2286,4952 2288,4952 2288,4951 2288,4950 2289,4950 2290,4950 2290,4949 2290,4948 2292,4947 2294,4947 2298,4943 2435,4942 2436,4941 2448,4941 2449,4940 2456,4940 2457,4941 2461,4941 2462,4943 2462,4947 2463,4948 2463,4979 2464,4979 2632,4979 2633,4978 2697,4978 2697,4977 2697,4976 2698,4976 2739,4976 2739,4975 2739,4940 2740,4940 2742,4940 2742,4939 2742,4938 2743,4938 2745,4938 2747,4936 2749,4936 2750,4935 2760,4935 2762,4933 2764,4933 2764,4933 2764,4937 2765,4938 2766,4938 2766,4938 2766,4968 2767,4969 2785,4969 2786,4970 2859,4969 2859,4970 2859,4971 2860,4971 2866,4971 2867,4972 2868,4972 2870,4974 2871,4974 2871,4975 2871,4976 2872,4976 2873,4976 2873,4977 2873,4978 2874,4978 2876,4978 2878,4981 2878,4983 2879,4983 2880,4983 2880,4984 2880,4986 2881,4987 2881,4991 2883,4993 2883,5007 2884,5007 2996,5007 2996,5007 2996,5005 2998,5003 2998,4996 2999,4995 3001,4995 3002,4994 3002,4948 3003,4947 3003,4940 3007,4936 3007,4934 3018,4923 3022,4923 3022,4923 3022,4922 3023,4921 3024,4921 3024,4921 3024,4920 3025,4919 3027,4919 3029,4917 3034,4917 3035,4916 3062,4916 3064,4918 3064,4920 3065,4921 3067,4921 3067,4921 3067,4923 3069,4925 3069,4928 3070,4929 3070,4933 3074,4937 3074,4946 3075,4947 3217,4947 3217,4946 3217,4905 3218,4905 3231,4905 3233,4907 3235,4907 3236,4908 3236,4942 3237,4943 3284,4942 3285,4943 3290,4943 3292,4945 3294,4945 3294,4946 3294,4948 3297,4950 3333,4950 3334,4952 3334,4991 3334,4991 3321,4991 3320,4992 3320,5017 3320,5017 3292,5017 3290,5019 3288,5019 3287,5020 3287,5021 3287,5021 3286,5021 3285,5022 3204,5023 3203,5024 3202,5024 3201,5024 3201,5025 3201,5026 3171,5026 3169,5028 3166,5028 3165,5029 3130,5029 3129,5029 3129,5031 3128,5033 3125,5033 3124,5034 3122,5034 3118,5038 3046,5038 3044,5040 3033,5040 3031,5038 2915,5038 2914,5039 2914,5041 2909,5046 2865,5046 2864,5047 2864,5048 2862,5050 2850,5050 2848,5052 2843,5052 2842,5052 2842,5051 2842,5050 2747,5051 2726,5051 2725,5051 2725,5052 2725,5053 2639,5053 2637,5055 2635,5055 2633,5057 2569,5057 2566,5060 2561,5060 2559,5062 2475,5062 2473,5064 2453,5064 2452,5063 2358,5064 2357,5063 2357,5062 2357,5062 2191,5062 2189,5064 2186,5064 2185,5065 2183,5065 2181,5067 2177,5067 2176,5067 2176,5068 2176,5069 2169,5069 2165,5065 2115,5065 2114,5064 1998,5064 1997,5065 1910,5065 1909,5064 1850,5065 1849,5064 1730,5064 1727,5067 1655,5067 1654,5068 1655,5086 1653,5088 1653,5089 1652,5089"/><TextEquiv><Unicode/></TextEquiv><TextEquiv index="1"><Unicode>ni rien entendre de ſa bouche. Seule-</Unicode></TextEquiv></TextLine><TextEquiv><Unicode/></TextEquiv></TextRegion></Page></PcGts>