4266 6032
905 300 3298 496 Il fallut obéir à mon Artémiſe, & la
948 496 3301 670 quitter après un baiſer auſſi tendre que
917 649 3301 829 chaſte. Que la ſolitude me peſa quand
919 807 3308 974 je fus rentré dans ma cellule! Mais il
957 965 3370 1131 étoit queſtion de me procurer les
962 1125 3315 1287 moyens de voir, quand je voudrois,
922 1280 3315 1439 mon Artémiſe. Je réfléchis à tout ce
933 1437 3320 1604 qu'elle m'avoit dit, au nouveau danger
976 1591 3323 1754 que je courois; mais ſur-tout je ſon-
976 1752 3349 1909 geai à ouvrir une communication entre
977 1906 3327 2064 elle & moi. On pouvoit à chaque mo-
981 2062 3330 2221 ment entrer chez nous; il falloit donc
979 2219 3373 2377 à chaque moment être prêt à paroître
983 2373 3334 2534 ſeuls, quoiqu'en compagnie. On pou-
986 2525 3337 2690 voit viſiter nos cellules pendant notre
974 2685 3347 2845 abſence; il falloit donc que la commu-
995 2838 2598 2999 nication fût inviſible.
1005 2988 3340 3156 En ne travaillant que la nuit, je vins
962 3155 3349 3313 à bout de faire une ouverture au mur
1002 3308 3353 3467 qui nous ſéparoit; un double panneau
977 3447 3356 3623 de boiſerie la couvroit & la rempliſſoit
979 3612 3358 3779 de chaque côté. Nous 'avions fait que
1010 3768 3365 3936 tailler ce panneau, qui exiſtoit précé-
1014 3932 3365 4094 demment. En pouſſant un bouton, nous
904 4088 3380 4251 le faiſions deſcendre, & nous nous
1000 4233 3375 4404 trouvions à découvert vis-à-vis l'un de
905 4388 3377 4564 l'autre. La converſation finie, à l'aide
1005 4545 3380 4721 du même bouton, notre panneau remon-
1010 4697 3380 4877 toit & fermoit hermétiquement l'ou-
1031 4859 3380 5057 verture, en joignant de maniere à trom
