4266 6032
952 252 3332 574 u ue la conmainnee d la pneeqtun.
962 570 3325 732 montées vous donnent tant d'attraits;
962 723 3327 886 & qu'en vous condamnant, je me plaiſe
953 881 3323 1048 encore, malgré moi, à me rappeller
948 1033 2369 1192 votre perfide mémoire?
1084 1189 3322 1366 Onſent bien que, dès que nous fûmes
955 1344 3318 1493 libres vis - à - vis l'un de l'autre, nous
950 1504 3315 1665 commençâmes par nous raconter mu-
950 1660 3316 1817 tuellement comment nous nous trou-
943 1812 3315 1974 vions dans cette retraite. Les Lecteurs
943 1968 3315 2138 ſavent déjà comment j'y étois venu. Les
936 2125 3311 2284 petits événemens qui venoient d'y con-
938 2278 3299 2443 duire Artémiſe étoient auſſi ſimples.
936 2431 3299 2594 Elle me les raconta, avec des graces
931 2587 3306 2751 que je ne puis rendre, dont je n'eſſaye
940 2746 2744 2904 pas même de donner l'idée.
962 2897 3296 3060 „Vous ſavez, me dit-elle, mon cher
938 3051 3292 3216 “Chevalier, que vous nous quittâtes
931 3208 3289 3374 “ſubitement, les deux jeunes gens &
924 3366 3285 3527 “moi. Vous me laiſſâtes ſeule à la
924 3519 3289 3684 “merci de ces étourdis. Votre préſence
926 3676 3285 3844 “leur en impoſoit ſans doute; dès que
914 3837 3275 3997 “vous fûtes parti, de polis & galans
917 3989 3277 4154 “qu'ils étoient, ils devinrent des ban-
909 4145 3270 4310 “dits, je dirois preſque des ſcélérats.
909 4300 3268 4468 “Au lieu d'un aſſaillant, j'eneus deux.
897 4455 3273 4625 “Ils ſe montrerent inſolens & railleurs.
898 4613 3272 4783 “J'avois beau pleurer, me jeter à leurs
890 4771 3291 4978 pieds, réclamer leur honnêtété, ils
2645 4932 2925 5046 C
