4266 6032
934 267 3296 438 “ricanoient de ma douleur. A peine
931 427 3289 594 “les novices Capucins étoient-ils auſſi
903 584 3292 745 “indécens. Ce fut apparemment la
936 742 3294 906 “chaleur du combat; car j'appelle
933 897 3296 1059 “ainſi leur opiniâtreté à m'attaquer,
938 1051 3294 1218 “& mon courage à me défendre; ce
936 1204 3298 1371 “fut, dis-je, la chaleur du combat qui
941 1370 3299 1526 “dut nous empêcher de remarquer le
945 1521 3299 1682 “vacarme que dut exciter la priſe de
947 1679 3306 1838 “mon cher Chevalier. J'étois dans le
945 1836 3299 2004 “plus horrible embarras; malgré mon
952 1994 3298 2155 “trouble, je m'apperçus que vous ne
924 2142 3311 2310 “reveniez pas, & ce fut ſur-tout le be-
948 2298 3306 2464 “ſoin que j'avois de vos ſecours, qui
953 2448 3315 2622 “m'y fit penſer. Qu'étiez-vous devenu?
959 2608 3304 2775 “Je me vis enfin preſſée avec tant d'a-
959 2764 3308 2929 “charnement par les deux ſcélérats,
957 2919 3306 3089 “que je me trouvai réduite à la ſeule
955 3077 3296 3243 “reſſource de me jeter par la fenêtre.
950 3236 3303 3397 “Elle étoit ouverte, très - peu haute;
960 3389 3308 3553 “& du fumier, que le haſard avoit
962 3546 3311 3711 “ramaſſé au - deſſous, adoucit ma
959 3696 3313 3866 “chûte. Je me fis très - peu de mal; je
965 3857 3318 4021 “me relevai leſtement, & je volai hors
969 4007 3320 4179 “du château. Un Pélérin qui m'avoit
969 4157 3342 4337 “vu ſauter, vint au devant de moi. Il
964 4317 3325 4496 “me prit dans ſes bras. -- Ma belle
959 4486 3322 4649 “Demoiſelle, dit-il, ne vous êtes-vous
971 4632 3328 4807 “point fait mal? -- Non, Monſieur,
967 4783 3339 4998 “lui répondis-je; mais, de grace, ſau-
