4266 6032
921 295 3308 475 “vous portiez; & je crois qu'il y avoit
957 468 3304 637 beaucoup d'imaginaire dans le por-
959 625 3303 794 “trait du fugitif qu'on me donnoit pour
960 781 3303 943 “vous. Je ſuivis le fantôme qu'on avoit
943 940 3354 1103 tracé à mes yeux. Je demandois dans
960 1091 3304 1258 “lesauberges unhomme ſemblableà ce
962 1253 3354 1412 “fantôme. Selon la maniere dont je m'y
960 1409 3308 1566 “prenois pour queſtionner, avec la ma-
965 1562 3308 1720 “nie de ne mettre fin à mes queſtions,
929 1719 3310 1881 “que quand on m'avoit dit ce que je
930 1875 3313 2030 “voulois, je venois à bout de me faire
972 2030 3304 2190 “dire par tout: „Oui, nous avons vu
972 2185 3303 2344 “cet homme; il a pris telle route“; &
971 2343 3316 2503 “je croyois vous ſuivre, quand il pa-
971 2496 3320 2659 “roît au contraire que je vous précé-
972 2652 1485 2768 “dois.
1026 2802 3315 2966 “Enfin, un jour je rencontrai un homme
967 2959 3308 3119 “aſſez vieux, qui me parut fort dévot,
967 3119 3310 3277 “auquel je demandai, comme aux au-
972 3275 3308 3433 “tres, s'il ne vous avoit point vu. Je
962 3426 3306 3592 “vous dépeignis. Il me répondit:
983 3585 3306 3741 Je crois avoir chez moi le jeune
965 3739 3304 3897 “homme dont vous me parlez; venez,
971 3892 3323 4059 “vous en jugerez“. Je le ſuivis. Il s'é-
971 4051 3315 4213 “carta de la grande route, & me con-
969 4204 3297 4371 “duiſit dans ſa maiſon, qui étoit jolie.
971 4365 3308 4524 “J'y trouvai, en arrivant, un très-vieil
965 4517 3306 4683 “homme & une très-vieille femme,
962 4671 3313 4842 qui étoient ſon pere & ſa mere, &
