4266 6032
945 327 3287 522 elle du moins un ſort tranquille. Oh!
950 486 3291 655 ſi mon Adélaïde avoit été a ſa place,
952 640 3007 818 je n'aurois plus eu rien à déſirer.
1098 799 3292 971 Je n'avois point de livres de littéra-
952 952 3292 1114 ture; mais la ſolitude, ma ſituation,
948 1106 3294 1276 mes malheurs, mes jouiſſances, tout
948 1267 3296 1423 me rendit Poëte. Il me falloit des ob-
940 1423 3296 1605 jets pour occuper la ſphere active de
953 1577 3296 1747 mon eſprit, qui fermentoit depuis que
952 1735 3297 1905 j'étois ſi tranquille dans mon petit mé-
952 1886 3301 2060 nage de Chartreux. La Poëſie vint m'oſ-
953 2040 3301 2212 frir ſes idées, tantôt ſombres, tantôt rian-
952 2202 3301 2371 tes. J'entrepris un grand Ouvrage en
947 2358 3306 2555 vers, que je compoſai au chœur, pour
952 2508 3304 2678 m'abreger la durée de ce long exercice.
947 2667 3308 2833 Je prétextai un gros rhume & une ex-
948 2812 3308 2983 tincdion de voix, afin d'être diſpenſé de
957 2971 3316 3143 chanter. Mon corps étoit donc ſeul pré-
958 3123 3310 3291 ſent au chœur; mon ame s'égaroit dans
956 3280 3316 3444 les enchantemens & dans les pays cé-
948 3430 3316 3606 leſtes. Si l'aveu que je fais ici peut ſcan-
941 3583 3320 3763 daliſer les gens pieux, ſi une ſemblable
951 3736 3320 3934 occupation leur paroît profane, dans le
957 3898 3328 4072 lieu & dans la circonſtance, ils ſeront
960 4051 3330 4229 peut-être édifiés, quand ils verront le
947 4217 3330 4385 fruit de ce travail; car enfin je ne me
967 4365 3334 4543 ſuis permis, dans ce Poëme, que de
938 4519 3335 4688 chanter la vertu. Artémiſe avoit un goût
968 4671 3335 4851 excellent, un tact merveilleux. Je la
964 4829 3334 5012 conſultois, & jen recevois d'excellens
968 5002 1242 5128 avis.
