4266 6032
969 193 3332 387 “ment, je ne veux que vous féliciter,
940 365 3311 530 “& vous apprendre combien j'ai de
971 517 3311 680 “plaiſir à vous voir. Daignez donc le-
969 675 3349 835 “ver les yeux & me regarder. Ce n'eſt
952 833 3306 990 “pas un ennemi qui eſt devant vous“.
971 988 3315 1151 Les deux belles s'enhardirent par de-
969 1143 3359 1313 grés, leverent un peu la tête, m'apper-
962 1299 3358 1469 çurent; & reconnoiſſant mon habit de
967 1453 3306 1610 Chartreux: „Ah! c'eſt S. Bruno, s'é-
965 1609 3306 1774 “cria l'une des deux“. Il pourra ſe
967 1766 3299 1924 faire que quelques Lecteurs de Romans
959 1920 3315 2078 ignorent que S. Bruno étoit le Fonda-
962 2074 3353 2237 teur des Chartreux: il faut donc que je
957 2228 3303 2392 le diſe, afin que ces gens ignares &
959 2383 3298 2544 non lettrés ſachent pourquoi mon ha-
960 2537 3322 2704 bit me faiſoit prendre pour ce Saint.
1041 2695 3301 2858 J'étois venu ſûrement ſans aucun
957 2847 3297 3014 deſſein de tromper ame qui vive; mais
959 3007 3292 3170 ces jeunes perſonnes s'enferroient
952 3163 3296 3324 d'elles-mêmes. Je les trouvois fort jo-
952 3316 3347 3480 lies, ſur-tout l'une des deux, qui pa-
947 3468 3296 3634 roiſſoit la Maîtreſſe; car l'autre, quoi-
904 3630 3347 3793 que gentille, n'avoit l'air que d'une
952 3784 3340 3950 Femme de chambre. Il me parut que
950 3939 3346 4106 ma figure fit une douce impreſſion ſur
950 4094 3323 4260 l'une & l'autre, principalement ſur la
947 4236 3296 4410 Maîtreſſe. Une étincelle d'amour, qu'elle
948 4405 3353 4573 dut voir dans mes yeux, la flatta ſans
955 4553 3356 4729 doute. Je l'entendis dire tout bas à ſa
921 4709 3359 4900 Femme de chambre: „Qu'il a l'air
2592 4874 3304 5014 “doux
