4266 6032
996 204 3375 424 “ma chere Maîtreſſe, reprit la Femme
996 359 3368 582 “de chambre, vous êtes terreſtre, vous;
890 515 3368 732 “& vous ne vous flattez pas ſans doute
988 669 3363 895 “d'épouſer S. Bruno“. A ces mots,
986 821 3356 1046 l'intéreſſante Laure ſoupira, & je fus
983 979 3351 1211 obligé de remonter dans les Cieux, pour
974 1147 3358 1350 regagner mon Couvent, où je n'étois
967 1294 3341 1521 plus qu'un des derniers ſerviteurs du
964 1452 3330 1667 grand Saint pour lequel on me prenoit
964 1603 1395 1727 ailleurs.
983 1759 3310 1948 Je me rappelai l'hiſtoire d'un Tiſſe-
948 1916 3332 2123 and, qu'on voit dans les Mille &
947 2072 3304 2279 un Jours, qui ſe fit paſſer pour Maho-
941 2217 3299 2456 met auprès de la Princeſſe de Gazna.
891 2372 3301 2589 Je me ſouvins de pluſieurs pieces de
929 2524 3304 2752 Théâtre compoſées ſur ce ſujet, entre
885 2706 3280 2917 autres, d'une Comédie manuſcrite que
922 2843 3292 3078 je connois depuis long temps, intitulée
876 2996 3292 3224 l Faux Mahomet, où c'eſt un Marquis
910 3151 3268 3392 François qui joue le rôle de Prophête.
873 3309 3268 3538 Je vis de la conformité entre cette aven-
904 3469 3241 3676 ture & la mienne. Je ſouris du haſard
898 3624 3236 3843 qui m'ouvroit les moyens de m'amuſer,
890 3796 3318 4015 en repréſentant un perſonnage céleſte.
883 3920 3222 4162 li je me peins avec toute ma ſcélé-
876 4094 3213 4315 tateſſe; car enfin ma conduite va bien-
872 4239 3230 4479 tôt devenir peu ſuſceptible d'apologie.
1143 4434 3198 4629 coupable que la plupart des aues
872 4520 3244 4957 tetleeconotee mutm ee
2382 4923 2835 5074 Da
