4266 6032
955 264 3383 445 encore une fois, je ne les expoſe ſous
1000 427 3375 622 leurs yeux, que pour leur apprendre à
905 584 3373 783 ne pas faire trophée des déréglemens
993 740 2685 897 dont ils doivent rougir.
1010 879 3361 1052 Je rentrai dans ma cellule, ſans qu'on
981 1046 3358 1220 ſe fût apperçu de mon abſence. Je trou-
979 1203 3367 1369 vai la tendre Artémiſe qui m'attendoit
976 1362 3356 1540 avec impatience pour ſouper. Notre
978 1514 3353 1681 table étoit dreſſée; mon Amante avoit
976 1669 3375 1840 joint à notre ordinaire une ſalade cueil-
976 1827 3346 1994 lie, partie dans ſon jardin, partie dans
974 1984 3437 2146 le mien, & quelques mets qu'elle avoit
893 2139 3424 2302 elle - même apprêtés. Je me précipi-
967 2292 3425 2456 tai dans ſes bras en arrivant; je lui
976 2444 3354 2611 demandaiunmillion d'excuſes de l'avoir
969 2602 3339 2766 fait attendre; & nous nous mîmes à ta-
972 2758 3339 2925 ble. Cent fois je fus tenté de lui raconter
962 2914 3342 3081 l'aventure qui venoit de m'arriver; cent
971 3067 3346 3242 fois je fus arrêté par je ne ſais quelle
969 3229 3342 3392 honte. J'avois des remords; je me re-
849 3378 3340 3550 prochois juſtement de trahir, en quelque
960 3534 3339 3706 façon, la fidelle Artémiſe; car enfin je
959 3685 3335 3857 ſentois un goût naiſſant pour Laure; &
964 3839 3344 4018 il falloit que j'éprouvaſſe en ſecret quel-
845 3987 3340 4354 ſeea voe mion lilamiſt nle t ooie
959 4329 1657 4483 même.
998 4431 3335 4642 Une nouvelle circonſtance conbua
893 4609 3347 4797 encore à me jeter dans la trahiſon &la
874 4764 3342 5020 perfidie. Artémiſe me confeſſa qu'elle
