4266 6032
909 241 3320 430 “ſa fille, comme un ami à ſa tendre
910 407 3308 577 “amie. Je vous recommande toujours
912 561 3272 732 “unſecret inviolable. Adieu, ma chere
917 716 3304 921 “Laure, le temps me preſſe; je vous
920 877 3313 1068 “reverrai peut-etre demain“. A ces
890 1026 3304 1215 mots, je lui donnai un doux baiſer,
926 1186 3318 1376 qu'elle reçut avec une expreſſion ſi ten-
928 1339 3306 1525 de de plaiſir, de confuſion, & de reſ-
924 1511 2895 1683 pect, que j'en fus enchanté.
924 1620 3316 1833 Jy retournai le lendemain, après en
926 1810 3315 1992 avoir fait pareillement myſtere à la fidelle
928 1970 3315 2149 Artémiſe. Il me reſtoit encore quelques
928 2123 3318 2299 habits dans mes malles: j'endoſſai l'uni-
931 2284 3284 2462 fome de mon Régiment, parce que je
933 2444 3318 2616 ſais que l'habit militaire plaît toujours
933 2587 3315 2773 ſingulierement aux femmes. J'avois ſu
933 2744 3304 2929 m'ajuſter ſi bien une perruque, qu'il
934 2907 3291 3084 étoit impoſſible de ne la pas prendre
924 3062 3322 3395 le an mu aeoue,er maa quqe
932 3378 3318 3552 voguois dans l'air, afin de cacher cette
937 3530 3327 3709 expédition à la chere Artémiſe. Sans
934 3698 3327 3869 être dégoûté d'une ſi charmante per-
934 3853 3315 4034 ſonne, j'avois pour elle ſimplement cette
910 4002 3328 4179 tendreamitié qui nous laiſſe jouir, dans
928 4165 3371 4338 u calmeheureux, du commerce de nos
886 4322 3304 4497 amis, & qui nous oceupe, pendant
890 4477 3342 4649 loun abſence, de leur doux ſouvenir;
886 4614 3332 4839 s fogroſſeſſe, puiſqu'il faut le dire
1203 4787 3339 4979 m, m'obligeoit de la reſpecter.
2625 4952 3065 5107 D
