4266 6032
940 205 3335 401 “lution générale & un pardon de tous
950 362 3330 527 “mes péchés paſſés & a venir, d'ici à
941 525 3330 683 “plus de cinquante ans: recomman-
948 673 3328 835 “dez-moi ſur-tout à Sainte Barbe, ma
936 831 2157 993 “digne Patronne“.
1036 958 3327 1150 Laure trembloit & ſe ſerroit contre
936 1141 3354 1308 moi, comme la vigne embraſſe l'or-
947 1296 3334 1460 meau. Nous laiſſâmes Barbe extaſiée,
952 1447 3141 1613 & nous nous élevâmes dans les airs.
1077 1609 3339 1773 Il faiſoit le plus beau clair de lune:
933 1770 3327 1956 nous montâmes à une hauteur prodi-
948 1918 3327 2087 gieuſe: le ciel étoit parfaitement etoilé;
940 2076 3327 2240 quelques nuages argentés s'y prome-
948 2231 3325 2395 noient paiſiblement; nous en apperce-
929 2386 3325 2547 vions pluſieurs ſous nos pieds, qui ré-
947 2537 3327 2704 fléchiſſoient les tranquilles rayons de la
931 2690 3323 2861 Lune. La terre étoit aſſez éclairée pour
945 2852 3318 3017 qu'on pût diſtinguer les plaines, les mon-
935 3008 3318 3172 tagnes, & ſur-tout la me, ſur laquelle
924 3167 3322 3326 jouoit une lumiere tremblotante. Sans
936 3319 3339 3488 êtreauſſi beau qu'on peut le voir de jour,
941 3466 3316 3652 le ſpectacle étoit admirable. Je tenois la
928 3631 3316 3813 peute Laure dans mes bras; je la ſerrois
940 3784 3325 3954 contre mon cœur; elle paroiſſoit raſſu-
919 3942 3320 4109 rée, parce qu'elle repoſoit dans mon
935 4088 3318 4265 ſein. Comme l'extaſe & le raviſſement
909 4243 3325 4423 ſepeignoient dans ſes beaux yeux, avec
909 4411 3327 4603 une innocence preſque enfantine! Elle
916 4567 3327 4740 niroitle grand ſpectacle dont elle jouiſ-
898 4715 3322 4927 loit; mais elle rapportoit tout à moi.
