4266 6032
957 236 3339 407 Après avoir contemplé le Ciel, elle me
953 391 3332 561 regardoit, & ſembloit ſe plaire à voir
959 551 3337 713 dans mes yeux, comme dans un miroir,
959 707 2792 876 la perſpective de l'Univers.
1002 859 3332 1029 Notre converſation fut délicieuſe. Oi-
945 1015 3332 1187 ſeaux qui veniez vous repoſer ſur notre
905 1174 3335 1340 char de triomphe, vous ſeul pûtes l'en-
959 1330 3334 1494 tendre! Nous jouiſſions encore des
960 1487 3334 1664 plaiſirs de la ſimple innocence, & nous
945 1640 3328 1812 ne déſirions pas au delà: pourquoi n'a-
965 1794 3328 1966 vons-nous pas ſu toujours nous tenir à
964 1954 2259 2123 un ſi doux partage?
934 2103 3325 2280 Il fallut enfin quitter les Cieux, en
963 2257 3323 2439 ſoupirant. Je redeſcendis Laure ſur ſon
926 2413 3328 2591 balcon; je la remis chez elle. Barbe ſe
955 2568 3328 2753 proſterna devant elle, & lui demanda
960 2724 3325 2901 des nouvelles du Paradis. Je fus obligé
962 2883 3328 3058 de la quitter. Que notre adieu fut ten-
929 3041 3327 3234 dre! quels doux embraſſemens! Je re-
905 3193 3323 3371 tournai chez moi; & j'embraſſai mon
967 3342 3327 3507 Artémiſe avec crainte, & en rougiſſant
960 3518 2355 3681 comme un coupable.
1115 3648 3327 3832 Mes viſites à Laure furent aſſidues, &
976 3812 3332 4003 quelque temps encore innocentes; mais
938 3977 3330 4154 nous avions trop compté ſur nos forces.
969 4116 3334 4276 Mes intentions étoient ſûrement auſſi
919 4266 3332 4622 on r oiioo poe daa ſeremneeuu
917 4590 3349 4967 eate ſeule moit àai ſorten
