4266 6032
888 216 3323 390 “Eh bien, ma charmante, lui repar-
922 377 3321 547 “tis-je, je ne ſuis pas capable de rien
931 536 3328 698 “refuſer à machere Laure. Quand vous
931 687 3325 859 “voudrez, je vous ferai jouir du ſom-
935 842 3366 1013 “meil des morts. Voilà un petit poiſon
934 1002 3328 1174 “qu'il faudra prendre pour cet effet.
933 1165 3335 1329 “Vous allez regarder cela comme une
941 1318 3339 1485 “médecine; mais je vous jure que cette
941 1466 3344 1641 “potion n'eſt point d'un goût déſa-
941 1626 3347 1797 “gréable. -- Oh! me dit-elle, donnez-
943 1784 3349 1950 “moi quelque temps, je vous prie,
943 1941 3349 2114 “pour me préparer à la mort. On ne
948 2095 3347 2264 “va pas leſtement dans l'autre monde
947 2250 3344 2414 “comme au bal. Si je n'étois pas bien
945 2403 3361 2577 „préparée, qu'en arriveroit-il, bon
947 2558 3363 2742 “Dieu? Qui ſait ſi, quand je ſerois
947 2717 3366 2885 “morte, on ne me feroit pas voir l'En-
948 2874 3366 3040 “fer, au lieu du Paradis; ou ſi du moins
950 3034 3370 3194 “on ne voudroit pas me retenir, pour
897 3189 3373 3353 “mes péchés, dans ce redoutable
917 3347 3361 3524 “ſéjour? Je ne veux pas encore mourir
895 3509 2395 3667 “pour toujours“.
909 3636 3368 3827 Je promis à Laure que je lui accor-
926 3806 3385 3979 derois volontiers tout le temps qu'elle
886 3966 3371 4138 défiroit; mais me ſurvint une ré-
891 4130 2050 4294 flexion. Je me dil
2042 4131 3377 4291 moi-même: „Cette
952 4288 3365 4450 “jeune fille ne voudra pas mourir ſans
880 4446 3373 4609 “confeſſion; & le moindre aveuqu'elle
878 4596 3385 4766 ràſon Conſeſſeur, découvrira
878 4743 3380 4952 out le myſtere. L'Eccléſiaſtique, ap-
