4266 6032
938 231 3370 417 regarda elle-même avec un pareil éton-
943 408 3330 564 nement. Le chœur chanta en italien:
959 563 3322 720 „Quelle eſt cette ame pure qui s'éleve
924 718 3316 876 “de la terre ſous les auſpices du Ser-
940 871 3328 1033 “viteur de Dieu? Qu'elle ait l'avan-
940 1029 3334 1191 “tage unique de jouir ici du bonheur
941 1186 3322 1339 “deſtiné aux bienheureux, & de re-
940 1338 3342 1500 “tourner ſur la terre, pour y publier,
943 1492 3342 1660 “à jamais, les merveilles du Pa-
948 1655 1765 1810 “radis“.
969 1792 3322 1968 Heureuſement Laure entendoit l'ita-
952 1956 3339 2123 lien; elle étoit originaire de la Lom-
950 2114 3358 2286 bardie. „Oh, oh, dit-elle, on parle ita-
947 2272 2689 2431 “lien dans le Paradis!“
1048 2413 3334 2586 Tout à coup la muſique ſe tut. Un ſi-
936 2575 3375 2771 lence auguſte régna un moment dans
940 2725 3335 2896 l'aſſemblée. Alors le Vénérable, aſſis
959 2880 3342 3053 ſur le trône, prononça des mots, qu'on
955 3043 2395 3217 peut traduire ainſi:
991 3263 3081 3462 Soyez heureux, tendres Amans.
912 3457 3347 3695 Soudain le chœur répéta, au ſon des
962 3659 1819 3843 fanfares:
1107 3887 2964 4086 Soyez heureux, tendres Amans.
996 4085 3349 4298 Des Anges, ou plutôt des jeunes gens
979 4276 3365 4453 revêtus du coſtume que nos Peintres
976 4431 3371 4608 donnent à ces eſprits céleſtes, nous en-
945 4592 3375 4955 lplee riſiſat enet ceatup lait
