4266 6032
933 231 3315 428 mable, qui voulut bien promettre d'é-
933 395 3304 602 pouſer cette jeune perſonne ſans dot.
931 557 3306 756 Ils vinrent à ſonCouvent, tranſportés de
922 715 3308 917 joie de trouver à ſe défaire ſi avanta-
926 871 3308 1073 geuſement de leur fille. Ils entrerent
941 1024 3306 1210 tout radieux: „Je ſuis enchanté, dit
947 1182 3306 1367 “M. de Fiervac, pere de Laure, de la
934 1347 3306 1534 “régularité de ce Couvent; je ne pou-
945 1490 3306 1677 “vois mieux placer ma fille, pour la
931 1651 3306 1844 “préſerver de tout danger“. Ils em-
948 1808 3304 1966 braſſerent leur fille, & croyant-la com-
922 1960 3308 2141 bler de contentement: „Réjouis-toi,
952 2114 3306 2307 “Laure, lui dit ſa mere, nous allons
914 2276 3308 2468 “te faire ſortir du Couvent, & te ma-
926 2427 3315 2622 “rier“. Laure, à cette nouvelle, té-
960 2579 3315 2782 moigna le dédain le plus marqué, &
926 2733 3318 2926 dit à ſes parens qu'il étoit impoſſible
927 2890 3320 3095 qu'elle ſe mariât. „Hé bien, lui dit ſon
929 3057 3325 3248 “pere, vous prendrez le voile, mor-
945 3210 3323 3372 “bleu. --Encore moins, reprit Laure;
929 3359 3322 3559 “je ſuis pourvue“. Sa mere la regarde
965 3509 3328 3709 avec ſurpriſe, & s'apperçoit qu'elle eſt
965 3683 3332 3876 groſſe; elle s'écrie: „O Ciel!“ Le pere
926 3841 3327 4025 furieux regarde, & s'écrie pareillement:
929 3987 3337 4178 „O Ciel! que dites-vous? Je lui brû-
928 4137 3337 4322 “lerois la cervelle ſur le champ. Mais
934 4304 3356 4486 “cela n'eſt que trop vrai, de par tous
974 4457 3349 4644 “les diables! ajouta-t-il en conſidérant
926 4608 3356 4796 “l'innocente péchereſſe, ma fille eſt
888 4768 3358 4979 “groſſe. Ah! déteſtables Religieuſes,
2958 4917 3372 5055 “c'eſt
