4266 6032
972 263 3332 448 “criaFiervac indigné; c'eſt ainſi qu'on
969 419 3332 606 “m'oſe jouer? Malheureuſe! & d'où
959 587 3337 745 “eſt venu le ſcélérat? -- Du Ciel, ré-
953 747 3334 925 “pondit Barbe. -- Attendez donc, re-
919 902 3332 1070 “prirent les Religieuſes, s'il y a ici
953 1063 3332 1236 “du miracle, nous n'en pouvons plus
959 1220 3327 1388 “répondre. Dieu eſt tout-puiſſant, il
955 1376 3320 1552 “communique ſon pouvoir à ſes Saints.
957 1535 3316 1699 “-- A h! les indignes péronnelles!
969 1691 3318 1854 “s'écrie à ſon tour Fiervac. Il y a ici du
952 1846 3323 2013 “miracle; les Saints viennent du Ciel
952 2004 3318 2169 “pour débaucher les filles. Et que dis-
972 2161 3315 2314 “tu, toi, malheureuſe, ajouta-t-il en
957 2314 3315 2469 “s'adreſſant à Laure? -- Que voulez-
947 2468 3311 2635 “vous, mon peret répondit-elle; croyez
977 2630 3316 2794 “que les ſaints principes d'honnêteté,
943 2787 3313 2950 “que vous m'avez inſpirés, ſont tou-
938 2948 3310 3109 “jours gravés dans mon cœur; que je
959 3102 3310 3263 “ne ſuis point capable de rien faire qui
948 3249 3304 3425 “puiſſe déshonorer ma famille, & que
943 3411 3308 3580 “je ne ſerois pas dans la ſituation où
945 3563 3306 3732 “vous me voyez, ſi S. Bruno n'étoit
904 3724 3308 3896 “pas deſcendu du Ciel, pour me trai-
981 3880 3310 4049 “ter comme ſa chaſte épouſe“. A ces
947 4039 3306 4207 mots, le pere furieux ne ſe connoît plus;
943 4188 3308 4364 il veut étrangler ſa fille: elle tombe
926 4340 3308 4519 évanouie de peur; on la délaſſe, &
929 4501 3310 4677 l'on trouve un portrait dans ſon ſein.
919 4652 3315 4831 Ce portrait étoit le mien, dont je lui
921 4823 3322 4998 avois fait préſent. „Quel eſt ce por-
