4266 6032
929 205 3303 388 trait? dit le pere. -- C'eſt juſtement
941 375 3301 541 “S. Bruno, répondit Barbe“. Malheu-
943 532 3308 697 reuſement, j'étois repréſenté en Mili-
941 694 3304 852 taire. „Quel eſt ce jeune éventé? s'é-
947 847 3310 1006 “cria le vieux Gentilhomme. Je n'ai
941 1002 3311 1165 “jamais vu de S. Bruno de cette eſ-
945 1160 3315 1321 “pece; & qui vous a dit que c'étoit
950 1298 3320 1476 “S. Bruno? -- C'eſt moi qui l'ai de-
953 1474 3315 1637 “viné, reprit Barbe; car il ne nous
936 1631 3315 1795 “l'a jamais dit. -- Et comment l'as-tu
936 1786 3320 1943 “deviné, ſcélérate, répliqua le vieil-
943 1941 3315 2099 lard? S. Bruno eſt habillé en Char-
944 2100 3317 2248 “treux. -- Auſſi étoit-il bien en Char-
941 2254 3320 2420 “treux, repartit la Soubrette, la pre-
950 2408 3320 2573 “miere fois qu'il parut; & enſuite il a
948 2568 3359 2733 “paru ſous le même habit, quand il a
947 2721 3311 2886 “confeſſé Mademoiſelle, avant qu'elle
947 2880 3310 3043 “mourût; puis, quand il eſt venu la
952 3039 3310 3203 “chercher pour la mener dans le Pa-
935 3195 3311 3359 “radis. -- Quelle complication de fo-
938 3347 3304 3512 lies & d'impoſtures! s'écria le pere in-
936 3506 3304 3672 “digné. Comment, ſcélérate, as-tu pu
938 3665 3298 3830 “croire que ce jeune homme étoit S.
940 3821 3306 3988 “Bruno? -- Hé mais, répondit-elle, je
931 3977 3304 4139 “l'ai vu deſcendre du Ciel; il étoit
933 4135 3306 4296 “vêtu en Chartreux: il nous a dit tout
933 4291 3306 4462 “ce que nous penſions; il a paru inſ-
919 4451 3308 4615 truit de toutes nos affaires comme
919 4603 3308 4771 “nous-mêmes. Enfin, il a empoiſonné
922 4763 3306 4952 “Mademoiſelle; il l'a conduite dans le
2709 4916 3064 5043 Ea
