4266 6032
878 222 3308 400 voyez à préſent, mon très - honoré
881 391 3299 577 Pere, ajouta la Prieure, s'il n'eſt pas
890 542 3292 726 “viſible que le Ciel a opéré dans cette
878 701 3285 889 “circonſtance, & a voulu témoigner,
878 855 3285 1032 “d'une maniere ſpéciale, ſa faveur à
953 1010 3288 1181 “cette jeune perſonne“. Le Directeur
960 1170 3280 1345 écouta gravement, mais avec un ſou-
878 1322 3270 1489 rre preſque imperceptible. A la fin il
950 1473 3272 1643 touſſa, & dit: „L'hiſtoire eſt ſans doute
947 1633 3270 1815 “extraordinaire; mais il ne nous ap-
945 1785 3261 1968 “partient pas de mettre des bornes à la
878 1938 3260 2125 faveur de Dieu. On doit éviter, il eſt
940 2096 3253 2281 “vrai, de croire trop légerement des
938 2248 3254 2438 “ſables ſuperſtitieuſes; mais il faut
934 2403 3315 2594 “auſſi reconnoître le doigt de Dieu,
893 2560 3249 2744 “quand il ſe montre, & ne pas affoi-
933 2712 3330 2900 “blir la confiance qu'ont en lui les
929 2862 3242 3058 “fideles, en niant effrontémentles gra-
928 3027 3242 3209 “ces qu'il leur accorde. Voilà un hom-
895 3182 3233 3373 “me deſcendu des nues, qui ſait tout,
916 3334 3235 3522 “qui fait voir le Paradis. Que voulez-
899 3488 3227 3673 “vous? D'abord, il eſt impoſſible à un
907 3652 3227 3830 “mortel de deſcendre du Ciel. Mon-
910 3796 3227 3981 “ſieur, faites preuve de votre foi. Vous
907 3961 3227 4144 “avez dû voir de pareils miracles dans
902 4106 3225 4308 “la vie des Saints“. Les Religieuſes
897 4250 3220 4460 levoient la tête, le vieux Gentilhomme
897 4414 3214 4610 étoit confondu. „Comment, diſoit-il,
886 4575 3221 4795 on voudra me faire accroire que je
2379 4757 3144 4974 E
