4266 6032
955 228 3332 401 “ſuis un incrédule, un impie? Il y a
962 396 3328 561 “ſans doute, dans la vie des Saints,
966 553 3328 718 “des viſites que des Bienheureux ont
969 709 3328 876 “rendues à des filles; mais on n'en a
971 863 3330 1034 “point encore vu qui leur aient fait
971 1020 3330 1188 “des enfans“. Cette ſaillie embarraſſa
943 1177 3318 1346 les Religieuſes, & ferma la bouche au
979 1328 3330 1493 Directeur. „Au reſte, ajouta le pere de
977 1487 3328 1652 “Laure, c'eſt le ſoir, dit-on, que ce
879 1640 3327 1813 “malheureux vient vous voir: je m'y
974 1794 3334 1957 “trouverai demain au ſoir; & nous
979 1949 3327 2121 “verrons ſi le ſcélérat ſaura auſſi me
981 2103 3334 2276 “ſéduire, moi“. A ces mots, il partit
973 2263 3286 2434 furieux, & tout le monde reſpira.
1010 2410 3328 2601 Heureuſement, je fus inſtruit de ſa
976 2567 3330 2749 réſolution. Le bruit ſe répandit ſur le
981 2721 3325 2909 champ que S. Bruno étoit venu viſiter
986 2878 3344 3060 une Demoiſelle du Couvent de Sainte
960 3046 3334 3217 Pétronille. Le lendemain, le concours
981 3190 3334 3384 y fut prodigieux. Perſonne, au moins
981 3343 3337 3569 parmi le peuple, ne doutoit de la vé-
986 3512 3340 3684 nté de ce miracle. On ſut qu'on atten-
990 3643 3342 3840 doit, le ſoir, S. Bruno, qui devoit deſ-
990 3810 3339 3998 cendre du Ciel, comme à l'ordinaire.
869 3978 3392 4156 Heureuſement, c'étoit le jour de notre
959 4113 3346 4315 récréation, celui où nous parlions. C'eſt
1000 4271 3349 4474 ce qui fit que j'appris ces nouvelles. Je
988 4424 3358 4634 me préparai en conſéquence. J'eus le
993 4584 3356 4824 temps, en travaillant chez moi juſqu'au
