4266 6032
914 250 3310 441 “je me ſoumets à vos ordres ſacrés“.
915 412 3273 593 Le Prétendu s'écrie à ſon tour: „O fa-
916 577 3275 748 “vori du Ciel! je me ſoumets avec
921 732 3346 907 “joie; j'accepte avec reſpect & recon-
870 891 3279 1050 “noiſſance l'épouſe que vous me
924 1039 3279 1215 “donnez; elle eſt chere & ſacrée pour
924 1196 3273 1364 “moi. Je ſuis fier d'être votre fucceſ-
926 1363 3378 1525 “ſeur. Le fruit qu'elle porte aura tous
926 1509 3279 1677 “mes ſoins & mes hommages. -- O le
876 1663 3280 1841 “plus chéri des Bienheureux! s'écrie
928 1813 3279 1989 “auſſi Laure à genoux, abandonnez-
929 1974 3280 2149 “vous l'infortunée Laure? -- Favorite
929 2125 3277 2301 “du Ciei, lui répondis-je, j'ai rempli
879 2286 3284 2450 “ſes deſſeins ſur vous. Il faut que je
914 2438 3287 2615 “retourne dans la région ſupérieure;
914 2589 3289 2771 “épouſez Bonacin; tel eſt l'arrêt ſu-
928 2744 3280 2929 “prême. Il vous rendra heureuſe; &
931 2902 3285 3082 “je veillerai ſur vous du haut des
886 3080 1741 3237 “Cieux“.
867 3186 3349 3394 La chere Laure me dit, en pleurant,
930 3370 3285 3542 „J'obéis“. Je l'honorai d'un ſourire
922 3528 3291 3703 céleſte, & je commençai à remonter dans
922 3681 3287 3860 l'air. Toutes les Religieuſes crioient à
912 3836 3291 4012 l'envi: „Grand Saint, béniſſez-nous“.
923 3992 3289 4171 Je m'arrêtai, & je leur donnai la plus
875 4149 3304 4327 gracieuſe bénéction. Alors je m'élançai
929 4307 3303 4484 dans les Cieux, au milieu des acclama-
869 4462 3304 4646 tons d'un peuple innombrable. Toutes
1137 4621 3306 4798 oétites cloches du Couvent ſon-
867 4622 1234 4752 l
867 4739 3306 4993 polnten volée. Je m'élevai à une pro-
2407 4930 2983 5081 E
