4266 6032
921 256 3315 447 “çoit auſſi à ſoupçonner qui j'étois, &
888 424 3313 599 “l'on m'auroit probablement fait ſubir
929 579 3301 763 “le même ſort qu'à toi. -- O ma bonne
933 741 3313 929 “amie! lui répondis-je, quoi, trahie
936 899 3298 1073 “par moi, tu t'occupois de monſalut“!
935 1057 3359 1217 Cependant nous entendions D. Prieur
940 1206 3299 1392 s'écrier ſous nos pieds; „Ah! ſcélérat,
934 1363 3310 1542 “nous t'excommunions, nous t'anathé-
916 1511 3303 1693 “matiſons. -- Et moi, m'écriai-je à mon
933 1685 3311 1846 “tour, je me ris des imbêcilles Char-
950 1825 3311 2001 “treux“. A ces mots, je m'élance &
943 1996 2893 2187 je me perds dans les Cieux.
1203 2455 3048 2715 Fin du Livre ſetnd.
