4266 6032
988 668 3341 974 SECONDE SUITE
1958 1077 2315 1202 E
967 2212 3323 2523 Quanp nous ſûmes dans l'air, hors
974 2499 3316 2669 de la portée des hommes, au - deſſus
972 2661 3316 2827 d'eux, & plus parfaitement libres qu'eux
959 2811 3334 2979 tous, ſi nous avions eu de quoi ſubſiſ-
972 2964 3332 3132 ter, nous recommençâmes nos careſſes
974 3128 3318 3281 mutuelles, & nous reſtâmes quelque
971 3275 3332 3452 temps entrelacés dans nos doux embraſ-
935 3434 3316 3619 ſemens. Nous prîmes conſeil, pourſavoir
969 3603 3323 3917 ouee d oouepenee me eonpatoei
969 3901 3330 4091 ſur la terre, comme Jupiter du haut de
971 4075 1604 4244 l'Olympe.
1000 4200 3327 4393 La nuit commençoit à éclaircir ſes
960 4376 3323 4547 ſombres voiles. L'aurore tranſpiroit au
965 4529 3335 4703 bord de l'horizon; mais elle devoit être
967 4687 3330 4861 encore inſenſible ſur la terre, où nous
921 4823 3359 5024 appercevions des lumieres, qui nous
