4266 6032
945 193 3344 387 annonçoient que les hommes ſe levoient
947 380 3340 548 pour leurs travaux journaliers, & n'é-
943 535 3334 695 toient point encore éclairés par la clarté
947 685 3332 852 céleſte. Cependant cette terre ombragée
947 843 3328 1022 ſe débrouilloit, par dégrés, comme le
957 1002 3363 1162 Chaos. Nous commencions à diſtinguer
948 1156 3327 1321 les montagnes; les mers, les fleuves
945 1316 3327 1475 même, & les nuages pourprés qui ſe
945 1469 3325 1628 promenoient ſous nos pieds, en portant
947 1626 3332 1784 leur ombre ſur les campagnes. Nous en-
948 1775 3318 1941 tendions, de très-loin, un foible écho
947 1932 3322 2113 du gazouillement des oiſeaux à l'aſpect
947 2092 3323 2250 de l'aurore; les plus hardis s'élevoient
940 2243 3332 2408 juſqu'à nous, pour ſe repoſer ſur notre
878 2404 3316 2560 nacelle, & célébrer, autour de nous,
878 2554 3327 2718 la naiſſance du jour. Ce ſpectacle étoit
878 2709 3347 2871 raviſſant. Nous en jouîmes avec tranſ-
897 2871 3378 3028 port; & nous élevâmes, de concert, nos
933 3011 3332 3214 deux cœurs vers l'Eternel, pour le re-
929 3177 2515 3346 mercier de ſes bienfaits.
921 3315 3335 3528 Cependant l'ignoble aiguillon de la
931 3488 3315 3652 faim nous tourmentoit dans les Cieux.
922 3641 3335 3806 Nous étions ſans aucun moyen de ſub-
916 3786 3356 3963 ſiſtance. Je voulois tourner notre vol du
910 3956 3365 4135 côté de Paris, pour réjoindre mon pere;
912 4104 3334 4285 mais, quoique je poſſédaſſe parfaite-
902 4254 3313 4438 nt la diréction des baflons, un vent
902 4389 3332 4615 inſurmontable de nord-oueſtdéconcerta
926 4567 3323 4743 tous mes efforts, & nous pouſſa ſur la
894 4688 3330 4940 Metetlanée, & bientôt ſur Htlie
