4266 6032
983 279 3360 453 Nous étions, heureuſement, dans la ſai
986 443 3359 616 ſon des fruits & des vendanges. Nous
974 594 3359 773 deſcendîmes dans un endroit écarté, où
976 759 3359 920 nous ne vîmes perſonne. Nous cueillî-
977 914 3359 1081 mes du raiſin & des fruits, & nous enle-
984 1072 3359 1234 vâmes notre capture dans les Cieux.
981 1225 3360 1390 Soulagés par ce foible reſtaurant, nous
972 1387 3359 1549 nous ſentîmes en état de paſſer encore
974 1542 3359 1702 quelque temps ſans autre nourriture:
972 1697 3358 1863 mais nous comprîmes qu'à la longue
969 1851 3358 2035 celle-ci ne ſeroit pas ſuffiſante, & qu'il
965 2002 3353 2172 faudroit yjoindre du pain. Nous n'étions
969 2159 3353 2324 pas ſans eſpoir d'en trouver; & l'admi-
972 2319 3347 2479 ration que nous devions cauſer aux
965 2474 3346 2649 mortels, nous répondoit que nous en
962 2628 3359 2792 obtiendrions tout ce qui nous ſeroit né-
959 2778 1457 2940 ceſſaire.
1105 2936 3351 3106 Bientôt nous nous apperçumes que
955 3098 3344 3261 nous étions obſervés. Nous entendions
953 3253 3347 3419 des acclamations s'élever de la terre.
947 3406 3346 3573 Nous ne ſavions ſi nous devions nous
950 3559 3347 3734 empreſſer de répondre à la curioſité pu-
947 3708 3353 3889 blique. Tout à coup nous vîmes avan-
940 3882 3342 4047 cer vers nous des nuages énormes, com-
936 4037 3340 4207 me de vaſtes îles ou montagnes qui au-
934 4190 3351 4359 roient flotté dans l'air, Les éclairs en ſor-
935 4347 3347 4518 toient comme du ſein d'un volcan. Les
928 4500 3354 4678 foudres ſerpentoient ſur ces maſſes in-
929 4644 3356 4835 formes. Bientôt la terre ſe couvrit entie-
917 4823 3349 5024 tement de nuages; car, comme nous
