<?xml version="1.0" encoding="UTF-8" standalone="no"?><PcGts xmlns="http://schema.primaresearch.org/PAGE/gts/pagecontent/2017-07-15" xmlns:xsi="http://www.w3.org/2001/XMLSchema-instance" xsi:schemaLocation="http://schema.primaresearch.org/PAGE/gts/pagecontent/2017-07-15 http://schema.primaresearch.org/PAGE/gts/pagecontent/2017-07-15/pagecontent.xsd"><Metadata><Creator/><Created>2020-10-14T10:52:14</Created><LastChange>1970-01-01T00:00:00</LastChange><Comments/></Metadata><Page imageFilename="0112.png" imageHeight="6032" imageWidth="4266"><TextRegion id="r1" orientation="-0.125" type="paragraph"><Coords points="1,1 4264,1 4264,6030 1,6030"/><TextLine id="l1"><Coords points="3129,413 3129,413 3129,375 3128,374 3127,374 3127,374 3127,373 3126,372 3051,372 3050,371 3020,371 3019,370 3008,370 3007,369 2838,369 2836,371 2816,370 2815,371 2813,369 2771,369 2771,369 2771,368 2770,367 2591,367 2588,370 2586,370 2586,370 2586,374 2584,376 2583,376 2582,374 2582,371 2580,370 2579,370 2578,369 2398,369 2397,368 2391,368 2391,368 2391,407 2390,408 2383,408 2382,407 2372,407 2372,406 2372,368 2371,368 2238,367 2238,367 2238,366 2237,365 2023,365 2023,364 2023,360 2022,360 1827,359 1826,360 1822,360 1822,361 1822,362 1821,362 1820,362 1820,363 1820,365 1819,365 1812,365 1812,365 1812,361 1811,360 1748,360 1748,360 1748,359 1747,358 1722,358 1719,355 1549,355 1548,356 1548,357 1547,358 1411,357 1411,357 1411,356 1410,355 1315,355 1315,356 1315,398 1314,398 1303,398 1303,398 1303,356 1302,355 1148,355 1148,355 1148,357 1147,358 1081,358 1081,358 1081,359 1080,360 988,359 987,360 984,360 984,361 984,401 983,402 983,403 982,403 961,403 960,405 960,407 959,407 956,407 954,405 949,405 947,403 943,403 941,401 941,389 940,388 880,388 878,386 878,384 879,382 947,382 948,382 948,313 947,312 945,312 943,310 941,310 940,309 940,299 941,298 941,296 941,295 942,295 943,295 943,294 943,293 945,293 947,291 956,291 957,290 962,290 964,288 987,288 988,287 1023,288 1024,287 1024,250 1025,250 1026,250 1026,249 1026,248 1027,248 1029,248 1030,247 1032,247 1038,241 1210,241 1211,239 1211,237 1213,236 1229,236 1230,235 1235,235 1236,237 1236,278 1236,278 1590,279 1591,278 1740,278 1741,278 1741,253 1742,252 1744,252 1745,251 1745,249 1746,248 1874,248 1875,247 1875,246 1876,245 1877,245 1877,245 1877,244 1878,243 1879,243 1879,243 1879,242 1880,241 1898,241 1899,242 1942,243 1942,243 1942,245 1949,252 1951,252 1951,252 1951,287 1951,288 1998,288 1999,288 1999,292 1999,293 2166,293 2168,291 2172,291 2174,290 2174,259 2176,257 2176,255 2179,252 2197,252 2197,253 2197,293 2197,293 2384,294 2385,293 2395,293 2397,291 2402,291 2403,291 2403,292 2403,293 2412,293 2414,295 2473,295 2474,296 2477,296 2479,298 2655,298 2658,296 2658,294 2658,293 2719,293 2720,293 2720,260 2723,257 2723,256 2724,255 2725,255 2728,252 2740,252 2743,255 2778,255 2778,256 2778,257 2779,257 2780,257 2780,258 2780,260 2782,262 2782,294 2782,294 2848,295 2849,296 3063,296 3064,296 3064,277 3065,276 3065,264 3067,262 3069,262 3069,262 3069,261 3070,260 3103,260 3104,259 3115,259 3115,259 3115,258 3116,257 3125,257 3126,259 3126,260 3127,261 3127,262 3128,262 3129,262 3129,263 3129,298 3129,298 3241,298 3243,300 3248,300 3249,301 3249,303 3251,305 3251,323 3251,323 3317,324 3318,324 3318,326 3318,327 3320,327 3322,329 3324,329 3325,329 3325,338 3323,340 3323,342 3317,348 3315,348 3313,350 3258,349 3258,350 3258,369 3257,369 3256,369 3254,371 3242,371 3241,372 3144,372 3144,373 3144,413 3143,413"/><TextEquiv><Unicode/></TextEquiv><TextEquiv index="1"><Unicode>planions au-deſſus de ce voile nébu-</Unicode></TextEquiv></TextLine><TextLine id="l2"><Coords points="2332,565 2331,565 2331,559 2331,558 1379,556 1378,556 1378,548 1378,547 893,546 892,546 892,538 893,537 897,537 898,536 1378,537 1378,537 1378,536 1225,536 1222,534 1222,523 1222,522 1177,522 1175,520 1173,520 1172,519 944,518 943,518 943,516 941,514 941,506 942,505 943,505 943,505 943,504 944,503 945,503 945,503 945,502 946,501 948,501 950,499 952,499 952,499 953,455 955,453 955,415 959,410 1210,411 1211,410 1211,409 1212,408 1302,408 1303,408 1303,399 1303,398 1317,398 1320,401 1322,401 1323,402 1323,404 1323,404 2516,407 2517,408 2519,408 2520,408 2520,410 2521,412 3258,413 3260,415 3262,415 3263,416 3263,417 3263,417 3265,417 3268,420 3268,455 3268,455 3289,456 3291,458 3301,458 3304,460 3304,462 3304,463 3306,463 3308,464 3308,466 3309,468 3327,468 3328,468 3328,471 3327,472 3315,472 3315,472 3315,488 3314,489 3313,517 3311,520 3309,520 3308,520 3308,522 3306,525 3304,525 3302,527 3300,527 3299,527 3299,529 3299,530 3280,529 3279,530 3250,530 3249,531 3249,544 3247,546 3030,546 3029,546 3029,560 3026,563 3026,564 3026,565 3016,565 3015,565 3015,566 3015,567"/><TextEquiv><Unicode/></TextEquiv><TextEquiv index="1"><Unicode>leux, à nos yeux, c'étoit la terre qui ſe</Unicode></TextEquiv></TextLine><TextLine id="l3"><Coords points="2420,724 2420,723 2420,720 2420,720 2036,719 2035,718 2035,695 2035,695 903,692 902,693 902,699 902,699 901,699 900,700 900,701 900,701 891,701 890,701 890,691 891,690 1469,692 1469,691 1469,680 1469,680 965,678 962,675 956,675 955,675 955,671 952,668 952,666 950,664 950,661 948,659 948,657 946,654 936,654 933,652 933,650 934,649 936,649 936,649 936,647 939,644 943,644 943,644 943,640 945,638 945,633 947,631 947,628 948,627 948,621 949,620 951,620 953,618 955,618 955,618 955,614 956,613 958,613 963,608 969,608 969,608 969,607 970,606 971,606 971,606 971,605 972,604 987,604 988,603 1026,604 1027,603 1029,603 1029,602 1029,601 1030,601 1032,601 1034,599 1038,599 1038,598 1038,597 1039,597 1095,597 1096,596 1264,596 1266,594 1314,594 1316,592 1373,592 1373,592 1373,559 1374,558 1375,558 1375,558 1375,557 1376,556 1382,556 1383,555 1600,556 1600,556 1600,557 1601,558 1603,558 1605,560 1607,560 1608,561 1612,561 1613,562 2274,563 2276,565 2628,566 2630,569 2630,570 2631,570 2633,570 2635,573 2635,602 2636,602 2830,603 2831,604 2831,606 2833,608 2895,608 2896,609 3128,609 3132,613 3251,613 3252,614 3299,615 3300,616 3304,616 3304,616 3304,617 3305,618 3313,618 3313,618 3313,620 3316,623 3318,623 3318,623 3318,625 3322,629 3322,633 3323,634 3323,643 3322,644 3322,673 3320,675 3320,677 3320,678 3318,678 3316,680 3311,680 3308,682 3308,684 3308,685 3302,685 3301,685 3301,686 3301,687 3297,687 3295,689 2439,687 2438,687 2438,723 2437,724"/><TextEquiv><Unicode/></TextEquiv><TextEquiv index="1"><Unicode>couvroit, &amp; non le Ciel. Le tonnerre</Unicode></TextEquiv></TextLine><TextLine id="l4"><Coords points="2384,879 2384,878 2384,877 2383,877 982,873 981,874 967,874 967,874 967,872 966,871 962,871 962,871 962,870 961,869 954,869 951,866 947,866 947,866 947,864 943,860 943,846 943,845 944,845 945,845 945,841 948,838 948,816 950,814 950,783 952,781 952,774 953,773 953,771 955,768 957,768 962,763 964,763 966,761 968,761 969,761 969,760 969,759 971,759 973,757 1001,758 1002,757 1026,757 1027,756 1044,756 1045,755 1045,754 1047,752 1240,752 1242,750 1245,750 1246,749 1257,749 1258,749 1258,717 1262,713 1263,713 1263,713 1263,712 1264,711 1445,711 1446,710 1454,711 1454,711 1454,713 1457,716 1457,717 1458,718 2054,719 2054,719 2054,720 2055,721 2202,721 2202,722 2202,723 2203,723 2437,724 2441,727 2441,729 2441,730 2442,730 2443,730 2443,731 2444,732 2444,733 2448,737 2448,739 2450,742 2488,742 2489,742 2489,756 2489,757 2532,757 2534,758 2534,762 2534,763 2901,764 2902,764 2902,765 2902,766 3246,766 3247,767 3315,768 3318,770 3318,772 3318,773 3324,773 3325,773 3325,803 3325,804 3336,804 3339,806 3339,818 3338,819 3337,819 3337,819 3337,823 3334,826 3330,826 3330,826 3330,827 3327,830 3323,830 3313,840 3225,839 3225,840 3225,854 3224,854 2942,854 2942,854 2942,879 2941,880"/><TextEquiv><Unicode/></TextEquiv><TextEquiv index="1"><Unicode>gronda ſous nos pieds: à tous momens</Unicode></TextEquiv></TextLine><TextLine id="l5"><Coords points="2743,1034 2742,1034 2742,994 2742,993 2662,993 2661,993 2661,992 2661,991 2659,991 2658,990 2322,989 2321,990 2321,994 2319,996 2319,1005 2319,1005 2317,1005 2308,1014 2306,1014 2305,1015 2302,1015 2298,1019 2294,1019 2292,1021 2281,1021 2279,1019 2277,1019 2276,1019 2276,996 2276,995 2055,995 2054,994 2054,991 2054,991 1772,990 1770,988 1763,988 1761,986 1711,986 1710,987 1710,1031 1710,1031 1690,1031 1689,1031 1689,987 1689,986 1503,986 1502,986 1502,987 1502,988 1493,988 1491,990 1487,990 1486,989 1323,988 1321,986 1281,986 1280,986 1280,985 1280,984 1237,984 1236,985 1236,1029 1236,1029 1063,1029 1062,1028 1062,984 1062,984 1014,984 1012,986 999,986 998,986 998,987 998,988 968,987 967,988 963,988 961,990 952,990 950,989 950,987 950,986 949,986 948,986 948,985 947,984 948,934 947,933 947,923 948,922 948,920 948,919 951,919 952,919 952,882 952,881 954,881 955,881 955,879 955,878 956,878 957,878 957,877 957,876 963,876 964,876 964,875 964,874 981,874 982,873 1209,874 1210,873 1212,873 1213,872 1213,871 1213,871 1226,871 1227,872 1227,907 1227,907 1324,907 1325,908 1432,908 1433,908 1433,877 1433,876 1434,876 1435,876 1435,874 1437,871 1444,871 1445,870 1451,871 1453,873 1580,873 1583,876 1585,876 1586,876 1586,878 1590,882 1590,885 1593,888 1593,890 1597,894 1597,915 1597,916 1702,916 1703,916 1703,915 1703,914 1823,914 1824,914 1824,913 1824,912 1826,912 1828,910 1830,910 1831,909 1836,909 1839,912 1840,912 1841,913 1841,916 1841,916 1948,917 1949,917 1949,918 1949,919 2144,919 2146,917 2164,917 2168,921 2168,922 2168,922 2379,923 2380,922 2382,922 2383,921 2383,881 2384,880 2384,879 2384,879 2432,879 2433,878 2443,878 2444,878 2444,879 2446,881 2446,918 2446,919 2600,919 2601,920 2601,921 2601,921 2664,921 2665,921 2665,889 2665,888 2669,888 2670,889 2670,921 2670,921 2798,921 2799,921 2799,918 2799,917 2813,917 2814,918 2814,919 2814,919 2923,920 2924,919 2924,882 2925,881 2927,881 2928,880 2942,880 2943,881 2944,881 2945,881 2945,884 2945,885 3096,885 3098,883 3109,883 3113,887 3113,922 3113,922 3290,923 3291,922 3299,922 3301,924 3303,924 3307,928 3312,928 3313,928 3313,930 3316,933 3315,968 3316,969 3327,969 3327,969 3327,971 3325,974 3319,974 3318,974 3318,982 3318,983 3317,983 3315,984 3315,986 3312,990 3309,990 3308,991 3306,991 3304,992 3304,994 3304,995 3297,995 3296,996 2992,995 2991,996 2984,996 2983,997 2981,995 2820,994 2819,995 2814,995 2813,996 2812,996 2811,995 2807,995 2805,993 2753,993 2752,994 2752,1034 2752,1034"/><TextEquiv><Unicode/></TextEquiv><TextEquiv index="1"><Unicode>il éclatoit à notre vue; il montoit dans</Unicode></TextEquiv></TextLine><TextLine id="l6"><Coords points="3054,1193 3052,1191 3043,1191 3043,1190 3043,1189 3042,1189 3041,1189 3041,1188 3041,1187 3039,1185 3039,1155 3039,1155 2964,1155 2962,1153 2960,1153 2958,1151 2955,1151 2954,1150 2792,1149 2791,1150 2652,1150 2651,1151 2651,1154 2650,1155 2649,1155 2647,1154 2647,1151 2647,1150 2340,1149 2339,1150 1936,1150 1934,1148 1932,1148 1930,1146 1926,1146 1925,1145 1749,1144 1748,1145 1748,1146 1748,1146 1744,1146 1742,1148 1662,1148 1660,1146 1649,1146 1648,1145 1648,1144 1648,1144 1446,1143 1445,1144 1445,1188 1444,1188 1425,1188 1425,1188 1425,1144 1425,1143 1424,1143 1423,1144 1423,1149 1422,1150 1417,1150 1416,1151 1416,1155 1416,1155 1415,1155 1414,1156 1414,1160 1414,1160 1412,1160 1410,1162 1407,1162 1406,1163 1405,1163 1404,1164 1404,1165 1404,1165 1402,1165 1399,1168 1399,1170 1399,1170 1393,1170 1392,1171 1392,1172 1392,1172 1386,1172 1383,1175 1378,1175 1377,1174 1376,1174 1375,1174 1375,1171 1375,1170 1372,1170 1371,1170 1371,1145 1371,1144 1254,1144 1253,1143 1118,1143 1117,1143 1117,1184 1116,1185 1100,1185 1100,1184 1100,1143 1100,1143 1075,1143 1074,1144 1022,1144 1020,1146 1015,1146 1014,1145 946,1144 943,1142 943,1135 944,1134 945,1134 945,1134 945,1132 948,1129 950,1129 950,1129 950,1035 951,1034 952,1034 953,1033 955,1033 955,1033 955,1032 956,1031 974,1031 974,1032 974,1036 975,1036 976,1036 976,1037 976,1068 977,1068 1062,1069 1062,1068 1062,1029 1063,1029 1236,1029 1236,1030 1236,1069 1237,1069 1289,1069 1292,1072 1492,1073 1493,1072 1684,1072 1684,1072 1684,1032 1685,1031 1710,1031 1710,1032 1710,1036 1711,1036 1851,1036 1853,1039 1853,1071 1854,1071 2037,1072 2037,1072 2037,1073 2038,1074 2264,1074 2264,1074 2264,1066 2265,1065 2266,1065 2266,1065 2266,1061 2267,1060 2267,1053 2269,1051 2269,1049 2270,1048 2271,1048 2271,1048 2271,1047 2273,1045 2274,1045 2274,1045 2274,1044 2275,1043 2276,1043 2276,1043 2276,1042 2277,1041 2278,1041 2278,1041 2278,1040 2280,1038 2281,1038 2281,1038 2281,1037 2282,1036 2290,1036 2290,1036 2290,1035 2291,1034 2312,1034 2312,1035 2312,1036 2313,1036 2317,1036 2319,1039 2319,1071 2320,1071 2418,1072 2420,1074 2422,1074 2424,1076 2640,1076 2640,1076 2640,1074 2642,1072 2735,1072 2735,1072 2735,1041 2737,1039 2737,1037 2740,1034 2754,1034 2754,1035 2754,1036 2755,1036 2795,1036 2797,1039 2797,1076 2798,1076 2981,1077 2981,1077 2981,1078 2982,1079 3089,1079 3091,1081 3260,1081 3261,1082 3266,1082 3268,1085 3268,1102 3269,1102 3304,1103 3306,1105 3320,1105 3320,1105 3320,1119 3316,1124 3278,1123 3277,1124 3277,1149 3276,1150 3266,1150 3265,1151 3261,1151 3260,1152 3260,1153 3260,1153 3166,1153 3165,1154 3165,1155 3165,1155 3080,1155 3079,1156 3079,1191 3078,1191 3077,1191 3075,1193"/><TextEquiv><Unicode/></TextEquiv><TextEquiv index="1"><Unicode>les airs; mais heureuſement il ne pou-</Unicode></TextEquiv></TextLine><TextLine id="l7"><Coords points="1769,1346 1769,1346 1769,1345 1768,1344 1767,1344 1767,1344 1767,1307 1766,1306 1691,1306 1691,1306 1691,1305 1690,1304 1616,1304 1615,1303 1558,1303 1556,1301 1554,1301 1553,1300 1397,1299 1397,1300 1397,1301 1396,1301 1392,1301 1390,1303 1385,1303 1384,1304 1377,1304 1376,1303 1270,1303 1270,1304 1270,1332 1269,1332 1262,1332 1261,1331 1261,1304 1260,1303 1175,1303 1174,1304 1165,1304 1165,1303 1165,1301 1164,1301 1148,1301 1148,1300 1148,1299 1147,1299 983,1298 982,1299 981,1299 981,1300 981,1304 979,1306 979,1308 977,1309 971,1309 970,1308 969,1308 969,1308 969,1305 968,1304 966,1304 965,1303 965,1295 964,1294 964,1290 963,1289 962,1289 962,1289 962,1285 960,1283 960,1278 959,1277 959,1270 957,1268 957,1261 952,1256 952,1254 951,1253 949,1253 941,1245 941,1234 943,1232 943,1228 943,1227 1033,1228 1034,1227 1038,1227 1040,1225 1095,1225 1096,1224 1096,1191 1096,1191 1097,1191 1098,1190 1098,1186 1099,1185 1116,1185 1117,1186 1118,1186 1119,1186 1119,1221 1119,1222 1324,1222 1328,1226 1422,1226 1423,1226 1423,1192 1425,1190 1425,1189 1425,1188 1444,1188 1445,1189 1445,1190 1445,1190 1589,1191 1590,1191 1590,1193 1592,1195 1592,1229 1592,1230 1654,1230 1655,1230 1655,1231 1655,1232 1773,1232 1774,1232 1774,1206 1775,1205 1775,1203 1778,1199 1902,1199 1903,1199 1903,1196 1903,1195 1905,1196 1906,1195 1906,1191 1906,1191 1912,1191 1913,1190 1913,1189 1913,1189 1914,1189 1915,1188 1915,1187 1915,1187 1917,1187 1918,1186 1936,1186 1941,1191 2142,1191 2144,1193 2144,1194 2145,1195 2145,1196 2145,1196 2148,1196 2149,1197 2149,1199 2150,1200 2150,1202 2152,1204 2152,1206 2154,1208 2154,1211 2156,1213 2156,1217 2157,1218 2157,1230 2157,1230 2394,1231 2395,1230 2435,1230 2436,1229 2473,1229 2474,1228 2474,1201 2474,1201 2590,1201 2591,1200 2591,1196 2591,1196 2593,1196 2594,1196 2594,1195 2594,1194 2598,1194 2600,1192 2605,1192 2606,1191 2708,1191 2709,1192 2709,1194 2709,1194 2710,1194 2711,1195 2711,1196 2711,1196 2713,1196 2714,1197 2714,1199 2714,1199 2715,1199 2716,1200 2716,1201 2716,1201 2717,1201 2718,1202 2718,1203 2718,1203 2719,1203 2720,1204 2720,1206 2721,1207 2721,1209 2723,1211 2723,1213 2723,1213 2724,1213 2725,1214 2725,1217 2725,1217 2726,1217 2727,1218 2727,1235 2727,1235 2824,1236 2825,1235 2825,1234 2826,1233 2826,1232 2826,1232 2875,1232 2876,1232 2876,1233 2876,1234 3045,1234 3046,1234 3046,1236 3046,1237 3102,1237 3103,1238 3103,1239 3103,1239 3104,1239 3105,1240 3105,1241 3105,1241 3228,1241 3229,1241 3229,1218 3230,1217 3230,1216 3230,1215 3231,1215 3232,1215 3232,1213 3236,1209 3236,1207 3237,1206 3237,1204 3237,1203 3238,1203 3239,1203 3239,1202 3239,1201 3250,1201 3251,1202 3251,1206 3254,1209 3254,1211 3254,1211 3255,1211 3256,1212 3256,1218 3258,1220 3258,1257 3258,1257 3307,1258 3308,1258 3308,1259 3308,1260 3322,1260 3325,1263 3326,1263 3327,1263 3327,1272 3326,1273 3325,1273 3325,1273 3325,1276 3324,1277 3323,1277 3322,1278 3321,1278 3319,1280 3278,1279 3277,1280 3260,1280 3260,1281 3260,1304 3259,1304 3258,1304 3258,1305 3258,1306 3257,1306 3186,1306 3186,1307 3186,1314 3184,1315 3178,1315 3177,1314 3177,1310 3176,1309 2797,1308 2795,1311 2795,1313 2792,1315 2790,1315 2787,1318 2782,1318 2780,1320 2778,1320 2776,1323 2776,1325 2775,1325 2773,1325 2771,1327 2769,1327 2768,1329 2768,1330 2767,1330 2761,1330 2759,1328 2754,1328 2754,1328 2754,1307 2753,1306 2605,1306 2603,1304 2361,1303 2360,1304 2334,1304 2333,1303 2147,1303 2146,1304 2006,1304 2006,1304 2006,1331 2005,1332 2004,1332 2004,1332 2004,1339 2003,1340 2000,1340 1998,1342 1994,1342 1994,1342 1994,1343 1993,1344 1967,1344 1965,1341 1965,1304 1964,1304 1794,1303 1794,1304 1794,1313 1793,1314 1793,1330 1792,1330 1791,1330 1791,1331 1791,1335 1788,1338 1788,1340 1787,1340 1785,1340 1779,1346"/><TextEquiv><Unicode/></TextEquiv><TextEquiv index="1"><Unicode>voit atteincre juſqu'à nous. Là, nous vî-</Unicode></TextEquiv></TextLine><TextLine id="l8"><Coords points="2024,1500 2023,1499 2021,1499 2020,1498 2020,1497 2020,1497 2017,1497 2016,1496 2016,1495 2016,1495 2012,1495 2007,1490 2005,1490 2004,1489 2004,1485 2002,1483 2002,1460 2002,1460 1698,1459 1696,1461 1691,1461 1689,1459 1684,1459 1679,1454 1524,1454 1522,1456 1519,1456 1518,1457 1462,1457 1461,1457 1461,1458 1461,1459 1444,1458 1443,1459 1436,1459 1435,1459 1435,1458 1435,1457 1271,1457 1270,1456 1116,1456 1099,1456 1098,1457 1093,1457 1091,1459 1070,1459 1068,1457 1066,1457 1064,1455 944,1454 943,1454 944,1400 943,1399 943,1390 945,1387 978,1387 979,1387 979,1386 979,1385 982,1385 983,1385 983,1384 983,1383 985,1383 986,1382 1138,1383 1139,1382 1210,1382 1211,1381 1211,1375 1211,1375 1212,1375 1213,1374 1213,1366 1213,1366 1214,1366 1215,1365 1215,1359 1215,1359 1216,1359 1217,1358 1217,1356 1218,1356 1218,1354 1220,1352 1220,1350 1220,1349 1221,1349 1222,1349 1222,1347 1222,1346 1224,1346 1225,1346 1225,1343 1225,1342 1226,1342 1227,1342 1227,1341 1227,1340 1233,1340 1234,1339 1236,1339 1237,1339 1237,1338 1237,1337 1239,1337 1241,1335 1255,1335 1256,1336 1256,1337 1256,1337 1260,1337 1263,1340 1423,1340 1425,1342 1425,1344 1426,1345 1426,1384 1426,1384 1590,1385 1592,1387 1835,1387 1836,1387 1836,1352 1836,1351 1839,1351 1841,1349 1843,1349 1845,1347 1848,1347 1849,1348 1849,1350 1851,1352 1851,1386 1851,1386 2146,1387 2147,1387 2147,1378 2149,1376 2149,1372 2150,1371 2150,1368 2156,1361 2158,1361 2159,1361 2159,1352 2159,1351 2214,1351 2216,1349 2221,1349 2224,1352 2224,1388 2224,1388 2281,1388 2283,1390 2287,1390 2288,1391 2288,1392 2288,1392 2292,1392 2295,1395 2448,1396 2450,1394 2450,1368 2451,1367 2451,1365 2453,1363 2453,1361 2453,1361 2454,1361 2455,1360 2455,1358 2458,1355 2458,1353 2460,1351 2462,1351 2467,1346 2483,1346 2484,1347 2486,1347 2490,1351 2493,1351 2498,1356 2500,1356 2501,1356 2501,1388 2501,1389 2699,1389 2700,1388 2701,1389 2923,1390 2924,1389 2924,1387 2924,1387 2925,1387 2926,1386 2926,1385 2926,1385 2927,1385 2928,1384 2928,1383 2928,1383 2933,1383 2935,1385 2939,1385 2940,1385 2940,1386 2941,1388 3044,1388 3045,1389 3130,1389 3131,1389 3131,1379 3131,1378 3133,1378 3134,1379 3134,1392 3134,1392 3258,1392 3260,1394 3260,1395 3261,1396 3260,1415 3261,1415 3289,1416 3289,1416 3289,1417 3290,1418 3321,1418 3322,1419 3322,1420 3323,1421 3323,1427 3318,1433 3306,1433 3302,1437 3247,1436 3246,1437 3246,1462 3245,1463 3228,1463 3227,1464 3106,1464 3105,1465 3105,1469 3105,1469 3102,1469 3101,1469 3100,1468 3100,1465 3100,1464 2941,1464 2940,1463 2933,1463 2932,1462 2693,1461 2692,1461 2692,1460 2692,1459 2597,1459 2594,1456 2370,1456 2369,1456 2369,1461 2365,1465 2365,1467 2364,1469 2361,1468 2358,1471 2355,1471 2351,1475 2349,1475 2348,1476 2348,1478 2346,1480 2342,1480 2341,1481 2338,1481 2336,1483 2329,1483 2327,1482 2327,1462 2327,1461 2270,1461 2269,1461 2269,1460 2269,1459 2095,1459 2093,1461 2077,1461 2076,1461 2076,1479 2075,1480 2075,1482 2075,1483 2074,1483 2073,1483 2073,1484 2073,1485 2072,1485 2071,1485 2071,1489 2071,1490 2066,1495 2062,1495 2061,1495 2061,1496 2061,1497 2060,1497 2059,1497 2059,1498 2058,1500"/><TextEquiv><Unicode/></TextEquiv><TextEquiv index="1"><Unicode>mes ſe former la grêle, &amp; nous traver-</Unicode></TextEquiv></TextLine><TextLine id="l9"><Coords points="1757,1659 1755,1657 1750,1657 1748,1655 1739,1655 1739,1655 1739,1654 1738,1653 1738,1651 1737,1650 1734,1650 1734,1650 1734,1649 1733,1648 1733,1647 1731,1645 1731,1641 1729,1639 1729,1634 1727,1632 1727,1615 1727,1614 1675,1614 1674,1613 1674,1612 1674,1612 1672,1612 1671,1611 1671,1610 1671,1610 1608,1610 1607,1609 1451,1609 1450,1610 1444,1609 1443,1610 1362,1610 1361,1611 1361,1614 1361,1614 1360,1614 1359,1614 1359,1611 1359,1610 1196,1610 1194,1612 1182,1612 1180,1610 1176,1610 1175,1609 1006,1609 1003,1612 1001,1612 1000,1612 1000,1613 1000,1614 994,1614 993,1613 944,1612 943,1612 943,1611 943,1610 941,1610 940,1609 939,1609 938,1609 938,1600 940,1598 940,1550 938,1548 938,1543 939,1542 941,1542 943,1540 943,1539 944,1538 945,1538 947,1536 948,1536 948,1536 948,1526 950,1524 950,1515 951,1514 952,1514 952,1514 952,1512 953,1511 953,1509 959,1503 959,1501 960,1500 967,1500 968,1499 970,1499 974,1495 979,1495 981,1493 985,1493 986,1492 987,1492 989,1495 998,1495 998,1495 998,1497 1001,1500 1018,1500 1019,1501 1019,1504 1021,1506 1021,1508 1024,1511 1024,1515 1025,1516 1026,1516 1026,1516 1026,1518 1027,1519 1027,1537 1028,1538 1172,1538 1174,1536 1352,1536 1354,1538 1542,1539 1543,1538 1557,1538 1557,1538 1557,1539 1558,1540 1646,1540 1648,1542 1944,1543 1945,1542 2032,1542 2033,1543 2300,1543 2301,1542 2360,1542 2360,1542 2360,1540 2361,1539 2362,1539 2362,1539 2362,1531 2363,1530 2364,1531 2364,1530 2364,1526 2365,1525 2365,1521 2366,1521 2367,1521 2367,1520 2367,1516 2371,1512 2371,1511 2372,1510 2372,1509 2373,1509 2374,1509 2374,1508 2374,1506 2376,1505 2379,1505 2384,1500 2389,1500 2390,1499 2403,1499 2404,1500 2410,1500 2410,1500 2410,1501 2411,1502 2412,1502 2412,1502 2412,1503 2413,1504 2580,1504 2582,1506 2582,1541 2583,1542 2840,1543 2845,1538 2852,1538 2852,1538 2852,1539 2853,1540 2898,1540 2900,1542 2900,1544 2901,1545 2960,1545 2962,1547 3167,1547 3167,1547 3167,1532 3168,1531 3168,1528 3170,1526 3170,1524 3174,1520 3174,1517 3175,1516 3175,1512 3176,1511 3178,1511 3178,1511 3179,1510 3179,1508 3180,1507 3240,1507 3242,1510 3242,1546 3243,1546 3297,1547 3298,1548 3302,1548 3306,1552 3309,1552 3316,1559 3316,1561 3317,1562 3340,1562 3340,1562 3340,1568 3338,1571 3321,1571 3320,1571 3320,1606 3320,1607 3319,1607 3318,1607 3318,1608 3318,1609 3317,1609 3316,1609 3316,1611 3314,1614 3312,1614 3308,1617 3308,1618 3308,1619 3137,1618 3136,1619 3128,1619 3127,1620 3127,1621 3127,1621 3099,1621 3098,1622 3098,1639 3096,1641 3096,1645 3093,1648 3093,1650 3092,1650 3089,1650 3089,1651 3089,1653 3088,1654 3088,1655 3087,1655 3079,1655 3079,1656 3079,1657 3078,1657 3076,1657 3074,1659 3070,1659 3069,1660 3050,1660 3049,1659 3047,1659 3045,1657 3043,1657 3043,1656 3043,1655 3042,1655 3034,1655 3034,1654 3034,1652 3029,1647 3029,1645 3027,1643 3027,1619 3027,1619 2817,1618 2816,1619 2619,1619 2618,1619 2618,1618 2618,1617 2616,1617 2613,1614 2437,1614 2435,1616 2316,1615 2315,1616 2227,1616 2226,1617 2226,1655 2223,1657 2187,1657 2185,1655 2183,1655 2183,1655 2183,1615 2183,1614 1857,1613 1856,1614 1852,1614 1850,1616 1849,1616 1848,1617 1801,1617 1800,1618 1800,1634 1798,1636 1798,1639 1794,1643 1794,1645 1791,1648 1791,1650 1790,1650 1788,1650 1783,1655 1772,1655 1772,1656 1772,1657 1771,1657 1767,1657 1765,1659"/><TextEquiv><Unicode/></TextEquiv><TextEquiv index="1"><Unicode>ſâmes un nuage compoſé de cette grêle</Unicode></TextEquiv></TextLine><TextLine id="l10"><Coords points="2544,1813 2544,1812 2544,1770 2543,1770 2428,1770 2426,1772 2424,1772 2422,1774 2416,1774 2415,1773 2249,1772 2247,1774 2221,1774 2221,1774 2221,1773 2220,1772 2161,1772 2158,1769 1756,1768 1755,1769 1751,1769 1750,1770 1618,1770 1616,1772 1609,1772 1609,1771 1609,1769 1608,1769 1438,1768 1437,1769 1425,1769 1424,1770 1278,1770 1278,1771 1278,1809 1277,1809 1256,1809 1256,1809 1256,1770 1255,1769 1188,1769 1186,1767 960,1766 959,1767 942,1767 941,1766 941,1764 940,1763 940,1706 939,1705 938,1705 938,1705 938,1704 937,1703 936,1703 936,1703 936,1701 936,1700 937,1700 938,1700 938,1698 939,1696 942,1696 945,1693 1039,1694 1040,1693 1045,1693 1047,1691 1145,1691 1146,1691 1146,1692 1146,1693 1147,1693 1148,1693 1148,1694 1148,1695 1308,1695 1309,1695 1309,1657 1310,1655 1315,1655 1317,1653 1327,1653 1328,1654 1328,1655 1328,1655 1372,1655 1373,1656 1373,1695 1373,1695 1506,1696 1507,1696 1507,1697 1507,1698 1731,1698 1734,1696 1734,1693 1735,1691 1847,1691 1848,1691 1848,1684 1849,1683 1849,1679 1851,1677 1851,1675 1851,1674 1852,1674 1853,1674 1853,1672 1855,1670 1855,1666 1855,1665 1857,1665 1862,1660 1866,1660 1868,1659 1868,1658 1868,1657 1871,1657 1872,1657 1872,1656 1872,1655 1889,1655 1894,1660 1894,1662 1894,1662 1895,1662 1896,1663 1896,1697 1896,1697 2060,1698 2061,1698 2061,1699 2061,1700 2063,1700 2064,1701 2160,1701 2161,1701 2161,1684 2162,1683 2162,1667 2164,1665 2164,1663 2164,1662 2165,1662 2166,1662 2166,1661 2166,1660 2173,1660 2175,1662 2271,1662 2274,1665 2274,1717 2274,1717 2419,1718 2420,1717 2420,1716 2422,1714 2422,1712 2422,1712 2423,1712 2424,1711 2424,1709 2426,1707 2426,1702 2427,1701 2427,1697 2429,1695 2429,1690 2431,1688 2431,1681 2434,1678 2434,1676 2436,1674 2436,1672 2436,1672 2437,1672 2438,1671 2438,1669 2439,1668 2439,1666 2441,1664 2441,1660 2441,1660 2445,1660 2448,1657 2454,1657 2458,1660 2458,1662 2462,1666 2462,1670 2463,1671 2463,1674 2467,1678 2467,1680 2469,1682 2469,1685 2470,1686 2470,1692 2470,1693 2471,1693 2472,1693 2472,1695 2474,1698 2572,1698 2574,1700 2684,1700 2685,1700 2685,1667 2689,1662 2815,1662 2816,1662 2816,1661 2816,1660 2817,1660 2818,1659 2820,1659 2821,1659 2823,1659 2825,1657 2830,1657 2832,1655 2885,1655 2887,1657 2889,1657 2890,1657 2890,1659 2890,1660 2892,1660 2893,1660 2893,1664 2895,1666 2895,1699 2895,1700 3018,1700 3020,1702 3027,1702 3028,1703 3205,1703 3207,1701 3219,1701 3220,1701 3220,1667 3221,1665 3228,1665 3229,1664 3238,1664 3241,1667 3241,1671 3242,1672 3242,1701 3242,1701 3291,1702 3292,1703 3296,1703 3298,1705 3303,1705 3305,1707 3307,1707 3310,1709 3310,1711 3311,1712 3311,1714 3313,1717 3315,1717 3316,1717 3316,1721 3316,1722 3317,1722 3318,1722 3318,1730 3317,1731 3316,1731 3316,1731 3316,1762 3315,1763 3315,1764 3314,1765 3313,1765 3313,1765 3313,1766 3312,1767 3311,1767 3311,1767 3311,1768 3310,1769 3308,1769 3303,1774 3246,1773 3245,1774 2767,1773 2766,1774 2763,1774 2761,1776 2748,1776 2746,1774 2696,1774 2696,1774 2696,1770 2695,1769 2556,1769 2556,1769 2556,1812 2555,1813"/><TextEquiv><Unicode/></TextEquiv><TextEquiv index="1"><Unicode>nouvellement formée. Au-deſſous de</Unicode></TextEquiv></TextLine><TextLine id="l11"><Coords points="1476,1968 1475,1967 1475,1966 1475,1966 1170,1965 1168,1963 1166,1963 1165,1962 1165,1961 1165,1961 1164,1961 1162,1959 1161,1959 1160,1958 1160,1954 1160,1954 895,1953 893,1952 893,1951 895,1949 1160,1950 1160,1949 1160,1923 1160,1923 945,1922 940,1918 940,1911 942,1909 943,1849 943,1848 984,1848 985,1847 1041,1848 1043,1846 1253,1846 1254,1846 1254,1811 1254,1810 1255,1810 1256,1809 2163,1811 2164,1810 2173,1810 2175,1812 2555,1813 2556,1814 2875,1815 2876,1815 2876,1817 2878,1819 2878,1855 2878,1856 3251,1856 3260,1865 3259,1873 3260,1874 3260,1881 3261,1881 3320,1882 3320,1882 3320,1883 3322,1885 3322,1896 3321,1898 3317,1898 3316,1899 3309,1899 3308,1899 3308,1900 3308,1901 3271,1900 3270,1901 3270,1923 3268,1925 3268,1927 3266,1929 2814,1928 2813,1929 2813,1933 2811,1935 2811,1937 2811,1937 2810,1937 2809,1938 2809,1939 2809,1939 2808,1939 2807,1940 2807,1942 2805,1944 2803,1944 2802,1945 2802,1946 2802,1946 2801,1946 2800,1947 2800,1949 2800,1949 2786,1949 2785,1949 2785,1932 2785,1931 1544,1929 1543,1929 1543,1933 1543,1934 1541,1934 1540,1934 1540,1938 1540,1939 1536,1939 1535,1939 1535,1941 1535,1942 1534,1942 1533,1942 1533,1943 1533,1944 1529,1944 1527,1946 1493,1946 1492,1946 1492,1967 1492,1968"/><TextEquiv><Unicode/></TextEquiv><TextEquiv index="1"><Unicode>nos pieds, les vents ſouffloient, les nua-</Unicode></TextEquiv></TextLine><TextLine id="l12"><Coords points="1545,2281 1545,2280 1545,2236 1544,2236 1538,2236 1537,2235 1432,2234 1432,2235 1432,2261 1430,2263 1430,2264 1429,2264 1396,2264 1394,2266 1328,2266 1328,2267 1328,2274 1327,2274 1322,2274 1319,2271 1317,2271 1315,2269 1315,2234 1314,2233 1050,2233 1047,2230 1001,2230 1000,2229 935,2228 935,2228 935,2099 933,2097 933,2090 935,2088 935,2086 940,2081 940,2059 941,2058 941,2028 943,2026 943,2024 944,2023 945,2023 945,2023 945,2017 946,2016 947,2016 948,2015 948,2012 949,2011 952,2011 952,2011 952,2010 953,2009 953,2008 955,2006 958,2006 960,2004 964,2004 966,2002 975,2002 977,2004 979,2004 980,2005 1216,2006 1218,2004 1346,2004 1346,2004 1346,1971 1347,1970 1350,1970 1352,1968 1356,1968 1356,1968 1356,1967 1357,1966 1362,1966 1363,1967 1493,1968 1495,1970 1495,2005 1496,2006 1547,2006 1547,2006 1547,2007 1548,2008 1660,2008 1660,2007 1660,2006 1661,2006 1663,2006 1665,2004 1674,2004 1674,2004 1674,2005 1675,2006 1677,2006 1679,2009 1679,2011 1680,2011 1825,2011 1827,2009 1836,2009 1837,2008 1958,2009 1959,2008 1970,2008 1971,2009 1973,2009 1973,2009 1973,2010 1974,2011 2207,2011 2207,2011 2207,1976 2208,1975 2209,1975 2209,1975 2209,1974 2210,1973 2212,1973 2213,1972 2215,1972 2217,1970 2224,1970 2224,1971 2224,1974 2226,1976 2226,2011 2227,2011 2395,2012 2395,2011 2395,2008 2396,2007 2396,1982 2397,1982 2398,1982 2398,1981 2398,1980 2399,1980 2401,1980 2401,1979 2401,1977 2402,1977 2404,1977 2406,1975 2408,1975 2410,1973 2412,1973 2412,1972 2412,1970 2413,1970 2441,1970 2443,1972 2443,1974 2444,1975 2450,1975 2450,1975 2450,1977 2451,1978 2451,2005 2452,2006 2572,2006 2572,2006 2572,2007 2573,2008 2573,2009 2575,2011 2709,2011 2709,2011 2709,1978 2710,1977 2711,1977 2711,1977 2711,1976 2712,1975 2732,1975 2733,1976 2846,1977 2848,1975 2852,1975 2852,1974 2852,1973 2853,1973 2885,1973 2888,1970 3010,1970 3010,1970 3010,1972 3011,1973 3015,1973 3017,1975 3019,1975 3019,1975 3019,1984 3020,1985 3144,1985 3144,1985 3144,1978 3145,1977 3146,1977 3146,1977 3146,1976 3147,1975 3158,1975 3158,1976 3158,2011 3159,2011 3279,2011 3280,2011 3297,2011 3299,2013 3306,2013 3310,2017 3310,2063 3311,2064 3311,2068 3316,2073 3318,2073 3318,2073 3318,2185 3320,2187 3320,2222 3320,2223 3321,2223 3322,2223 3322,2228 3319,2231 3315,2231 3313,2233 3310,2233 3305,2238 3237,2237 3236,2238 3232,2238 3232,2239 3232,2240 3231,2240 3229,2240 3228,2241 3225,2241 3225,2242 3225,2282 3224,2282 3207,2282 3207,2282 3207,2246 3206,2245 3182,2245 3182,2245 3182,2239 3181,2238 3077,2238 3077,2239 3077,2266 3076,2266 3071,2266 3070,2265 3070,2248 3069,2247 3031,2247 3031,2246 3031,2241 3030,2241 2979,2241 2978,2240 2959,2240 2957,2238 2816,2237 2815,2238 2728,2238 2728,2239 2728,2281 2727,2281 2709,2281 2709,2281 2709,2239 2708,2238 2660,2238 2658,2240 2656,2240 2654,2242 2641,2242 2639,2240 2639,2239 2638,2238 2420,2238 2419,2237 2242,2236 2240,2238 2226,2238 2226,2238 2226,2237 2225,2236 2106,2236 2106,2236 2106,2237 2105,2238 2099,2238 2097,2240 1980,2240 1978,2242 1967,2242 1965,2240 1963,2240 1963,2239 1963,2238 1962,2238 1846,2237 1845,2238 1839,2238 1839,2239 1839,2240 1838,2240 1829,2240 1829,2240 1829,2239 1828,2238 1683,2238 1681,2236 1681,2234 1680,2233 1564,2233 1564,2233 1564,2280 1563,2281"/><TextEquiv><Unicode/></TextEquiv><TextEquiv index="1"><Unicode>ureouta a eear n anee anmnue</Unicode></TextEquiv></TextLine><TextLine id="l13"><Coords points="1887,2436 1886,2436 1886,2432 1886,2431 1720,2431 1719,2431 1719,2430 1719,2429 1710,2429 1708,2428 1708,2394 1708,2393 1536,2393 1535,2393 1535,2433 1535,2434 1525,2434 1524,2433 1323,2432 1321,2434 1317,2434 1316,2434 1316,2432 1315,2431 1315,2389 1315,2388 1034,2388 1033,2387 936,2386 935,2386 935,2384 933,2382 933,2327 933,2326 931,2326 931,2326 931,2317 932,2315 934,2315 935,2314 947,2314 949,2312 980,2312 981,2313 1123,2314 1124,2315 1296,2315 1297,2316 1297,2317 1297,2317 1368,2317 1369,2318 1542,2319 1543,2318 1543,2282 1544,2281 1564,2281 1566,2282 1566,2314 1566,2315 1602,2315 1604,2316 1604,2318 1606,2321 1938,2322 1939,2321 1939,2290 1942,2287 1942,2285 1943,2284 1950,2284 1951,2283 1957,2283 1959,2285 1960,2285 1961,2285 1961,2319 1962,2321 2399,2322 2400,2321 2476,2321 2477,2320 2477,2290 2479,2288 2479,2285 2479,2285 2481,2285 2482,2284 2482,2283 2482,2283 2483,2283 2484,2282 2484,2281 2484,2281 2510,2281 2512,2283 2708,2283 2709,2283 2709,2282 2709,2281 2727,2281 2728,2282 2728,2317 2728,2317 2761,2317 2763,2319 2763,2321 2763,2321 2932,2322 2933,2321 3080,2321 3081,2321 3081,2291 3082,2290 3082,2288 3085,2284 3205,2284 3206,2284 3206,2283 3206,2282 3224,2282 3225,2281 3226,2281 3227,2282 3227,2321 3227,2321 3275,2321 3276,2320 3290,2321 3292,2322 3292,2323 3292,2324 3296,2324 3298,2326 3300,2326 3306,2332 3306,2361 3307,2362 3325,2362 3325,2362 3325,2371 3325,2372 3317,2372 3316,2372 3316,2388 3316,2389 3269,2388 3268,2389 3233,2389 3232,2390 3232,2391 3230,2393 3223,2393 3222,2394 3222,2401 3221,2402 3092,2402 3091,2403 3091,2407 3091,2407 3089,2407 3088,2407 3088,2399 3088,2398 3085,2398 3084,2398 3084,2397 3084,2396 2874,2396 2873,2396 2873,2422 2871,2424 2871,2426 2868,2429 2868,2432 2867,2434 2852,2434 2848,2438 2833,2438 2831,2436 2831,2434 2830,2433 2830,2399 2830,2399 2767,2398 2766,2398 2766,2397 2766,2396 2599,2396 2598,2395 2544,2395 2542,2393 2533,2393 2532,2392 2532,2391 2532,2391 2487,2391 2486,2391 2486,2436 2486,2437 2468,2437 2467,2436 2467,2391 2467,2391 2323,2390 2320,2393 2265,2393 2263,2395 2258,2395 2257,2396 2249,2396 2248,2395 2247,2395 2245,2393 2205,2393 2204,2394 2204,2436 2204,2436 2184,2436 2183,2436 2183,2392 2183,2391 2036,2391 2035,2391 2035,2392 2035,2393 2031,2393 2029,2395 1905,2395 1904,2395 1904,2436 1904,2437"/><TextEquiv><Unicode/></TextEquiv><TextEquiv index="1"><Unicode>nous apprit que la mer n'étoit pas loin</Unicode></TextEquiv></TextLine><TextLine id="l14"><Coords points="2758,2593 2757,2592 2244,2591 2242,2589 1227,2587 1227,2587 1227,2586 1226,2585 983,2584 983,2584 983,2569 982,2568 897,2568 897,2568 897,2564 897,2563 933,2563 934,2563 934,2512 936,2510 936,2497 937,2496 938,2496 938,2496 938,2490 939,2489 940,2489 940,2489 940,2487 941,2486 941,2484 945,2480 945,2478 948,2475 950,2475 950,2475 950,2473 951,2472 952,2472 952,2472 952,2471 953,2470 962,2470 964,2468 974,2468 974,2468 974,2435 975,2434 977,2434 979,2432 983,2432 983,2432 983,2431 986,2428 995,2429 996,2430 1962,2432 1963,2433 2635,2434 2636,2435 2988,2436 2990,2438 2993,2438 2994,2439 3001,2439 3003,2441 3003,2443 3004,2444 3006,2444 3007,2445 3007,2450 3008,2451 3037,2451 3038,2452 3038,2454 3040,2456 3040,2474 3041,2475 3252,2475 3256,2479 3258,2479 3260,2481 3267,2481 3268,2483 3268,2489 3269,2489 3270,2489 3270,2490 3270,2500 3271,2500 3320,2501 3320,2501 3320,2504 3321,2505 3334,2505 3335,2506 3338,2506 3339,2507 3339,2510 3338,2512 3335,2512 3334,2513 3321,2513 3320,2513 3320,2515 3318,2517 3318,2519 3318,2520 3280,2520 3279,2520 3279,2542 3277,2544 3277,2546 3275,2548 3238,2548 3237,2549 3235,2549 3234,2550 3234,2551 3234,2551 3070,2551 3068,2553 2784,2552 2783,2553 2783,2593 2782,2593"/><TextEquiv><Unicode/></TextEquiv><TextEquiv index="1"><Unicode>de nous. Artémiſe joignoit ſa conſterna-</Unicode></TextEquiv></TextLine><TextLine id="l15"><Coords points="2009,2748 2009,2747 2009,2743 2008,2743 1002,2741 1002,2740 1002,2728 1001,2728 901,2727 900,2726 900,2719 900,2718 1001,2719 1002,2718 1002,2698 1001,2698 945,2697 945,2697 945,2695 944,2694 943,2694 943,2694 943,2693 942,2692 940,2692 940,2692 940,2690 939,2689 938,2689 938,2689 938,2642 937,2641 932,2641 931,2640 931,2631 931,2630 933,2630 935,2628 937,2628 938,2627 940,2627 941,2627 941,2621 941,2620 944,2620 945,2620 945,2619 945,2618 982,2618 983,2618 983,2585 983,2584 1001,2585 1002,2585 1002,2586 1002,2587 1240,2587 1241,2588 1241,2589 1241,2589 3091,2593 3092,2592 3102,2592 3103,2591 3140,2591 3141,2592 3143,2592 3145,2594 3152,2594 3153,2595 3153,2596 3153,2596 3155,2596 3158,2599 3162,2599 3166,2603 3167,2603 3168,2604 3169,2604 3170,2605 3170,2606 3170,2606 3171,2606 3172,2607 3172,2609 3174,2611 3174,2613 3177,2616 3177,2618 3181,2622 3181,2623 3182,2624 3182,2630 3182,2630 3183,2630 3184,2631 3184,2634 3184,2634 3301,2635 3306,2640 3328,2640 3330,2641 3329,2642 3328,2642 3328,2642 3328,2677 3327,2678 3327,2687 3324,2690 3315,2690 3315,2690 3315,2691 3314,2692 3313,2692 3313,2692 3313,2696 3312,2697 3310,2697 3306,2701 3306,2748 3305,2749 2879,2748 2879,2748 2879,2749 2878,2750"/><TextEquiv><Unicode/></TextEquiv><TextEquiv index="1"><Unicode>tion à celle de la Nature entiere. Des</Unicode></TextEquiv></TextLine><TextLine id="l16"><Coords points="1792,2903 1791,2903 1791,2902 1791,2901 1199,2900 1198,2899 1057,2899 1056,2898 965,2897 964,2897 964,2853 964,2852 943,2852 940,2849 938,2849 936,2847 932,2847 931,2847 931,2843 929,2841 929,2828 933,2824 933,2786 934,2785 936,2785 936,2785 937,2784 938,2783 938,2781 938,2780 945,2780 947,2778 999,2779 1000,2778 1000,2744 1002,2742 1002,2741 1002,2741 1018,2741 1019,2742 2100,2744 2101,2744 2101,2746 2102,2748 3284,2751 3285,2750 3285,2749 3285,2749 3305,2749 3306,2749 3305,2789 3306,2790 3325,2790 3325,2790 3325,2851 3325,2852 3319,2852 3318,2852 3318,2853 3318,2854 3317,2854 3315,2855 3315,2856 3315,2857 3287,2857 3285,2859 3260,2858 3259,2859 3249,2859 3247,2861 3245,2861 3244,2862 3244,2867 3243,2868 3188,2868 3187,2869 3187,2898 3186,2899 3181,2899 3180,2900 3165,2900 3163,2902 2671,2901 2670,2902 2670,2903 2669,2904 1809,2902 1808,2903"/><TextEquiv><Unicode/></TextEquiv><TextEquiv index="1"><Unicode>aigles &amp; autres oiſeaux de proie, qui</Unicode></TextEquiv></TextLine><TextLine id="l17"><Coords points="1770,3061 1770,3061 1770,3059 1769,3058 1720,3058 1719,3057 1714,3057 1712,3055 1710,3055 1710,3055 1710,3054 1709,3053 1707,3053 1705,3051 1705,3049 1704,3048 1703,3048 1703,3048 1703,3046 1702,3045 1702,3018 1701,3017 1456,3017 1455,3016 1279,3015 1277,3017 1260,3017 1258,3015 1254,3015 1253,3014 1208,3014 1206,3012 1044,3012 1043,3012 1043,3040 1042,3041 1039,3041 1039,3040 1039,3038 1036,3035 1036,3033 1034,3031 1034,3013 1034,3013 934,3012 933,3013 933,3045 932,3045 928,3045 928,3045 928,3018 927,3017 890,3017 890,3017 890,3010 891,3009 893,3009 894,3008 926,3008 926,3008 926,2991 928,2989 928,2987 929,2986 929,2984 930,2983 931,2983 931,2983 931,2951 932,2950 933,2950 933,2950 933,2949 934,2948 935,2948 935,2948 935,2946 936,2945 938,2945 938,2945 938,2943 941,2940 950,2940 950,2940 950,2939 951,2938 979,2938 979,2938 979,2903 980,2902 981,2902 981,2902 981,2900 982,2899 982,2898 984,2896 996,2897 997,2898 1001,2898 1003,2900 1003,2901 1004,2902 1198,2902 1198,2901 1198,2900 1199,2900 1216,2900 1217,2902 1217,2940 1218,2940 1381,2940 1382,2939 1382,2937 1384,2935 1397,2935 1398,2936 1400,2936 1404,2940 1538,2941 1538,2940 1538,2923 1540,2921 1540,2914 1542,2912 1542,2909 1545,2906 1545,2904 1546,2904 1608,2904 1610,2902 1626,2902 1626,2902 1626,2903 1627,2904 1790,2904 1791,2903 1809,2903 1810,2904 2006,2905 2007,2904 2012,2904 2014,2902 2016,2902 2020,2898 2036,2898 2040,2902 2042,2902 2044,2904 2044,2942 2045,2943 2211,2943 2211,2943 2211,2910 2212,2909 2212,2907 2214,2905 2216,2905 2217,2904 2229,2904 2229,2905 2229,2906 2233,2910 2233,2943 2234,2943 2424,2944 2424,2943 2424,2905 2425,2905 2426,2905 2427,2904 2450,2904 2450,2904 2450,2908 2452,2910 2462,2910 2463,2911 2463,2944 2464,2945 2682,2945 2682,2945 2682,2912 2685,2909 2688,2909 2690,2907 2852,2908 2852,2907 2852,2906 2854,2905 2855,2905 2856,2904 2866,2904 2867,2905 2869,2905 2869,2905 2869,2907 2871,2909 2871,2944 2872,2945 3038,2945 3038,2944 3038,2943 3041,2941 3170,2941 3171,2940 3184,2940 3186,2943 3186,2944 3187,2944 3297,2945 3300,2948 3309,2948 3311,2950 3311,2954 3312,2955 3314,2955 3318,2959 3334,2959 3334,2959 3334,2966 3334,2967 3318,2967 3316,2968 3316,2970 3315,2971 3315,3009 3315,3010 3313,3010 3311,3012 3304,3012 3302,3014 3300,3014 3299,3015 3294,3015 3291,3017 3274,3016 3273,3017 3110,3017 3109,3015 2940,3015 2937,3017 2930,3017 2928,3019 2914,3019 2914,3018 2914,3017 2913,3017 2745,3016 2744,3017 2343,3016 2342,3017 2233,3017 2233,3018 2233,3019 2232,3019 2231,3019 2231,3020 2231,3022 2230,3022 2226,3022 2226,3022 2226,3018 2225,3017 2114,3017 2114,3016 2114,3015 2114,3015 1931,3015 1930,3015 1930,3016 1929,3017 1924,3017 1922,3019 1865,3018 1864,3019 1808,3019 1808,3020 1808,3022 1807,3022 1803,3022 1803,3023 1803,3026 1802,3026 1784,3026 1784,3027 1784,3061 1783,3061"/><TextEquiv><Unicode/></TextEquiv><TextEquiv index="1"><Unicode>s'étoient réfugiés ſur les bords de notre</Unicode></TextEquiv></TextLine><TextLine id="l18"><Coords points="1660,3217 1660,3216 1660,3177 1659,3177 1397,3176 1397,3177 1397,3180 1394,3183 1394,3187 1392,3189 1392,3191 1391,3191 1390,3191 1390,3192 1390,3193 1389,3194 1389,3197 1387,3198 1386,3198 1384,3196 1370,3196 1370,3196 1370,3175 1369,3174 1247,3174 1247,3175 1247,3214 1246,3214 1236,3214 1235,3213 1234,3213 1234,3213 1234,3175 1233,3174 1157,3174 1155,3172 1090,3172 1088,3170 1083,3170 1082,3169 1042,3169 1040,3167 1009,3167 1008,3166 930,3165 928,3163 928,3161 927,3160 926,3160 926,3160 926,3152 926,3151 927,3151 928,3151 928,3096 929,3095 929,3093 932,3089 945,3089 947,3091 952,3091 954,3093 1039,3094 1041,3096 1200,3096 1201,3095 1201,3084 1201,3084 1202,3084 1203,3083 1203,3060 1205,3058 1248,3058 1249,3057 1257,3057 1261,3061 1261,3063 1263,3065 1263,3100 1263,3100 1553,3101 1554,3100 1645,3100 1646,3101 1766,3101 1767,3101 1767,3068 1769,3066 1769,3063 1770,3061 1783,3061 1784,3062 1784,3100 1784,3100 1950,3101 1955,3096 2031,3096 2033,3094 2038,3094 2040,3096 2041,3096 2042,3096 2042,3097 2042,3098 2043,3098 2044,3098 2044,3099 2044,3100 2228,3100 2229,3100 2229,3098 2232,3094 2319,3094 2322,3097 2322,3099 2322,3099 2578,3100 2579,3099 2579,3065 2580,3064 2582,3064 2586,3060 2590,3060 2591,3060 2591,3059 2591,3058 2596,3058 2598,3060 2684,3060 2685,3061 2685,3063 2687,3065 2687,3099 2687,3099 2947,3100 2948,3099 2948,3098 2948,3098 2949,3098 2950,3097 2950,3090 2952,3088 2952,3079 2953,3078 2953,3075 2955,3073 2955,3071 2955,3071 2957,3069 2959,3069 2967,3061 2967,3059 2968,3058 2973,3058 2974,3057 2978,3057 2979,3056 2979,3055 2979,3055 2994,3055 2995,3055 2995,3056 2995,3057 2999,3057 3000,3058 3002,3058 3003,3058 3003,3059 3003,3060 3004,3060 3005,3060 3005,3100 3005,3101 3161,3101 3162,3100 3210,3100 3212,3098 3228,3098 3229,3099 3229,3100 3229,3100 3238,3100 3241,3103 3241,3105 3241,3105 3243,3105 3244,3106 3244,3110 3244,3110 3245,3110 3246,3111 3246,3124 3246,3124 3328,3125 3330,3127 3331,3127 3332,3127 3332,3133 3331,3134 3330,3134 3330,3134 3330,3135 3329,3136 3327,3136 3325,3138 3318,3138 3317,3139 3315,3139 3313,3141 3311,3141 3311,3141 3311,3142 3309,3144 3308,3144 3308,3144 3308,3145 3307,3146 3256,3145 3256,3146 3256,3167 3253,3170 3253,3172 3252,3172 3231,3172 3229,3174 3026,3174 3025,3175 3015,3175 3014,3174 3009,3174 3007,3172 2786,3171 2785,3172 2723,3172 2723,3173 2723,3174 2722,3174 2620,3174 2619,3175 2608,3175 2607,3174 2605,3174 2603,3172 2433,3172 2431,3174 2330,3173 2329,3174 1970,3174 1969,3175 1843,3174 1842,3175 1723,3175 1721,3177 1678,3177 1678,3178 1678,3215 1677,3216 1677,3217 1676,3217"/><TextEquiv><Unicode/></TextEquiv><TextEquiv index="1"><Unicode>nacelle, venoient tout tremblans ſe ca-</Unicode></TextEquiv></TextLine><TextLine id="l19"><Coords points="2461,3375 2460,3374 2460,3334 2460,3334 2450,3334 2448,3332 2448,3331 2448,3331 2232,3330 2231,3331 2231,3332 2231,3332 2067,3332 2066,3332 2066,3372 2066,3373 2048,3373 2047,3372 2047,3332 2047,3332 1867,3331 1866,3332 1854,3332 1853,3333 1853,3335 1853,3335 1852,3335 1851,3334 1647,3334 1646,3334 1646,3367 1646,3368 1642,3368 1641,3368 1641,3372 1641,3373 1562,3373 1560,3371 1560,3333 1560,3333 1438,3332 1436,3330 1427,3330 1426,3330 1426,3329 1426,3328 1424,3328 1423,3327 1068,3327 1067,3327 1067,3366 1067,3367 1048,3367 1047,3366 1047,3324 1047,3324 961,3323 960,3322 952,3322 950,3320 948,3320 944,3316 942,3316 940,3315 940,3314 940,3313 939,3313 938,3313 938,3312 938,3311 936,3311 933,3309 933,3307 933,3306 930,3306 929,3306 929,3304 928,3303 928,3276 929,3275 929,3271 930,3270 931,3270 931,3270 931,3269 932,3268 933,3268 936,3265 936,3263 939,3260 941,3260 943,3258 943,3257 944,3256 945,3256 947,3254 950,3254 952,3252 952,3250 953,3249 990,3250 990,3249 991,3217 995,3213 1001,3213 1002,3212 1002,3211 1002,3211 1008,3211 1010,3213 1012,3213 1014,3214 1014,3223 1015,3224 1014,3248 1015,3249 1231,3249 1231,3249 1232,3214 1232,3213 1235,3213 1236,3214 1247,3214 1248,3215 1250,3215 1252,3217 1262,3217 1263,3218 1262,3254 1263,3254 1439,3254 1440,3253 1451,3254 1452,3255 1452,3257 1453,3258 1656,3258 1656,3257 1657,3218 1657,3218 1659,3218 1660,3217 1964,3218 1965,3217 1965,3215 1967,3213 2053,3213 2054,3213 2054,3214 2054,3215 2074,3215 2075,3215 2075,3216 2076,3218 2080,3218 2082,3219 2081,3253 2082,3254 2120,3254 2122,3256 2123,3256 2123,3256 2123,3257 2124,3258 2379,3259 2380,3258 2422,3258 2422,3257 2422,3256 2423,3256 2566,3256 2568,3254 2873,3255 2874,3254 2876,3254 2876,3253 2876,3250 2877,3249 2878,3236 2880,3234 2880,3229 2881,3228 2881,3227 2881,3227 2882,3227 2883,3226 2883,3224 2889,3218 2891,3218 2893,3216 2893,3215 2893,3215 2894,3215 2895,3214 2895,3213 2895,3213 2903,3213 2904,3212 2904,3210 2904,3210 2906,3210 2907,3209 2907,3208 2907,3208 2916,3208 2918,3210 2922,3210 2923,3210 2923,3211 2924,3213 2926,3213 2931,3217 2930,3253 2931,3254 3232,3254 3232,3254 3232,3252 3233,3251 3234,3251 3234,3251 3234,3250 3235,3249 3236,3237 3237,3236 3237,3230 3239,3227 3240,3227 3241,3227 3241,3225 3241,3224 3242,3224 3244,3223 3244,3220 3245,3218 3250,3218 3251,3218 3251,3216 3253,3213 3260,3213 3262,3211 3274,3211 3275,3212 3282,3213 3284,3214 3284,3216 3285,3217 3284,3279 3285,3280 3313,3280 3313,3280 3313,3281 3314,3282 3315,3282 3315,3282 3315,3284 3316,3285 3337,3285 3337,3285 3337,3286 3335,3288 3335,3290 3335,3291 3317,3291 3316,3291 3316,3293 3315,3294 3315,3298 3315,3299 3257,3298 3256,3299 3256,3321 3255,3322 3250,3322 3249,3323 3247,3323 3246,3324 3246,3325 3246,3325 3245,3325 3244,3326 3244,3327 3244,3327 3242,3327 3241,3328 3206,3328 3204,3330 3194,3330 3191,3333 3191,3337 3191,3337 3063,3337 3062,3338 3062,3368 3062,3368 3058,3368 3056,3370 3032,3370 3031,3371 2939,3371 2938,3372 2917,3372 2916,3371 2916,3338 2916,3338 2683,3337 2682,3338 2682,3347 2680,3349 2680,3352 2678,3354 2678,3358 2677,3359 2677,3361 2677,3361 2676,3361 2675,3362 2675,3363 2675,3363 2673,3363 2672,3364 2672,3373 2672,3373 2471,3373 2470,3373 2470,3374 2470,3375"/><TextEquiv><Unicode/></TextEquiv><TextEquiv index="1"><Unicode>cher à nos pieds. Ma compagne ſe preſ-</Unicode></TextEquiv></TextLine><TextLine id="l20"><Coords points="2367,3532 2367,3531 2367,3529 2366,3529 2278,3528 2276,3526 2276,3524 2275,3523 1910,3523 1910,3522 1910,3520 1909,3520 1430,3518 1430,3518 1430,3514 1429,3513 888,3512 888,3512 888,3503 888,3502 1429,3503 1430,3503 1430,3491 1429,3490 1193,3490 1192,3488 1192,3483 1190,3482 1092,3482 1090,3480 993,3480 993,3479 993,3478 992,3478 990,3478 989,3477 924,3476 922,3474 922,3470 921,3469 921,3462 922,3461 924,3461 924,3461 924,3405 925,3404 926,3404 931,3399 931,3380 938,3373 940,3373 940,3373 940,3372 942,3370 943,3370 943,3370 943,3369 944,3368 945,3368 945,3368 945,3367 946,3366 947,3366 948,3365 949,3365 951,3363 953,3363 957,3359 959,3359 960,3358 976,3358 976,3359 976,3361 979,3363 982,3363 984,3365 3107,3370 3108,3372 3108,3409 3109,3409 3239,3409 3239,3410 3239,3412 3240,3412 3292,3413 3293,3414 3309,3414 3311,3416 3330,3416 3330,3416 3330,3422 3330,3423 3324,3423 3323,3423 3323,3465 3321,3468 3314,3468 3310,3471 3310,3473 3301,3482 3297,3482 3296,3483 3286,3483 3284,3485 3273,3484 3272,3485 3243,3485 3243,3486 3243,3499 3241,3500 3240,3500 3238,3502 2940,3502 2938,3504 2936,3504 2936,3504 2936,3505 2934,3507 2932,3507 2930,3509 2930,3511 2929,3512 2702,3511 2702,3512 2702,3516 2701,3516 2389,3516 2389,3516 2389,3531 2388,3532"/><TextEquiv><Unicode/></TextEquiv><TextEquiv index="1"><Unicode>ſoit contre mon ſein; je la ſerrois dans</Unicode></TextEquiv></TextLine><TextLine id="l21"><Coords points="3136,3698 3136,3698 3136,3694 3135,3693 3134,3693 3134,3693 3134,3684 3133,3683 3128,3683 3126,3681 3051,3681 3051,3681 3051,3642 3050,3641 2938,3641 2937,3642 2890,3642 2890,3642 2890,3644 2889,3645 2885,3645 2885,3644 2885,3641 2884,3641 2868,3641 2867,3639 2867,3636 2866,3636 2763,3635 2763,3636 2763,3658 2761,3659 2758,3659 2757,3658 2757,3642 2756,3641 2608,3641 2608,3642 2608,3643 2607,3643 2606,3643 2606,3643 2606,3642 2605,3641 2603,3641 2602,3640 2557,3640 2556,3638 2556,3636 2555,3636 2440,3636 2438,3638 2436,3638 2434,3640 2432,3640 2431,3641 2389,3641 2389,3641 2389,3646 2388,3647 2388,3650 2386,3652 2383,3652 2383,3651 2383,3642 2382,3642 2232,3641 2228,3645 2225,3645 2224,3644 2224,3642 2223,3641 2079,3641 2077,3643 2072,3643 2070,3645 2068,3643 2066,3643 2066,3642 2066,3641 2065,3641 1948,3641 1948,3641 1948,3674 1944,3678 1944,3682 1943,3683 1941,3683 1938,3686 1937,3686 1937,3686 1937,3687 1936,3688 1931,3688 1929,3686 1905,3686 1904,3685 1765,3684 1762,3681 1762,3637 1761,3636 1649,3636 1647,3638 1645,3638 1645,3638 1645,3640 1644,3641 1613,3641 1612,3642 1612,3646 1611,3647 1530,3647 1530,3647 1530,3669 1528,3671 1524,3671 1524,3671 1524,3673 1523,3674 1523,3676 1521,3678 1521,3680 1520,3681 1519,3681 1519,3680 1519,3667 1518,3667 1476,3667 1475,3665 1475,3659 1474,3658 1474,3648 1473,3648 1408,3647 1406,3645 1370,3645 1368,3643 1341,3643 1340,3642 1324,3642 1230,3642 1229,3644 1229,3646 1227,3647 1226,3647 1225,3646 1225,3642 1224,3641 1208,3641 1096,3641 1096,3641 1096,3646 1095,3647 1088,3647 1088,3646 1088,3641 1087,3641 1057,3641 1057,3640 1057,3638 1056,3638 1053,3638 1053,3637 1053,3636 1052,3636 1046,3636 1044,3634 933,3633 931,3635 923,3635 922,3634 922,3632 919,3629 919,3622 921,3620 921,3565 922,3564 922,3561 923,3559 975,3559 976,3560 1002,3561 1003,3562 1005,3562 1007,3564 1197,3564 1198,3563 1198,3528 1198,3528 1202,3528 1203,3527 1203,3526 1203,3526 1210,3526 1213,3523 1221,3523 1222,3524 1222,3526 1224,3528 1226,3528 1227,3529 1227,3530 1227,3530 1228,3530 1229,3531 1229,3538 1229,3538 1319,3538 1320,3539 1320,3567 1320,3567 1361,3567 1363,3569 1430,3569 1432,3571 1432,3573 1433,3574 1435,3574 1437,3576 1437,3578 1437,3578 1440,3578 1442,3580 1442,3609 1442,3609 1592,3610 1593,3609 1593,3578 1593,3578 1614,3578 1617,3575 1617,3549 1619,3547 1619,3544 1621,3542 1621,3540 1624,3537 1624,3533 1624,3533 1626,3533 1629,3530 1633,3530 1635,3528 1659,3528 1660,3528 1660,3530 1660,3531 1662,3531 1666,3535 1800,3535 1801,3535 1801,3534 1801,3533 1802,3533 1803,3533 1803,3529 1803,3528 1881,3528 1884,3531 1884,3533 1886,3535 1886,3568 1886,3568 2180,3569 2181,3570 2181,3571 2181,3571 2296,3571 2297,3571 2297,3570 2297,3569 2308,3569 2309,3569 2309,3568 2309,3567 2366,3568 2367,3567 2367,3532 2367,3532 2388,3532 2389,3532 2389,3568 2389,3569 2578,3569 2579,3568 2579,3567 2579,3567 2671,3567 2673,3569 2841,3570 2842,3569 2944,3569 2946,3567 2954,3567 2955,3566 2959,3566 2961,3564 3009,3564 3010,3563 3010,3528 3010,3528 3011,3528 3012,3527 3012,3525 3014,3523 3026,3523 3029,3525 3029,3563 3029,3564 3105,3564 3107,3566 3217,3566 3219,3564 3221,3564 3222,3564 3222,3563 3222,3562 3281,3563 3282,3562 3282,3538 3282,3538 3283,3538 3284,3537 3284,3533 3285,3532 3285,3529 3286,3528 3302,3528 3303,3528 3303,3573 3303,3574 3305,3574 3306,3574 3306,3577 3306,3578 3307,3578 3308,3579 3309,3579 3311,3580 3311,3583 3313,3585 3313,3626 3315,3628 3315,3630 3314,3631 3305,3631 3301,3635 3297,3635 3296,3636 3288,3636 3286,3638 3282,3638 3282,3638 3282,3639 3281,3640 3273,3639 3272,3640 3237,3640 3237,3641 3237,3647 3236,3647 3160,3647 3160,3648 3160,3698 3159,3698"/><TextEquiv><Unicode/></TextEquiv><TextEquiv index="1"><Unicode>mes bras, &amp; j'éprouvois une volupté</Unicode></TextEquiv></TextLine><TextLine id="l22"><Coords points="1869,3840 1868,3840 1868,3794 1868,3793 1791,3793 1785,3793 1782,3796 1763,3796 1761,3794 1647,3794 1645,3796 1643,3796 1641,3798 1639,3798 1638,3798 1638,3800 1638,3801 1439,3800 1438,3801 1414,3801 1411,3798 1252,3798 1251,3799 1251,3839 1251,3839 1247,3839 1246,3839 1246,3799 1246,3798 1237,3798 1236,3799 1236,3831 1235,3832 1231,3832 1229,3831 1229,3799 1229,3798 1216,3798 1215,3798 1215,3797 1215,3796 1151,3796 1150,3795 1095,3795 1030,3795 1029,3796 1027,3796 1026,3795 1026,3794 1026,3794 972,3793 970,3791 948,3791 946,3789 944,3789 941,3786 936,3786 934,3785 934,3782 933,3781 933,3780 933,3779 932,3779 931,3779 931,3778 931,3777 930,3777 929,3776 928,3776 926,3775 926,3773 926,3772 925,3772 924,3772 924,3768 922,3766 922,3756 921,3755 921,3739 922,3738 922,3736 924,3734 924,3727 927,3724 929,3724 934,3719 941,3719 943,3717 945,3717 945,3717 945,3716 946,3715 959,3715 959,3715 960,3684 960,3683 961,3683 962,3683 962,3680 962,3679 963,3679 965,3677 980,3677 981,3676 983,3678 983,3680 986,3683 986,3701 986,3702 986,3704 987,3705 988,3705 988,3705 988,3713 989,3714 990,3714 990,3714 990,3718 991,3719 1150,3719 1150,3718 1151,3688 1151,3688 1152,3688 1153,3687 1153,3685 1155,3683 1158,3683 1160,3681 1167,3681 1169,3683 1173,3683 1174,3683 1173,3723 1174,3724 1311,3724 1313,3726 1316,3726 1317,3727 1468,3728 1469,3727 1500,3727 1501,3726 1503,3726 1505,3724 1552,3724 1552,3723 1552,3712 1554,3710 1555,3699 1556,3698 1558,3698 1559,3697 1559,3695 1561,3693 1563,3693 1564,3692 1564,3691 1564,3691 1565,3691 1567,3689 1567,3688 1567,3688 1570,3688 1571,3687 1571,3684 1571,3684 1572,3684 1573,3683 1578,3683 1580,3681 1590,3681 1592,3683 1603,3683 1605,3684 1605,3686 1607,3688 1606,3723 1607,3724 1624,3724 1627,3727 1629,3727 1629,3727 1629,3728 1630,3729 1641,3729 1641,3729 1641,3731 1644,3734 1758,3734 1758,3734 1758,3706 1759,3705 1760,3699 1760,3698 1761,3698 1762,3698 1762,3697 1763,3696 1763,3695 1767,3691 1767,3689 1768,3688 1768,3685 1768,3684 1797,3684 1798,3683 1800,3683 1805,3688 1807,3688 1808,3689 1808,3693 1808,3693 1809,3693 1810,3694 1810,3696 1812,3698 1811,3703 1812,3704 1812,3727 1813,3727 1931,3728 1932,3726 1932,3721 1935,3719 1947,3719 1949,3721 1949,3723 1950,3724 2192,3724 2192,3724 2193,3695 2195,3693 2195,3689 2195,3688 2199,3688 2201,3686 2204,3686 2207,3683 2213,3683 2218,3688 2217,3706 2219,3708 2219,3724 2220,3724 2355,3724 2356,3723 2426,3724 2426,3723 2426,3720 2428,3719 2443,3719 2443,3719 2443,3723 2444,3724 2501,3724 2503,3726 2506,3726 2507,3727 2509,3727 2511,3729 2515,3729 2515,3729 2515,3730 2516,3731 2517,3731 2517,3731 2517,3733 2518,3734 2520,3734 2520,3734 2520,3736 2524,3740 2524,3744 2525,3745 2525,3764 2526,3765 2680,3765 2680,3765 2680,3730 2681,3729 2683,3729 2688,3724 2697,3724 2699,3722 2787,3722 2789,3720 2806,3720 2808,3722 2809,3722 2810,3723 2929,3724 2931,3722 2959,3722 2961,3720 3049,3720 3049,3720 3050,3682 3050,3681 3107,3681 3110,3684 3109,3706 3110,3707 3110,3722 3111,3722 3277,3722 3278,3722 3294,3722 3294,3722 3294,3723 3295,3724 3323,3724 3327,3728 3327,3735 3327,3736 3326,3736 3325,3736 3325,3757 3323,3759 3323,3761 3323,3762 3319,3762 3318,3762 3318,3788 3316,3791 3314,3791 3313,3791 3313,3792 3313,3793 3272,3792 3271,3793 3219,3793 3218,3794 3215,3794 3213,3796 3087,3796 3086,3797 3086,3808 3086,3808 3084,3808 3082,3807 3082,3802 3082,3801 3068,3801 3067,3800 2991,3800 2990,3799 2932,3799 2931,3798 2931,3796 2931,3796 2814,3795 2813,3796 2812,3796 2811,3797 2811,3798 2811,3798 2731,3798 2730,3799 2730,3800 2730,3800 2697,3800 2696,3801 2695,3801 2694,3802 2694,3803 2694,3803 2693,3803 2692,3804 2692,3806 2691,3807 2585,3807 2584,3808 2583,3808 2582,3808 2582,3811 2582,3812 2580,3812 2579,3812 2579,3814 2579,3815 2578,3815 2577,3815 2577,3816 2577,3817 2564,3817 2563,3816 2563,3798 2563,3798 2454,3798 2453,3798 2453,3799 2453,3800 2385,3800 2384,3800 2384,3840 2384,3841 2361,3841 2360,3840 2360,3801 2360,3800 2356,3800 2355,3801 2353,3801 2352,3801 2352,3799 2352,3798 2287,3798 2286,3798 2286,3797 2286,3796 2172,3796 2171,3797 2171,3798 2171,3798 2169,3798 2168,3799 2168,3801 2168,3801 2162,3801 2161,3800 2157,3800 2155,3798 2023,3798 2009,3798 2007,3800 1954,3800 1953,3801 1943,3801 1939,3797 1939,3796 1939,3796 1935,3796 1934,3795 1934,3794 1934,3794 1887,3793 1886,3794 1886,3840 1886,3840"/><TextEquiv><Unicode/></TextEquiv><TextEquiv index="1"><Unicode>douloureuſe &amp; touchante, au milieu</Unicode></TextEquiv></TextLine><TextLine id="l23"><Coords points="1296,3999 1296,3999 1296,3997 1295,3996 1142,3996 1142,3995 1142,3956 1141,3956 1024,3956 1024,3955 1024,3953 1023,3953 1019,3953 1018,3952 971,3951 966,3946 961,3946 959,3944 936,3944 936,3944 936,3943 935,3942 933,3942 929,3938 929,3936 928,3935 928,3934 924,3930 924,3926 922,3924 922,3921 921,3920 921,3914 921,3913 920,3913 919,3913 919,3895 920,3894 921,3894 921,3894 921,3892 926,3887 926,3885 927,3884 929,3884 934,3879 936,3879 936,3879 936,3878 937,3877 938,3877 938,3877 938,3837 939,3836 976,3836 977,3837 981,3837 981,3838 981,3841 983,3843 983,3862 984,3863 984,3873 985,3873 1148,3874 1150,3876 1150,3878 1152,3880 1211,3880 1213,3882 1247,3882 1247,3882 1247,3840 1248,3839 1251,3839 1251,3840 1251,3882 1252,3882 1319,3882 1320,3883 1449,3884 1449,3883 1449,3870 1450,3869 1450,3866 1454,3862 1454,3858 1455,3858 1456,3858 1456,3857 1456,3855 1457,3854 1457,3848 1458,3848 1460,3848 1461,3846 1461,3844 1463,3843 1475,3843 1476,3844 1476,3845 1477,3846 1478,3846 1478,3846 1478,3847 1479,3848 1488,3848 1488,3848 1488,3878 1489,3879 1523,3879 1524,3880 1524,3882 1526,3884 1813,3884 1815,3882 1868,3882 1868,3882 1868,3841 1869,3840 1945,3841 1949,3837 1971,3837 1973,3839 1975,3839 1975,3839 1975,3841 1977,3843 1977,3881 1978,3882 2140,3882 2140,3882 2140,3849 2142,3847 2142,3844 2143,3843 2148,3843 2150,3841 2154,3841 2154,3841 2154,3840 2155,3839 2159,3839 2161,3837 2165,3837 2169,3841 2360,3841 2361,3841 2384,3841 2384,3841 2384,3878 2385,3879 2549,3879 2549,3878 2549,3874 2550,3874 2601,3874 2601,3874 2601,3844 2602,3843 2606,3843 2606,3843 2606,3842 2607,3841 2611,3841 2613,3839 2616,3839 2618,3837 2624,3837 2629,3843 2629,3875 2630,3875 2647,3875 2649,3877 2813,3877 2814,3876 2854,3877 2854,3876 2854,3841 2855,3841 2857,3841 2857,3840 2857,3839 2858,3839 2862,3839 2864,3837 2870,3837 2873,3840 2873,3878 2874,3879 3163,3879 3163,3879 3163,3872 3165,3870 3165,3864 3166,3863 3167,3863 3167,3863 3167,3856 3168,3855 3168,3853 3170,3851 3170,3849 3171,3848 3173,3848 3174,3847 3174,3844 3175,3843 3178,3843 3184,3837 3186,3837 3187,3836 3189,3836 3189,3836 3189,3834 3191,3832 3199,3832 3201,3834 3210,3834 3210,3835 3210,3836 3211,3836 3213,3836 3214,3837 3216,3837 3217,3839 3217,3878 3218,3878 3315,3879 3316,3880 3336,3880 3337,3881 3337,3888 3337,3889 3321,3889 3315,3894 3315,3898 3315,3899 3314,3899 3313,3899 3313,3945 3312,3946 3311,3946 3311,3946 3311,3948 3308,3951 3304,3951 3304,3951 3304,3952 3303,3953 3299,3953 3298,3954 3242,3953 3241,3955 3241,3956 3240,3956 3195,3956 3195,3957 3195,3996 3194,3996 3180,3996 3179,3995 3174,3995 3174,3995 3174,3957 3173,3956 3060,3956 3060,3957 3060,3959 3058,3960 3057,3960 3057,3960 3057,3958 3055,3956 2985,3956 2984,3954 2984,3953 2983,3953 2920,3953 2918,3951 2737,3950 2736,3951 2648,3951 2646,3953 2644,3953 2641,3956 2317,3955 2316,3956 2295,3956 2295,3957 2295,3961 2294,3961 2291,3961 2291,3961 2291,3959 2290,3958 2288,3958 2288,3958 2288,3957 2287,3956 2003,3956 2001,3958 1943,3958 1943,3958 1943,3997 1942,3998 1926,3998 1926,3997 1926,3958 1925,3958 1887,3957 1887,3958 1887,3966 1885,3967 1772,3967 1772,3968 1772,3992 1770,3994 1770,3997 1769,3997 1736,3997 1736,3997 1736,3995 1735,3994 1734,3994 1734,3994 1734,3993 1732,3991 1732,3959 1731,3958 1725,3958 1725,3959 1725,3998 1724,3998 1714,3998 1714,3998 1714,3959 1713,3958 1586,3958 1586,3958 1586,3959 1584,3961 1387,3960 1387,3961 1387,3997 1386,3997 1384,3997 1382,3999"/><TextEquiv><Unicode/></TextEquiv><TextEquiv index="1"><Unicode>des tempêtes qui ſembloient bouleverſer</Unicode></TextEquiv></TextLine><TextLine id="l24"><Coords points="1899,4156 1899,4156 1899,4114 1898,4113 1898,4114 1898,4118 1897,4119 1897,4120 1896,4120 1895,4120 1894,4119 1894,4117 1893,4116 1891,4116 1891,4116 1891,4114 1890,4113 1757,4113 1753,4113 1752,4114 1750,4114 1750,4115 1750,4116 1749,4116 1738,4116 1736,4118 1710,4118 1710,4119 1710,4120 1709,4120 1545,4120 1545,4120 1545,4129 1544,4130 1538,4130 1538,4129 1538,4121 1534,4118 1414,4117 1414,4118 1414,4119 1412,4120 1410,4120 1408,4118 1320,4118 1320,4119 1320,4147 1319,4147 1316,4147 1316,4147 1316,4145 1315,4144 1314,4144 1312,4142 1310,4142 1310,4142 1310,4127 1309,4126 1270,4126 1270,4126 1270,4124 1269,4123 1232,4123 1232,4123 1232,4117 1231,4116 1199,4116 1199,4115 1199,4113 1198,4112 1198,4111 1197,4111 1184,4111 1184,4111 1184,4144 1183,4145 1180,4145 1180,4144 1180,4111 1179,4111 1153,4111 1153,4110 1153,4109 1152,4109 1072,4109 1070,4107 1069,4107 1068,4106 972,4105 972,4106 972,4142 971,4142 966,4142 965,4141 965,4106 964,4105 946,4105 945,4106 943,4106 943,4106 943,4105 942,4104 888,4104 888,4104 888,4100 888,4099 911,4099 912,4099 912,4092 913,4090 915,4090 916,4090 916,4088 916,4087 921,4087 922,4087 922,3994 923,3992 930,3992 932,3990 963,3990 964,3990 964,3988 964,3987 968,3987 969,3988 969,3989 969,3989 970,3989 971,3990 971,3991 972,3992 976,3992 979,3995 979,3997 979,3997 980,3997 981,3998 981,4001 983,4003 983,4027 983,4027 1004,4028 1005,4028 1005,4031 1005,4032 1019,4032 1020,4033 1140,4033 1141,4032 1141,3996 1141,3996 1159,3996 1162,3998 1162,4043 1162,4044 1275,4044 1278,4042 1278,4040 1278,4039 1288,4039 1289,4040 1289,4042 1289,4042 1295,4042 1296,4042 1296,4000 1296,3999 1298,3999 1299,4000 1299,4042 1299,4042 1396,4042 1397,4043 1397,4044 1397,4044 1501,4045 1502,4044 1502,4003 1505,4000 1505,3998 1506,3997 1511,3997 1512,3997 1512,3998 1512,3999 1520,3999 1521,3999 1521,4000 1521,4001 1530,4001 1532,4003 1554,4003 1555,4004 1556,4004 1557,4004 1557,4038 1557,4039 1700,4039 1701,4039 1701,4006 1703,4003 1707,4003 1709,4001 1712,4001 1714,4000 1714,3999 1714,3998 1725,3998 1726,3999 1726,4003 1726,4003 1738,4003 1739,4004 1739,4039 1739,4039 1922,4040 1923,4039 1923,4000 1925,3998 1943,3998 1944,3999 1951,3999 1953,4000 1953,4032 1953,4033 2075,4033 2076,4032 2076,4003 2076,4003 2078,4003 2080,4001 2080,3999 2080,3999 2082,3999 2084,3997 2094,3997 2095,3997 2095,3999 2097,4001 2097,4006 2099,4008 2099,4038 2099,4039 2206,4039 2207,4040 2207,4042 2207,4042 2354,4042 2355,4041 2356,4041 2357,4041 2357,4039 2357,4038 2410,4039 2412,4037 2491,4037 2493,4035 2493,4034 2494,4033 2506,4033 2508,4034 2508,4037 2509,4039 2680,4039 2682,4037 2691,4037 2692,4037 2692,3999 2693,3997 2698,3997 2699,3996 2701,3996 2703,3994 2708,3994 2710,3996 2827,3997 2830,3994 2835,3994 2837,3992 2842,3992 2845,3994 2845,3996 2847,3998 2847,4032 2847,4033 2898,4033 2900,4035 3045,4035 3046,4034 3046,3998 3047,3997 3052,3997 3055,3994 3062,3994 3063,3995 3179,3995 3180,3996 3195,3996 3196,3997 3213,3997 3215,3999 3215,4037 3215,4037 3252,4037 3253,4038 3253,4039 3253,4039 3259,4039 3261,4041 3261,4043 3262,4044 3262,4044 3264,4044 3267,4047 3267,4049 3268,4050 3268,4072 3268,4072 3305,4073 3306,4073 3306,4074 3306,4075 3312,4075 3313,4075 3320,4082 3320,4084 3322,4086 3322,4089 3322,4090 3332,4090 3334,4091 3334,4095 3332,4097 3332,4099 3330,4101 3328,4101 3328,4101 3328,4110 3327,4111 3327,4113 3326,4114 3308,4114 3308,4114 3308,4115 3307,4116 3306,4116 3306,4116 3306,4118 3304,4120 3303,4120 3302,4121 3300,4121 3298,4123 3296,4123 3296,4123 3296,4125 3295,4126 3253,4125 3253,4126 3253,4154 3252,4154 3237,4154 3237,4154 3237,4126 3236,4125 3199,4125 3198,4126 3193,4126 3193,4126 3193,4109 3192,4108 3072,4108 3072,4109 3072,4126 3071,4126 3002,4126 3002,4126 3002,4130 3000,4132 2998,4132 2998,4132 2998,4151 2997,4152 2955,4152 2955,4151 2955,4147 2954,4147 2948,4147 2948,4146 2948,4116 2947,4116 2875,4116 2873,4114 2761,4113 2761,4113 2761,4112 2760,4111 2613,4111 2613,4112 2613,4116 2612,4116 2611,4116 2611,4117 2611,4119 2608,4122 2608,4124 2605,4126 2603,4126 2603,4127 2603,4128 2602,4128 2599,4128 2599,4129 2599,4131 2597,4132 2585,4132 2584,4130 2584,4111 2583,4111 2379,4111 2379,4111 2379,4112 2378,4113 2365,4113 2365,4113 2365,4148 2364,4149 2364,4151 2363,4152 2357,4151 2357,4151 2357,4113 2356,4112 2297,4112 2297,4113 2297,4115 2295,4116 2290,4116 2290,4117 2290,4131 2288,4132 2284,4132 2283,4131 2283,4115 2282,4114 2158,4114 2156,4116 2132,4116 2130,4114 1920,4114 1920,4114 1920,4156 1919,4157"/><TextEquiv><Unicode/></TextEquiv><TextEquiv index="1"><Unicode>l'univers. Le bruit des vents, de la pluie,</Unicode></TextEquiv></TextLine><TextLine id="l25"><Coords points="1722,4315 1721,4315 1721,4270 1721,4269 1667,4269 1665,4271 1572,4271 1567,4276 1557,4276 1555,4274 1553,4274 1552,4273 1445,4273 1444,4274 1400,4273 1399,4274 1397,4274 1395,4276 1374,4276 1373,4276 1373,4275 1373,4274 1372,4274 1370,4273 1370,4272 1370,4271 1156,4271 1154,4269 1152,4269 1151,4268 1151,4267 1151,4267 1149,4267 1148,4266 1059,4266 1058,4266 1058,4308 1058,4309 1042,4309 1041,4308 1041,4266 1041,4266 1028,4266 1027,4267 1015,4267 1014,4266 1010,4266 1009,4265 960,4264 959,4265 959,4291 958,4292 957,4291 954,4291 953,4291 953,4262 953,4261 887,4261 885,4260 885,4256 887,4254 917,4254 917,4254 917,4210 918,4209 919,4209 919,4209 919,4205 922,4202 922,4200 923,4199 925,4199 926,4198 926,4195 928,4193 931,4193 933,4191 933,4189 934,4188 958,4188 958,4188 959,4153 962,4149 966,4149 967,4149 967,4148 967,4147 973,4147 977,4151 980,4151 981,4152 981,4159 981,4160 981,4187 982,4187 1104,4188 1104,4187 1105,4157 1105,4157 1107,4157 1112,4152 1124,4152 1127,4154 1127,4159 1127,4160 1127,4192 1128,4193 1176,4193 1177,4194 1177,4196 1178,4197 1179,4197 1179,4197 1179,4198 1180,4199 1447,4200 1448,4199 1719,4199 1719,4199 1719,4189 1720,4188 1720,4180 1722,4178 1722,4174 1723,4173 1730,4173 1731,4172 1731,4169 1732,4168 1734,4168 1734,4168 1734,4166 1735,4165 1736,4158 1736,4157 1744,4157 1745,4156 1746,4156 1750,4152 1766,4152 1767,4152 1767,4148 1767,4147 1768,4147 1769,4148 1768,4161 1769,4162 1769,4197 1770,4197 1872,4197 1872,4197 1872,4194 1873,4193 1898,4193 1898,4193 1899,4157 1899,4156 1960,4157 1961,4157 1960,4198 1961,4199 1980,4199 1985,4204 1987,4204 1987,4204 1989,4206 1989,4208 1990,4209 2097,4209 2097,4208 2097,4207 2098,4207 2099,4207 2102,4204 2105,4204 2109,4200 2113,4200 2114,4199 2131,4199 2131,4199 2131,4162 2133,4161 2133,4159 2134,4157 2147,4157 2150,4160 2149,4162 2150,4162 2151,4162 2152,4164 2152,4173 2153,4173 2154,4173 2154,4174 2154,4193 2155,4193 2206,4193 2208,4195 2209,4195 2209,4196 2209,4197 2210,4197 2212,4197 2214,4199 2339,4199 2340,4198 2340,4194 2341,4193 2343,4193 2343,4193 2343,4191 2344,4190 2354,4190 2355,4189 2358,4192 2812,4193 2813,4192 3100,4193 3103,4190 3149,4190 3149,4190 3150,4155 3152,4152 3167,4152 3169,4154 3253,4154 3255,4156 3254,4213 3255,4213 3313,4214 3313,4214 3313,4218 3314,4219 3337,4219 3337,4219 3337,4223 3337,4224 3319,4224 3318,4224 3318,4228 3316,4230 3316,4234 3315,4235 3315,4237 3315,4238 3259,4237 3258,4238 3258,4260 3252,4266 3242,4266 3241,4267 3239,4267 3237,4269 3237,4271 3237,4271 3204,4271 3203,4271 3203,4269 3201,4266 3197,4266 3196,4266 3196,4265 3196,4264 3077,4264 3074,4267 3074,4302 3074,4302 3072,4302 3069,4300 3069,4272 3069,4271 3039,4271 3037,4273 3006,4273 3005,4273 3005,4275 3005,4276 2960,4276 2959,4276 2959,4295 2958,4297 2953,4297 2952,4296 2952,4295 2952,4295 2951,4295 2950,4294 2950,4285 2950,4285 2869,4285 2867,4283 2867,4272 2867,4272 2746,4271 2745,4272 2745,4311 2745,4311 2709,4311 2708,4311 2708,4270 2708,4269 2624,4269 2623,4270 2623,4279 2622,4280 2620,4279 2620,4270 2620,4269 2554,4269 2553,4269 2553,4270 2553,4271 2483,4271 2482,4271 2482,4303 2482,4304 2480,4304 2479,4305 2420,4305 2419,4305 2419,4309 2419,4310 2330,4309 2329,4310 2329,4313 2329,4313 2323,4313 2322,4313 2322,4272 2322,4271 2174,4271 2173,4272 2173,4281 2173,4281 2167,4281 2166,4281 2166,4272 2166,4271 2048,4271 2047,4271 2047,4275 2046,4276 2046,4278 2046,4279 2045,4279 2044,4279 2044,4280 2044,4281 2043,4281 2042,4281 2042,4282 2042,4283 2041,4283 2040,4283 2040,4285 2040,4286 2038,4286 2037,4286 2037,4287 2037,4288 2036,4288 2035,4288 2035,4290 2034,4292 2029,4292 2028,4293 2022,4293 2021,4292 2021,4291 2021,4291 2019,4291 2018,4290 2018,4274 2018,4274 1979,4274 1978,4273 1959,4273 1958,4272 1849,4271 1846,4274 1778,4274 1777,4275 1777,4276 1777,4276 1775,4275 1775,4272 1775,4271 1773,4271 1772,4271 1772,4270 1772,4269 1739,4269 1738,4270 1738,4314 1738,4314 1724,4314 1723,4315"/><TextEquiv><Unicode/></TextEquiv><TextEquiv index="1"><Unicode>de la mer en furie, des tonnerres multi-</Unicode></TextEquiv></TextLine><TextLine id="l26"><Coords points="1550,4472 1550,4471 1550,4467 1549,4467 1470,4467 1468,4465 1466,4465 1466,4464 1466,4437 1465,4437 1255,4436 1253,4439 1253,4441 1252,4441 1251,4441 1251,4442 1251,4443 1250,4443 1249,4443 1249,4444 1249,4446 1248,4446 1246,4446 1246,4447 1246,4448 1245,4448 1244,4448 1244,4449 1244,4450 1243,4450 1242,4450 1241,4452 1241,4456 1239,4457 1098,4457 1098,4457 1098,4469 1097,4470 1076,4470 1076,4469 1076,4463 1075,4463 918,4462 917,4461 917,4459 916,4458 914,4458 913,4457 911,4457 910,4456 910,4451 909,4450 897,4450 897,4450 897,4449 896,4448 895,4448 895,4448 895,4447 894,4446 893,4446 892,4445 892,4439 891,4438 895,4434 895,4432 895,4431 906,4431 907,4431 907,4349 908,4348 912,4348 912,4348 912,4346 913,4345 914,4345 914,4345 914,4344 915,4343 1002,4344 1002,4343 1002,4312 1003,4311 1003,4307 1004,4307 1017,4307 1017,4307 1017,4308 1018,4309 1058,4309 1058,4309 1058,4311 1059,4312 1118,4312 1119,4313 1119,4352 1120,4353 1120,4355 1123,4358 1174,4358 1176,4360 1177,4360 1177,4360 1177,4363 1178,4364 1180,4364 1180,4364 1180,4367 1182,4369 1182,4397 1182,4398 1338,4398 1339,4398 1339,4363 1340,4362 1340,4360 1342,4358 1342,4346 1344,4344 1344,4339 1346,4337 1346,4334 1347,4333 1347,4332 1348,4331 1349,4331 1349,4331 1349,4329 1350,4328 1352,4328 1352,4328 1352,4326 1356,4322 1358,4322 1359,4321 1359,4320 1360,4319 1361,4319 1361,4319 1361,4318 1362,4317 1370,4317 1371,4316 1383,4316 1384,4317 1390,4317 1390,4318 1390,4322 1392,4324 1392,4353 1393,4353 1407,4353 1408,4354 1719,4355 1719,4355 1719,4318 1720,4317 1720,4316 1721,4315 1723,4315 1724,4314 1739,4314 1739,4315 1739,4317 1740,4317 1753,4317 1753,4318 1753,4353 1754,4353 1934,4354 1935,4353 2322,4353 2322,4353 2322,4314 2323,4313 2329,4313 2329,4314 2329,4352 2330,4352 2708,4353 2708,4353 2708,4312 2709,4311 2745,4311 2745,4312 2745,4347 2746,4347 2948,4348 2948,4347 2948,4321 2949,4321 3064,4321 3064,4321 3064,4316 3065,4315 3153,4315 3153,4315 3153,4313 3154,4312 3156,4312 3161,4307 3168,4307 3170,4305 3172,4305 3174,4303 3176,4305 3190,4305 3192,4307 3194,4307 3194,4308 3194,4348 3195,4348 3216,4348 3220,4352 3224,4352 3225,4353 3232,4353 3232,4354 3232,4357 3233,4357 3234,4357 3236,4359 3237,4359 3237,4360 3237,4363 3239,4365 3239,4388 3240,4388 3300,4389 3301,4390 3301,4394 3301,4395 3302,4395 3304,4396 3304,4397 3304,4398 3305,4398 3306,4398 3306,4399 3306,4400 3312,4400 3313,4400 3313,4404 3312,4405 3311,4405 3311,4405 3311,4409 3308,4412 3308,4416 3307,4417 3306,4417 3306,4417 3306,4428 3298,4436 3296,4436 3294,4438 3292,4438 3291,4439 3289,4439 3289,4439 3289,4440 3288,4441 3277,4441 3277,4440 3277,4432 3276,4432 3072,4431 3072,4432 3072,4455 3069,4457 3062,4457 3062,4458 3062,4463 3060,4464 2995,4464 2994,4465 2965,4465 2964,4466 2947,4466 2947,4465 2947,4431 2946,4431 2768,4430 2768,4431 2768,4465 2767,4465 2763,4465 2763,4465 2763,4427 2762,4426 2603,4426 2602,4427 2600,4427 2596,4431 2585,4431 2585,4431 2585,4468 2583,4470 2577,4470 2577,4469 2577,4434 2576,4434 2450,4434 2450,4433 2450,4428 2448,4427 2283,4426 2282,4427 2168,4427 2168,4428 2168,4430 2166,4431 1937,4431 1937,4431 1937,4435 1936,4436 1932,4436 1932,4436 1932,4437 1931,4438 1930,4436 1930,4432 1929,4432 1780,4431 1780,4432 1780,4471 1779,4471 1766,4471 1766,4471 1766,4432 1765,4431 1609,4431 1609,4431 1609,4466 1608,4467 1559,4467 1559,4467 1559,4471 1558,4472"/><TextEquiv><Unicode/></TextEquiv><TextEquiv index="1"><Unicode>pliés, formoit un murmure immenſe,</Unicode></TextEquiv></TextLine><TextLine id="l27"><Coords points="1444,4632 1443,4631 1284,4630 1283,4629 1239,4629 1238,4629 1238,4628 1238,4627 1077,4627 1076,4626 1066,4626 1065,4625 1065,4618 1065,4618 958,4617 957,4616 957,4612 956,4611 936,4611 936,4611 936,4607 935,4606 929,4606 929,4606 929,4600 928,4599 916,4599 916,4599 916,4561 915,4560 914,4560 914,4560 914,4523 916,4521 916,4519 917,4518 917,4517 920,4513 921,4513 922,4512 923,4512 924,4512 924,4511 924,4510 925,4510 926,4510 926,4509 926,4508 928,4508 929,4508 929,4506 929,4505 931,4505 933,4503 946,4503 947,4503 947,4499 947,4498 978,4498 979,4497 1073,4498 1074,4497 1074,4470 1074,4470 1613,4471 1614,4470 1615,4470 1616,4469 1617,4469 1619,4467 1969,4468 1970,4467 2944,4469 2945,4468 2945,4467 2946,4466 2964,4466 2965,4465 3054,4465 3055,4464 3059,4464 3060,4465 3060,4467 3060,4467 3064,4467 3065,4468 3065,4498 3065,4498 3166,4498 3167,4499 3167,4500 3168,4501 3168,4502 3169,4503 3231,4503 3232,4504 3271,4504 3272,4505 3279,4506 3280,4506 3280,4507 3280,4508 3289,4508 3292,4510 3292,4512 3292,4513 3294,4513 3297,4515 3297,4517 3297,4518 3299,4518 3301,4519 3301,4523 3301,4524 3317,4524 3318,4524 3318,4528 3317,4529 3304,4529 3304,4529 3304,4538 3303,4539 3301,4539 3301,4539 3301,4569 3300,4570 3296,4570 3294,4572 3292,4572 3292,4572 3292,4574 3291,4575 3282,4575 3282,4575 3282,4576 3281,4577 3274,4576 3272,4578 3271,4578 3270,4579 3259,4579 3259,4580 3258,4623 3258,4623 2716,4622 2715,4623 2715,4624 2715,4624 2509,4624 2508,4624 2508,4625 2508,4626 2497,4626 2496,4627 1459,4625 1458,4625 1458,4631 1458,4632"/><TextEquiv><Unicode/></TextEquiv><TextEquiv index="1"><Unicode>qui retentiſfoit dans nos âmes. Notre</Unicode></TextEquiv></TextLine><TextLine id="l28"><Coords points="1529,4791 1528,4790 1528,4783 1529,4783 1531,4783 1532,4782 1576,4782 1576,4781 1576,4776 1576,4776 1172,4775 1170,4773 1170,4771 1170,4771 1154,4771 1153,4770 1072,4770 1070,4768 1068,4768 1067,4767 1067,4763 1067,4763 1034,4763 1033,4762 1033,4753 1033,4753 961,4752 959,4751 959,4742 958,4740 953,4740 952,4740 952,4737 951,4735 932,4735 931,4735 931,4731 929,4729 929,4717 928,4716 928,4714 928,4713 927,4713 926,4713 926,4709 926,4708 924,4708 923,4708 923,4703 921,4701 921,4700 921,4699 912,4699 910,4697 905,4697 904,4697 904,4693 905,4692 905,4690 906,4689 907,4689 907,4689 907,4654 910,4651 910,4649 912,4647 1065,4648 1065,4647 1065,4626 1066,4626 1076,4626 1077,4627 1088,4627 1088,4627 1088,4628 1089,4629 2122,4631 2123,4630 2128,4630 2130,4628 2491,4629 2491,4628 2491,4627 2492,4627 2496,4627 2497,4626 2667,4626 2668,4625 2670,4625 2670,4625 2670,4624 2671,4623 2675,4623 2676,4622 3258,4623 3258,4624 3258,4673 3260,4675 3260,4683 3261,4683 3313,4684 3313,4684 3313,4686 3316,4689 3320,4689 3320,4689 3320,4694 3319,4696 3316,4696 3315,4697 3314,4697 3313,4697 3313,4700 3313,4701 3312,4701 3311,4701 3311,4703 3311,4704 3306,4704 3302,4708 3281,4708 3280,4709 3273,4708 3272,4709 3272,4710 3272,4710 3271,4710 3270,4711 3270,4714 3269,4715 3262,4715 3261,4716 3261,4728 3261,4728 3251,4728 3248,4731 3248,4735 3248,4735 3245,4735 3244,4736 3244,4740 3244,4740 3239,4740 3236,4743 3236,4750 3232,4754 3232,4759 3232,4759 3104,4759 3103,4760 3103,4778 3103,4778 3090,4778 3089,4779 3003,4779 3002,4780 2660,4779 2659,4780 2659,4783 2659,4783 2483,4783 2482,4783 2482,4784 2482,4785 1625,4783 1624,4783 1624,4784 1624,4785 1622,4785 1620,4787 1617,4787 1616,4788 1604,4788 1602,4790 1549,4790 1548,4791"/><TextEquiv><Unicode/></TextEquiv><TextEquiv index="1"><Unicode>voix étoit perdue dans ce fracas uni-</Unicode></TextEquiv></TextLine><TextLine id="l29"><Coords points="1792,4983 1792,4983 1792,4975 1791,4974 1047,4973 1046,4971 1046,4969 1044,4967 1043,4967 1041,4967 1041,4966 1041,4941 1040,4941 935,4940 933,4938 933,4922 932,4921 924,4921 924,4921 924,4919 923,4918 905,4918 904,4917 904,4912 903,4911 882,4911 880,4909 878,4909 878,4909 878,4896 878,4895 884,4895 885,4895 885,4879 886,4878 886,4874 886,4873 887,4873 888,4873 888,4870 888,4869 889,4869 890,4869 890,4810 891,4809 907,4809 909,4807 911,4807 911,4807 911,4803 912,4802 1100,4803 1100,4802 1100,4801 1101,4800 1101,4798 1103,4796 1103,4792 1104,4792 1105,4792 1105,4791 1105,4790 1109,4787 1110,4787 1110,4786 1110,4785 1111,4785 1113,4785 1116,4782 1118,4782 1120,4780 1122,4780 1122,4779 1122,4778 1123,4778 1130,4778 1132,4776 2763,4779 2766,4776 2793,4776 2794,4777 3103,4778 3103,4779 3103,4812 3104,4812 3308,4813 3308,4813 3308,4817 3310,4819 3311,4819 3311,4819 3311,4951 3311,4952 3320,4952 3322,4954 3326,4954 3329,4957 3331,4957 3332,4957 3332,4961 3331,4962 1810,4958 1810,4959 1810,4983 1809,4983"/><TextEquiv><Unicode/></TextEquiv><TextEquiv index="1"><Unicode>verſel; mais note auour étoit ſupérieur</Unicode></TextEquiv></TextLine><TextEquiv><Unicode/></TextEquiv></TextRegion></Page></PcGts>