<?xml version="1.0" encoding="UTF-8" standalone="no"?><PcGts xmlns="http://schema.primaresearch.org/PAGE/gts/pagecontent/2017-07-15" xmlns:xsi="http://www.w3.org/2001/XMLSchema-instance" xsi:schemaLocation="http://schema.primaresearch.org/PAGE/gts/pagecontent/2017-07-15 http://schema.primaresearch.org/PAGE/gts/pagecontent/2017-07-15/pagecontent.xsd"><Metadata><Creator/><Created>2020-10-14T10:52:19</Created><LastChange>1970-01-01T00:00:00</LastChange><Comments/></Metadata><Page imageFilename="0113.png" imageHeight="6032" imageWidth="4266"><TextRegion id="r1" orientation="0.375" type="paragraph"><Coords points="1,1 4264,1 4264,6030 1,6030"/><TextLine id="l1"><Coords points="3174,399 3174,399 3174,391 3173,390 1897,398 1897,398 1897,397 1896,396 1189,401 1189,401 1189,362 1188,361 977,363 976,362 967,362 967,361 967,360 966,360 964,360 962,358 960,358 959,357 956,357 953,353 953,352 952,351 952,347 950,345 949,344 950,343 950,340 952,338 952,300 953,299 953,297 956,295 957,295 957,294 957,293 958,293 962,293 962,292 962,249 964,247 969,247 971,245 971,240 971,240 975,240 977,241 3081,228 3083,229 3083,235 3083,236 3228,235 3229,235 3229,239 3229,240 3250,240 3251,240 3251,292 3252,293 3268,293 3269,294 3270,293 3270,294 3270,295 3271,295 3277,295 3279,298 3279,300 3280,300 3282,300 3285,303 3331,303 3334,307 3334,312 3337,314 3339,314 3339,315 3339,324 3339,324 3335,324 3332,327 3332,331 3332,331 3331,331 3330,332 3330,333 3330,333 3328,333 3326,335 3327,351 3325,352 3285,352 3285,353 3285,362 3284,362 3282,362 3280,364 3279,364 3278,365 3277,365 3277,366 3277,367 3276,367 3177,368 3177,369 3177,399 3176,399"/><TextEquiv><Unicode/></TextEquiv><TextEquiv index="1"><Unicode>à la diſcorde qui tourmentoit les éle-</Unicode></TextEquiv></TextLine><TextLine id="l2"><Coords points="2237,553 2235,551 2235,549 2233,547 2233,512 2232,511 2163,512 2161,510 2159,510 2159,509 2159,508 2158,508 2094,508 2093,507 1912,508 1910,510 1866,511 1865,512 1726,513 1726,513 1726,553 1723,556 1688,556 1686,553 1686,517 1685,517 1599,517 1595,513 1593,513 1592,512 1535,513 1534,512 1337,513 1337,514 1337,518 1335,520 1335,527 1334,527 1332,527 1332,528 1332,530 1327,534 1324,537 1322,537 1318,541 1312,541 1308,537 1308,518 1307,517 1127,519 1126,520 1124,520 1122,522 1107,522 1107,522 1107,559 1106,560 1091,560 1091,559 1091,517 1090,517 978,517 977,517 952,517 952,516 952,510 953,509 952,448 955,446 959,446 959,445 959,444 960,444 965,444 965,443 965,440 967,439 972,439 974,441 974,443 975,444 977,444 978,445 1192,443 1192,443 1192,407 1193,405 1198,405 1199,406 1199,437 1201,439 1201,441 1202,441 1203,441 1204,442 1395,441 1395,440 1395,421 1397,419 1397,417 1397,417 1398,417 1399,416 1399,412 1401,410 1401,407 1401,407 1404,407 1408,403 1413,403 1415,401 1556,400 1559,402 1559,427 1560,428 1777,426 1777,426 1777,404 1777,403 1778,403 1780,401 1787,401 1789,400 1789,399 1789,398 1797,398 1798,399 1960,398 1962,396 1967,396 1969,394 1972,394 1973,393 1973,391 1973,391 1974,391 1976,389 1982,389 1985,391 1985,394 1985,395 2119,394 2121,396 2121,437 2122,437 2175,437 2177,439 2326,438 2326,437 2326,398 2326,398 2337,398 2338,397 2338,396 2338,396 2345,396 2346,396 2346,432 2347,433 2387,432 2388,434 2388,436 2389,436 2554,435 2554,435 2554,419 2558,415 2558,409 2558,408 2559,408 2560,408 2560,406 2562,403 2564,403 2565,403 2565,401 2567,398 2569,398 2570,398 2570,397 2570,396 2572,396 2573,396 2573,394 2573,393 2601,393 2603,391 2603,388 2603,388 2610,388 2611,388 2611,397 2611,398 2757,397 2758,396 2770,396 2772,394 2786,394 2787,393 2787,389 2788,388 2788,383 2789,382 2793,382 2795,383 2795,395 2795,396 2911,395 2912,396 2913,396 2914,396 2914,397 2914,398 2916,398 2917,398 2917,438 2918,439 3066,438 3067,437 3101,437 3101,436 3101,430 3103,428 3103,427 3104,427 3113,427 3113,426 3113,423 3115,421 3115,415 3116,415 3117,415 3117,414 3117,406 3117,405 3173,405 3174,405 3174,400 3174,399 3176,399 3177,400 3177,401 3177,401 3189,401 3191,403 3198,403 3205,410 3268,410 3269,410 3283,410 3284,411 3284,474 3285,474 3332,474 3332,475 3332,479 3332,479 3331,479 3330,480 3330,482 3326,486 3323,486 3322,487 3322,489 3321,490 3322,497 3318,500 3289,500 3289,501 3289,518 3288,518 3273,518 3272,517 3270,517 3269,517 3258,517 3258,516 3258,515 3257,515 3208,515 3207,514 3103,515 3103,514 3103,513 3102,513 3050,513 3049,512 2974,512 2973,511 2831,512 2831,513 2831,542 2830,543 2830,547 2828,548 2827,548 2824,545 2824,507 2823,506 2818,506 2817,505 2633,507 2632,508 2610,508 2608,506 2544,506 2543,505 2419,506 2418,505 2273,506 2273,507 2273,548 2271,549 2259,549 2259,550 2259,551 2258,551 2252,551 2250,553"/><TextEquiv><Unicode/></TextEquiv><TextEquiv index="1"><Unicode>mens, &amp; le plaiſir le plus ſenſible réſul-</Unicode></TextEquiv></TextLine><TextLine id="l3"><Coords points="1284,718 1283,718 1279,718 1277,715 1277,699 1276,699 1198,699 1196,697 1196,674 1195,673 982,674 981,675 979,675 978,675 969,675 969,674 969,673 968,673 966,673 964,671 962,671 960,668 960,666 959,666 957,666 957,665 956,616 955,615 951,615 950,614 950,610 948,608 948,603 949,603 955,603 955,602 955,599 956,599 959,599 959,598 959,597 961,596 962,596 962,595 962,594 963,594 967,594 967,593 967,587 968,587 972,587 978,593 978,594 979,594 983,594 983,595 983,596 984,596 986,596 987,597 1086,597 1086,596 1086,561 1086,561 1087,561 1088,560 1106,560 1107,561 1130,561 1132,562 1132,596 1133,596 1144,596 1146,599 1146,601 1147,601 1158,601 1158,602 1158,604 1159,604 1323,603 1323,603 1323,602 1324,601 1363,601 1363,600 1363,589 1364,589 1394,589 1394,588 1394,580 1395,580 1397,580 1397,580 1397,598 1398,599 1487,598 1488,597 1492,597 1492,597 1492,595 1495,592 1588,592 1588,591 1588,584 1589,584 1710,583 1711,582 1712,582 1712,581 1712,579 1714,578 1715,579 1715,590 1716,591 1872,590 1873,589 1961,588 1961,588 1961,585 1962,584 2078,583 2078,583 2078,557 2078,556 2079,556 2081,554 2097,554 2102,559 2102,578 2106,582 2106,588 2107,588 2272,587 2272,587 2272,560 2273,558 2275,558 2276,558 2276,557 2276,556 2280,556 2282,554 2340,554 2341,553 2399,552 2400,551 2414,551 2417,548 2425,548 2426,549 2428,549 2429,550 2429,551 2429,551 2433,551 2434,551 2434,584 2435,585 2597,584 2597,583 2597,561 2598,560 2598,554 2599,553 2605,553 2606,552 2606,551 2606,551 2607,551 2608,550 2608,548 2608,548 2614,548 2616,549 2616,551 2618,553 2618,587 2619,588 2837,586 2837,586 2837,557 2839,554 2846,554 2847,553 2856,553 2859,556 2859,570 2860,570 3015,569 3015,569 3015,558 3016,556 3018,556 3020,554 3023,554 3024,553 3028,553 3029,554 3029,556 3029,556 3030,556 3031,557 3031,561 3031,561 3228,560 3229,559 3229,551 3229,551 3231,551 3232,551 3232,552 3232,553 3238,553 3239,553 3239,555 3241,557 3241,586 3242,587 3254,587 3255,588 3255,598 3256,599 3264,599 3266,601 3269,601 3270,602 3270,603 3271,603 3273,603 3274,604 3276,604 3279,608 3279,610 3280,611 3280,625 3281,625 3320,625 3320,626 3320,627 3321,627 3327,627 3328,629 3328,635 3328,635 3326,635 3325,636 3325,639 3322,642 3323,652 3321,653 3287,653 3287,654 3287,671 3286,671 3284,671 3284,672 3284,673 3283,673 3282,673 3282,674 3282,675 3281,675 3272,675 3269,673 3212,673 3209,670 3157,670 3156,669 3083,670 3081,667 3081,666 3080,666 2919,667 2918,668 2900,668 2900,667 2900,666 2899,666 2845,666 2843,664 2703,665 2702,664 2605,665 2604,664 2247,666 2246,665 1973,667 1972,668 1972,670 1971,671 1970,671 1970,672 1970,676 1968,678 1968,680 1965,683 1965,686 1963,688 1963,692 1962,692 1958,692 1956,694 1951,694 1951,694 1951,693 1950,692 1942,692 1942,692 1942,688 1941,687 1941,671 1940,670 1867,671 1866,670 1726,671 1725,670 1714,670 1712,668 1557,669 1556,670 1555,670 1554,671 1547,671 1547,671 1547,672 1546,673 1407,674 1406,675 1318,675 1318,676 1318,718 1317,718"/><TextEquiv><Unicode/></TextEquiv><TextEquiv index="1"><Unicode>toit, pour nous, du déſordre de la Na-</Unicode></TextEquiv></TextLine><TextLine id="l4"><Coords points="967,724 1672,719 1673,841 968,846"/><TextEquiv><Unicode/></TextEquiv><TextEquiv index="1"><Unicode>ture.</Unicode></TextEquiv></TextLine><TextLine id="l5"><Coords points="1301,1028 1300,1027 965,1030 965,1029 965,1025 966,1024 978,1024 979,1023 1288,1020 1289,1020 1289,988 1288,987 1241,988 1241,987 1241,986 1240,986 1165,986 1163,984 1158,984 1157,983 1148,983 1148,983 1148,982 1147,981 1145,981 1142,978 1140,978 1138,976 1134,976 1134,976 1134,975 1133,974 1132,974 1131,974 1131,973 1131,971 1130,971 1129,971 1129,970 1129,969 1128,969 1127,969 1127,968 1127,966 1125,964 1125,962 1124,961 1124,959 1119,955 1119,949 1117,947 1117,943 1117,943 1116,943 1115,942 1115,924 1116,924 1117,924 1117,923 1117,917 1118,917 1119,917 1119,916 1119,907 1120,906 1120,901 1127,894 1127,892 1128,892 1130,892 1132,889 1132,888 1141,879 1143,879 1143,878 1145,878 1146,878 1146,877 1146,876 1148,876 1150,874 1157,874 1158,873 1163,873 1165,871 1573,869 1575,867 1812,865 1813,864 1819,864 1820,864 1820,866 1825,871 1825,893 1827,895 1827,901 1828,902 3127,893 3127,893 3127,865 3127,864 3129,864 3132,861 3143,861 3144,862 3145,862 3146,863 3146,864 3146,864 3147,864 3148,865 3148,866 3148,866 3149,866 3150,867 3150,905 3151,905 3304,904 3305,905 3306,905 3306,906 3306,910 3308,912 3308,914 3309,914 3321,914 3322,916 3322,919 3323,920 3323,926 3322,927 3322,929 3322,929 3320,929 3319,930 3320,981 3319,981 3318,981 3318,982 3318,983 3317,983 3311,983 3310,984 3031,986 3031,987 3031,1001 3029,1003 3029,1005 3028,1005 3026,1005 3024,1007 3022,1007 3021,1008 3020,1008 3018,1010 2277,1015 2275,1017 2268,1017 2267,1019 2267,1021 2265,1022"/><TextEquiv><Unicode/></TextEquiv><TextEquiv index="1"><Unicode>Cependant les nuages commençoient</Unicode></TextEquiv></TextLine><TextLine id="l6"><Coords points="3248,1176 3248,1175 3248,1134 3247,1134 3165,1134 3164,1133 3093,1134 3091,1132 3025,1132 3025,1133 3025,1174 3024,1174 3015,1174 3015,1174 3015,1133 3014,1132 2874,1133 2873,1134 2861,1134 2860,1133 2709,1134 2708,1133 2548,1134 2546,1136 2490,1137 2489,1138 2485,1138 2482,1135 2264,1136 2264,1137 2264,1139 2263,1139 2255,1139 2255,1139 2255,1138 2254,1137 2095,1138 2094,1139 2089,1139 2087,1137 2087,1136 2086,1135 1893,1137 1892,1138 1853,1138 1852,1139 1841,1139 1840,1138 1667,1139 1667,1140 1667,1141 1666,1141 1626,1141 1626,1142 1626,1153 1625,1153 1481,1154 1481,1155 1481,1182 1480,1182 1468,1182 1467,1183 1444,1183 1444,1183 1444,1182 1442,1180 1442,1141 1441,1140 1245,1142 1244,1143 1137,1143 1136,1144 1133,1144 1132,1144 1131,1144 1131,1143 1131,1142 1129,1141 1120,1141 1120,1141 1120,1184 1119,1185 1113,1185 1112,1184 1103,1184 1103,1183 1103,1141 1102,1141 981,1141 980,1140 971,1141 966,1136 962,1136 962,1135 962,1134 957,1129 957,1117 960,1114 959,1082 960,1081 960,1074 961,1074 965,1074 965,1073 965,1030 965,1030 972,1030 973,1029 1094,1028 1096,1026 1103,1026 1105,1024 1111,1024 1112,1024 1112,1025 1112,1026 1124,1026 1127,1029 1128,1029 1129,1030 1416,1028 1417,1027 1427,1027 1428,1027 1428,1028 1428,1029 1429,1029 1430,1029 1430,1030 1432,1032 1432,1035 1433,1036 1433,1062 1434,1063 1622,1061 1622,1061 1622,1060 1624,1058 1710,1058 1710,1057 1710,1029 1710,1029 1711,1029 1712,1028 1712,1027 1712,1027 1737,1027 1738,1026 1743,1026 1744,1026 1747,1026 1748,1027 1762,1027 1764,1029 1771,1029 1772,1030 1772,1031 1773,1031 1781,1031 1781,1032 1781,1036 1782,1036 1784,1036 1787,1039 1789,1042 1789,1044 1791,1046 1791,1053 1793,1055 1793,1058 1794,1059 1794,1065 1795,1065 1832,1065 1833,1066 1959,1065 1959,1065 1959,1026 1961,1023 1977,1023 1978,1023 1978,1024 1980,1026 1980,1064 1981,1065 2035,1065 2037,1063 2081,1062 2082,1061 2082,1059 2083,1058 2086,1058 2088,1060 2093,1060 2097,1064 2377,1062 2377,1062 2377,1027 2377,1026 2378,1026 2379,1026 2379,1025 2379,1024 2385,1024 2386,1024 2386,1023 2386,1022 2388,1022 2390,1020 2393,1020 2395,1022 2438,1022 2439,1022 2439,1061 2440,1062 2622,1061 2622,1060 2622,1058 2623,1058 2659,1058 2660,1059 2972,1056 2972,1056 2972,1024 2973,1022 2980,1022 2982,1020 3051,1020 3053,1022 3054,1022 3055,1022 3055,1061 3056,1062 3119,1062 3120,1062 3263,1062 3264,1063 3267,1063 3269,1065 3270,1065 3270,1065 3270,1089 3271,1090 3300,1089 3302,1091 3318,1091 3322,1096 3322,1097 3321,1098 3322,1109 3320,1110 3275,1110 3275,1111 3275,1134 3274,1134 3270,1135 3269,1136 3263,1136 3263,1135 3263,1134 3262,1134 3257,1134 3257,1134 3257,1175 3256,1176"/><TextEquiv><Unicode/></TextEquiv><TextEquiv index="1"><Unicode>à ſe diſſiper. Par intervalles nous décou-</Unicode></TextEquiv></TextLine><TextLine id="l7"><Coords points="1433,1342 1432,1341 1432,1297 1431,1297 1306,1297 1305,1296 1163,1297 1162,1296 996,1297 996,1298 996,1299 993,1301 990,1301 990,1301 990,1297 989,1296 988,1296 988,1296 988,1295 987,1294 985,1294 984,1293 984,1292 983,1291 983,1287 981,1285 981,1282 980,1282 979,1282 979,1281 979,1279 978,1278 978,1274 976,1272 976,1270 975,1270 974,1270 974,1269 974,1265 971,1262 970,1254 969,1253 969,1249 969,1249 968,1249 967,1248 967,1242 967,1242 966,1242 965,1241 962,1241 960,1239 956,1239 955,1238 955,1237 953,1235 953,1224 955,1223 1019,1222 1019,1222 1019,1219 1020,1218 1093,1218 1093,1217 1093,1193 1094,1193 1095,1193 1097,1191 1098,1191 1098,1190 1098,1186 1100,1184 1112,1184 1113,1185 1120,1185 1124,1188 1124,1225 1125,1226 1268,1225 1268,1225 1268,1226 1269,1227 1416,1226 1416,1225 1416,1188 1419,1186 1444,1185 1444,1185 1444,1184 1444,1183 1466,1183 1467,1184 1467,1204 1468,1204 1539,1204 1540,1205 1540,1217 1541,1218 1591,1218 1592,1216 1655,1216 1656,1215 1664,1215 1664,1216 1664,1225 1665,1225 1829,1224 1829,1223 1829,1213 1830,1213 1923,1212 1923,1212 1923,1203 1925,1201 1925,1195 1926,1194 1927,1194 1929,1192 1929,1188 1930,1187 1932,1187 1935,1184 1937,1184 1937,1184 1937,1183 1938,1182 1942,1182 1943,1180 1954,1180 1955,1181 2090,1180 2092,1182 2092,1185 2094,1187 2094,1220 2095,1220 2143,1220 2145,1222 2149,1222 2150,1223 2306,1222 2308,1220 2353,1220 2355,1218 2356,1218 2532,1217 2532,1217 2532,1216 2533,1215 2549,1215 2551,1218 2551,1222 2552,1222 2773,1221 2773,1220 2773,1196 2775,1194 2775,1191 2776,1190 2776,1188 2785,1180 2790,1180 2790,1179 2796,1179 2797,1178 2797,1177 2797,1177 2799,1177 2801,1175 2805,1175 2806,1174 2808,1174 2809,1175 2939,1174 2940,1175 3025,1174 3029,1178 3029,1218 3030,1218 3187,1217 3187,1217 3187,1216 3188,1215 3232,1215 3232,1214 3232,1208 3233,1208 3234,1208 3234,1207 3234,1201 3236,1199 3236,1198 3237,1197 3237,1191 3238,1191 3239,1191 3239,1190 3239,1188 3242,1185 3242,1178 3243,1177 3246,1177 3247,1176 3257,1176 3260,1178 3260,1192 3261,1193 3261,1196 3263,1198 3263,1217 3264,1218 3304,1217 3305,1218 3306,1218 3306,1219 3306,1222 3307,1222 3308,1222 3309,1223 3323,1223 3323,1224 3323,1227 3323,1227 3319,1227 3318,1228 3318,1239 3318,1239 3317,1239 3316,1240 3316,1242 3315,1243 3316,1292 3311,1296 3300,1296 3298,1294 3296,1294 3296,1294 3296,1292 3295,1291 3196,1292 3195,1291 3076,1292 3075,1291 3071,1291 3069,1289 3059,1289 3058,1288 2945,1289 2945,1288 2945,1287 2944,1287 2940,1287 2939,1286 2659,1288 2659,1288 2659,1296 2658,1297 2658,1305 2657,1306 2654,1306 2654,1306 2654,1310 2653,1311 2649,1311 2649,1311 2649,1312 2645,1316 2641,1316 2639,1318 2625,1318 2625,1317 2625,1316 2624,1316 2622,1316 2622,1315 2622,1289 2621,1289 2441,1290 2441,1290 2441,1291 2438,1294 2424,1294 2422,1292 2415,1292 2414,1291 2411,1291 2409,1289 2407,1289 2406,1288 2313,1289 2313,1289 2313,1333 2313,1334 2300,1334 2299,1333 2299,1289 2298,1289 2211,1289 2208,1292 2148,1293 2147,1294 2123,1294 2121,1292 2076,1292 2075,1291 2065,1291 2064,1290 2030,1291 2030,1291 2030,1336 2030,1337 1871,1338 1870,1337 1870,1292 1869,1292 1839,1292 1839,1292 1839,1293 1835,1297 1815,1297 1814,1296 1659,1297 1657,1299 1597,1299 1595,1297 1593,1297 1591,1296 1578,1296 1578,1296 1578,1322 1577,1323 1573,1323 1573,1322 1573,1296 1572,1296 1555,1296 1555,1296 1555,1340 1555,1341"/><TextEquiv><Unicode/></TextEquiv><TextEquiv index="1"><Unicode>vrions la terre &amp; les mers; &amp; bientôt</Unicode></TextEquiv></TextLine><TextLine id="l8"><Coords points="1811,1496 1810,1496 1810,1450 1809,1449 1770,1449 1770,1450 1770,1490 1770,1490 1765,1490 1763,1492 1747,1492 1746,1491 1736,1492 1732,1488 1732,1476 1731,1476 1614,1476 1614,1476 1614,1454 1613,1453 1538,1454 1538,1453 1538,1452 1537,1452 1481,1452 1481,1452 1481,1451 1480,1450 1466,1450 1466,1451 1466,1474 1464,1475 1463,1475 1462,1474 1462,1451 1461,1450 1325,1451 1320,1456 1308,1456 1308,1456 1308,1455 1307,1454 1305,1454 1304,1453 1186,1454 1184,1452 1135,1452 1134,1451 1046,1452 1045,1451 957,1452 955,1450 953,1450 953,1449 953,1441 954,1440 960,1440 961,1439 960,1344 961,1344 962,1344 962,1343 962,1342 963,1342 976,1342 976,1341 976,1340 977,1340 981,1340 982,1340 984,1340 986,1343 986,1351 987,1351 1134,1350 1134,1350 1134,1348 1135,1347 1136,1347 1137,1346 1140,1346 1141,1345 1141,1343 1142,1342 1144,1342 1147,1339 1170,1339 1172,1342 1172,1344 1173,1344 1204,1344 1205,1345 1432,1344 1432,1343 1432,1342 1433,1342 1555,1341 1556,1342 1557,1342 1557,1342 1557,1386 1558,1387 1559,1387 1562,1390 1711,1389 1713,1387 1718,1387 1720,1385 1750,1384 1750,1384 1750,1374 1751,1373 1753,1373 1755,1371 1868,1371 1868,1370 1868,1339 1869,1339 1870,1339 1871,1338 2032,1337 2032,1337 2032,1338 2033,1339 2033,1373 2034,1374 2105,1373 2108,1376 2297,1375 2297,1374 2297,1335 2299,1334 2314,1334 2316,1336 2316,1369 2317,1370 2353,1370 2353,1369 2353,1367 2355,1366 2356,1366 2357,1366 2358,1366 2360,1368 2362,1368 2362,1369 2362,1375 2363,1375 2517,1374 2517,1374 2517,1371 2518,1370 2603,1370 2603,1369 2603,1349 2604,1349 2684,1348 2685,1347 2690,1347 2690,1348 2690,1371 2691,1371 2814,1371 2815,1371 2962,1371 2962,1371 2962,1372 2963,1373 2967,1373 2968,1373 3112,1373 3112,1372 3112,1339 3113,1338 3113,1336 3115,1335 3122,1334 3122,1334 3122,1333 3123,1332 3132,1332 3134,1335 3134,1364 3135,1364 3247,1364 3249,1366 3249,1372 3250,1373 3254,1373 3255,1374 3255,1376 3256,1377 3303,1376 3305,1378 3307,1378 3310,1382 3310,1383 3311,1384 3311,1386 3313,1388 3314,1425 3315,1426 3315,1434 3311,1438 3311,1440 3310,1441 3310,1443 3308,1444 3306,1444 3305,1445 3301,1445 3301,1446 3301,1447 3300,1447 3291,1447 3289,1445 3277,1445 3276,1444 3274,1444 3273,1443 3121,1444 3120,1443 3068,1444 3068,1444 3068,1486 3068,1487 3053,1487 3052,1486 3052,1444 3051,1444 3050,1444 3050,1444 3050,1473 3048,1475 3042,1475 3039,1472 3039,1445 3038,1444 2857,1445 2856,1444 2853,1444 2851,1442 2847,1442 2846,1441 2696,1442 2694,1444 2683,1444 2682,1445 2666,1445 2665,1444 2455,1446 2455,1446 2455,1485 2454,1487 2430,1487 2429,1488 2418,1488 2417,1488 2417,1446 2416,1445 2243,1446 2242,1447 2121,1448 2121,1449 2121,1469 2119,1471 2119,1475 2118,1476 2118,1478 2117,1478 2116,1478 2116,1479 2116,1480 2115,1480 2114,1480 2114,1481 2114,1483 2111,1485 2107,1485 2107,1486 2107,1487 2106,1487 2102,1487 2102,1488 2102,1490 2102,1490 2076,1490 2074,1488 2071,1488 2067,1485 2061,1485 2061,1485 2061,1483 2058,1480 2056,1480 2056,1480 2056,1478 2052,1474 2052,1451 2051,1450 2021,1451 2020,1450 2014,1450 2013,1449 1939,1449 1938,1448 1829,1449 1829,1449 1829,1495 1829,1496"/><TextEquiv><Unicode/></TextEquiv><TextEquiv index="1"><Unicode>la ſérénité, qui régnoit pour nous dans</Unicode></TextEquiv></TextLine><TextLine id="l9"><Coords points="2426,1645 2425,1645 2425,1643 2425,1642 1536,1648 1535,1647 1535,1609 1534,1609 1003,1612 1003,1612 1003,1609 1002,1608 961,1609 959,1607 955,1607 955,1606 955,1605 954,1605 950,1605 950,1604 950,1595 950,1595 959,1595 960,1594 959,1499 960,1499 961,1499 963,1497 982,1496 983,1497 986,1497 987,1498 1278,1497 1279,1498 1330,1497 1331,1498 2439,1491 2440,1490 2441,1490 2441,1489 2441,1487 2442,1487 2444,1487 2444,1487 2444,1488 2446,1490 2456,1490 2457,1491 3069,1487 3069,1487 3069,1490 3070,1491 3206,1490 3206,1490 3206,1492 3208,1494 3208,1518 3209,1519 3249,1519 3249,1519 3249,1521 3251,1523 3251,1525 3255,1529 3255,1532 3258,1535 3258,1537 3260,1539 3261,1571 3261,1572 3300,1571 3305,1576 3307,1576 3308,1577 3308,1579 3310,1581 3310,1592 3308,1594 3308,1598 3306,1600 3306,1603 3303,1606 3303,1610 3301,1612 3301,1615 3299,1616 3296,1616 3295,1617 3294,1617 3294,1618 3294,1621 3293,1621 3026,1623 3026,1624 3026,1629 3025,1629 2997,1629 2997,1630 2997,1635 2995,1637 2995,1638 2995,1638 2994,1638 2993,1639 2993,1640 2993,1640 2975,1640 2974,1641"/><TextEquiv><Unicode/></TextEquiv><TextEquiv index="1"><Unicode>les Cieux, vint auſſi, ſous nos pieds,</Unicode></TextEquiv></TextLine><TextLine id="l10"><Coords points="1082,1808 1081,1807 1081,1765 1080,1765 1019,1765 1015,1761 957,1762 957,1761 957,1760 956,1760 945,1760 943,1757 943,1750 943,1750 945,1750 946,1749 945,1693 946,1693 952,1693 952,1692 952,1690 955,1688 957,1688 957,1687 957,1662 958,1662 960,1662 960,1661 960,1659 963,1657 970,1657 972,1654 972,1652 973,1652 980,1652 982,1650 985,1649 986,1648 1000,1648 1000,1649 1000,1650 1001,1650 1005,1650 1007,1652 1012,1652 1012,1653 1012,1654 1013,1654 1233,1653 1237,1657 1237,1692 1238,1693 1439,1692 1440,1691 1478,1690 1478,1690 1478,1677 1479,1676 1483,1676 1483,1677 1483,1679 1484,1679 1486,1679 1487,1681 1487,1690 1488,1690 1536,1690 1536,1689 1536,1687 1538,1686 1543,1686 1545,1688 1545,1691 1546,1692 1631,1691 1631,1692 1631,1693 1632,1693 1836,1692 1837,1691 1843,1691 1843,1690 1843,1689 1844,1689 1891,1689 1891,1688 1891,1653 1892,1652 1892,1649 1894,1648 1899,1647 1900,1648 1902,1648 1904,1650 1946,1650 1946,1651 1946,1652 1948,1653 1949,1653 1949,1654 1949,1655 1950,1655 1951,1655 1951,1656 1951,1688 1952,1688 2108,1687 2109,1686 2191,1686 2192,1687 2338,1686 2339,1687 2422,1686 2422,1686 2422,1646 2423,1645 2432,1645 2433,1644 2434,1645 2444,1645 2447,1648 2448,1648 2448,1648 2448,1685 2449,1686 2501,1686 2503,1684 2510,1683 2511,1684 2718,1683 2718,1683 2718,1682 2720,1680 2720,1678 2721,1677 2824,1676 2824,1676 2824,1645 2826,1643 2843,1643 2843,1644 2843,1684 2844,1684 3012,1683 3012,1683 3012,1646 3013,1645 3017,1645 3017,1645 3017,1644 3018,1643 3117,1643 3117,1643 3117,1644 3118,1645 3119,1645 3119,1645 3119,1677 3120,1678 3247,1677 3255,1685 3255,1687 3257,1689 3303,1688 3303,1689 3303,1690 3305,1691 3306,1691 3306,1692 3306,1693 3307,1693 3308,1693 3308,1694 3309,1729 3309,1729 3310,1729 3311,1730 3311,1731 3309,1733 3309,1734 3308,1735 3308,1744 3304,1748 3304,1750 3303,1750 3301,1750 3298,1753 3296,1753 3294,1755 3162,1756 3162,1757 3162,1758 3161,1758 3156,1758 3156,1758 3156,1754 3154,1752 3098,1753 3096,1751 2936,1752 2935,1753 2933,1753 2933,1753 2933,1754 2932,1755 2887,1755 2885,1757 2776,1758 2775,1757 2729,1757 2727,1755 2664,1755 2663,1754 2613,1755 2613,1754 2613,1753 2612,1753 2414,1754 2414,1755 2414,1756 2411,1758 2245,1759 2244,1760 2221,1760 2219,1758 2217,1758 2216,1757 2050,1759 2049,1760 2049,1761 2048,1762 1900,1762 1899,1761 1632,1763 1630,1765 1624,1765 1622,1763 1442,1764 1441,1765 1345,1766 1344,1767 1339,1767 1337,1769 1334,1769 1333,1770 1323,1770 1319,1766 1206,1767 1206,1767 1206,1766 1205,1765 1160,1765 1159,1764 1098,1765 1098,1765 1098,1807 1098,1808"/><TextEquiv><Unicode/></TextEquiv><TextEquiv index="1"><Unicode>ſourire aux malheureux mortels. Nous</Unicode></TextEquiv></TextLine><TextLine id="l11"><Coords points="1675,1962 1674,1961 1674,1920 1673,1920 1572,1921 1571,1922 1474,1922 1474,1923 1474,1962 1474,1962 1348,1963 1347,1963 1347,1923 1346,1922 1141,1923 1140,1922 1137,1922 1136,1921 1136,1920 1135,1919 984,1920 983,1919 981,1920 981,1919 981,1918 980,1918 979,1918 978,1917 975,1917 973,1915 968,1915 966,1913 964,1913 964,1912 964,1910 960,1906 960,1904 958,1903 957,1903 957,1902 957,1900 955,1898 955,1889 953,1887 953,1886 952,1885 951,1858 951,1858 949,1858 948,1857 948,1856 947,1855 946,1855 945,1854 945,1851 946,1851 972,1851 972,1850 972,1848 973,1848 986,1847 986,1847 986,1835 987,1834 988,1834 988,1834 988,1813 989,1812 994,1812 996,1810 998,1810 998,1810 998,1809 999,1808 1098,1808 1098,1808 1098,1809 1099,1810 1100,1810 1100,1810 1100,1848 1101,1849 1211,1848 1211,1848 1211,1846 1213,1844 1218,1844 1218,1844 1218,1848 1219,1849 1247,1849 1248,1850 1442,1848 1442,1848 1442,1832 1444,1830 1495,1830 1495,1830 1495,1811 1496,1810 1507,1810 1509,1812 1511,1812 1512,1814 1512,1823 1514,1825 1514,1829 1515,1829 1516,1829 1516,1830 1516,1846 1517,1846 1674,1845 1674,1844 1674,1812 1675,1812 1677,1812 1679,1810 1686,1810 1686,1809 1686,1808 1687,1808 1694,1808 1696,1810 1696,1813 1698,1815 1698,1847 1699,1848 1877,1847 1877,1846 1877,1810 1880,1808 1887,1808 1889,1806 1892,1806 1893,1805 1900,1804 1903,1808 1903,1824 1905,1826 1905,1844 1906,1844 2057,1843 2058,1842 2133,1842 2133,1841 2133,1808 2134,1808 2138,1808 2143,1803 2147,1803 2147,1802 2147,1801 2148,1801 2149,1801 2150,1800 2159,1800 2159,1800 2159,1803 2160,1804 2436,1802 2437,1801 2444,1801 2445,1800 2453,1800 2455,1802 2455,1838 2456,1839 2508,1839 2509,1840 2663,1839 2664,1839 2676,1839 2678,1841 2928,1840 2928,1839 2928,1812 2931,1809 2931,1808 2932,1808 2933,1808 2935,1805 2935,1803 2938,1801 2940,1801 2940,1800 2940,1798 2943,1796 2967,1796 2969,1798 2969,1801 2970,1801 3096,1801 3096,1801 3096,1836 3097,1837 3236,1836 3236,1835 3236,1824 3237,1824 3239,1824 3241,1826 3241,1829 3242,1830 3254,1830 3254,1830 3254,1836 3255,1837 3257,1837 3260,1840 3260,1841 3261,1842 3299,1841 3301,1843 3306,1843 3308,1846 3308,1848 3309,1848 3311,1848 3311,1849 3312,1884 3312,1884 3314,1884 3315,1885 3315,1887 3314,1887 3310,1887 3310,1888 3310,1904 3309,1904 3305,1904 3303,1906 3301,1906 3301,1907 3301,1908 3300,1908 3299,1908 3299,1909 3299,1910 3298,1910 3283,1910 3281,1908 3279,1908 3278,1907 3157,1908 3155,1906 3150,1906 3149,1905 3110,1906 3109,1905 2861,1906 2861,1907 2861,1911 2860,1911 2859,1911 2859,1912 2859,1916 2857,1918 2857,1922 2856,1922 2855,1922 2855,1923 2855,1925 2849,1930 2847,1930 2847,1931 2847,1932 2846,1932 2739,1933 2739,1934 2739,1935 2738,1935 2735,1935 2735,1935 2735,1919 2734,1918 2701,1918 2701,1918 2701,1916 2700,1915 2698,1915 2696,1913 2690,1913 2690,1913 2690,1909 2689,1908 2526,1909 2525,1910 2524,1910 2523,1911 2372,1912 2371,1913 2362,1913 2362,1914 2362,1915 2361,1915 2360,1915 2359,1916 2354,1917 2352,1915 2347,1915 2346,1914 2145,1915 2143,1917 1920,1918 1920,1919 1920,1920 1919,1920 1797,1921 1795,1923 1791,1923 1790,1922 1689,1923 1689,1923 1689,1961 1689,1962"/><TextEquiv><Unicode/></TextEquiv><TextEquiv index="1"><Unicode>étions près des bords de la mer, &amp; nous</Unicode></TextEquiv></TextLine><TextLine id="l12"><Coords points="3352,2104 3352,2101 3352,2101 2270,2108 2269,2109 2269,2113 2269,2113 2126,2114 2125,2114 2125,2113 2125,2112 1324,2117 1323,2117 1323,2078 1322,2077 1208,2078 1206,2076 1198,2076 1197,2075 1137,2075 1136,2074 1060,2075 1059,2074 949,2075 948,2073 947,2008 947,2008 945,2008 941,2004 941,1998 943,1997 1263,1995 1263,1994 1263,1979 1265,1978 1351,1977 1351,1977 1351,1964 1352,1963 2338,1957 2339,1956 2351,1956 2353,1953 2353,1951 2354,1951 2359,1950 2360,1951 2367,1951 2370,1954 2442,1954 2445,1957 3304,1951 3304,1952 3304,1954 3301,1957 3301,1961 3300,1962 3301,2062 3298,2064 3244,2065 3244,2065 3244,2091 3242,2093 3242,2094 3241,2095 3241,2096 3241,2097 3197,2097 3196,2098 3196,2100 3197,2100 3356,2099 3356,2099 3356,2103 3356,2104 3355,2104 3354,2104 3354,2105 3354,2106"/><TextEquiv><Unicode/></TextEquiv><TextEquiv index="1"><Unicode>nous efforcions de réſiſter au vent qui</Unicode></TextEquiv></TextLine><TextLine id="l13"><Coords points="1851,2273 1849,2271 1846,2271 1844,2269 1842,2269 1841,2268 1841,2230 1840,2230 1584,2232 1583,2233 1573,2233 1571,2231 1564,2231 1563,2230 1508,2230 1508,2231 1508,2273 1508,2273 1490,2273 1489,2273 1489,2231 1488,2230 1379,2231 1377,2233 1278,2234 1277,2235 1265,2235 1264,2236 1256,2236 1251,2231 1110,2232 1110,2232 1110,2263 1110,2264 1108,2264 1106,2262 1104,2262 1103,2261 1029,2261 1027,2260 1027,2232 1026,2231 986,2231 986,2232 986,2235 985,2235 984,2234 976,2235 976,2234 976,2233 975,2233 974,2233 974,2232 974,2216 969,2211 969,2209 965,2205 965,2204 964,2203 964,2194 962,2192 962,2183 961,2183 960,2183 960,2182 959,2173 959,2173 951,2173 950,2172 950,2171 950,2171 949,2171 948,2170 948,2168 947,2167 947,2161 948,2160 948,2158 950,2156 950,2152 951,2152 955,2152 956,2153 1010,2152 1010,2153 1010,2157 1011,2157 1137,2156 1137,2156 1137,2126 1138,2125 1196,2125 1196,2125 1196,2124 1197,2123 1203,2123 1203,2123 1203,2122 1206,2119 1323,2118 1324,2117 1337,2117 1338,2118 1339,2118 1339,2119 1339,2121 1340,2122 1340,2128 1341,2128 1385,2128 1387,2130 1387,2154 1388,2155 1579,2154 1579,2153 1579,2122 1581,2121 1583,2121 1583,2121 1583,2153 1584,2154 1591,2154 1592,2155 1592,2159 1593,2160 1683,2159 1683,2159 1683,2160 1684,2161 1877,2160 1878,2159 1880,2159 1880,2158 1880,2156 1881,2156 1883,2156 1885,2154 1960,2153 1961,2152 2002,2152 2002,2151 2002,2137 2003,2137 2005,2137 2006,2135 2006,2121 2007,2121 2008,2121 2008,2120 2008,2119 2009,2119 2013,2119 2014,2118 2121,2117 2121,2117 2121,2116 2123,2114 2269,2113 2269,2114 2269,2149 2270,2149 2298,2149 2299,2150 2310,2150 2310,2150 2310,2151 2311,2152 2317,2152 2318,2153 2553,2151 2554,2150 2611,2150 2612,2149 2618,2149 2621,2152 2787,2151 2787,2150 2787,2123 2788,2123 2806,2123 2806,2122 2806,2114 2808,2113 2814,2113 2814,2112 2814,2111 2815,2111 2895,2110 2896,2109 2936,2109 2936,2108 2936,2106 2937,2106 2944,2106 2948,2102 2960,2102 2962,2104 2964,2104 2964,2104 2964,2105 2965,2106 2967,2106 2968,2107 3005,2106 3010,2112 3010,2147 3011,2147 3048,2147 3050,2149 3223,2148 3223,2147 3223,2113 3224,2113 3226,2113 3228,2111 3232,2111 3232,2110 3232,2109 3233,2109 3242,2109 3242,2109 3242,2111 3244,2113 3244,2149 3246,2151 3292,2150 3292,2151 3292,2152 3293,2152 3299,2152 3301,2155 3301,2157 3304,2160 3304,2161 3305,2161 3313,2161 3313,2162 3313,2167 3312,2168 3312,2169 3310,2171 3311,2204 3310,2204 3304,2204 3304,2205 3304,2211 3303,2212 3303,2213 3298,2217 3296,2217 3296,2218 3296,2219 3295,2219 3277,2219 3276,2218 3232,2219 3232,2218 3232,2217 3231,2217 2892,2219 2890,2221 2887,2221 2885,2223 2883,2223 2882,2224 2869,2224 2868,2223 2865,2223 2863,2221 2818,2221 2817,2220 2785,2221 2784,2220 2584,2221 2582,2223 2579,2223 2578,2224 2570,2224 2569,2223 2536,2223 2535,2222 2369,2223 2365,2228 2365,2229 2363,2230 2362,2229 2354,2230 2352,2228 2190,2229 2190,2229 2190,2264 2188,2267 2171,2267 2169,2269 2157,2269 2155,2267 2153,2267 2152,2266 2152,2229 2151,2229 1880,2231 1880,2231 1880,2271 1879,2273"/><TextEquiv><Unicode/></TextEquiv><TextEquiv index="1"><Unicode>vouloit nous précipiter au - deſſus de</Unicode></TextEquiv></TextLine><TextLine id="l14"><Coords points="1306,2431 1305,2430 1234,2431 1233,2430 1233,2389 1232,2389 1149,2389 1148,2388 1053,2389 1052,2388 1040,2388 1038,2386 990,2386 988,2384 986,2384 985,2383 974,2384 973,2383 971,2383 971,2382 971,2381 970,2381 969,2381 969,2380 969,2379 968,2379 964,2379 964,2378 964,2374 963,2374 961,2374 959,2371 959,2369 958,2369 955,2369 955,2368 955,2367 953,2365 953,2352 952,2351 951,2331 951,2331 917,2331 916,2330 917,2330 918,2330 919,2329 924,2329 924,2328 924,2319 925,2319 978,2319 978,2318 978,2309 979,2308 979,2307 980,2307 1022,2306 1022,2306 1022,2305 1024,2303 1063,2303 1063,2302 1063,2296 1065,2295 1067,2295 1067,2295 1067,2299 1068,2300 1070,2300 1071,2301 1192,2300 1192,2300 1192,2286 1193,2285 1196,2285 1197,2284 1198,2286 1198,2300 1199,2300 1253,2300 1253,2299 1253,2298 1254,2298 1257,2298 1258,2299 1258,2316 1259,2317 1266,2317 1266,2316 1266,2294 1268,2293 1270,2293 1272,2291 1382,2290 1382,2289 1382,2276 1383,2276 1387,2276 1387,2275 1387,2274 1388,2274 1509,2273 1509,2274 1509,2276 1510,2276 1511,2276 1511,2277 1511,2314 1512,2314 1543,2314 1544,2315 1575,2315 1577,2317 1579,2317 1580,2318 1672,2317 1672,2316 1672,2299 1674,2298 1719,2298 1720,2296 1720,2294 1722,2292 1722,2290 1724,2288 1724,2286 1725,2286 1726,2286 1727,2284 1727,2283 1728,2283 1729,2283 1729,2282 1729,2280 1731,2279 1733,2279 1734,2278 1735,2278 1739,2274 1746,2274 1748,2271 1749,2271 1750,2272 1764,2272 1766,2274 1770,2274 1770,2275 1770,2276 1771,2276 1902,2275 1903,2276 1911,2276 1911,2277 1911,2312 1912,2312 1987,2312 1987,2311 1987,2310 1988,2310 1990,2310 1990,2310 1990,2316 1991,2317 1992,2352 1992,2353 2116,2352 2117,2352 2116,2287 2116,2286 2115,2286 2114,2285 2111,2285 2109,2284 2109,2275 2110,2274 2126,2274 2128,2272 2199,2272 2200,2271 2207,2270 2207,2271 2207,2272 2208,2272 2218,2272 2219,2274 2219,2310 2220,2310 2338,2310 2339,2309 2360,2308 2361,2309 2364,2309 2365,2310 2521,2309 2523,2307 2530,2307 2532,2305 2539,2305 2539,2306 2539,2307 2540,2307 2546,2307 2548,2309 2553,2309 2554,2310 2659,2310 2659,2309 2659,2271 2660,2271 2661,2271 2661,2270 2661,2268 2664,2266 2665,2265 2666,2266 2677,2266 2680,2270 2680,2271 2681,2271 2682,2271 2682,2272 2682,2309 2683,2309 2721,2309 2721,2309 2721,2308 2722,2307 2728,2307 2730,2305 2811,2305 2811,2304 2811,2303 2812,2303 2818,2302 2819,2303 2947,2303 2947,2302 2947,2267 2949,2266 2960,2266 2962,2264 2969,2264 2972,2267 2972,2269 2973,2269 3113,2269 3113,2268 3113,2265 3115,2264 3118,2264 3122,2260 3137,2259 3139,2257 3146,2257 3148,2259 3229,2259 3230,2260 3254,2260 3254,2260 3254,2261 3255,2262 3255,2300 3256,2301 3287,2300 3289,2302 3292,2302 3294,2305 3294,2307 3295,2307 3296,2307 3296,2308 3296,2312 3298,2314 3299,2358 3303,2362 3303,2370 3301,2371 3297,2371 3296,2370 3064,2372 3062,2374 3057,2374 3055,2376 3050,2376 3050,2375 3050,2374 3049,2374 2884,2375 2883,2376 2837,2376 2837,2377 2837,2411 2836,2412 2829,2412 2828,2412 2828,2411 2828,2410 2824,2410 2823,2410 2823,2377 2822,2376 2669,2377 2667,2379 2666,2379 2665,2378 2551,2379 2551,2379 2551,2378 2550,2377 2518,2377 2517,2376 2363,2377 2361,2379 2274,2380 2273,2381 2271,2381 2269,2383 2262,2383 2261,2384 2248,2384 2247,2383 2246,2383 2245,2382 2136,2383 2136,2383 2136,2422 2136,2423 2122,2423 2121,2423 2121,2384 2120,2383 1899,2385 1898,2386 1765,2386 1764,2385 1643,2386 1643,2387 1643,2388 1642,2388 1640,2388 1639,2389 1624,2389 1623,2388 1616,2388 1614,2386 1612,2386 1611,2385 1580,2386 1578,2384 1378,2385 1375,2388 1328,2388 1328,2389 1328,2429 1326,2431"/><TextEquiv><Unicode/></TextEquiv><TextEquiv index="1"><Unicode>cette plaine ſalée. Nous avions beſoin</Unicode></TextEquiv></TextLine><TextLine id="l15"><Coords points="3176,2570 3175,2570 3175,2526 3174,2525 3031,2526 3030,2527 3014,2527 3012,2529 2763,2531 2762,2532 2711,2532 2711,2533 2711,2534 2710,2534 2709,2534 2709,2535 2709,2536 2708,2536 2706,2536 2705,2537 2627,2538 2626,2539 2623,2539 2623,2538 2623,2536 2622,2535 2622,2531 2621,2531 2460,2532 2460,2532 2460,2534 2457,2537 2438,2537 2437,2536 2435,2536 2434,2535 2269,2536 2182,2537 2180,2539 2169,2539 2168,2538 1921,2539 1865,2540 1864,2541 1855,2541 1853,2539 1843,2539 1839,2535 1681,2536 1680,2537 1678,2537 1676,2539 1578,2540 1578,2540 1578,2550 1577,2551 1576,2551 1576,2551 1576,2552 1575,2553 1574,2553 1574,2553 1574,2555 1573,2556 1573,2558 1569,2562 1569,2565 1568,2567 1565,2567 1564,2568 1562,2568 1558,2572 1543,2572 1542,2571 1542,2543 1541,2543 1470,2543 1469,2542 1297,2543 1297,2544 1297,2548 1296,2548 1292,2548 1291,2547 1169,2548 1168,2547 1168,2544 1167,2543 1053,2544 1052,2543 999,2543 996,2540 973,2541 971,2539 962,2539 962,2538 962,2537 961,2537 960,2537 960,2536 960,2534 957,2531 957,2529 956,2529 952,2529 952,2528 952,2527 951,2527 950,2527 950,2526 950,2524 949,2524 947,2524 945,2521 945,2489 944,2489 936,2489 936,2488 936,2486 936,2486 937,2486 938,2485 937,2483 938,2482 938,2479 940,2477 940,2475 941,2475 959,2475 959,2474 959,2472 960,2472 972,2472 974,2470 988,2469 988,2469 988,2432 989,2431 1012,2431 1014,2434 1014,2455 1015,2456 1015,2460 1016,2460 1045,2460 1045,2461 1045,2472 1046,2472 1072,2472 1074,2474 1076,2474 1077,2475 1080,2475 1081,2476 1229,2475 1229,2474 1229,2432 1230,2432 1232,2432 1233,2431 1248,2431 1249,2432 1250,2432 1253,2435 1253,2472 1254,2473 1419,2472 1421,2470 1430,2470 1431,2469 1433,2469 1433,2468 1433,2465 1434,2465 1436,2465 1438,2467 1440,2467 1441,2468 1602,2466 1602,2466 1602,2464 1603,2463 1659,2463 1659,2463 1659,2449 1660,2448 1660,2446 1662,2444 1662,2442 1663,2441 1664,2441 1664,2441 1664,2439 1667,2436 1667,2434 1669,2432 1671,2432 1672,2431 1679,2431 1679,2430 1679,2429 1680,2429 1691,2429 1693,2431 1700,2431 1700,2431 1700,2433 1703,2436 1712,2436 1712,2436 1712,2469 1713,2470 1884,2469 1884,2468 1884,2438 1886,2436 1886,2432 1887,2432 1889,2432 1890,2431 1892,2431 1892,2430 1892,2428 1894,2427 1902,2426 1903,2427 1913,2427 1913,2428 1913,2429 1914,2429 1964,2429 1965,2430 2118,2429 2118,2429 2118,2425 2119,2424 2121,2424 2122,2423 2137,2423 2137,2423 2137,2459 2138,2460 2173,2460 2173,2460 2173,2461 2175,2463 2333,2462 2333,2461 2333,2429 2334,2429 2336,2429 2338,2427 2341,2427 2342,2426 2353,2426 2353,2426 2353,2463 2354,2464 2454,2463 2456,2465 2628,2464 2628,2463 2628,2426 2629,2426 2636,2426 2638,2424 2640,2424 2642,2422 2647,2422 2647,2422 2647,2424 2649,2426 2649,2463 2650,2464 2816,2463 2816,2462 2816,2422 2817,2422 2819,2421 2820,2422 2854,2422 2854,2423 2854,2458 2855,2458 3032,2457 3034,2455 3074,2455 3074,2454 3074,2451 3075,2451 3077,2451 3077,2451 3077,2452 3078,2453 3079,2453 3079,2453 3079,2454 3080,2455 3082,2455 3083,2456 3083,2457 3084,2458 3236,2457 3237,2455 3237,2453 3238,2453 3239,2453 3239,2452 3239,2427 3240,2427 3244,2427 3244,2427 3244,2431 3245,2432 3249,2432 3249,2432 3249,2446 3251,2448 3251,2454 3252,2455 3253,2455 3253,2455 3253,2456 3254,2457 3298,2456 3299,2458 3299,2460 3300,2460 3301,2460 3301,2461 3301,2462 3302,2462 3304,2462 3304,2463 3304,2466 3306,2468 3307,2498 3307,2498 3310,2498 3311,2499 3311,2506 3310,2506 3308,2506 3308,2507 3308,2508 3307,2508 3305,2508 3304,2510 3304,2518 3303,2519 3303,2520 3302,2520 3301,2520 3301,2521 3301,2522 3300,2522 3299,2522 3299,2523 3299,2524 3298,2524 3296,2524 3295,2525 3286,2525 3284,2527 3242,2528 3241,2529 3231,2529 3227,2525 3188,2525 3188,2526 3188,2570 3188,2570"/><TextEquiv><Unicode/></TextEquiv><TextEquiv index="1"><Unicode>de vivres; &amp; c'étoit chez les hommes</Unicode></TextEquiv></TextLine><TextLine id="l16"><Coords points="2390,2733 2389,2732 2387,2732 2386,2732 2386,2694 2385,2693 2275,2694 2272,2691 2031,2693 2030,2694 2028,2694 2028,2694 2028,2695 2026,2697 2025,2697 2025,2697 2025,2698 2024,2699 2022,2699 2020,2701 2018,2701 2017,2702 2015,2702 2013,2704 1997,2704 1997,2703 1997,2702 1996,2702 1994,2702 1991,2699 1989,2699 1989,2698 1989,2696 1988,2696 1812,2697 1811,2696 1640,2697 1638,2699 1629,2699 1629,2699 1629,2698 1628,2697 1626,2697 1625,2696 1473,2697 1472,2696 1378,2697 1377,2696 1237,2697 1237,2697 1237,2739 1237,2740 1230,2740 1229,2739 1229,2697 1228,2697 1158,2697 1158,2698 1158,2699 1157,2699 1027,2700 1027,2701 1027,2735 1027,2735 998,2735 996,2737 988,2737 987,2736 986,2736 984,2735 984,2696 983,2696 980,2696 978,2694 961,2694 955,2687 955,2685 952,2682 952,2680 951,2680 950,2680 948,2677 948,2670 947,2669 947,2658 948,2657 948,2644 948,2644 949,2644 950,2643 950,2642 950,2642 951,2642 952,2641 952,2639 956,2635 959,2635 960,2634 962,2634 962,2633 962,2632 963,2632 965,2632 965,2631 965,2628 967,2626 967,2625 968,2625 969,2625 969,2624 969,2623 970,2623 1022,2622 1022,2622 1022,2599 1024,2597 1112,2597 1112,2596 1112,2594 1113,2594 1115,2594 1115,2593 1115,2589 1116,2589 1117,2589 1117,2588 1117,2587 1118,2587 1122,2587 1122,2586 1122,2582 1123,2582 1125,2582 1125,2582 1125,2584 1126,2585 1172,2584 1175,2587 1329,2586 1330,2585 1425,2585 1426,2584 1581,2583 1582,2582 1596,2582 1597,2583 1597,2620 1598,2620 1712,2620 1712,2619 1712,2615 1713,2615 1758,2614 1758,2614 1758,2589 1760,2587 1762,2587 1764,2585 1891,2585 1894,2582 1899,2582 1901,2580 1920,2579 1923,2582 1925,2582 1925,2583 1925,2587 1926,2587 1927,2587 1927,2588 1927,2622 1928,2622 2083,2621 2084,2620 2166,2620 2166,2619 2166,2584 2167,2584 2169,2584 2171,2582 2178,2582 2178,2581 2178,2580 2179,2580 2186,2580 2188,2582 2188,2593 2189,2594 2190,2594 2190,2594 2190,2616 2191,2617 2287,2616 2291,2620 2293,2620 2294,2621 2369,2620 2369,2620 2369,2593 2370,2592 2372,2592 2372,2593 2372,2620 2373,2620 2493,2620 2493,2619 2493,2618 2494,2618 2501,2618 2503,2616 2514,2615 2515,2616 2712,2615 2714,2613 2720,2613 2720,2614 2720,2617 2721,2617 3115,2615 3115,2614 3115,2613 3116,2613 3160,2612 3160,2612 3160,2578 3161,2577 3172,2577 3172,2577 3172,2573 3175,2570 3189,2570 3189,2571 3189,2603 3190,2603 3246,2603 3246,2603 3246,2612 3248,2614 3249,2648 3249,2649 3278,2648 3279,2649 3282,2649 3284,2651 3293,2651 3294,2652 3294,2659 3294,2659 3303,2659 3304,2660 3304,2670 3303,2670 3299,2670 3299,2671 3299,2692 3296,2695 3296,2697 3295,2697 3294,2697 3294,2698 3294,2699 3293,2699 3289,2699 3284,2704 3278,2704 3277,2703 3268,2704 3268,2703 3268,2687 3267,2687 3086,2688 3086,2688 3086,2705 3085,2706 3081,2706 3081,2705 3081,2688 3080,2688 3048,2688 3048,2688 3048,2689 3045,2692 3038,2692 3038,2692 3038,2690 3037,2689 2973,2689 2972,2688 2810,2690 2808,2692 2785,2692 2782,2689 2451,2691 2451,2691 2451,2732 2451,2733"/><TextEquiv><Unicode/></TextEquiv><TextEquiv index="1"><Unicode>qu'il falloit deſcendre pour en avoir,</Unicode></TextEquiv></TextLine><TextLine id="l17"><Coords points="2260,2893 2259,2893 2259,2889 2259,2888 944,2897 943,2896 943,2893 943,2893 942,2893 940,2891 940,2889 934,2883 935,2882 935,2874 936,2873 936,2866 936,2866 937,2866 938,2865 938,2864 938,2864 939,2864 940,2863 939,2788 940,2788 943,2788 943,2787 943,2785 944,2785 945,2785 945,2784 945,2782 947,2781 960,2781 961,2780 1039,2779 1039,2779 1039,2747 1042,2744 1046,2744 1046,2744 1046,2743 1047,2742 1229,2741 1230,2740 2501,2732 2501,2731 2501,2730 2502,2730 2504,2730 2508,2726 2530,2725 2530,2726 2530,2728 2531,2728 2573,2728 2573,2729 2573,2741 2575,2743 2575,2756 2576,2756 2848,2754 2849,2756 2850,2786 2850,2786 3023,2785 3024,2786 3024,2790 3023,2790 2850,2791 2850,2792 2850,2844 2850,2844 2985,2843 2986,2844 2986,2845 2985,2845 2596,2848 2596,2848 2596,2849 2595,2850 2300,2852 2300,2852 2300,2887 2298,2890 2277,2890 2275,2892 2267,2892 2266,2893"/><TextEquiv><Unicode/></TextEquiv><TextEquiv index="1"><Unicode>plutôt que chez les poiſſons.</Unicode></TextEquiv></TextLine><TextLine id="l18"><Coords points="1837,3041 1836,3040 1836,3010 1835,3010 1752,3010 1751,3009 1679,3010 1678,3009 1485,3010 1484,3009 1259,3011 1258,3012 1253,3012 1251,3010 1186,3010 1185,3009 1103,3010 1102,3009 1097,3009 1094,3005 1094,3000 1094,2999 1097,2996 1111,2996 1112,2995 1111,2919 1111,2919 1108,2919 1106,2917 1102,2917 1101,2916 1101,2914 1094,2907 1094,2901 1098,2898 1192,2897 1193,2898 1207,2898 1211,2902 1213,2902 1213,2903 1213,2937 1214,2937 1373,2936 1373,2935 1373,2928 1374,2928 1500,2927 1500,2927 1500,2922 1501,2921 1505,2921 1505,2921 1505,2904 1507,2902 1514,2902 1514,2902 1514,2901 1515,2900 1516,2900 1516,2900 1516,2898 1517,2897 1636,2896 1637,2895 1643,2895 1645,2893 1663,2893 1665,2895 1669,2895 1669,2896 1669,2900 1671,2902 1671,2905 1672,2906 1672,2907 1673,2907 1674,2907 1674,2907 1674,2938 1675,2939 1798,2938 1798,2938 1798,2930 1799,2929 1837,2929 1838,2928 1853,2928 1853,2927 1853,2899 1855,2898 1959,2897 1961,2895 1970,2895 1970,2896 1970,2898 1975,2903 1975,2905 1977,2906 2107,2905 2107,2906 2107,2935 2108,2935 2283,2934 2284,2933 2331,2933 2331,2932 2331,2931 2332,2931 2378,2930 2379,2929 2542,2928 2542,2928 2542,2919 2544,2917 2544,2908 2545,2907 2546,2907 2548,2905 2548,2903 2549,2902 2551,2902 2551,2902 2551,2901 2552,2900 2553,2900 2556,2897 2558,2897 2558,2897 2558,2896 2559,2895 2563,2895 2563,2895 2563,2893 2564,2892 2599,2892 2599,2891 2599,2890 2600,2890 2609,2890 2611,2888 2626,2888 2628,2890 2782,2889 2783,2888 2785,2888 2787,2886 2788,2886 2789,2885 2793,2885 2795,2883 2799,2883 2799,2882 2799,2881 2801,2880 2802,2880 2803,2879 2804,2880 2804,2882 2805,2883 2807,2883 2810,2886 3036,2884 3037,2883 3041,2883 3043,2881 3045,2881 3046,2880 3046,2879 3047,2878 3057,2878 3057,2878 3057,2879 3058,2880 3058,2917 3059,2918 3250,2917 3254,2921 3265,2921 3265,2921 3265,2925 3268,2928 3268,2930 3269,2931 3269,2933 3272,2935 3272,2943 3272,2944 3300,2943 3301,2944 3301,2945 3303,2947 3310,2947 3311,2948 3311,2950 3310,2950 3306,2950 3306,2951 3306,2959 3305,2959 3304,2959 3304,2960 3304,2962 3301,2965 3301,2967 3300,2967 3272,2968 3272,2968 3272,2985 3271,2986 3270,2986 3270,2986 3270,2987 3269,2988 3267,2988 3265,2990 3263,2990 3260,2993 3258,2993 3258,2993 3258,2995 3256,2997 3254,2997 3252,2995 3146,2995 3146,2996 3146,3014 3146,3014 3144,3014 3143,3014 3143,2995 3142,2994 3024,2995 3024,2996 3024,3026 3024,3026 3023,3026 3022,3027 3017,3027 3015,3029 3008,3029 3007,3029 3007,2996 3006,2995 2911,2996 2911,2996 2911,2998 2909,3000 2878,3000 2877,2999 2721,3000 2721,3001 2721,3002 2720,3002 2718,3002 2717,3003 2708,3003 2706,3005 2701,3005 2700,3004 2644,3005 2642,3003 2635,3003 2634,3002 2493,3003 2492,3002 2301,3003 2299,3005 2297,3005 2295,3007 2288,3007 2287,3006 2127,3007 2122,3002 1938,3003 1937,3005 1937,3007 1936,3007 1932,3007 1930,3009 1929,3009 1928,3010 1841,3011 1841,3011 1841,3040 1841,3041"/><TextEquiv><Unicode/></TextEquiv><TextEquiv index="1"><Unicode>Nous deſcendîmes en effet ſur Notre-</Unicode></TextEquiv></TextLine><TextLine id="l19"><Coords points="2060,3206 2059,3206 2059,3162 2058,3161 2015,3162 2014,3163 2012,3163 2010,3165 1942,3165 1942,3166 1942,3207 1942,3207 1910,3207 1909,3206 1907,3206 1906,3206 1906,3166 1905,3165 1863,3166 1862,3167 1813,3167 1812,3169 1803,3169 1800,3167 1793,3167 1791,3165 1788,3165 1786,3163 1784,3163 1783,3162 1685,3163 1684,3164 1684,3166 1683,3167 1667,3167 1667,3168 1667,3209 1667,3209 1653,3209 1652,3209 1652,3166 1651,3165 1600,3165 1599,3164 1570,3165 1483,3165 1483,3166 1483,3167 1482,3167 1456,3167 1455,3166 1408,3167 1406,3165 1375,3165 1373,3163 1370,3163 1367,3160 1306,3160 1303,3163 1300,3163 1299,3165 1299,3167 1298,3167 1293,3167 1292,3168 1280,3169 1279,3170 1277,3170 1277,3170 1277,3209 1277,3210 1265,3210 1264,3209 1264,3165 1263,3165 1191,3165 1189,3163 1118,3164 1115,3167 1107,3167 1105,3165 1079,3165 1079,3164 1079,3163 1078,3163 1039,3163 1039,3164 1039,3199 1038,3200 1036,3199 1036,3164 1035,3163 992,3163 990,3165 982,3166 981,3167 957,3167 955,3169 950,3169 949,3170 941,3170 941,3169 941,3168 940,3167 940,3165 939,3165 935,3165 934,3163 934,3160 933,3159 933,3155 933,3155 935,3155 936,3154 936,3153 936,3153 947,3153 948,3152 948,3150 948,3150 952,3150 953,3149 952,3075 952,3075 944,3075 943,3074 943,3072 943,3072 939,3072 936,3069 936,3052 938,3051 954,3051 955,3050 1014,3049 1014,3049 1014,3047 1015,3046 1020,3046 1022,3049 1022,3055 1023,3055 1024,3055 1024,3056 1024,3057 1025,3057 1055,3057 1055,3058 1055,3070 1056,3070 1063,3070 1063,3070 1063,3093 1064,3094 1233,3093 1234,3091 1234,3088 1235,3088 1237,3088 1237,3088 1238,3095 1238,3096 1294,3095 1295,3096 1303,3096 1304,3097 1304,3106 1304,3106 1365,3106 1366,3105 1367,3105 1368,3105 1368,3104 1368,3103 1372,3103 1374,3101 1377,3101 1380,3098 1384,3098 1385,3097 1385,3096 1385,3096 1388,3096 1390,3094 1397,3094 1397,3093 1397,3059 1400,3057 1402,3057 1402,3056 1402,3055 1403,3055 1409,3055 1411,3053 1419,3053 1421,3055 1422,3094 1422,3095 1474,3094 1476,3096 1477,3096 1478,3097 1478,3098 1478,3098 1479,3098 1480,3099 1480,3100 1480,3100 1484,3100 1487,3103 1489,3103 1490,3104 1490,3105 1490,3105 1536,3105 1537,3104 1536,3056 1542,3051 1556,3051 1558,3053 1564,3053 1564,3053 1564,3054 1565,3055 1569,3055 1571,3057 1593,3057 1593,3057 1593,3064 1595,3066 1595,3068 1595,3069 1578,3069 1577,3069 1578,3125 1578,3126 1640,3125 1641,3125 1641,3115 1645,3111 1645,3109 1646,3107 1648,3107 1652,3104 1652,3102 1652,3101 1656,3101 1659,3099 1659,3097 1659,3096 1668,3096 1670,3094 1687,3094 1688,3093 1687,3091 1688,3091 1706,3091 1708,3089 1710,3089 1711,3090 1762,3089 1767,3094 1843,3094 1844,3093 1843,3090 1844,3089 1844,3088 1847,3086 1873,3086 1873,3085 1873,3061 1875,3060 1899,3060 1899,3059 1899,3052 1901,3051 1902,3051 1903,3052 1903,3091 1904,3091 1958,3091 1960,3093 1964,3093 1965,3094 1968,3094 1970,3096 1981,3096 1982,3096 1982,3131 1982,3132 2011,3132 2015,3135 2015,3136 2015,3137 2016,3137 2020,3140 2020,3152 2020,3153 2081,3152 2082,3151 2093,3151 2094,3151 2093,3080 2093,3079 2058,3079 2056,3078 2056,3053 2058,3051 2059,3051 2060,3050 2138,3050 2140,3048 2152,3048 2152,3048 2152,3049 2153,3050 2154,3050 2157,3053 2157,3062 2159,3064 2160,3092 2160,3093 2197,3093 2199,3091 2201,3091 2203,3089 2207,3089 2209,3090 2210,3090 2211,3091 2278,3091 2278,3091 2278,3089 2279,3088 2304,3088 2307,3091 2419,3090 2419,3090 2419,3049 2420,3048 2424,3048 2424,3048 2424,3047 2425,3046 2429,3046 2430,3045 2432,3045 2434,3043 2437,3043 2438,3044 2438,3045 2439,3046 2439,3048 2441,3050 2441,3074 2443,3076 2443,3087 2444,3088 2502,3088 2503,3089 2562,3088 2565,3091 2565,3093 2565,3093 2567,3093 2568,3094 2631,3094 2632,3093 2632,3091 2632,3091 2636,3091 2638,3089 2640,3089 2641,3088 2658,3088 2658,3087 2658,3050 2659,3050 2666,3050 2668,3047 2670,3047 2671,3046 2732,3046 2733,3045 2739,3045 2740,3046 2741,3046 2744,3049 2744,3088 2745,3089 2798,3089 2799,3088 2860,3087 2861,3086 2897,3086 2898,3084 2898,3083 2900,3082 2921,3082 2921,3081 2921,3079 2924,3077 2936,3077 2936,3077 2936,3078 2937,3079 2938,3079 2938,3079 2938,3082 2939,3083 3050,3082 3050,3081 3050,3058 3051,3058 3052,3058 3052,3057 3052,3051 3053,3050 3053,3048 3054,3048 3057,3048 3057,3047 3057,3045 3060,3043 3062,3043 3062,3042 3062,3041 3063,3041 3064,3041 3064,3040 3064,3039 3066,3038 3086,3038 3089,3041 3091,3041 3091,3041 3091,3042 3092,3043 3096,3043 3096,3043 3096,3048 3098,3050 3098,3064 3099,3065 3170,3064 3170,3064 3170,3044 3171,3043 3172,3043 3172,3043 3172,3042 3173,3041 3177,3041 3179,3039 3181,3039 3182,3038 3187,3038 3189,3041 3189,3043 3190,3043 3237,3043 3241,3047 3241,3061 3242,3062 3244,3062 3244,3062 3244,3066 3245,3067 3246,3067 3246,3067 3246,3071 3247,3072 3249,3072 3251,3074 3251,3076 3252,3077 3289,3076 3290,3077 3307,3077 3308,3079 3308,3081 3310,3083 3309,3084 3309,3085 3308,3086 3301,3086 3300,3087 3301,3098 3300,3098 3299,3098 3299,3099 3299,3136 3296,3139 3296,3142 3292,3146 3292,3148 3291,3148 3243,3149 3241,3151 3224,3151 3223,3150 3217,3150 3217,3149 3217,3148 3216,3148 3165,3148 3165,3148 3165,3146 3163,3144 3076,3145 3075,3146 3071,3146 3069,3148 3064,3148 3062,3146 2993,3146 2993,3147 2993,3148 2992,3148 2991,3148 2991,3149 2991,3150 2989,3151 2987,3151 2985,3153 2948,3154 2948,3154 2948,3161 2946,3163 2942,3163 2942,3163 2942,3166 2941,3167 2941,3168 2940,3169 2940,3171 2940,3172 2937,3172 2936,3171 2936,3155 2935,3155 2881,3155 2880,3156 2862,3156 2861,3155 2797,3156 2797,3156 2797,3157 2795,3159 2795,3161 2794,3162 2786,3162 2785,3160 2785,3158 2784,3158 2669,3158 2668,3157 2635,3158 2635,3157 2635,3156 2634,3156 2632,3156 2629,3153 2567,3153 2565,3155 2563,3155 2563,3156 2563,3158 2560,3160 2536,3160 2535,3159 2476,3160 2474,3158 2472,3158 2470,3156 2461,3156 2461,3156 2461,3201 2461,3202 2456,3202 2455,3201 2455,3156 2454,3156 2374,3156 2374,3157 2374,3180 2371,3183 2371,3192 2370,3193 2369,3193 2367,3192 2367,3183 2367,3182 2366,3182 2365,3182 2365,3162 2364,3161 2338,3162 2338,3161 2338,3160 2337,3160 2333,3160 2331,3158 2326,3158 2326,3158 2326,3202 2326,3203 2317,3203 2315,3201 2315,3158 2314,3158 2269,3158 2269,3159 2269,3160 2268,3160 2260,3160 2260,3161 2260,3194 2260,3194 2259,3194 2257,3196 2251,3196 2250,3196 2250,3161 2249,3160 2210,3160 2209,3161 2202,3162 2201,3163 2195,3163 2194,3162 2133,3162 2130,3165 2114,3165 2114,3165 2114,3164 2113,3163 2070,3163 2070,3164 2070,3206 2070,3206"/><TextEquiv><Unicode/></TextEquiv><TextEquiv index="1"><Unicode>Dame de Lorette. Tous les dévots &amp; les</Unicode></TextEquiv></TextLine><TextLine id="l20"><Coords points="2523,3359 2522,3358 2046,3362 2045,3361 2040,3361 2039,3360 1025,3366 1024,3365 944,3366 940,3362 940,3267 938,3265 938,3255 940,3253 949,3253 950,3252 950,3251 950,3251 983,3251 985,3249 999,3248 1000,3248 999,3247 1000,3246 1055,3246 1055,3246 1055,3242 1057,3240 1057,3226 1058,3225 1058,3216 1059,3215 1060,3215 1060,3215 1060,3213 1063,3210 1119,3210 1120,3211 2462,3202 2463,3203 3029,3199 3029,3200 3029,3201 3030,3201 3082,3201 3082,3201 3082,3206 3083,3207 3245,3206 3246,3207 3246,3210 3248,3212 3248,3214 3249,3215 3249,3220 3251,3222 3251,3226 3252,3227 3253,3227 3253,3227 3254,3242 3255,3243 3255,3247 3256,3248 3256,3251 3256,3252 3314,3251 3315,3252 3315,3256 3314,3256 3308,3256 3308,3257 3308,3258 3307,3258 3301,3258 3301,3259 3301,3270 3300,3270 3299,3270 3299,3271 3299,3272 3298,3272 3297,3272 3296,3273 3291,3273 3289,3275 3260,3276 3260,3276 3260,3346 3260,3347 2997,3348 2996,3349 2996,3350 2996,3350 2918,3351 2917,3351 2917,3352 2917,3353 2779,3354 2778,3354 2778,3355 2778,3356 2662,3357 2661,3358 2535,3358 2534,3359"/><TextEquiv><Unicode/></TextEquiv><TextEquiv index="1"><Unicode>pélerins étoient à genoux pour nous re-</Unicode></TextEquiv></TextLine><TextLine id="l21"><Coords points="2868,3513 2867,3513 2867,3508 2867,3507 2851,3507 2850,3506 2849,3506 2847,3505 2847,3494 2847,3493 2669,3494 2568,3495 2566,3497 2487,3498 2486,3498 2486,3515 2486,3516 2463,3516 2462,3515 2456,3515 2455,3514 2455,3474 2455,3474 2055,3477 2054,3478 1811,3479 1810,3480 1810,3517 1810,3517 1629,3518 1628,3518 1628,3476 1628,3475 1449,3476 1447,3475 1199,3477 1198,3478 1114,3479 1111,3482 1109,3482 1108,3482 1108,3518 1108,3519 1097,3519 1096,3518 1096,3480 1096,3480 1037,3480 1036,3480 1036,3479 1036,3478 1029,3478 1025,3475 972,3476 971,3475 964,3475 964,3474 964,3473 963,3473 957,3473 957,3472 957,3471 956,3471 952,3471 950,3469 947,3469 947,3468 947,3467 945,3465 945,3463 943,3461 943,3456 940,3454 936,3454 936,3453 936,3451 933,3448 933,3447 932,3447 931,3447 931,3446 931,3444 929,3442 929,3427 931,3425 931,3423 931,3423 935,3423 937,3421 942,3421 943,3420 945,3420 949,3416 952,3416 953,3415 953,3413 953,3413 954,3413 955,3412 955,3411 955,3411 959,3411 960,3410 962,3408 962,3406 962,3406 1024,3405 1025,3405 1024,3367 1025,3366 1091,3366 1092,3365 1250,3364 1251,3363 1261,3363 1262,3364 1380,3363 1380,3362 1380,3351 1381,3351 1387,3351 1387,3351 1387,3362 1388,3363 1617,3361 1619,3359 1629,3359 1629,3360 1629,3361 1630,3361 1631,3361 1632,3362 1830,3361 1832,3363 2198,3361 2199,3359 2199,3356 2200,3356 2330,3355 2331,3354 2334,3354 2334,3354 2334,3356 2337,3359 2364,3358 2365,3359 2367,3359 2367,3360 2367,3361 2368,3361 2389,3361 2391,3363 2396,3363 2397,3364 2407,3364 2408,3366 2408,3384 2409,3384 2658,3383 2658,3382 2658,3358 2659,3358 2768,3357 2769,3356 2857,3355 2858,3354 2902,3354 2903,3353 2986,3352 2987,3351 2988,3351 2989,3350 2997,3350 2998,3352 2998,3354 2999,3354 3000,3354 3000,3355 3000,3372 3001,3372 3242,3371 3242,3370 3242,3347 3243,3347 3260,3347 3260,3347 3260,3379 3261,3380 3281,3379 3282,3380 3290,3380 3291,3382 3291,3389 3292,3389 3300,3389 3303,3393 3304,3437 3304,3437 3310,3437 3311,3438 3311,3444 3310,3444 3304,3444 3304,3445 3304,3449 3303,3450 3303,3452 3302,3452 3301,3452 3301,3453 3301,3457 3300,3457 3273,3458 3273,3458 3273,3499 3273,3500 3264,3500 3263,3499 3263,3463 3262,3463 2997,3464 2995,3467 2995,3473 2995,3473 2966,3474 2965,3474 2965,3509 2965,3510 2951,3510 2950,3511 2872,3511 2871,3512 2870,3512 2869,3513"/><TextEquiv><Unicode/></TextEquiv><TextEquiv index="1"><Unicode>cevoir. L'hiſtoire de S. Bruno, qui avoit</Unicode></TextEquiv></TextLine><TextLine id="l22"><Coords points="1173,3683 1172,3683 1172,3679 1172,3678 1155,3678 1153,3676 1149,3676 1148,3676 1148,3675 1148,3674 1145,3674 1142,3671 1135,3672 1132,3669 1044,3669 1043,3669 1043,3634 1043,3633 992,3633 991,3632 989,3632 988,3632 988,3631 988,3631 965,3631 962,3629 952,3629 947,3623 947,3621 946,3621 945,3621 945,3620 945,3619 944,3619 940,3619 940,3618 940,3614 939,3614 938,3614 938,3613 938,3604 936,3602 936,3578 936,3578 938,3578 940,3576 940,3574 940,3574 942,3574 949,3567 951,3567 952,3566 956,3566 957,3565 957,3562 957,3562 958,3562 959,3561 977,3561 978,3560 977,3527 984,3521 992,3520 993,3519 1003,3519 1004,3518 1007,3518 1008,3519 1109,3519 1110,3520 3190,3506 3192,3504 3261,3504 3261,3503 3261,3501 3263,3500 3273,3500 3273,3500 3273,3502 3275,3504 3275,3508 3276,3509 3278,3509 3279,3510 3279,3513 3282,3516 3282,3519 3284,3521 3284,3540 3285,3540 3292,3540 3292,3541 3292,3542 3293,3543 3293,3545 3294,3545 3295,3545 3295,3546 3296,3550 3297,3551 3297,3553 3301,3557 3301,3586 3301,3586 3303,3586 3304,3587 3304,3590 3303,3591 3303,3601 3301,3603 3301,3605 3298,3607 3296,3607 3294,3609 3274,3610 3274,3610 3274,3653 3274,3654 3263,3654 3262,3655 2463,3660 2462,3660 2462,3671 2462,3672 1176,3680 1175,3681 1175,3683 1175,3683"/><TextEquiv><Unicode/></TextEquiv><TextEquiv index="1"><Unicode>daigné deſcendre du Ciel, étoit déjà</Unicode></TextEquiv></TextLine><TextLine id="l23"><Coords points="2082,3831 2080,3829 2079,3829 2078,3829 2078,3828 2076,3826 2076,3791 2076,3790 1993,3791 1992,3790 1809,3791 1808,3790 1618,3791 1617,3790 1524,3791 1523,3792 1523,3828 1522,3829 1519,3829 1517,3828 1517,3792 1517,3791 1266,3793 1265,3794 1240,3794 1239,3795 1176,3795 1175,3796 980,3798 979,3798 979,3830 979,3831 961,3831 960,3832 936,3832 935,3831 933,3831 929,3827 929,3823 931,3821 931,3817 933,3815 933,3722 933,3722 935,3722 936,3721 936,3719 936,3719 945,3719 947,3717 975,3717 976,3716 976,3715 976,3715 1036,3714 1037,3714 1036,3691 1037,3690 1039,3690 1041,3688 1041,3687 1042,3686 1051,3686 1054,3689 1251,3688 1251,3688 1251,3690 1252,3691 1259,3691 1260,3692 1261,3714 1261,3715 1610,3712 1611,3712 1610,3684 1611,3683 1612,3683 1612,3683 1612,3682 1613,3681 1619,3681 1619,3681 1619,3679 1621,3677 1632,3677 1635,3681 1635,3683 1636,3683 1672,3683 1673,3684 1674,3684 1674,3685 1675,3714 1675,3714 1754,3713 1755,3714 1826,3714 1827,3715 1827,3716 1827,3716 2168,3714 2169,3713 2169,3712 2169,3712 2197,3712 2199,3710 2201,3710 2204,3707 2223,3706 2224,3706 2223,3682 2224,3681 2393,3680 2393,3680 2393,3675 2394,3674 2403,3674 2405,3672 2751,3670 2752,3669 2756,3669 2756,3668 2756,3667 2757,3667 2947,3666 2948,3665 3189,3663 3189,3663 3189,3656 3190,3655 3262,3655 3263,3654 3275,3654 3276,3655 3277,3655 3277,3655 3277,3659 3280,3662 3280,3666 3281,3666 3282,3666 3282,3667 3282,3670 3284,3672 3284,3674 3287,3677 3287,3695 3288,3695 3291,3695 3293,3698 3294,3700 3294,3700 3296,3700 3299,3703 3299,3705 3299,3705 3300,3705 3301,3706 3301,3743 3301,3743 3303,3743 3304,3744 3304,3746 3304,3746 3305,3746 3306,3747 3306,3757 3305,3757 3303,3757 3303,3758 3303,3760 3302,3760 3301,3760 3301,3761 3301,3762 3300,3762 3298,3762 3296,3764 3238,3765 3236,3767 3206,3767 3206,3767 3206,3768 3205,3769 3153,3769 3152,3770 3148,3770 3148,3771 3148,3772 3147,3772 3141,3772 3141,3773 3141,3774 3140,3774 3139,3774 3139,3775 3139,3776 3139,3776 3063,3777 3062,3777 3062,3778 3062,3779 2777,3781 2776,3782 2530,3783 2529,3784 2367,3785 2366,3786 2366,3827 2366,3827 2196,3829 2195,3830 2115,3830 2114,3831"/><TextEquiv><Unicode/></TextEquiv><TextEquiv index="1"><Unicode>parvenue dans ce pays-là. „Oh! voilà</Unicode></TextEquiv></TextLine><TextLine id="l24"><Coords points="1677,3989 1676,3988 1513,3989 1512,3989 1512,3988 1511,3987 1511,3986 1511,3985 1280,3987 1277,3984 1277,3982 1277,3982 1213,3982 1211,3980 962,3982 960,3980 960,3977 960,3977 936,3977 934,3975 934,3876 938,3872 1100,3871 1101,3870 1101,3859 1103,3856 1103,3853 1104,3853 1105,3853 1105,3852 1105,3851 1107,3849 1107,3848 1108,3847 1108,3843 1109,3843 1113,3843 1113,3842 1113,3842 905,3843 903,3842 904,3841 904,3837 905,3836 1131,3835 1134,3832 1144,3831 1145,3832 3174,3819 3174,3819 3174,3816 3175,3815 3182,3815 3187,3810 3191,3810 3191,3811 3191,3813 3193,3815 3193,3822 3194,3823 3194,3827 3195,3827 3249,3827 3249,3827 3249,3829 3253,3833 3253,3838 3255,3840 3255,3845 3256,3846 3258,3846 3258,3846 3258,3847 3259,3848 3259,3849 3260,3850 3313,3849 3314,3851 3315,3859 3313,3861 3313,3891 3312,3891 3308,3891 3308,3892 3308,3906 3307,3906 3306,3906 3306,3907 3306,3908 3301,3913 3301,3915 3300,3915 3299,3915 3299,3916 3299,3917 3298,3917 3296,3917 3295,3918 3294,3918 3294,3919 3294,3920 3293,3920 3283,3920 3282,3921 3249,3922 3248,3923 3247,3923 3245,3925 3244,3925 3244,3925 3244,3926 3243,3927 3129,3927 3129,3928 3129,3969 3129,3969 3128,3970 3127,3970 3127,3971 3127,3972 2905,3973 2904,3973 2904,3979 2904,3980 2634,3982 2633,3983"/><TextEquiv><Unicode/></TextEquiv><TextEquiv index="1"><Unicode>“S. Bruno, s'écrioient les peuples</Unicode></TextEquiv></TextLine><TextLine id="l25"><Coords points="1223,4146 1222,4145 1222,4105 1222,4105 1183,4105 1182,4106 1137,4107 1136,4108 1134,4106 1001,4106 1000,4107 1000,4128 1000,4128 994,4128 993,4127 984,4128 981,4125 981,4102 981,4102 967,4102 965,4100 965,4099 965,4099 941,4099 940,4098 940,4094 940,4094 939,4094 938,4093 938,4087 938,4084 940,4082 940,4032 940,4032 980,4032 981,4032 981,4034 981,4035 983,4035 986,4037 986,4039 986,4040 1126,4039 1127,4038 1127,4037 1127,4037 1128,4037 1129,4036 1129,4034 1131,4032 1131,4030 1134,4027 1134,4020 1136,4018 1136,4013 1137,4012 1136,4010 1137,4009 1137,4000 1141,3996 1141,3994 1144,3991 1145,3991 1146,3992 1149,3992 1151,3994 1153,3994 1153,3995 1153,3996 1154,3996 1155,3996 1156,3997 1158,3997 1158,3998 1158,4006 1159,4006 1165,4006 1165,4007 1165,4008 1166,4008 1217,4008 1217,4009 1218,4013 1218,4013 1395,4012 1396,4011 1395,3998 1397,3996 1397,3994 1398,3994 1400,3994 1401,3995 1402,4032 1402,4033 1512,4032 1513,4032 1512,3990 1513,3989 1581,3989 1583,3991 1723,3990 1727,3994 1727,4008 1728,4009 1812,4008 1813,4009 1815,4009 1817,4011 1819,4011 1822,4014 1822,4015 1822,4015 1833,4015 1834,4016 1857,4016 1858,4016 1858,4020 1862,4025 1867,4025 1869,4027 1871,4027 1872,4027 1872,4031 1872,4032 1890,4032 1891,4033 2053,4032 2054,4031 2054,4030 2054,4030 2080,4029 2081,4029 2080,3988 2083,3985 2293,3984 2293,3984 2293,3986 2294,3987 2295,3987 2295,3987 2295,3988 2296,3989 2297,3989 2297,3989 2298,4019 2298,4020 2301,4020 2302,4020 2302,4029 2302,4030 2344,4030 2345,4030 2345,4031 2345,4032 2351,4032 2352,4032 2352,4034 2353,4035 2353,4037 2357,4041 2357,4070 2357,4071 2540,4069 2541,4069 2541,4047 2542,4046 2542,4044 2543,4042 2545,4042 2546,4042 2546,4040 2547,4039 2548,4037 2550,4037 2551,4037 2551,4036 2551,4035 2552,4035 2553,4035 2553,4033 2553,4032 2557,4032 2558,4032 2558,4031 2558,4030 2559,4030 2560,4030 2560,4029 2561,4027 2565,4027 2567,4025 2569,4025 2570,4025 2570,4024 2570,4023 2582,4023 2583,4023 2582,3988 2583,3987 2584,3987 2584,3987 2584,3986 2585,3985 2596,3985 2597,3984 2631,3984 2632,3983 2633,3983 2634,3982 2698,3981 2699,3980 2704,3980 2706,3978 2710,3978 2712,3980 2814,3980 2814,3980 2814,3981 2815,3982 2816,3982 2816,3982 2817,4018 2817,4019 2977,4017 2978,4017 2978,4013 2978,4012 2979,4013 3181,4012 3182,4011 3191,4011 3193,4009 3252,4009 3255,4006 3260,4006 3263,4008 3263,4010 3263,4011 3264,4011 3265,4011 3265,4025 3265,4026 3303,4025 3304,4026 3304,4028 3306,4030 3308,4030 3310,4032 3310,4036 3308,4038 3308,4050 3306,4051 3253,4052 3253,4052 3253,4079 3252,4080 3213,4080 3213,4080 3213,4081 3213,4082 3212,4082 3211,4083 3146,4083 3144,4085 3066,4086 3065,4086 3065,4118 3064,4120 3062,4118 3062,4086 3062,4086 3010,4086 3009,4087 3009,4088 3005,4092 2875,4093 2874,4094 2867,4094 2866,4095 2748,4096 2747,4097 2621,4098 2620,4098 2620,4132 2620,4133 2618,4133 2616,4135 2612,4135 2611,4134 2611,4097 2611,4097 2593,4097 2592,4097 2592,4096 2592,4095 2568,4095 2567,4094 2425,4095 2424,4096 2424,4107 2422,4109 2420,4109 2418,4111 2415,4111 2412,4114 2412,4116 2412,4116 2408,4116 2403,4121 2277,4122 2276,4123 2276,4135 2276,4135 2274,4135 2272,4134 2272,4105 2272,4104 2265,4104 2264,4103 2208,4104 2207,4103 2207,4101 2207,4101 2078,4101 2073,4097 2073,4077 2072,4076 1932,4077 1931,4078 1834,4079 1834,4079 1834,4094 1832,4096 1832,4098 1831,4100 1830,4101 1828,4101 1825,4104 1766,4104 1765,4103 1708,4104 1707,4103 1576,4104 1532,4104 1531,4104 1531,4105 1531,4106 1438,4107 1437,4106 1325,4106 1323,4104 1241,4105 1240,4105 1240,4145 1240,4146"/><TextEquiv><Unicode/></TextEquiv><TextEquiv index="1"><Unicode>“émerveillés. -- Mais, diſoient cer-</Unicode></TextEquiv></TextLine><TextLine id="l26"><Coords points="2698,4316 2693,4312 2693,4310 2692,4309 2692,4300 2696,4296 2696,4295 2117,4299 2116,4300 2116,4301 2116,4301 1992,4302 1991,4301 1574,4304 1573,4303 1573,4302 1573,4302 1163,4304 1162,4303 1075,4304 1074,4303 1074,4298 1075,4297 1075,4292 1076,4291 1076,4288 1079,4286 1082,4286 1082,4285 1082,4284 1084,4282 1084,4281 1085,4281 1098,4281 1098,4280 1098,4267 1098,4267 1037,4267 1036,4267 1036,4265 1037,4264 1098,4264 1098,4263 1098,4258 1098,4258 941,4259 940,4258 940,4212 939,4212 904,4212 903,4211 904,4210 904,4200 905,4199 905,4198 905,4197 939,4197 940,4196 940,4185 940,4185 1107,4184 1108,4183 1146,4182 1147,4181 1220,4181 1221,4180 1220,4151 1222,4149 1222,4146 1223,4146 1241,4146 1241,4146 1241,4148 1244,4151 1244,4159 1245,4160 1668,4157 1669,4159 1670,4164 1670,4164 2189,4161 2189,4160 2189,4158 2190,4157 2190,4145 2191,4145 2195,4145 2196,4144 2403,4142 2408,4147 3081,4143 3081,4142 3081,4128 3082,4128 3166,4127 3168,4125 3182,4125 3183,4126 3185,4126 3189,4131 3190,4162 3190,4162 3251,4162 3253,4164 3255,4164 3256,4164 3256,4165 3256,4166 3259,4166 3260,4166 3260,4180 3260,4181 3308,4180 3309,4181 3310,4181 3311,4182 3311,4192 3310,4193 3310,4198 3308,4200 3308,4205 3306,4206 3296,4206 3295,4207 3251,4208 3251,4208 3251,4232 3250,4233 3239,4233 3239,4233 3239,4234 3239,4235 3230,4235 3229,4236 3227,4236 3225,4238 3119,4239 3118,4240 3020,4240 3018,4242 3016,4242 3015,4243 3014,4244 3014,4246 3013,4247 3011,4247 3009,4249 3001,4249 3000,4250 2831,4251 2830,4252 2830,4294 2829,4295 2716,4296 2715,4297 2715,4300 2714,4301 2714,4311 2711,4314 2706,4314 2704,4316"/><TextEquiv><Unicode/></TextEquiv><TextEquiv index="1"><Unicode>“taines gens, quel eſt ce jeune No-</Unicode></TextEquiv></TextLine><TextLine id="l27"><Coords points="1549,4458 1548,4457 1403,4458 1402,4457 1402,4450 1402,4450 917,4453 916,4452 916,4450 917,4450 1402,4447 1402,4446 1402,4433 1402,4433 1185,4434 1184,4434 1184,4420 1184,4419 1125,4420 1124,4419 1123,4419 1122,4418 1122,4416 1122,4416 967,4417 965,4415 965,4414 965,4414 938,4414 936,4412 936,4353 935,4352 935,4346 935,4346 937,4346 938,4345 1030,4344 1031,4344 1031,4339 1031,4338 1064,4338 1065,4338 1065,4322 1065,4321 1074,4321 1075,4320 1074,4304 1075,4304 1858,4299 1858,4298 1858,4295 1859,4295 1863,4295 1865,4293 3175,4284 3176,4283 3180,4283 3182,4281 3270,4281 3272,4279 3279,4279 3280,4278 3285,4277 3286,4278 3299,4278 3299,4279 3299,4303 3298,4304 3299,4379 3297,4381 3297,4384 3296,4385 3296,4386 3296,4386 3292,4386 3290,4388 3286,4388 3285,4389 3187,4390 3186,4391 3175,4391 3173,4393 3123,4394 3122,4395 3114,4395 3113,4396 3112,4396 3108,4400 2788,4402 2787,4402 2787,4409 2787,4410 2504,4412 2503,4412 2503,4424 2502,4426 2076,4428 2075,4429 2075,4454 2075,4454"/><TextEquiv><Unicode/></TextEquiv><TextEquiv index="1"><Unicode>“vice qui eſt auprès de lui? -- Oh!</Unicode></TextEquiv></TextLine><TextLine id="l28"><Coords points="2411,4611 2410,4611 2410,4572 2410,4571 2394,4571 2393,4572 2393,4575 2388,4580 2388,4582 2388,4582 2387,4582 2386,4583 2386,4585 2379,4592 2337,4593 2336,4593 2336,4598 2336,4599 2334,4599 2333,4599 2333,4600 2333,4601 2329,4601 2327,4599 2327,4574 2327,4574 2052,4576 2051,4576 2051,4586 2051,4587 2048,4587 2047,4587 2047,4611 2047,4612 1933,4612 1932,4613 1839,4614 1838,4613 1838,4612 1838,4612 1484,4614 1481,4614 1480,4615 1480,4616 1480,4616 1359,4617 1358,4616 1205,4617 1203,4615 1202,4615 1201,4615 1201,4611 1201,4610 1118,4611 1117,4610 1117,4605 1117,4605 996,4605 995,4605 995,4575 995,4574 965,4575 964,4574 964,4572 964,4572 936,4572 933,4569 933,4539 932,4539 904,4539 904,4539 904,4525 905,4524 905,4503 906,4501 1087,4500 1088,4499 1088,4498 1089,4497 1089,4491 1089,4491 1121,4491 1122,4490 1122,4488 1123,4487 1142,4487 1143,4486 1143,4484 1143,4484 1178,4483 1179,4483 1179,4475 1180,4474 1179,4469 1181,4467 1182,4467 1182,4467 1182,4466 1183,4465 1187,4465 1189,4463 1265,4463 1265,4462 1265,4460 1266,4460 1270,4460 1270,4460 1270,4463 1271,4464 1543,4462 1545,4460 1547,4460 1547,4459 1547,4458 1548,4458 1560,4458 1561,4459 1852,4457 1854,4455 1875,4455 1875,4454 1875,4450 1876,4450 1911,4449 1912,4450 1915,4450 1915,4451 1915,4454 1916,4454 2046,4454 2047,4455 2075,4454 2075,4455 2075,4460 2076,4460 2102,4460 2104,4462 2116,4462 2116,4463 2116,4464 2120,4467 2124,4467 2125,4468 2125,4472 2125,4472 2127,4472 2128,4473 2500,4471 2501,4470 2500,4465 2501,4465 2502,4465 2502,4464 2502,4462 2503,4461 2503,4460 2507,4457 2511,4457 2513,4455 2536,4454 2536,4454 2536,4446 2538,4444 2539,4446 2539,4450 2540,4450 2591,4450 2591,4451 2591,4452 2592,4452 3034,4449 3035,4448 3053,4448 3055,4450 3055,4456 3056,4457 3253,4456 3254,4457 3254,4459 3255,4460 3255,4462 3258,4464 3258,4471 3258,4472 3285,4471 3286,4472 3293,4472 3294,4473 3294,4474 3294,4474 3303,4474 3304,4475 3316,4475 3320,4479 3320,4484 3322,4486 3322,4488 3320,4489 3318,4489 3318,4490 3318,4491 3317,4491 3316,4491 3316,4492 3316,4525 3315,4525 3310,4525 3310,4526 3310,4533 3306,4537 3306,4539 3303,4542 3303,4545 3302,4546 3292,4546 3290,4548 3116,4550 3115,4551 3113,4551 3111,4553 3109,4553 3108,4553 3108,4554 3108,4555 3063,4555 3062,4556 3056,4556 3055,4556 3055,4557 3055,4558 3051,4558 3049,4560 2943,4561 2941,4563 2929,4563 2927,4565 2900,4565 2899,4566 2899,4590 2898,4591 2869,4591 2868,4592 2868,4606 2868,4606 2812,4607 2811,4608 2798,4608 2797,4607 2797,4606 2797,4606 2793,4606 2792,4605 2792,4569 2792,4569 2423,4571 2422,4572 2422,4611 2422,4611"/><TextEquiv><Unicode/></TextEquiv><TextEquiv index="1"><Unicode>“répondit un Docteur, c'eſt ſans doute</Unicode></TextEquiv></TextLine><TextLine id="l29"><Coords points="1726,4780 1722,4780 1722,4779 1721,4773 1721,4773 1715,4773 1714,4772 1557,4773 1556,4772 1556,4771 1556,4771 1553,4771 1550,4768 1550,4766 1550,4766 1477,4766 1476,4765 1427,4766 1426,4765 1426,4763 1426,4763 1298,4763 1297,4763 1297,4760 1297,4760 1092,4761 1091,4760 1091,4757 1091,4757 985,4758 983,4756 983,4755 981,4753 981,4728 981,4728 963,4728 962,4727 936,4727 935,4726 935,4713 935,4713 908,4713 907,4713 907,4711 909,4709 912,4709 912,4709 912,4633 912,4632 913,4632 914,4632 914,4631 914,4630 947,4630 949,4628 1264,4626 1265,4625 1357,4624 1358,4624 1357,4620 1358,4619 1358,4618 1359,4617 1932,4613 1932,4614 1932,4616 1933,4616 2042,4616 2042,4615 2042,4612 2043,4612 2047,4612 2047,4612 2047,4615 2048,4616 2292,4614 2295,4611 2300,4611 2301,4612 2435,4611 2436,4613 2437,4623 2437,4623 2799,4621 2800,4620 2799,4608 2800,4608 2851,4607 2852,4606 2960,4606 2960,4605 2960,4603 2961,4603 2967,4603 2967,4602 2967,4601 2968,4601 2969,4601 2969,4600 2969,4598 2971,4597 3110,4596 3110,4596 3110,4599 3111,4600 3268,4599 3268,4599 3269,4622 3269,4623 3286,4622 3287,4623 3289,4623 3293,4627 3295,4627 3296,4628 3296,4629 3296,4629 3298,4629 3299,4630 3310,4630 3311,4631 3311,4647 3313,4649 3313,4673 3313,4673 3322,4673 3323,4674 3323,4676 3325,4678 3325,4680 3324,4680 3313,4680 3313,4681 3313,4685 3311,4687 3311,4690 3310,4691 3310,4695 3306,4699 3272,4700 3271,4701 3223,4701 3222,4701 3222,4703 3222,4704 3221,4704 3220,4704 3220,4707 3220,4708 3219,4708 3218,4708 3218,4710 3218,4711 3120,4712 3119,4712 3119,4713 3118,4715 3075,4715 3074,4715 3074,4751 3074,4752 3070,4752 3069,4752 3069,4755 3069,4756 2834,4757 2833,4758 2833,4764 2833,4764 2647,4766 2646,4767 2645,4767 2644,4768 2641,4768 2640,4767 2640,4749 2640,4749 2588,4749 2587,4749 2587,4728 2587,4727 2156,4730 2155,4730 2155,4770 2155,4771 1729,4774 1729,4774 1729,4781 1728,4782"/><TextEquiv><Unicode/></TextEquiv><TextEquiv index="1"><Unicode>“ce compagnon du Saint, qui ſe leva</Unicode></TextEquiv></TextLine><TextLine id="l30"><Coords points="2376,4935 2375,4934 2232,4935 2231,4934 2231,4925 2230,4924 2223,4924 2222,4923 2220,4923 2218,4922 2218,4917 2217,4916 2217,4906 2217,4905 1988,4907 1985,4905 1985,4903 1984,4902 1984,4895 1984,4894 1022,4900 1020,4898 955,4899 953,4897 951,4897 950,4896 950,4895 950,4895 946,4895 944,4893 942,4893 941,4892 941,4890 940,4889 940,4883 940,4883 937,4883 936,4882 936,4819 935,4819 909,4819 908,4818 906,4818 904,4816 904,4801 904,4800 944,4800 945,4799 945,4795 945,4795 1119,4794 1120,4793 1120,4780 1120,4780 1129,4780 1131,4778 1133,4778 1135,4776 1157,4775 1157,4775 1157,4774 1158,4773 1256,4773 1256,4772 1256,4770 1258,4769 1297,4769 1297,4768 1297,4764 1298,4763 3216,4751 3218,4749 3220,4749 3220,4748 3220,4747 3221,4747 3249,4747 3249,4746 3249,4744 3250,4744 3254,4744 3256,4742 3284,4741 3284,4741 3284,4740 3286,4738 3289,4738 3290,4737 3297,4737 3299,4740 3299,4742 3300,4742 3309,4742 3309,4743 3309,4752 3310,4752 3311,4752 3311,4753 3312,4835 3312,4835 3317,4835 3318,4836 3318,4840 3317,4840 3308,4840 3308,4841 3308,4855 3307,4856 3261,4857 3259,4859 3254,4859 3252,4861 3243,4861 3242,4862 3178,4862 3177,4863 3177,4864 3177,4864 3145,4864 3144,4865 3144,4877 3145,4877 3333,4876 3334,4878 3334,4891 3333,4892 3145,4893 3144,4894 3144,4897 3144,4897 3139,4897 3138,4898 3138,4908 3137,4909 3124,4910 3123,4911 3114,4911 3113,4912 3105,4912 3103,4914 3099,4914 3098,4914 3098,4915 3098,4916 2398,4920 2397,4921 2398,4928 2397,4928 2389,4928 2389,4929 2389,4935 2388,4935"/><TextEquiv><Unicode/></TextEquiv><TextEquiv index="1"><Unicode>“dans ſon convoi, pour dire qu'il</Unicode></TextEquiv></TextLine><TextEquiv><Unicode/></TextEquiv></TextRegion></Page></PcGts>