4266 6032
941 240 3370 403 étoit condamné par le juſte Juge-
969 400 3340 560 “ment de Dieu. Apparemment Saint
955 556 2768 717 “Bruno a obtenu ſa grace“.
1063 709 3325 872 On nous regardoit comme des Bien-
960 871 3310 1028 heureux qui n'avoient beſoin de rien,
969 1024 3322 1185 & qu'on invoquoit à genoux. On ſe
959 1182 3320 1342 trompoit: nos beſoins étoient réels &
861 1335 3349 1498 urgens. Je criai d'une voix impoſante:
952 1492 3318 1643 „Amis, les habitans des Cieux reçoi-
955 1645 3310 1807 “vent les préſens de ceux de la terre,
952 1801 3316 1961 “quand ces derniers ſe ſont rendus di-
948 1959 3334 2119 “gnes de cette complaiſance“. C'étoit-
945 2113 3328 2275 là, comme on voit, une maniere céleſte
940 2271 3316 2414 de demander la charité. On ſe hâta de
946 2427 3328 2581 nous offrir de l'encens. Cette fumée
941 2580 3320 2740 n'avoit pas aſſez de ſubſtance pour nous.
934 2733 3313 2897 „Enfans des hommes, repris-je, le Ciel
936 2892 3320 3051 “reçoit l'offrande du pain & du vin; il
934 3049 3322 3206 “agrée même les autres alimens des
928 3202 3304 3362 “hommes. Ils doivent offrir à ceux qui
914 3354 3353 3517 “n'ont beſoin de rien, tout ce qu'ils
922 3511 3315 3674 “déſireroient pour eux-mêmes“. Alors
862 3670 3297 3829 on nous offrit un morceau de pain bénit,
924 3824 3299 3986 & du vin dans une burette. Ce n'étoit pas
922 3977 3306 4142 là encore notre compte. uAmis, repris-
874 4137 3299 4298 “je, le Ciel voit votre bonne intention
886 4293 3310 4455 “dans vos modiques préſens; mais ils
905 4434 3296 4616 “doivent être faits avec plus de profu-
900 4599 3311 4767 “ſion; & les enfans du Ciel, qui n'enont
867 4754 3399 4960 as beſoin, ſauront bien trouver les
