4266 6032
986 266 3360 432 m'en témoignoit jamais rien; elle ſem-
983 419 3351 599 bloit au contraire redoubler de tendreſſe
977 576 3351 753 à mon égard, comme pour m'empêcher
981 728 3359 897 de ſoupçonner qu'elle fût inſtruite de
977 888 3339 1077 rien, ou pour me prouver, par ſes car-
936 1041 3334 1221 reſſes, que ſon amour n'étoit point al-
974 1202 3334 1373 téré, ou pour regagner, par des manie-
974 1358 3332 1523 res ſi généreuſes, un cœur qui avoit eu
981 1516 2709 1681 tort de ſe refroidir pour elle.
1124 1669 3359 1837 Son récit fut bien ſimple. Don Prieur
972 1828 3335 1992 avoit entendu parler d'un prétendu Saint
967 1980 3327 2146 Bruno qui deſcendoit du Ciel, ſuſpendu
965 2139 3320 2302 à un globe. Il ſavoit le ſecret du ballon,
957 2290 3325 2614 emition liclilaiememoe ee
964 2604 3318 2769 donnois carriere, & que non ſeulement
921 2762 3318 2924 je vivois dans le déſordre, mais que
955 2914 3306 3081 j'accompagnois la débauche, d'une im-
953 3070 3315 3239 poſture outrageante pour la religion. Il
953 3223 3327 3420 réſolut de me faire porter la peine d'une
955 3384 2212 3548 pareille conduite.
979 3536 3316 3708 Artémiſe avoit cru s'appercevoir
950 3693 3311 3880 qu'on l'examinoit beaucoup, depuis
917 3842 3310 4019 quelque temps. Sa taille, qui groſſiſſoit
938 4002 3313 4170 à vue d'œil, indiquoit ſon ſexe & ſa
909 4156 3328 4328 faute; & quelques mots échappés lui
940 4317 3323 4483 avoient fait connoître qu'on formoit, ſur
940 4469 3316 4639 cet article, de violens ſoupçons. On ſe
921 4627 3322 4797 doutoit auſſi qu'elle avoit quelques liai-
904 4776 3320 4988 ſons particulieres avec moi, & l'on ſe
