4266 6032
955 253 3353 434 trône. Ce cher enfant devoitêtreregardé
957 422 3339 589 comme libre, puiſqu'il n'étoit venu au
960 582 3345 753 monde ſur le territoire d'aucun Souve-
955 740 3340 912 rain. Le berceau des plus grands Princes
957 895 3330 1064 n'avoit point eu l'avantage d'être élevé,
955 1055 3330 1230 comme le ſien, dans la voûte céleſte:
955 1210 3327 1378 mon fils pouvoit ſe vanter de la plus
953 1361 3328 1532 haute origine, & ſe dire deſcendu du
950 1521 3327 1688 Ciel. J'offris à l'Eternel ce gage de mon
957 1677 3322 1849 amour; je lui demandai pour cet enfant
949 1830 3316 2013 un ſort auſſi brillant que le lieu de ſa
948 1985 3315 2168 naiſſance. „O mon Dieu! diſois-je,
943 2144 3315 2316 “ſois ſon pere, puiſque je ne puis rien
944 2301 3316 2481 “dans ce moment pour lui ni pour
943 2455 3313 2639 “moi-même“. Le vent emportoit la
943 2611 3303 2782 mere, l'enfant, le pere, & ſes prieres.
933 2771 3308 2948 Nous arrangeâmes, le mieux que
930 2924 3299 3109 nous pûmes, notre chere progéniture.
936 3069 3303 3265 Bientôt nous nous trouvâmes au-deſſus
928 3233 3301 3437 d'une grande ville, que nous recon-
933 3387 3303 3576 nûmes, à ſa ſituation, a ſon étendue, à
936 3543 3301 3720 ſes minarets ſurmontés de croiſſans,
922 3708 3297 3904 pour Conſtantinople. Au canon que
916 3874 3295 4051 nous entendîmes tirer de toutes parts,
934 4027 3299 4207 nous jugéâmes que nous étions apper-
914 4181 3298 4361 cus. Je crus devoir deſcendre dans cette
907 4322 3296 4522 Ville, & même dans le ſérail, s'il étoit
903 4475 3313 4697 poſſible. Je ſavois que mon pere y avoit
904 4628 3301 4850 peint une Sultne, & que le grand Sei-
904 4794 3296 5010 gneur pouvoit s'en reſſouvenir. Nous
