4266 6032
879 291 3353 468 primes donc le parti de gagner la terre.
883 443 3328 622 A meſure que nous en approchions,
890 609 3339 773 nous éntendions les acclamations du
928 768 3353 1088 mue qu eeoi lle eeu les main
929 1076 3328 1241 vers nous, qui ſe proſternoit en criant:
924 1235 3337 1399 „Allah, Allah, Rézul Allah“. Je con-
926 1392 3337 1557 clus, de ces mots, qu'ils nous prenoient
926 1545 3339 1710 pour Mahomet, qu'ils nomment Rézul
921 1701 3335 1862 Allah (Envoyé de Dieu.) Il me fut aiſé
923 1851 3373 2022 de reconnoître le ſérail, aux ſept tours
885 2014 3339 2176 dont tous les canons tiroient ſans inter-
926 2169 3339 2329 valles. Le Sultan lui - même, au milieu
921 2321 3340 2488 de ſes Sultanes, nous regardoit deſcen-
924 2479 3341 2642 dre, & paroiſſoit émerveillé comme
921 2635 3344 2798 les autres. J'arrivai au-deſſus de ſa tête.
917 2794 3335 2956 Je demandai, en langue franque, ſi Sa
921 2945 3344 3112 Hauteſſe nous permettoit de deſcendre
919 3105 3344 3267 devant elle. S. H. répondit elle - même
879 3263 3346 3425 qu'elle l'agréoit de tout ſon cœur. Alors
919 3418 3351 3580 nous deſcendîmes ſur le balcon même,
909 3571 3347 3738 où cePrince nous lorgnoit avec ſes fem-
907 3733 3347 3896 mes les plus intrépides; les autres étoient
916 3886 3351 4047 proſternées la face contre terre, auſſi
909 4040 3353 4209 bien que toute la Cour Muſulmane. Le
914 4192 3349 4364 Sultan faiſoit la meilleure contenance
907 4357 3356 4518 qu'il pouvoit. Nous le ſaluâmes profon-
878 4493 3358 4679 dément àlafrançoiſe. „Magnifique Sei-
893 4668 3354 4837 “gneur, lui dis-je en langue franque,
878 4823 3347 5010 “ ous venons mettre ſous ta protection
