4266 6032
904 265 3328 443 “notre enfant & nous“. Le Grand Sei-
907 425 3340 615 gneur regarde avec ſurpriſe deux Char-
934 582 3323 763 treux & un enfant. „Qu'eſt-ce que cela?
893 742 3325 901 “dit-il dans la même langue, un en-
895 891 3327 1072 “fant de deux Derviches, qui deſcend
919 1051 3323 1223 “du Ciel avec eux! Venez-vous de la
905 1201 3323 1389 “part de Dieu ou de ſon Prophête?--
898 1364 3330 1543 “Nous venons, luirépondis-je,honorés
952 1520 3328 1698 “de la protection de Dieu, qui nous
947 1671 3327 1840 “a accordé le ſecret merveilleux de
956 1839 3327 2016 “planer dans les airs; nous venons
896 1978 3349 2169 “chercher auprès de vous, en paſſant,
905 2135 3325 2325 “les ſecours de l'hoſpitalité. -- Mais
893 2297 3330 2481 “qui êtes- vous? reprit le Sultan. --
893 2449 3334 2633 “Magnifique Seigneur, lui répondis-je,
957 2589 3332 2787 “Ta Hauteſſe a connu mon pere. C'eſt
943 2757 3334 2951 “lui fûrement qui a peint ce portrait
914 2914 3335 3110 “où je te vois, à travers cette fenê-
969 3070 3339 3268 “tre, repréſenté d'une maniere ſi vraie,
904 3229 3339 3418 “& ſervant de pendant à la Sultane
911 3385 3337 3577 “Cadishé. -- Ah! oui, reprit SaHau-
950 3540 3344 3731 “teſſe en éclatant de rire; c'eſt ce
914 3706 3346 3881 “drôle de corps qu'on vouloit empa-
977 3846 3347 4044 “ler, & qu'on m'a fait punir, en lui
974 4021 3351 4203 “donnant pour eſclave la femme que
977 4168 3349 4362 “j'aimois le mieux. En effet, je re-
970 4319 3361 4517 “connois que vous lui reſſemblez:
898 4472 3359 4667 “mais comment vois-je ici un enfant
912 4611 3366 4825 “avec deux peres, ſans une mere!
914 4797 3370 4978 “-- C'eſt, répondis-je, parce que ma
2537 4959 3372 5126 “compagne,
