4266 6032
940 279 3341 459 “leur prépare un appartement dant
945 457 1960 613 “mon Palais“.
962 594 3334 755 On nous inſtalla, en effet, dans un
924 752 3332 946 appartement ſuperbe. On mit Artémiſe
948 907 3335 1067 dans un beau lit à la françoiſe. On arran-
953 1065 3332 1266 gea notre fils, comme les enfans nou-
947 1222 3326 1413 veaux nés des Turs; & nous avions
957 1380 3332 1563 tout lieu, en apparence, d'être contens
953 1536 3330 1714 d'eux; mais ma compagne conçut de
955 1686 3328 1894 juſtes alarmes, parce que le Grand Sei-
953 1845 3328 2046 gneur, apprenant qu'elle étoit une
957 1998 3330 2193 femme, l'avoit lorgnée avec un air de
957 2159 3328 2358 convoitiſe, qui avoit paru violemment
960 2307 3330 2513 irriter la Sultane favorite. Artémiſe avoit
959 2463 3328 2647 lieu de craindre d'être arrêtée par le
960 2625 3330 2816 Sultan, ou peut-être empoiſonnée par
969 2821 1879 2976 la Sultane.
976 2929 3323 3127 Le lendemain, je fus introduit auprès
959 3088 3327 3283 de cette Sultane favorite, pour la pein-
975 3263 3334 3431 dre. C'étoit une Beauté fiere, peu at-
970 3395 3328 3606 tayante, ſelon moi; mais je vis, auprès
971 3562 3334 3771 d'elle, une jeune Sultane ſubaltere,
975 3703 3351 3927 moins réguliere, il eſt vrai, que la ſa-
905 3863 3335 4080 vorite; mais plus jolie, & dont la phy-
979 4042 3337 4236 fionomie douce gagnoit tous les cœurs.
984 4173 3342 4394 Celle-ci paroiſſoit la complaiſante de
979 4338 3342 4554 l'autre. J'appris, depuis, que cette chere
979 4483 3342 4725 perſome étoit la petite Iis, qui avoit
977 4686 2714 4885 appartenu à mon pere.
990 4775 3359 5013 Le Grand Seigneur parut prendre
