4266 6032
959 256 3349 597 blonn ususoeononeee leelui un
964 584 3341 752 encore quelque temps à Conſtantino-
959 737 3353 906 ple. S. H. vouloit avoir du moins le
957 890 3346 1063 portrait d'Artémiſe, auquel je devois tra-
950 1049 3346 1209 vailler. Je lui offris de faire, dans l'air,
950 1204 3346 1380 diverſes évolutions avec mon Amante.
962 1361 3353 1526 Je piquai ſa curioſité. Le canon du ſé-
957 1517 3359 1683 rail annonça le ſpectacle. La foule fut
959 1672 3351 1837 mnombrable. Nous montâmes dans la
962 1827 3347 1991 nacelle, Artémiſe & moi, & nous ous
957 1982 3342 2146 élevâmes dans les airs. Nous entendî-
951 2137 3348 2302 mes quelque temps les acclamations
952 2293 3320 2452 de la foule admiratrice; mais nous mon-
953 2443 3323 2639 tâmes au-deſſus des nuages, & bien-
941 2599 3332 2761 tôt nous nous dérobâmes a la vue, auſſi
936 2754 2818 2916 bien qu'au pouvoir des Turcs.
988 2914 3328 3075 Je dirigeai enſuite notre courſe vers
948 3067 3320 3229 la Perſe. Il fallut conſoler ma chere Ar-
950 3220 3322 3383 témiſe, qui oſoit pleurer dans les Cieux.
945 3373 3327 3537 Elle étoit inconſolable de la mort de ſon
948 3530 3359 3698 fils. Je lui dis les choſes les plus tou-
947 3693 3318 3855 chantes, que j'accompagnai des plus
945 3844 3308 4006 tendres careſſes. Je fis, en un mot, tout
945 4003 3332 4166 ce qu'il falloit pour la conſoler. Ne vois-
941 4157 3330 4323 je pas d'ici des libertins qui diſent crû-
941 4319 3325 4479 ment, que, pour la conſoler de la mort
943 4465 3150 4634 d'un enfant, je lui en fis un autre?
1005 4612 3337 4799 Nous voguâmes long - temps dans
904 4776 3347 4978 l'air, ne voyant que le Ciel, tant nous
