4266 6032
928 224 3310 406 étions élevés & hors de la vue de la
928 386 3306 567 terre entourée de brouillards. Je ſentis
923 549 3303 727 cependant qu'il falloit m'en rapprocher,
916 706 3306 880 pour pouvoir diriger mon voyage. Je
932 868 3308 1030 deſcendis, & je daignai me remontrer
916 1015 3308 1201 aux mortels. J'avois appris, ſur mer, un
873 1167 3306 1348 peu de pilotage. J'avois une bouſſole,
876 1325 3308 1503 & je connoiſſois parfaitement la poſi-
873 1485 3308 1662 ion d'Iſpahan, où je voulois aller. Je
873 1645 3308 1814 rus reconnoître avec ma lunette, que
886 1798 3301 1968 nous étions apperçus ſur la terre, &,
873 1941 3306 2129 ux habillemens des habitans, je jugeai
878 2113 3310 2281 que nous étions ſur la Perſe. Quelque
937 2270 3313 2435 temps après, je vis la Capitale, que je
940 2426 3308 2589 reconnus à ſa grandeur & à ſa poſition.
938 2570 3315 2744 Je me plaçai ſur le palais du Sophy, &
898 2738 3315 2928 je me flattai que je ſerois bien reçu par
941 2892 2467 3055 le couſin de mon pere.
964 3038 3389 3209 J'apperçus, comme à Conſtantinople,
934 3201 3311 3365 toute la Cour du Souverain, avec le
930 3342 3310 3522 Deſpote à ſa tête. J'excitois les mêmes
928 3492 3315 3677 tranſports d'admiration que par-tout ail-
938 3665 3310 3834 leurs. Je demandai en françois, ſi l'on
940 3822 3320 3992 ous permettoit de deſcendre devant le
936 3977 3313 4150 Sophy. Les Perſans paroiſſoient fort em-
940 4137 3310 4306 barraſſés pour nous entendre & nous
933 4290 3318 4461 répondre. Le Souverain, qui ſembloit
921 4450 3308 4649 entendre un peu notre idiome, s'écria
916 4600 3320 4780 en cette langue: „Comment...“ Une
917 4751 3311 4973 Princeſſe âgée, qui paroiſſoit ſa mere,
2415 4913 3007 5081 F
