4266 6032
914 257 3301 432 goire Merveil, je vis une belle Dame
917 417 3303 582 s'approcher avec un empreſſement qui
921 572 3327 732 me la fit reconnoître pour Cadishé ().
847 728 3337 890 „Comment, diſoit-elle, le fils du Mar-
921 881 3328 1048 “quis d'Erbeuil? ... -- Oui, vénérable
926 1039 3318 1200 “Cadishé, lui répondis-je, vous voyez
840 1195 3318 1359 “le fils de l'heureux mortel qui vous a
836 1333 3308 1512 conduite dans ce pays-ci. --Ah! je le
836 1487 3301 1664 vois, s'écria-t-elle; c'eſt le cher Ca-
836 1639 3299 1822 audin“. Je reconnus, par-là, que
836 1817 3304 1976 on pere lui avoit parlé de moi. „En
836 1972 3315 2132 effet, ajouta-t-elle, je revois dans lui
837 2118 3310 2293 les traits de ſon pere. Mon cher So-
933 2281 3316 2439 “phy, il faut que vous me permettiez
943 2432 3325 2594 “de l'embraſſer. -- Oh! de grandcœur,
947 2589 3311 2749 “répondit le Sophy, un peu fait aux
948 2744 3315 2904 “mœurs françoiſes“. Sur le champ
952 2897 3318 3060 Cadishé profita de la permiſſion, avec
950 3051 3327 3215 toute l'ardeur dont mon pere s'étoit ſi
941 3211 3327 3371 bien apperçu. Ma vieille tante m'em-
852 3363 3315 3526 braſſa auſſi de nouveau. „En effet, di-
948 3523 3327 3681 “elle, je reconnois, dans lui, les traits
950 3665 3323 3837 “de mon cher Marquis d'Erbeuil. C'eſt
953 3832 3327 3996 “ce petit Cataudin, dont mon neveu
936 3985 3328 4149 “nous avoit parlé. Soyez le bien venu,
945 4142 3330 4304 “mon cher petit neveu. -- Hé mais,
947 4298 3335 4484 “reprit Cadishé, brave Sophy, vous
895 4592 3335 4795 ()Voyez la premiere Suite de l'Aventurier
917 4768 2553 4948 Ernçois, tom. Il. livre Ill.
2467 4859 3333 5065 F
