4266 6032
972 280 3380 498 rangement. On me montra pluſieurs de
974 450 3377 633 mes petits freres, que mon pere avoit
974 606 3363 791 plantés dans ce pays -là, & qui tous
971 763 3370 950 portoient, dans leurs traits enfantins,
971 919 3368 1102 quelque choſe de ceux de Grégoire
971 1067 3359 1256 Merveil. On m'invita beaucoup à laiſſer
922 1232 3371 1399 auſſi après moi, dans cette heureuſe
977 1373 3365 1569 Cour, de petits Princes de mon ſang.
1105 1545 3375 1719 On me fit raconter mon hiſtoire, &
972 1698 3385 1881 tout ce que je ſavois de celle de mon
972 1857 3385 2032 pere. Je m'en acquittai d'une maniére
974 2011 3385 2193 qui me parutſatifaire tous mesauditeurs.
967 2166 3370 2340 On s'écria unanimement: „C'eſt Gré-
965 2324 3385 2496 “goire Merveil. Il lui reſſemble au-
969 2481 3337 2687 “tant par les aventures & le courage,
965 2635 2795 2799 “que par la phyſionomie“.
976 2787 3342 2964 On exigea que je fiſſe auſſi des por-
957 2944 3344 3108 traits dont on fut émerveillé; mais on
962 3096 3341 3280 le fut bien plus de mon globe. D'abord,
962 3261 3344 3428 ou me pria d'y monter, & de planer
957 3411 3332 3582 ſur la Ville, ce que je fis de grandcœur,
948 3571 3334 3741 au merveilleux contentement de tout le
955 3723 3342 3898 pays. Cadishé, enchantée de ce ſpecta-
959 3882 3337 4049 cle, & jalouſe de voir monter dans les
878 4034 3337 4208 Cieux Artémiſe, une femme comme
953 4193 3335 4364 elle, voulut bientôt y monter à ſon
952 4346 3330 4521 tour. Le Sophy le permit; & j'enlevai
878 4505 3332 4675 avec moi, dans les airs, cette belle fa-
878 4658 3335 4835 vorite; mais quelle fut ma ſurpriſe,
924 4814 3334 5001 auſſi totque nous fûmes horsde la portée
