4266 6032
959 250 3337 426 contraires, pour me diſpenſer de lui
958 412 3344 571 donner cette ſatisfaction. Heureuſe-
957 563 3346 735 ment, une légere indiſpoſition l'obli-
960 723 3339 909 gea de garder le lit pendant quelques
904 878 3344 1056 jours. D'autres Odaliſques profiterentde
967 1033 3342 1211 ce temps favorable, pour me demander
965 1191 3347 1363 à monter auſſi dans les airs. Je me prê-
965 1337 3349 1517 tai à leurs déſirs. Je vis qu'elles ſe reſ-
969 1493 3349 1672 ſembloient toutes, & j'étois ſurpris de
974 1651 3359 1829 ce que le Sophy, mon couſin, avoit
971 1805 3359 1979 tant de confiance dans leur vertu. Tou-
974 1959 3359 2141 tes marquoient la plus grande ſatisfac-
971 2116 3346 2288 tion de ce voyage; mais Cadishé, étant
916 2274 3341 2447 relevée, s'oppoſa fortement à ce qu'on
917 2430 3346 2604 laiſſât monter, dans l'air, toutes ces im-
976 2579 3337 2764 pertinentes rivales. Le Sophy avoit
979 2735 3347 2916 quelque envie d'y monter auſſi; mais
981 2895 3344 3070 on lui repréſenta que ſon rang lui inter-
903 3048 3341 3226 diſoit tout ce qui préſentoit l'ombre du
979 3199 3353 3380 danger. Boileau dit, au ſujet du paſſage
983 3373 2286 3533 du Rhin: „Louis...
953 3580 3351 3791 “Se plaint de ſa grandeur, qui l'attache au ri-
1171 3783 1775 3931 vage“.
1000 3934 3359 4145 On pouvoit dire pareillement: „Le
981 4120 1569 4321 Sophy...
986 4340 3359 4554 “Se plaint de ſa grandeur, qui l'attache à la terre“
1008 4556 3359 4806 Il fallut reſter en Perſe pendant tout
974 4756 3359 4986 le temps des réjouiſſances qu'on célé-
