4266 6032
871 204 3296 410 broit pour mon arrivée. J'étois excédé
921 389 3298 565 de fêtes & de plaiſirs. Artémiſe paroiſ-
886 542 3298 709 ſoit s'ennuyer, comme moi, dans cette
900 701 3296 876 Cour. Elle ſembloit ſoupçonner que je
909 852 3294 1028 lui faiſois quelques infidélités dans les
926 1012 3296 1173 Cieux. Cependant, comme elle offroit
862 1170 3289 1340 des ſignes d'une nouvelle groſſeſſe, on
864 1328 3279 1495 en prenoit un prétexte pour vouloir
864 1480 3299 1641 nous retenir; mais j'inſiſtai abſolument.
862 1617 3304 1956 amit les oouion les por aoonmaun
862 1942 3308 2106 es & les plus exquiſes, & nous nous
864 2099 3308 2257 ſéparâmes, avec attendriſſement, de nos
933 2257 1696 2414 amis royaux.
902 2408 3311 2570 Elevés de nouveau dans les Cieux,
931 2570 3301 2723 nous voyageâmes avec une incroyable
928 2718 3306 2882 rapidité. Nous deſcendîmes d'abord
931 2875 3310 3036 au Tonquin, où mon pere avoit été
929 3026 3316 3194 Dieu. J'y parlai françois. On m'envoya
929 3184 3299 3349 le Tailleur gaſcon Saint-Léger, dont il
933 3342 3395 3505 eſt parlé dans les Mémoires du Marquis
905 3485 3317 3672 d'Erbeuil. Je lui dis que j'étois le fils
933 3653 3320 3820 d'un François qui avoit été Dieu dans
936 3805 3322 3977 ce pays-là. „Ah! ſandis, me dit-il, je
931 3961 3328 4132 “vous reconnois, ſans vous avolr ja-
933 4119 3322 4289 “mais vu. Venez, vous ſerez auſſi no-
938 4274 3330 4447 tre Dieu. Nous allons aſſommer ce-
931 4436 3325 4603 “lui que nous avons, pour vous don-
883 4590 3325 4776 “ner ſa placen. Ilapprit aux Tonquins
905 4746 3328 4952 qui j'étois. Ils me ſirent la même pro-
