4266 6032
988 292 3359 460 du corps. Enfinjela diſtinguai elle-même
981 451 3358 772 le ee eeoa, jenneélaia o ne eſe
981 763 3134 928 “Reine! ô ma chere Aphrodiſe!“
1012 919 3358 1090 Elles ſe leverent toutes deux, me re-
988 1077 3354 1241 connurent avec tranſport, me tendirent
984 1237 3351 1399 les bras. On jeta le pont, je paſſai
983 1392 3353 1553 chez elles, & je me précipitai dans leurs
979 1542 3356 1707 bras. Elles avoient chacune une petite
979 1700 3359 1861 enfant ſur leurs genoux. „Embraſſez
981 1851 3359 2016 “vos filles, me dirent-elles“. C'étoient
983 2010 3347 2172 mes deux jumelles, filles d'Aphrodiſe
983 2164 3344 2325 & de moi, héritieres du trône & de
976 2315 3347 2479 l'autel. Elles étoient parfaitement reſ-
976 2468 3349 2634 ſemblantes, & d'une figure enchante-
974 2622 3344 2788 reſſe. J'embraſſai, avec tranſport, la
978 2780 3346 2941 mere & les deux enfans, auſſi bien que
977 2930 3346 3098 la Reine. Nous goûtions dans les Cieux
981 3089 3341 3254 un plaiſir digne du ſéjour céleſte. Je
979 3242 3339 3408 demandai, à ces deux eautés, des
974 3395 3342 3564 nouvelles de leur Empire. Alors, com-
974 3554 3344 3719 me un nuage imprévu qui cache le ſo-
974 3702 3342 3870 leil, des pleurs voilerent leurs yeux, où
922 3863 3344 4186 aaiet la lnoiteone eitlaaene,
974 4175 3337 4340 “plus de Ville, plus d'Alcyons!“ Ses
972 4322 3347 4494 ſoupirs me dirent lereſte? „Nous vous
965 4493 3339 4654 “raconterons, repritla Reine, dans un
969 4647 3344 4807 “temps plus calme, l'hiſtoire de notre
955 4794 3351 4988 déſaſtre; & vous, mon cher ami,
