4266 6032
837 212 3315 401 une quantité très - conſidérable de pro-
866 389 3320 549 viſions de toute eſpece; ce qui nous diſ-
943 539 3320 721 penſoit de deſcendre à terre de long-
919 733 1335 857 temps.
935 830 3322 1017 Nous retournâmes donc en arriere
947 1008 3322 1172 avec un vent favorable. Nous paſſâmes
945 1163 3323 1328 ſur le Thibet. Nous vîmes le grand La-
840 1320 3323 1480 ma, qui, pour prouver ſon eſtime à ces
948 1471 3330 1636 belles perſonnes, voulut leur faire l'in-
945 1628 3323 1788 décent cadeau dont il régale ſes dévots.
941 1784 3330 1946 On ſait que ce grand Prêtre diſtribue
876 1935 3328 2102 ſes déjections ſacrées, deſſechées à la
876 2094 3332 2258 vérité & réduites en pouſſiere; ſes
931 2238 3330 2565 en poent epuee ſs teeu peunou
933 2558 3327 2719 à leur cou. N'étant point élevés dans
940 2718 3337 2874 cette croyance, nous ne pûmes goûter
936 2867 3334 3033 le préſent du Dalaï-Lama, & nous lui
933 3026 3327 3185 fîmes entendre que de pareils dons n'é-
866 3177 3342 3344 toient pas faits pour des enfans du Ciel.
933 3334 3334 3497 Nous prîmes chez lui d'autres provi-
931 3488 3330 3650 ſions que celles qu'il nous offroit. Nous
928 3641 3334 3804 refuſâmes auſſi des clous ſanglans que
948 3801 3334 3966 nous préſentoient les Bonzes, & qu'ils
873 3958 3334 4121 tiroient de leur poſtérieur, où ils avoient
928 4113 2586 4272 la bonté de les enfoncer.
924 4267 3340 4431 Nous traverſâmes la Chine, dont les
919 4427 3334 4611 campagnes régulieres, cultivées avec
886 4579 3340 4745 ſymétrie, offroient, à vue d'oiſeau, le
905 4735 3347 4986 lus charmant coup - d'œil. Nous ga-
