4266 6032
964 309 3351 495 Nous remontâmes, ſur le champ, dans
976 479 3342 650 l'air; nous fûmes pouſſés au-deſſus du
976 640 3347 799 Portugal. Nous deſcendîmes à Lisbon-
977 793 3344 953 ne. On y célébroit un Auto-da-fé. On
974 952 3347 1117 nous dit: „Vous arrivez juſtement pour
977 1106 3341 1265 “être de la fête“. A ces mots, nous
965 1263 3346 1425 comptions qu'on alloit nous placer ſur
972 1419 3339 1583 des trônes avec la famille Royale, pour
974 1573 3335 1738 nous faire voir le ſpectacle; & nous gé-
971 1732 3335 1889 miſſions de cette dure contrainte. Nous
977 1886 3332 2057 nous mîmes en devoir de deſcendre;
969 2036 3330 2206 mais on ſauta ſur le corps de ceux qui
971 2192 3328 2357 s'étoient le plus preſſés; & j'entendis
971 2353 3328 2512 qu'on donna l'ordre de les brûler com-
969 2506 3327 2656 me ſorciers. Nous avions été honorés
910 2661 3327 2826 par-tout, excepté ſur cette malheureuſe
960 2816 3325 2983 péninſule. Un pareil traitement fit per-
962 2976 3323 3136 dre aux autres la volonté de deſcendre:
964 3132 3325 3295 mais il ne falloit pas abandonner nos
964 3291 3327 3466 compagnons aux flammes. Je ſautai ſur
950 3445 3328 3608 le Patriarche de Lisbonne & ſur le
943 3597 3334 3764 grand Inquiſiteur. Je les enlevai ſur ma
948 3755 3328 3923 nacelle, & je criai que j'allois les brûler
897 3910 3328 4054 dans l'air, ſi l'on ne me rendoit mes
955 4080 1800 4227 compagnons.
947 4224 3328 4417 On fut obligé de nous les rendre; &
953 4383 3334 4551 nous nous hâtâmes de quitter ce mal-
965 4540 3337 4713 heureux pays. Quelques vaiſſeaux An-
955 4690 3339 4868 glois & Hollandois, que nous rencon-
947 4849 3342 5055 tâmes, & que nous étonnâmes beau-
2745 5051 3345 5185 coup,
