4266 6032
893 217 3358 470 Coup, en deſcendant près d'eux, nous
881 417 3356 630 lournirent des vivres, en échange de
883 572 3353 784 quelques diamans; & nous cotoyâmes
881 729 3351 937 paiſiblement la France, dans le deſſein
950 884 3358 1080 de nous rendre à Paris. Nous n'avions
887 1043 3353 1248 pas eu le temps, juſques-là, de nous
941 1195 3349 1408 demander mutuellement notre hiſtoire,
940 1352 3339 1561 tant le vent nous avoit toujours contra-
931 1505 3339 1707 nés & occupés. D'ailleurs je n'oſois
929 1664 3335 1873 rouvrir des plaies que le temps ſeul
926 1823 3344 1997 pouvoit guérir. Je priai enfin la Reine
878 1972 3332 2165 Zéphirine de me raconter comment la
921 2125 3337 2322 fortune cruelle l'avoit privée de ſon
919 2279 3330 2491 Mmpire. „Eſt-ce donc, lui dis-je, quel-
921 2447 3327 2648 “que tremblement de terre, ou quel-
917 2606 3321 2775 “que vent violent qui a renverſé votre
916 2754 3311 2933 “Capitale dans les eaux, au - deſſus
910 2909 3311 3095 “deſquelles elle étoit élevée dans l'air?
885 3069 3313 3266 “-- Hélas! me répondit cette belle
909 3218 3304 3420 “Reine en ſoupirant, ce n'eſt point la
904 3373 3306 3583 “violence de l'air ou des vents, ce ne
900 3529 3304 3743 “ſont point les eaux qui ont anéanti la
893 3688 3308 3893 “brillante Alcyonée. C'eſt le feu qui
893 3842 3304 4035 “l'a dévorée dans les Cieux. C'eſtlaRe-
890 4001 3299 4199 “ligion même qui nous a effacés de la
888 4168 3296 4370 “terre; oui, c'eſt ce culte, par lequel
885 4317 3298 4522 “nous eſpérions nous rendre le Ciel
879 4470 3295 4670 “favorable, qui a cauſé notre ruine.
878 4622 3294 4839 Nousconſervions, dans un Temple,
878 4780 3299 4983 unſeu ſacré, comme pluſieurs autes-
931 4920 1542 5096 Ton. IV.
