<?xml version="1.0" encoding="UTF-8" standalone="no"?><PcGts xmlns="http://schema.primaresearch.org/PAGE/gts/pagecontent/2017-07-15" xmlns:xsi="http://www.w3.org/2001/XMLSchema-instance" xsi:schemaLocation="http://schema.primaresearch.org/PAGE/gts/pagecontent/2017-07-15 http://schema.primaresearch.org/PAGE/gts/pagecontent/2017-07-15/pagecontent.xsd"><Metadata><Creator/><Created>2020-10-14T10:56:45</Created><LastChange>1970-01-01T00:00:00</LastChange><Comments/></Metadata><Page imageFilename="0148.png" imageHeight="6032" imageWidth="4266"><TextRegion id="r1" orientation="-0.125" type="paragraph"><Coords points="1,1 4264,1 4264,6030 1,6030"/><TextLine id="l1"><Coords points="1034,449 1034,448 1034,421 1033,421 945,420 945,420 945,418 944,417 931,417 931,417 931,416 930,415 929,415 929,415 929,409 928,408 928,396 927,395 921,395 921,395 921,354 920,353 914,353 914,353 914,351 917,348 917,341 918,339 925,339 926,339 926,334 928,332 928,325 931,322 931,320 931,319 935,319 937,317 949,317 950,317 950,315 950,314 1126,315 1127,314 1127,295 1127,295 1128,295 1129,294 1129,291 1129,291 1130,291 1131,290 1133,290 1134,289 1134,288 1134,288 1145,288 1146,287 1146,286 1146,286 1427,286 1429,284 1436,284 1437,283 1445,283 1446,282 2326,284 2328,286 2330,286 2331,287 2331,288 2331,288 2333,288 2336,291 2336,323 2336,323 2761,324 2762,325 2837,326 2838,327 2840,327 2842,329 2957,329 2961,333 3039,333 3040,334 3047,334 3048,334 3048,335 3048,336 3081,336 3083,338 3311,339 3313,340 3313,349 3313,350 3314,350 3315,350 3315,364 3314,365 3313,365 3313,365 3313,366 3312,367 3311,367 3311,367 3311,368 3310,369 3306,369 3306,369 3306,416 3305,417 3299,417 3299,417 3299,418 3298,419 3248,418 3248,419 3248,425 3246,427 3246,429 3245,429 3244,429 3244,430 3244,434 3243,434 3100,434 3100,435 3100,452 3099,452 3081,452 3081,452 3081,451 3080,450 2991,450 2991,449 2991,444 2990,444 1376,440 1373,443 1364,443 1363,444 1282,444 1282,445 1282,447 1281,447 1039,447 1039,447 1039,448 1038,449"/><TextEquiv><Unicode/></TextEquiv><TextEquiv index="1"><Unicode>echargés de les faire manœuvrer</Unicode></TextEquiv></TextLine><TextLine id="l2"><Coords points="953,606 952,606 952,568 952,567 936,567 935,567 935,559 934,558 934,503 938,499 1072,500 1072,499 1073,465 1072,465 1058,465 1058,464 1058,451 1057,451 1036,451 1035,449 1035,449 1111,449 1112,448 1260,448 1261,447 1594,448 1595,447 1595,443 1595,443 1618,443 1619,442 1619,441 1619,441 1623,441 1625,439 1728,439 1730,437 1737,437 1738,437 1738,433 1738,432 1740,432 1741,433 1741,436 1741,436 1743,436 1744,437 1753,437 1757,441 2471,443 2474,445 2474,447 2474,448 2734,448 2735,449 3001,450 3002,450 3002,451 3002,452 3099,452 3100,453 3102,453 3103,454 3103,460 3103,460 3119,460 3120,461 3120,489 3120,489 3280,489 3283,493 3288,493 3291,495 3290,498 3291,499 3302,499 3304,501 3304,549 3306,551 3306,560 3308,562 3308,570 3307,572 3297,572 3296,573 2726,571 2725,572 2725,592 2725,592 2624,592 2623,593 2623,599 2623,599 1876,597 1875,598 1875,599 1875,599 971,597 967,601 967,603 967,603 966,603 965,604 965,605 965,605 959,605 958,606"/><TextEquiv><Unicode/></TextEquiv><TextEquiv index="1"><Unicode>“étoient abſens, &amp; s'abandonnoient</Unicode></TextEquiv></TextLine><TextLine id="l3"><Coords points="2221,757 2221,757 2221,720 2221,719 974,716 967,723 967,747 966,747 964,747 962,750 962,752 961,752 959,752 959,752 959,750 958,749 957,749 957,749 957,726 954,723 940,723 936,719 936,686 936,685 886,685 885,685 885,681 886,680 886,676 887,675 936,675 936,675 936,656 938,654 947,654 947,654 947,621 948,620 948,614 949,613 950,613 950,613 950,609 953,606 958,606 959,605 1089,606 1092,603 1101,603 1101,602 1101,601 1102,601 1383,601 1383,601 1383,599 1385,597 1396,597 1397,598 1875,599 1875,600 1875,601 1876,601 2639,603 2639,604 2639,606 2640,606 2690,606 2691,607 2965,608 2968,611 3225,611 3225,612 3225,613 3226,613 3227,613 3227,614 3227,650 3228,650 3289,651 3291,653 3292,653 3293,654 3295,654 3296,655 3296,658 3297,659 3299,659 3299,659 3299,660 3300,661 3301,661 3301,661 3301,662 3302,663 3303,663 3303,663 3303,664 3304,665 3306,665 3306,665 3308,667 3308,670 3310,672 3310,683 3308,685 3308,711 3306,713 3306,717 3306,718 3305,718 3304,718 3304,720 3304,721 3302,721 3301,721 3301,722 3301,723 3300,723 3299,723 3299,724 3298,725 3297,725 3296,726 3288,726 3286,728 3282,728 3282,728 3282,729 3281,730 3279,729 3278,730 2995,730 2995,730 2995,744 2992,747 2957,747 2957,747 2957,758 2956,759"/><TextEquiv><Unicode/></TextEquiv><TextEquiv index="1"><Unicode>ſans doute aux excès de Vénus ou de</Unicode></TextEquiv></TextLine><TextLine id="l4"><Coords points="3096,936 3095,935 3095,933 3093,931 3093,918 3092,917 2245,915 2244,914 1841,913 1841,913 1841,894 1840,893 1602,893 1601,892 1599,892 1598,890 1598,888 1597,888 960,886 960,886 960,884 959,883 959,882 958,881 936,881 936,881 936,877 934,875 934,811 935,809 949,809 950,809 950,767 950,766 1075,767 1076,766 1076,759 1078,757 1737,758 1738,757 1745,757 1746,756 2661,758 2662,757 2672,757 2673,758 2673,759 2673,759 2674,759 2675,760 2675,762 2675,762 2932,763 2933,763 2933,765 2933,766 3171,766 3172,767 3172,768 3172,768 3228,768 3229,769 3229,777 3229,777 3312,778 3313,778 3313,782 3312,783 3311,783 3311,783 3311,853 3309,855 3308,855 3308,855 3308,856 3307,857 3268,856 3268,857 3268,921 3267,921 3262,921 3261,922 3146,922 3146,923 3146,936 3145,936"/><TextEquiv><Unicode/></TextEquiv><TextEquiv index="1"><Unicode>“Bacchus, dans des lieux de dérégle-</Unicode></TextEquiv></TextLine><TextLine id="l5"><Coords points="1317,1071 1315,1070 1315,1028 1315,1027 1235,1027 1234,1028 1234,1029 1234,1029 1233,1029 1232,1030 1232,1031 1232,1031 1199,1031 1198,1031 1198,1048 1197,1050 1196,1050 1194,1048 1194,1029 1194,1029 1073,1029 1072,1029 1072,1066 1070,1069 1067,1069 1065,1067 1065,1029 1065,1029 975,1028 974,1029 974,1031 974,1031 972,1031 970,1033 968,1033 967,1034 939,1034 938,1034 938,1030 938,1029 937,1029 936,1029 936,965 937,964 983,964 983,964 984,943 985,941 987,941 989,943 988,964 989,965 1074,965 1074,964 1074,960 1075,960 1076,960 1077,958 1077,957 1078,957 1111,957 1113,955 1213,955 1215,953 1338,953 1338,953 1339,951 1341,948 1353,948 1354,949 1354,951 1355,952 1356,952 1356,953 1356,955 1358,957 1358,959 1359,959 1366,959 1370,964 1370,995 1371,995 1399,995 1401,998 1401,1000 1402,1000 1404,1000 1406,1002 1498,1003 1498,1002 1499,917 1500,916 1500,914 1500,914 1501,914 1502,913 1502,912 1502,912 1532,912 1533,912 1533,913 1533,914 1609,914 1612,917 1614,917 1616,918 1616,932 1616,933 1673,933 1674,933 1673,952 1674,953 1764,953 1766,955 1840,955 1840,955 1841,914 1841,913 1845,913 1846,914 1845,955 1846,955 1910,956 1911,954 1911,953 1912,953 1952,953 1953,952 1960,952 1961,953 2033,953 2034,954 2035,954 2036,955 2037,955 2037,955 2037,956 2038,957 2169,957 2171,955 2172,955 2172,955 2172,954 2173,953 2181,953 2182,954 2183,954 2184,955 2232,955 2232,955 2233,941 2235,939 2235,937 2236,936 2236,934 2236,933 2237,933 2238,933 2238,929 2240,927 2240,924 2241,922 2242,922 2243,922 2243,919 2245,917 2245,916 2245,915 2258,915 2259,916 2259,917 2262,920 2262,926 2262,926 2263,926 2264,927 2264,933 2264,933 2265,933 2266,934 2266,938 2267,939 2266,955 2267,955 2298,955 2298,955 2298,954 2299,953 2338,953 2339,954 2389,955 2391,957 2605,957 2605,957 2606,920 2606,919 2607,919 2608,919 2608,918 2608,917 2615,917 2616,916 2626,916 2630,920 2629,955 2630,955 2738,955 2740,957 2742,957 2744,959 2862,960 2863,959 2869,959 2869,958 2869,957 2870,957 2875,957 2875,956 2875,955 2876,955 2894,955 2896,957 2900,957 2902,959 2905,959 2906,960 3026,960 3027,959 3113,959 3114,960 3145,960 3145,960 3146,935 3146,934 3250,934 3251,934 3251,924 3252,922 3254,922 3255,921 3267,921 3268,922 3270,922 3273,925 3273,927 3275,929 3275,931 3275,931 3276,931 3277,932 3277,933 3278,934 3279,934 3280,935 3280,937 3280,937 3281,938 3282,938 3282,939 3282,940 3283,940 3287,943 3286,959 3287,960 3295,960 3296,961 3296,963 3297,964 3299,964 3299,964 3299,968 3300,969 3301,969 3301,969 3301,970 3302,971 3303,971 3303,971 3303,973 3304,974 3306,974 3306,974 3306,1009 3307,1010 3311,1010 3311,1010 3311,1012 3312,1013 3314,1015 3316,1015 3316,1015 3316,1025 3316,1026 3312,1026 3302,1036 3269,1035 3268,1036 3102,1036 3101,1037 3101,1039 3100,1040 3022,1040 3021,1041 3015,1041 3014,1040 3014,1039 3014,1039 2901,1039 2900,1039 2900,1040 2899,1041 2899,1043 2898,1045 2895,1045 2892,1042 2892,1031 2892,1031 2872,1031 2871,1030 2871,1029 2871,1029 2869,1029 2867,1027 2865,1027 2864,1026 2862,1026 2861,1025 2861,1023 2861,1023 2846,1023 2845,1023 2845,1073 2845,1074 2839,1074 2838,1073 2838,1072 2837,1071 2837,1023 2837,1023 2834,1023 2833,1023 2833,1062 2832,1064 2831,1064 2830,1063 2830,1062 2830,1062 2829,1062 2828,1061 2828,1023 2828,1023 2750,1022 2749,1023 2749,1025 2748,1026 2745,1026 2742,1029 2736,1029 2735,1030 2735,1031 2735,1031 2647,1031 2646,1032 2646,1046 2646,1046 2645,1046 2644,1047 2644,1050 2644,1050 2643,1050 2641,1052 2639,1051 2639,1048 2637,1046 2637,1044 2635,1042 2635,1039 2634,1038 2634,1032 2634,1031 2599,1031 2597,1029 2502,1029 2465,1029 2463,1031 2434,1031 2430,1027 2346,1026 2345,1027 2345,1069 2345,1069 2332,1069 2331,1069 2331,1027 2331,1026 2179,1026 2178,1027 2176,1027 2175,1028 2175,1064 2173,1066 2173,1068 2171,1070 2171,1072 2171,1072 2131,1072 2128,1069 2128,1067 2128,1067 2126,1067 2125,1066 2125,1031 2125,1031 2024,1031 2021,1033 2021,1035 2021,1036 2017,1036 2016,1035 2016,1033 2016,1033 2014,1033 2013,1032 2013,1031 2013,1031 2011,1031 2006,1026 1980,1026 1979,1026 1979,1068 1979,1069 1968,1069 1967,1068 1962,1068 1961,1067 1961,1026 1961,1026 1821,1025 1820,1026 1811,1026 1810,1027 1729,1027 1727,1029 1727,1031 1727,1031 1720,1031 1719,1031 1719,1029 1718,1027 1653,1027 1652,1026 1617,1026 1616,1026 1616,1065 1616,1066 1615,1066 1614,1065 1614,1026 1614,1026 1613,1026 1612,1026 1612,1061 1612,1062 1598,1062 1597,1061 1597,1058 1597,1058 1556,1058 1555,1057 1555,1026 1555,1026 1539,1026 1538,1027 1439,1026 1438,1027 1438,1067 1438,1067 1434,1067 1433,1068 1433,1069 1433,1069 1328,1069 1327,1070 1327,1071 1327,1071"/><TextEquiv><Unicode/></TextEquiv><TextEquiv index="1"><Unicode>“ment. Nous ne pûmes les avoir à</Unicode></TextEquiv></TextLine><TextLine id="l6"><Coords points="3217,1233 3217,1233 3217,1194 3216,1193 3153,1193 3150,1196 3143,1196 3143,1196 3143,1192 3142,1191 2981,1191 2981,1190 2981,1189 2980,1189 2890,1189 2890,1189 2890,1193 2888,1195 2888,1198 2887,1199 2885,1199 2885,1198 2885,1197 2884,1197 2778,1196 2778,1196 2778,1183 2777,1182 2684,1182 2684,1183 2684,1185 2682,1186 2681,1186 2679,1184 2541,1184 2539,1186 2529,1186 2529,1185 2529,1184 2528,1184 2371,1184 2369,1186 2361,1185 2360,1186 2314,1186 2313,1187 2303,1187 2302,1186 2294,1186 2292,1184 2231,1184 2231,1184 2231,1183 2230,1182 2075,1182 2075,1182 2075,1184 2071,1188 2071,1190 2070,1191 2066,1191 2066,1190 2066,1189 2060,1184 1967,1184 1966,1183 1927,1183 1927,1183 1927,1217 1922,1222 1835,1221 1834,1222 1831,1222 1830,1223 1828,1223 1827,1224 1813,1224 1813,1224 1813,1182 1812,1181 1724,1181 1721,1184 1719,1184 1717,1186 1695,1186 1695,1186 1695,1185 1694,1184 1693,1184 1693,1184 1693,1183 1692,1182 1691,1182 1691,1181 1672,1181 1671,1181 1671,1220 1669,1222 1662,1222 1662,1221 1662,1220 1661,1220 1586,1220 1586,1219 1586,1182 1585,1182 1567,1182 1567,1182 1567,1223 1566,1224 1551,1224 1551,1223 1551,1182 1550,1182 1449,1182 1449,1182 1449,1183 1448,1184 1445,1183 1445,1184 1445,1185 1443,1186 1332,1186 1332,1187 1332,1223 1329,1225 1320,1225 1320,1226 1320,1227 1319,1227 1291,1227 1287,1223 1287,1218 1285,1216 1285,1181 1285,1180 1165,1180 1160,1184 1158,1184 1158,1184 1158,1185 1157,1186 1101,1186 1100,1187 1094,1187 1093,1186 1086,1186 1086,1185 1086,1184 1085,1184 1084,1184 1084,1183 1084,1182 1082,1180 982,1179 978,1183 978,1185 976,1186 974,1186 974,1187 972,1189 972,1191 971,1191 969,1191 969,1192 969,1201 968,1201 962,1201 962,1202 962,1204 959,1206 957,1206 957,1206 957,1202 956,1201 950,1201 950,1201 950,1190 949,1189 942,1189 940,1187 940,1121 941,1120 1072,1121 1072,1120 1072,1117 1073,1117 1080,1117 1081,1115 1081,1108 1084,1106 1092,1106 1094,1108 1208,1108 1208,1108 1208,1109 1209,1110 1268,1110 1270,1112 1316,1112 1316,1112 1316,1072 1317,1071 1426,1071 1426,1071 1426,1070 1427,1069 1523,1070 1523,1069 1523,1067 1524,1067 1550,1067 1550,1066 1550,1062 1551,1062 1614,1062 1614,1062 1614,1065 1615,1066 1615,1103 1616,1104 1709,1104 1710,1103 1750,1103 1750,1103 1750,1094 1751,1093 1751,1089 1753,1087 1753,1085 1754,1084 1755,1084 1755,1084 1755,1082 1760,1077 1762,1077 1762,1077 1762,1075 1765,1072 1769,1072 1769,1072 1769,1071 1770,1070 1772,1070 1773,1069 1775,1069 1777,1067 1967,1068 1968,1069 1980,1069 1980,1069 1980,1112 1981,1113 2118,1113 2121,1110 2162,1110 2164,1108 2240,1108 2240,1108 2240,1068 2241,1067 2245,1067 2245,1068 2245,1069 2246,1069 2345,1069 2346,1070 2360,1070 2361,1071 2467,1072 2467,1071 2467,1070 2468,1070 2472,1070 2473,1069 2482,1069 2483,1070 2506,1070 2506,1070 2506,1071 2507,1072 2511,1072 2512,1073 2512,1109 2513,1110 2556,1110 2558,1112 2560,1112 2561,1113 2792,1113 2792,1113 2792,1085 2793,1084 2794,1084 2794,1084 2794,1078 2795,1077 2838,1078 2838,1077 2838,1074 2839,1074 2845,1074 2845,1074 2845,1112 2846,1113 2867,1113 2869,1115 2869,1116 2870,1117 3009,1117 3009,1116 3009,1077 3010,1077 3019,1077 3020,1076 3029,1076 3030,1077 3098,1077 3098,1078 3098,1119 3099,1119 3246,1119 3247,1120 3249,1120 3249,1121 3249,1122 3250,1122 3251,1122 3251,1123 3251,1124 3252,1124 3254,1124 3255,1126 3255,1129 3261,1135 3261,1140 3262,1140 3306,1141 3311,1146 3311,1162 3309,1165 3264,1164 3263,1165 3263,1175 3261,1177 3261,1180 3260,1181 3260,1182 3260,1182 3259,1182 3258,1183 3258,1184 3257,1184 3256,1184 3256,1185 3256,1186 3255,1186 3253,1186 3248,1191 3241,1191 3239,1193 3237,1193 3237,1194 3237,1233 3236,1233"/><TextEquiv><Unicode/></TextEquiv><TextEquiv index="1"><Unicode>“temps. Bref j'ai vu les flammes dévo-</Unicode></TextEquiv></TextLine><TextLine id="l7"><Coords points="953,1383 952,1382 952,1381 951,1380 950,1380 950,1380 950,1379 949,1378 948,1378 948,1378 948,1372 947,1371 947,1341 946,1340 936,1340 936,1340 936,1331 936,1330 937,1330 938,1330 938,1280 941,1277 941,1275 942,1273 954,1273 955,1272 1071,1273 1072,1272 1076,1272 1077,1271 1077,1270 1077,1270 1098,1270 1100,1268 1219,1268 1221,1266 1281,1266 1282,1266 1282,1233 1284,1230 1424,1230 1425,1230 1425,1228 1425,1227 1432,1227 1434,1225 1436,1225 1437,1225 1437,1224 1437,1223 1443,1223 1444,1222 1596,1223 1597,1222 2007,1223 2008,1222 2029,1222 2030,1223 2032,1223 2033,1223 2033,1225 2033,1226 2404,1227 2405,1227 2405,1228 2405,1229 2442,1229 2443,1230 2687,1230 2688,1231 3148,1232 3149,1233 3237,1233 3241,1237 3241,1293 3241,1293 3308,1294 3310,1295 3310,1296 3311,1297 3311,1308 3310,1309 3310,1313 3308,1315 3308,1317 3307,1318 3306,1318 3306,1318 3306,1319 3305,1320 3304,1320 3303,1321 3303,1323 3301,1325 3244,1324 3244,1325 3244,1345 3242,1346 3179,1346 3179,1347 3179,1359 3178,1359 2960,1359 2960,1359 2960,1371 2960,1372 3372,1373 3373,1373 3373,1379 3370,1382 2960,1381 2960,1381 2960,1385 2959,1386 2950,1386 2949,1385 2345,1383 2344,1382 1882,1381 1882,1381 1882,1374 1881,1373 1805,1373 1805,1373 1805,1345 1804,1344 969,1342 969,1343 969,1381 967,1382 957,1382 956,1383"/><TextEquiv><Unicode/></TextEquiv><TextEquiv index="1"><Unicode>“rer la Ville &amp; ſes malheureux habi-</Unicode></TextEquiv></TextLine><TextLine id="l8"><Coords points="2619,1542 2618,1542 2618,1539 2618,1538 2487,1538 2486,1538 2486,1540 2486,1541 2466,1541 2465,1540 2465,1495 2465,1495 2430,1495 2429,1495 2429,1496 2429,1497 2427,1497 2425,1499 2417,1499 2415,1497 2403,1497 2402,1496 2246,1495 2245,1496 2245,1517 2243,1519 2243,1521 2242,1522 2242,1524 2242,1524 2241,1524 2240,1525 2240,1526 2240,1526 2239,1526 2238,1527 2238,1528 2238,1528 2237,1528 2236,1529 2236,1530 2235,1531 2227,1531 2226,1532 2226,1533 2226,1533 2224,1533 2222,1535 2217,1535 2216,1535 2216,1534 2216,1533 2215,1533 2214,1533 2214,1498 2214,1497 2033,1497 2032,1497 2032,1535 2032,1536 2028,1536 2026,1538 2017,1538 2016,1537 2016,1536 2016,1536 1991,1536 1989,1534 1989,1494 1989,1494 1848,1493 1846,1495 1733,1495 1732,1496 1732,1537 1732,1537 1714,1537 1713,1537 1713,1496 1713,1495 1519,1495 1517,1497 1515,1497 1514,1497 1514,1498 1514,1499 1505,1499 1504,1498 1504,1497 1504,1497 1495,1497 1493,1495 1486,1495 1485,1494 1341,1493 1340,1494 1340,1495 1340,1495 1116,1495 1115,1495 1115,1496 1115,1497 1099,1497 1098,1496 1098,1495 1098,1495 1094,1495 1092,1493 980,1492 977,1495 975,1495 974,1496 974,1509 974,1509 970,1509 968,1511 953,1511 952,1511 952,1510 952,1509 951,1509 950,1509 950,1508 950,1507 949,1507 947,1506 947,1505 947,1504 946,1504 945,1504 945,1496 945,1495 942,1495 941,1495 941,1493 940,1492 940,1436 941,1435 941,1431 942,1430 943,1430 943,1430 943,1429 944,1428 951,1428 953,1430 954,1430 954,1430 955,1384 955,1383 956,1383 957,1382 966,1382 967,1383 966,1430 967,1430 1079,1431 1080,1430 1084,1430 1084,1429 1084,1428 1085,1428 1089,1428 1089,1427 1089,1423 1090,1423 1091,1423 1091,1422 1091,1418 1092,1418 1106,1418 1107,1419 1107,1420 1108,1421 1223,1421 1225,1419 1228,1419 1230,1421 1232,1421 1232,1422 1232,1423 1233,1423 1369,1423 1369,1423 1370,1383 1370,1382 1375,1382 1377,1380 1398,1380 1399,1381 1399,1382 1399,1382 1424,1382 1426,1384 1425,1422 1426,1422 1538,1423 1540,1421 1563,1421 1563,1420 1564,1392 1564,1392 1568,1392 1569,1392 1568,1420 1569,1421 1660,1421 1662,1423 1878,1423 1878,1423 1879,1383 1879,1382 1881,1382 1882,1381 1897,1381 1901,1385 1900,1422 1901,1422 2344,1423 2344,1423 2345,1384 2345,1383 2366,1384 2367,1385 2368,1385 2369,1385 2368,1422 2369,1423 2535,1423 2539,1419 2591,1419 2591,1418 2592,1394 2592,1394 2593,1394 2594,1394 2594,1393 2594,1392 2624,1392 2625,1392 2625,1391 2625,1390 2626,1390 2629,1387 2727,1387 2732,1382 2753,1382 2754,1383 2756,1383 2759,1386 2759,1387 2759,1387 2762,1387 2763,1388 2763,1389 2764,1390 2763,1425 2764,1425 2904,1426 2904,1425 2905,1399 2905,1399 2906,1399 2907,1398 2907,1392 2907,1392 2909,1392 2911,1390 2911,1388 2912,1387 2949,1387 2950,1386 2960,1386 2961,1387 2964,1387 2966,1388 2966,1389 2967,1390 2967,1391 2967,1392 3138,1392 3141,1395 3143,1395 3144,1396 3143,1428 3144,1428 3277,1428 3278,1427 3292,1428 3297,1433 3299,1433 3299,1433 3299,1434 3300,1435 3301,1435 3301,1435 3301,1458 3303,1460 3303,1486 3304,1487 3308,1487 3310,1489 3310,1500 3307,1504 3299,1504 3297,1502 3295,1502 3294,1501 3176,1500 3175,1499 3108,1499 3107,1500 3107,1508 3104,1511 3102,1511 3101,1512 3101,1514 3101,1514 3030,1514 3029,1514 3029,1516 3028,1518 3026,1518 3024,1516 3024,1500 3024,1500 2955,1500 2954,1499 2935,1499 2934,1499 2934,1541 2934,1542 2913,1542 2912,1541 2912,1537 2912,1537 2783,1536 2782,1536 2782,1531 2781,1530 2781,1503 2781,1502 2624,1502 2623,1503 2623,1542 2623,1542"/><TextEquiv><Unicode/></TextEquiv><TextEquiv index="1"><Unicode>“tans. Leurs cris perçoient juſqu'à mon</Unicode></TextEquiv></TextLine><TextLine id="l9"><Coords points="959,1694 959,1694 959,1693 957,1691 957,1654 956,1653 941,1653 941,1653 941,1651 940,1650 940,1642 941,1641 941,1581 943,1579 1100,1580 1101,1579 1162,1579 1163,1578 1214,1578 1216,1576 1444,1576 1444,1576 1444,1562 1445,1561 1449,1562 1452,1558 1452,1557 1453,1557 1454,1557 1454,1556 1454,1540 1455,1540 1457,1540 1459,1538 1462,1538 1464,1536 1472,1536 1473,1537 2353,1538 2355,1540 2935,1542 2935,1542 2935,1546 2936,1547 3103,1547 3105,1550 3105,1583 3106,1583 3220,1583 3221,1584 3292,1585 3293,1586 3295,1586 3297,1588 3301,1588 3301,1588 3301,1590 3304,1593 3307,1593 3310,1596 3310,1645 3308,1647 3308,1649 3307,1650 3304,1650 3304,1650 3304,1651 3300,1655 3294,1655 3294,1655 3294,1656 3293,1657 3292,1657 3292,1657 3292,1658 3291,1659 3279,1659 3278,1659 3277,1659 3276,1660 3132,1660 3132,1661 3132,1662 3129,1664 2916,1664 2916,1664 2916,1684 2916,1685 3312,1686 3313,1686 3313,1687 3312,1688 2457,1686 2457,1686 2457,1688 2454,1691 2219,1690 2219,1691 2219,1693 2218,1693 1977,1693 1976,1694 967,1691 967,1692 967,1694 966,1694"/><TextEquiv><Unicode/></TextEquiv><TextEquiv index="1"><Unicode>“cœur déchiré. Je voulois mourir avec</Unicode></TextEquiv></TextLine><TextLine id="l10"><Coords points="3208,1859 3208,1859 3208,1845 3207,1844 3184,1844 3184,1845 3184,1846 3183,1846 3179,1846 3179,1846 3179,1816 3178,1815 3058,1815 3058,1816 3058,1855 3057,1855 3051,1855 3051,1855 3051,1823 3050,1822 2990,1822 2990,1821 2990,1810 2989,1810 2844,1810 2842,1812 2830,1812 2830,1811 2830,1810 2829,1810 2821,1810 2820,1808 2682,1808 2682,1809 2682,1810 2681,1810 2668,1810 2668,1810 2668,1809 2667,1808 2503,1808 2503,1808 2503,1809 2502,1810 2457,1810 2455,1808 2321,1807 2320,1808 2319,1808 2319,1809 2319,1810 2318,1810 2292,1810 2290,1808 2149,1808 2149,1809 2149,1849 2148,1849 2146,1849 2144,1851 2137,1851 2135,1849 2111,1849 2110,1848 2104,1848 2104,1847 2104,1846 2103,1846 2102,1846 2102,1845 2102,1808 2101,1808 2025,1808 2023,1806 1834,1805 1834,1806 1834,1846 1833,1846 1832,1846 1832,1847 1832,1848 1830,1849 1794,1849 1791,1846 1791,1845 1790,1844 1789,1844 1788,1843 1723,1843 1722,1842 1722,1809 1721,1808 1695,1808 1693,1806 1686,1806 1685,1805 1592,1805 1590,1803 1442,1802 1441,1803 1351,1803 1351,1804 1351,1809 1349,1811 1349,1813 1346,1816 1346,1820 1345,1820 1342,1820 1342,1821 1342,1824 1341,1824 1340,1824 1339,1826 1339,1828 1335,1831 1278,1831 1278,1832 1278,1850 1277,1850 1260,1850 1260,1850 1260,1806 1259,1805 1125,1805 1124,1806 1124,1807 1123,1808 1121,1808 1119,1810 970,1809 969,1810 959,1810 959,1811 959,1813 958,1813 955,1813 955,1813 955,1808 952,1805 940,1805 940,1805 940,1799 941,1798 941,1739 941,1738 958,1738 959,1738 959,1695 959,1694 966,1694 967,1695 967,1738 967,1738 1093,1739 1094,1738 1100,1738 1101,1737 1101,1736 1101,1736 1140,1736 1141,1735 1141,1734 1141,1734 1183,1734 1185,1732 1225,1732 1227,1734 1286,1734 1287,1735 1287,1742 1287,1742 1414,1742 1415,1741 1417,1741 1418,1741 1418,1706 1419,1705 1419,1703 1421,1700 1422,1700 1423,1700 1423,1697 1423,1696 1427,1696 1428,1695 1433,1695 1435,1693 1437,1693 1439,1691 1442,1691 1443,1690 1459,1691 1461,1692 1461,1694 1462,1696 1463,1696 1464,1696 1464,1697 1464,1698 1465,1698 1466,1698 1466,1700 1468,1702 1468,1706 1469,1707 1469,1733 1469,1734 1582,1734 1584,1732 1710,1732 1712,1734 1904,1735 1905,1734 1907,1734 1909,1732 1957,1732 1958,1731 1958,1714 1959,1713 1959,1697 1960,1696 1962,1696 1964,1694 2072,1694 2073,1693 2220,1693 2221,1694 2221,1696 2223,1698 2223,1729 2223,1729 2256,1729 2257,1730 2257,1735 2257,1735 2478,1736 2479,1735 2479,1702 2479,1702 2481,1702 2482,1701 2482,1700 2482,1700 2484,1700 2486,1698 2492,1698 2493,1697 2493,1696 2493,1696 2500,1696 2501,1696 2501,1697 2501,1698 2502,1698 2503,1698 2503,1733 2503,1734 2624,1734 2625,1735 2625,1736 2625,1736 2631,1736 2632,1737 2632,1738 2632,1738 2768,1738 2769,1738 2769,1721 2771,1719 2771,1701 2771,1700 2772,1700 2773,1700 2773,1699 2773,1698 2774,1698 2775,1698 2775,1697 2775,1696 2789,1696 2790,1697 2790,1737 2790,1737 2962,1738 2965,1735 2965,1723 2967,1721 2967,1717 2967,1717 2968,1717 2969,1716 2969,1712 2969,1712 2971,1712 2972,1711 2972,1709 2976,1705 2976,1703 2976,1703 2977,1703 2978,1702 2984,1702 2986,1700 2988,1700 2992,1696 3010,1696 3012,1698 3090,1698 3091,1699 3091,1701 3091,1701 3098,1701 3105,1708 3105,1738 3105,1738 3174,1738 3175,1739 3184,1739 3186,1741 3217,1741 3218,1742 3284,1743 3285,1744 3301,1744 3306,1748 3306,1749 3306,1750 3308,1750 3310,1751 3310,1799 3311,1800 3311,1812 3310,1813 3310,1830 3308,1832 3303,1832 3299,1836 3292,1836 3289,1839 3289,1840 3288,1841 3277,1840 3276,1841 3275,1841 3273,1843 3272,1843 3271,1844 3225,1844 3225,1845 3225,1859 3224,1859"/><TextEquiv><Unicode/></TextEquiv><TextEquiv index="1"><Unicode>“eux, &amp; me précipiter dans les feux;</Unicode></TextEquiv></TextLine><TextLine id="l11"><Coords points="3180,2013 3179,2013 3179,1971 3179,1970 3140,1970 3139,1971 3139,1972 3139,1972 3134,1972 3132,1970 3051,1970 3050,1970 3050,1969 3050,1968 3038,1968 3037,1968 3037,2009 3037,2010 3034,2010 3033,2009 3033,1968 3033,1968 2998,1968 2996,1966 2951,1966 2950,1966 2950,1974 2950,1975 2949,1975 2948,1975 2948,1977 2948,1978 2943,1978 2942,1978 2942,1990 2941,1992 2937,1992 2936,1991 2936,1990 2935,1989 2935,1965 2935,1965 2839,1965 2838,1966 2827,1966 2826,1965 2819,1964 2818,1964 2818,1962 2818,1961 2685,1961 2681,1965 2647,1965 2644,1968 2643,1968 2642,1968 2642,1964 2642,1963 2532,1963 2530,1965 2382,1965 2381,1965 2381,1967 2381,1968 2380,1968 2379,1968 2379,1969 2379,1970 2378,1970 2377,1970 2377,1974 2377,1975 2375,1975 2369,1980 2369,1984 2369,1985 2362,1984 2359,1987 2335,1987 2334,1988 2334,1999 2333,2000 2333,2004 2333,2004 2332,2004 2331,2005 2331,2006 2331,2006 2325,2006 2324,2006 2324,1967 2324,1966 2287,1966 2286,1965 2274,1965 2272,1964 2272,1962 2272,1961 2129,1961 2128,1961 2128,2000 2128,2001 2121,2001 2119,1999 2119,1963 2119,1963 2076,1963 2074,1965 1907,1965 1906,1965 1906,1996 1906,1997 1902,1996 1901,1996 1901,1962 1901,1961 1818,1961 1817,1962 1817,1963 1817,1963 1787,1963 1786,1964 1786,2001 1786,2001 1779,2001 1777,2000 1777,1962 1776,1960 1493,1960 1492,1961 1491,1961 1490,1961 1490,1964 1490,1965 1488,1965 1487,1964 1355,1963 1354,1964 1354,2004 1354,2004 1340,2004 1339,2004 1339,1964 1339,1963 1316,1963 1314,1965 1307,1965 1306,1965 1306,1964 1306,1963 1304,1963 1302,1961 1194,1961 1193,1960 974,1959 972,1961 972,1963 972,1963 965,1963 964,1964 964,1994 964,1994 962,1994 960,1993 960,1991 960,1990 949,1990 948,1990 948,1964 948,1963 939,1963 938,1963 938,1949 940,1947 940,1945 941,1944 941,1942 943,1940 943,1894 945,1892 1073,1893 1074,1892 1077,1892 1078,1891 1199,1891 1201,1889 1204,1889 1206,1887 1255,1887 1255,1887 1256,1854 1256,1853 1257,1853 1258,1853 1258,1852 1259,1850 1278,1850 1280,1852 1279,1891 1280,1891 1431,1891 1432,1890 1432,1888 1433,1887 1523,1888 1524,1887 1533,1887 1533,1887 1533,1888 1534,1889 1538,1889 1540,1891 1650,1891 1650,1890 1650,1889 1651,1889 1733,1889 1733,1889 1734,1858 1735,1856 1737,1856 1738,1856 1738,1854 1740,1851 1754,1851 1755,1852 1755,1853 1755,1853 1757,1853 1758,1854 1758,1868 1758,1868 1760,1868 1762,1870 1763,1870 1764,1872 1764,1887 1765,1887 1910,1888 1911,1887 1997,1887 2000,1884 2013,1884 2016,1887 2016,1890 2017,1891 2215,1891 2217,1889 2231,1889 2233,1891 2240,1891 2243,1894 2308,1894 2312,1898 2314,1898 2316,1901 2316,1903 2319,1906 2319,1908 2320,1908 2321,1908 2321,1909 2321,1933 2322,1933 2441,1934 2441,1933 2441,1922 2443,1920 2443,1913 2444,1912 2444,1909 2451,1903 2453,1903 2453,1902 2453,1901 2454,1901 2455,1901 2455,1900 2455,1899 2457,1898 2458,1898 2458,1897 2458,1896 2459,1896 2460,1896 2460,1895 2460,1894 2461,1894 2462,1894 2462,1893 2462,1892 2463,1892 2560,1892 2561,1891 2573,1891 2574,1892 2780,1892 2780,1892 2780,1871 2781,1870 2782,1862 2783,1861 2783,1859 2783,1858 2784,1858 2785,1858 2785,1857 2785,1856 2786,1856 2787,1856 2787,1854 2789,1851 2797,1851 2801,1855 2803,1855 2804,1856 2806,1856 2807,1857 2807,1858 2807,1858 2808,1858 2809,1859 2809,1861 2811,1863 2810,1872 2811,1873 2811,1890 2812,1890 2935,1891 2935,1890 2935,1872 2936,1872 2937,1872 2937,1871 2938,1869 2940,1867 2942,1867 2943,1866 2943,1864 2949,1858 2952,1858 2954,1856 2958,1856 2961,1853 2973,1853 2975,1855 3057,1855 3058,1856 3057,1896 3058,1896 3149,1896 3151,1898 3203,1898 3203,1898 3203,1883 3204,1882 3205,1864 3206,1863 3206,1861 3206,1860 3207,1860 3208,1859 3224,1859 3225,1860 3224,1898 3225,1898 3276,1898 3277,1897 3287,1898 3288,1899 3299,1899 3299,1899 3299,1900 3300,1901 3301,1901 3301,1901 3301,1902 3302,1903 3304,1903 3309,1908 3315,1908 3315,1908 3315,1913 3311,1917 3311,1927 3310,1928 3310,1959 3308,1961 3308,1969 3308,1970 3300,1970 3297,1973 3277,1972 3275,1974 3275,1975 3275,1975 3266,1975 3265,1975 3265,1973 3265,1972 3263,1972 3261,1970 3223,1970 3222,1971 3222,2013 3222,2013"/><TextEquiv><Unicode/></TextEquiv><TextEquiv index="1"><Unicode>“mais on m'a retenue, on m'a forcée</Unicode></TextEquiv></TextLine><TextLine id="l12"><Coords points="3119,2167 3119,2167 3119,2163 3118,2162 1659,2159 1659,2159 1659,2160 1658,2161 1636,2161 1636,2160 1636,2150 1635,2150 1480,2150 1480,2149 1480,2126 1479,2126 1279,2125 1277,2123 1277,2122 1276,2121 1189,2121 1188,2120 948,2119 948,2119 948,2112 948,2111 949,2111 950,2111 950,2074 951,2073 952,2073 952,2073 952,2071 953,2070 953,2059 955,2057 955,2054 957,2052 957,2050 960,2047 1097,2048 1098,2047 1112,2047 1112,2046 1112,2045 1113,2045 1119,2045 1119,2044 1119,2009 1123,2006 1132,2006 1134,2004 2125,2006 2125,2005 2125,2001 2126,2001 2935,2003 2936,2002 2941,2002 2943,2004 2946,2004 2948,2006 2957,2006 2961,2010 3038,2010 3039,2011 3069,2011 3069,2012 3069,2013 3070,2013 3223,2013 3224,2015 3224,2016 3225,2017 3225,2019 3227,2020 3229,2020 3229,2021 3229,2068 3230,2069 3230,2077 3231,2077 3287,2078 3287,2078 3287,2084 3288,2085 3297,2085 3300,2088 3302,2088 3304,2090 3304,2092 3306,2094 3308,2094 3308,2094 3308,2096 3311,2099 3311,2124 3310,2125 3310,2130 3308,2132 3308,2134 3307,2135 3303,2135 3303,2135 3303,2139 3302,2140 3301,2140 3301,2140 3301,2141 3300,2142 3291,2142 3288,2145 3284,2145 3282,2147 3279,2147 3277,2148 3276,2148 3275,2149 3156,2149 3156,2150 3156,2156 3155,2156 3153,2156 3153,2157 3153,2159 3152,2159 3124,2159 3124,2160 3124,2167 3123,2167"/><TextEquiv><Unicode/></TextEquiv><TextEquiv index="1"><Unicode>“de vivre. Heureuſement on a ſauvé,</Unicode></TextEquiv></TextLine><TextLine id="l13"><Coords points="3187,2325 3184,2322 3184,2317 3180,2313 3180,2284 3179,2283 3058,2283 3058,2284 3058,2285 3057,2285 3045,2285 3045,2285 3045,2288 3043,2290 3036,2290 3036,2289 3036,2278 3035,2278 3028,2278 3026,2276 3024,2276 3024,2275 3024,2274 3023,2274 3015,2274 3014,2273 3007,2273 3007,2273 3007,2319 3006,2320 3003,2320 3002,2319 2959,2319 2959,2318 2959,2317 2958,2317 2902,2317 2902,2316 2902,2279 2901,2279 2898,2279 2897,2278 2763,2277 2763,2278 2763,2279 2762,2279 2752,2279 2747,2274 2747,2267 2745,2265 2653,2265 2653,2266 2653,2267 2652,2267 2651,2267 2651,2268 2651,2269 2650,2269 2648,2269 2648,2270 2648,2282 2646,2283 2646,2283 2646,2281 2644,2279 2639,2279 2639,2279 2639,2274 2638,2273 2534,2273 2531,2276 2451,2276 2451,2276 2451,2277 2450,2278 2444,2278 2443,2279 2431,2279 2431,2279 2431,2287 2430,2288 2429,2288 2429,2288 2429,2289 2428,2290 2414,2290 2413,2291 2410,2291 2410,2290 2410,2273 2409,2273 2403,2273 2403,2273 2403,2315 2402,2316 2399,2316 2398,2314 2398,2273 2397,2273 2299,2272 2298,2273 2295,2273 2294,2274 2180,2274 2179,2273 2081,2273 2081,2273 2081,2306 2078,2309 2071,2309 2070,2310 1985,2310 1985,2310 1985,2313 1982,2316 1943,2316 1942,2314 1942,2312 1941,2311 1941,2273 1940,2273 1861,2272 1860,2273 1831,2273 1829,2271 1734,2271 1734,2272 1734,2274 1733,2275 1733,2278 1731,2280 1731,2284 1729,2285 1726,2285 1725,2286 1724,2286 1724,2287 1724,2289 1722,2290 1720,2290 1720,2291 1720,2293 1717,2295 1698,2295 1698,2295 1698,2272 1697,2271 1595,2271 1593,2273 1591,2273 1590,2274 1576,2274 1575,2273 1480,2273 1479,2274 1426,2273 1425,2272 1425,2270 1424,2269 1332,2269 1327,2274 1256,2274 1256,2275 1256,2276 1254,2278 1254,2279 1253,2279 1163,2279 1162,2277 1162,2273 1161,2273 1114,2273 1112,2271 1091,2271 1091,2271 1091,2314 1090,2315 1086,2315 1086,2314 1086,2269 1085,2269 1079,2269 1079,2268 1079,2266 1076,2264 982,2263 978,2268 978,2286 977,2286 972,2286 971,2285 947,2285 947,2285 947,2281 945,2279 945,2274 944,2273 941,2273 940,2272 940,2261 941,2259 942,2259 943,2259 943,2208 943,2207 944,2207 945,2207 945,2203 945,2202 975,2202 976,2203 976,2204 976,2204 977,2204 978,2205 978,2207 978,2207 980,2207 981,2208 981,2212 983,2214 1075,2215 1076,2214 1076,2207 1077,2206 1077,2202 1077,2202 1085,2202 1086,2201 1086,2200 1086,2200 1087,2200 1089,2198 1089,2197 1089,2197 1109,2197 1111,2199 1114,2199 1115,2200 1117,2200 1119,2202 1307,2202 1308,2202 1308,2201 1308,2200 1324,2200 1325,2201 1325,2202 1325,2202 1331,2202 1332,2203 1332,2204 1332,2204 1333,2204 1334,2205 1334,2207 1334,2207 1429,2207 1430,2207 1430,2205 1430,2204 1441,2204 1442,2203 1459,2204 1461,2202 1571,2202 1573,2200 1633,2200 1634,2199 1634,2161 1634,2161 1658,2161 1659,2161 1659,2223 1659,2224 1741,2224 1745,2228 1745,2262 1745,2262 1826,2262 1828,2260 1830,2260 1831,2259 1838,2259 1839,2259 1839,2255 1841,2253 1841,2251 1843,2249 1843,2243 1844,2242 1844,2239 1844,2238 1845,2238 1846,2238 1846,2232 1846,2231 1847,2231 1848,2231 1848,2229 1849,2228 1849,2226 1851,2224 1851,2210 1851,2209 1852,2209 1853,2209 1853,2207 1855,2205 1855,2203 1858,2200 1858,2198 1860,2196 1860,2188 1861,2187 1861,2185 1865,2181 1865,2177 1865,2176 1866,2176 1867,2176 1867,2174 1870,2171 1870,2165 1870,2164 1871,2164 1872,2164 1872,2162 1872,2161 1874,2161 1875,2161 1875,2160 1875,2159 1884,2159 1886,2161 1890,2161 1891,2162 1891,2166 1894,2169 1894,2171 1894,2171 1895,2171 1896,2172 1896,2174 1899,2177 1899,2181 1901,2183 1901,2187 1903,2189 1903,2196 1904,2197 1904,2199 1904,2200 1905,2200 1906,2200 1906,2201 1906,2202 2024,2202 2025,2201 2025,2168 2027,2166 2034,2166 2035,2165 2035,2164 2035,2164 2038,2164 2039,2163 2039,2162 2039,2162 2047,2162 2049,2163 2049,2165 2049,2166 2050,2166 2051,2166 2051,2199 2051,2200 2147,2200 2149,2202 2271,2202 2273,2200 2275,2200 2276,2200 2276,2167 2276,2166 2278,2166 2280,2164 2283,2164 2285,2162 2321,2162 2322,2161 2326,2161 2327,2160 2390,2161 2391,2160 2391,2159 2391,2159 2393,2159 2395,2157 2405,2157 2407,2159 2411,2159 2412,2159 2412,2160 2412,2161 2416,2161 2419,2163 2419,2165 2420,2166 2420,2175 2420,2176 2562,2176 2563,2175 2563,2171 2563,2171 2564,2171 2565,2170 2565,2169 2565,2169 2566,2169 2567,2168 2568,2167 2568,2166 2568,2166 2572,2166 2577,2161 2591,2161 2592,2162 2596,2162 2598,2164 2600,2164 2601,2165 2601,2166 2601,2166 2603,2166 2606,2169 2606,2171 2606,2171 2608,2171 2610,2173 2610,2176 2611,2177 2611,2181 2613,2183 2613,2204 2613,2204 2645,2204 2646,2205 2786,2205 2787,2204 2827,2205 2828,2204 2830,2204 2832,2202 2846,2202 2847,2202 2847,2203 2847,2204 2849,2204 2850,2205 2852,2205 2854,2207 2920,2207 2921,2207 2921,2210 2921,2211 2923,2211 2924,2212 2932,2212 2933,2211 2933,2180 2933,2180 2939,2180 2940,2180 2940,2211 2940,2212 3018,2212 3021,2209 3024,2209 3026,2207 3040,2207 3042,2205 3044,2205 3045,2204 3045,2171 3046,2170 3046,2168 3048,2166 3068,2166 3069,2167 3123,2167 3124,2168 3159,2168 3160,2169 3160,2173 3160,2173 3161,2173 3162,2174 3162,2207 3162,2207 3275,2207 3276,2206 3293,2207 3295,2205 3304,2205 3306,2207 3308,2207 3310,2208 3310,2273 3311,2274 3311,2283 3309,2285 3308,2285 3307,2286 3305,2286 3303,2288 3292,2288 3292,2287 3292,2286 3291,2286 3193,2285 3193,2286 3193,2325 3192,2325"/><TextEquiv><Unicode/></TextEquiv><TextEquiv index="1"><Unicode>“avec moi, Aphrodiſe &amp; vos deux</Unicode></TextEquiv></TextLine><TextLine id="l14"><Coords points="3206,2481 3204,2479 3173,2479 3172,2479 3172,2476 3172,2475 2979,2475 2978,2474 2978,2450 2978,2450 2600,2449 2599,2450 2599,2474 2599,2474 2590,2474 2589,2473 2589,2472 2589,2472 2475,2472 2474,2471 2474,2432 2474,2432 2081,2431 2080,2431 2080,2467 2079,2469 1766,2468 1765,2469 1765,2473 1765,2473 1746,2473 1745,2472 1474,2472 1471,2469 1471,2436 1471,2436 1460,2436 1459,2435 1360,2434 1359,2434 1359,2433 1358,2431 967,2430 966,2431 966,2462 965,2463 963,2463 958,2458 949,2458 948,2458 948,2428 948,2427 937,2427 936,2427 936,2418 937,2417 938,2417 938,2417 938,2408 940,2406 940,2353 941,2352 1083,2353 1083,2352 1084,2316 1085,2315 1091,2315 1093,2317 1160,2317 1162,2318 1162,2320 1162,2321 1781,2322 1782,2322 1782,2317 1783,2315 2064,2316 2065,2315 2217,2315 2218,2316 2621,2317 2622,2317 2622,2316 2622,2315 2624,2315 2625,2314 2633,2314 2634,2315 3077,2316 3078,2315 3106,2315 3108,2317 3109,2317 3110,2318 3110,2319 3110,2319 3111,2319 3112,2320 3112,2321 3113,2322 3113,2323 3115,2325 3192,2325 3193,2326 3193,2328 3193,2328 3294,2329 3295,2330 3295,2383 3296,2384 3307,2384 3308,2385 3308,2387 3309,2388 3309,2389 3311,2391 3311,2404 3309,2406 3309,2407 3308,2408 3308,2412 3306,2415 3304,2415 3303,2415 3303,2472 3302,2474 3252,2473 3251,2474 3219,2474 3218,2475 3218,2479 3216,2481"/><TextEquiv><Unicode/></TextEquiv><TextEquiv index="1"><Unicode>“cheres jumelles. Elles m'aident à ſup-</Unicode></TextEquiv></TextLine><TextLine id="l15"><Coords points="3273,2647 3273,2647 3273,2642 3272,2641 3082,2641 3081,2640 3081,2595 3080,2594 2739,2593 2739,2594 2739,2599 2738,2599 2569,2599 2569,2599 2569,2631 2568,2632 2565,2632 2565,2631 2565,2589 2564,2589 2409,2589 2407,2587 2168,2586 2167,2587 2166,2587 2166,2588 2166,2589 2165,2589 2164,2589 2164,2590 2164,2626 2163,2626 2161,2626 2160,2627 2145,2627 2145,2627 2145,2583 2144,2582 2046,2582 2046,2582 2046,2628 2045,2629 2036,2629 2036,2628 2036,2582 2035,2582 1908,2582 1908,2582 1908,2583 1907,2584 1906,2584 1906,2584 1906,2588 1905,2589 1905,2592 1900,2597 1900,2598 1896,2602 1896,2606 1895,2606 1893,2606 1891,2608 1889,2608 1887,2610 1872,2610 1872,2610 1872,2609 1871,2608 1870,2608 1870,2608 1870,2595 1869,2594 1533,2594 1533,2594 1533,2619 1532,2620 1531,2620 1531,2620 1531,2621 1530,2622 1523,2622 1523,2621 1523,2620 1522,2620 1518,2620 1516,2618 1480,2618 1480,2617 1480,2590 1479,2590 1113,2589 1113,2589 1113,2624 1112,2625 1110,2625 1110,2625 1110,2626 1109,2627 1088,2627 1086,2629 1082,2629 1081,2630 1074,2630 1069,2624 1069,2615 1070,2614 1070,2600 1069,2600 940,2599 940,2599 940,2559 941,2558 941,2513 942,2512 948,2512 949,2511 1109,2512 1110,2511 1184,2511 1185,2510 1285,2510 1289,2506 1493,2507 1493,2506 1493,2478 1497,2475 1502,2475 1503,2474 1512,2474 1514,2476 1514,2511 1515,2512 1719,2512 1719,2512 1719,2509 1720,2508 1741,2508 1741,2508 1741,2478 1742,2477 1743,2477 1743,2477 1745,2475 1745,2474 1746,2473 1765,2473 1765,2474 1765,2513 1766,2513 1971,2514 1971,2513 1971,2492 1973,2490 1973,2486 1974,2486 1975,2486 1975,2485 1975,2484 1976,2484 1977,2484 1977,2483 1977,2481 1978,2480 1978,2478 1979,2478 1982,2475 1987,2475 1987,2474 1987,2472 1988,2472 1989,2472 1989,2471 1989,2470 1990,2470 2012,2470 2015,2473 2015,2474 2016,2475 2017,2475 2020,2478 2020,2480 2021,2481 2023,2481 2023,2481 2023,2484 2025,2486 2025,2510 2026,2511 2235,2511 2236,2510 2296,2510 2297,2509 2297,2507 2298,2506 2312,2506 2312,2507 2312,2510 2313,2510 2373,2511 2374,2512 2589,2512 2589,2511 2589,2474 2590,2474 2599,2474 2599,2475 2599,2513 2600,2513 2816,2513 2817,2512 2866,2513 2866,2512 2866,2475 2867,2475 2988,2475 2988,2475 2988,2476 2989,2477 2993,2477 2993,2477 2993,2478 2994,2479 3027,2479 3027,2479 3027,2481 3028,2482 3032,2482 3033,2483 3237,2483 3237,2483 3237,2482 3238,2481 3241,2481 3241,2482 3241,2484 3243,2486 3243,2488 3244,2488 3289,2489 3289,2489 3289,2521 3290,2522 3297,2522 3297,2522 3297,2525 3301,2529 3301,2541 3304,2544 3306,2544 3306,2544 3306,2545 3307,2546 3308,2546 3308,2546 3308,2571 3311,2574 3311,2583 3310,2584 3310,2590 3308,2592 3308,2593 3307,2594 3303,2594 3301,2596 3291,2596 3291,2596 3291,2644 3289,2646 3277,2645 3276,2646 3275,2646 3274,2647"/><TextEquiv><Unicode/></TextEquiv><TextEquiv index="1"><Unicode>“porter la vie, &amp; votre rencontre va</Unicode></TextEquiv></TextLine><TextLine id="l16"><Coords points="1788,2786 1787,2786 1788,2778 1787,2777 1320,2776 1320,2776 1320,2745 1319,2744 1193,2744 1192,2742 1192,2740 1191,2740 963,2739 959,2735 940,2735 938,2733 938,2729 937,2728 936,2728 936,2728 936,2721 938,2719 938,2667 938,2666 1085,2667 1086,2666 1303,2666 1304,2666 1304,2632 1305,2630 1308,2630 1310,2628 1691,2629 1692,2628 2144,2629 2145,2629 2145,2628 2145,2627 2160,2627 2161,2626 2354,2626 2355,2625 2357,2625 2358,2624 2364,2625 2366,2623 2379,2623 2381,2625 2388,2625 2391,2627 2391,2631 2391,2632 2569,2632 2570,2632 2570,2634 2569,2635 2568,2635 2568,2635 2568,2732 2567,2733 2567,2735 2563,2739 2561,2739 2558,2742 2558,2743 2557,2744 2486,2744 2486,2744 2486,2760 2485,2761 2484,2761 2484,2761 2484,2774 2483,2775 2431,2775 2431,2775 2431,2780 2430,2781 1921,2780 1921,2780 1921,2785 1920,2786 1801,2785 1800,2786"/><TextEquiv><Unicode/></TextEquiv><TextEquiv index="1"><Unicode>“me la rendre précieuſe“.</Unicode></TextEquiv></TextLine><TextLine id="l17"><Coords points="3139,2967 3138,2966 3132,2966 3131,2966 3131,2962 3129,2960 3129,2956 3129,2955 3127,2955 3125,2954 3125,2944 3125,2943 3123,2943 3122,2942 1224,2938 1223,2939 1223,2940 1223,2940 1195,2940 1193,2942 1188,2942 1186,2940 1184,2940 1180,2936 1180,2929 1180,2929 1152,2929 1151,2928 1151,2926 1149,2924 1149,2905 1149,2905 957,2904 953,2901 953,2895 955,2893 1075,2894 1075,2893 1075,2893 1071,2893 1070,2892 1000,2892 998,2890 998,2887 1000,2886 1070,2886 1070,2885 1070,2811 1071,2811 1072,2811 1072,2810 1072,2808 1075,2806 1077,2806 1077,2805 1077,2803 1082,2798 1082,2796 1084,2795 1086,2795 1086,2794 1086,2790 1089,2788 1091,2788 1092,2787 1788,2788 1788,2788 1788,2787 1789,2786 1901,2786 1902,2785 2120,2786 2121,2785 2127,2785 2128,2784 2128,2783 2128,2783 2356,2783 2357,2783 2357,2781 2358,2779 2584,2780 2586,2778 3278,2779 3279,2779 3279,2763 3280,2762 3280,2760 3281,2759 3284,2759 3285,2759 3284,2791 3287,2794 3306,2794 3310,2798 3310,2856 3311,2857 3311,2861 3310,2862 3310,2864 3308,2866 3308,2894 3308,2895 3307,2895 3306,2895 3306,2902 3304,2905 3299,2905 3297,2907 3295,2907 3294,2907 3294,2908 3294,2909 3286,2909 3285,2909 3285,2910 3285,2911 3185,2910 3184,2911 3184,2929 3184,2929 3182,2929 3179,2932 3179,2934 3177,2936 3177,2940 3177,2940 3173,2940 3168,2945 3159,2945 3158,2946 3158,2947 3158,2947 3154,2947 3153,2948 3153,2964 3153,2964 3152,2964 3151,2965 3151,2966 3151,2966 3145,2966 3144,2967"/><TextEquiv><Unicode/></TextEquiv><TextEquiv index="1"><Unicode>Après ce récit, j'embraſſai, malgré</Unicode></TextEquiv></TextLine><TextLine id="l18"><Coords points="3201,3103 3201,3103 3201,3101 3200,3100 1282,3096 1282,3097 1282,3098 1281,3098 1246,3098 1246,3098 1246,3066 1245,3065 949,3064 947,3062 947,3060 946,3059 940,3053 938,3053 938,3053 938,3039 940,3037 940,3035 940,3034 946,3034 948,3033 948,2941 949,2940 953,2940 957,2936 960,2936 961,2935 1774,2937 1775,2936 1785,2936 1786,2937 2969,2940 2970,2941 2994,2941 2996,2943 3000,2943 3000,2943 3000,2944 3001,2945 3010,2945 3017,2952 3017,2954 3018,2955 3020,2955 3021,2956 3021,2959 3022,2960 3022,2983 3023,2984 3214,2984 3216,2986 3223,2986 3224,2987 3275,2987 3277,2989 3287,2990 3288,2991 3300,2991 3306,2997 3306,3000 3308,3002 3308,3004 3311,3007 3311,3033 3315,3037 3315,3047 3314,3048 3313,3048 3313,3048 3313,3050 3311,3052 3311,3054 3310,3055 3310,3057 3309,3058 3308,3058 3308,3058 3308,3059 3307,3060 3306,3060 3306,3060 3306,3062 3304,3064 3303,3064 3302,3065 3301,3065 3301,3065 3301,3066 3300,3067 3299,3067 3299,3067 3299,3094 3298,3095 3297,3095 3296,3096 3212,3095 3212,3096 3212,3103 3211,3103"/><TextEquiv><Unicode/></TextEquiv><TextEquiv index="1"><Unicode>la majeſté de ſon rang, l'aimable Reme</Unicode></TextEquiv></TextLine><TextLine id="l19"><Coords points="3274,3262 3273,3261 3185,3261 3184,3260 3105,3260 3104,3259 3027,3259 3026,3258 2715,3257 2714,3257 2714,3256 2714,3255 2500,3255 2498,3253 2485,3253 2484,3252 2484,3251 2484,3251 2236,3250 2235,3251 2224,3251 2223,3251 2223,3247 2222,3246 2223,3231 2222,3230 2150,3230 2150,3230 2150,3214 2149,3213 1879,3212 1879,3213 1879,3216 1877,3217 1686,3217 1686,3218 1685,3255 1685,3255 1671,3255 1670,3254 1543,3254 1542,3253 1543,3213 1542,3213 1144,3212 1144,3212 1143,3248 1143,3249 1142,3249 1141,3249 1141,3250 1141,3251 1137,3251 1135,3253 1116,3253 1114,3255 1113,3254 1107,3254 1106,3253 1103,3253 1102,3252 948,3251 947,3251 948,3219 947,3218 947,3217 945,3215 923,3215 923,3215 923,3214 923,3213 940,3213 941,3213 941,3192 941,3191 942,3191 943,3191 943,3189 945,3187 945,3185 948,3182 948,3108 952,3104 952,3101 953,3100 953,3098 956,3094 1028,3095 1029,3094 1031,3096 1382,3096 1385,3099 1385,3136 1385,3136 1663,3137 1664,3136 1664,3098 1666,3096 1683,3096 1685,3094 1873,3094 1874,3095 1998,3096 1999,3096 1999,3126 1999,3127 2178,3127 2181,3130 2181,3136 2181,3136 2485,3137 2486,3136 2486,3107 2488,3105 2596,3105 2597,3105 2597,3099 2597,3098 2679,3098 2680,3097 2684,3097 2685,3098 3126,3099 3127,3098 3128,3098 3129,3098 3129,3097 3129,3096 3138,3096 3139,3097 3139,3098 3139,3098 3172,3098 3174,3100 3186,3100 3189,3103 3210,3103 3211,3104 3211,3106 3212,3107 3212,3109 3212,3109 3305,3110 3306,3110 3306,3186 3306,3187 3308,3187 3310,3188 3310,3192 3311,3193 3311,3207 3311,3208 3312,3208 3313,3208 3313,3209 3313,3210 3314,3210 3315,3210 3315,3212 3315,3213 3317,3213 3318,3213 3318,3216 3317,3217 3316,3217 3316,3217 3316,3226 3315,3227 3313,3227 3311,3229 3310,3229 3309,3230 3303,3230 3303,3230 3303,3236 3302,3237 3301,3237 3301,3237 3301,3238 3300,3239 3294,3239 3294,3239 3294,3241 3291,3244 3289,3244 3289,3244 3288,3246 3287,3248 3278,3248 3277,3248 3277,3262 3277,3262"/><TextEquiv><Unicode/></TextEquiv><TextEquiv index="1"><Unicode>Zéphirine. Il fallut que je racontaſſe,</Unicode></TextEquiv></TextLine><TextLine id="l20"><Coords points="2783,3413 2782,3413 2782,3412 2781,3411 2781,3395 2781,3394 2755,3394 2754,3394 2754,3393 2754,3392 2753,3392 2752,3392 2752,3381 2752,3380 2413,3380 2412,3380 2412,3406 2411,3408 2406,3408 2405,3408 2405,3409 2405,3410 2396,3410 2395,3409 2395,3403 2395,3403 2284,3402 2283,3402 2283,3374 2283,3373 2229,3373 2228,3373 2228,3369 2228,3368 1997,3368 1995,3370 1993,3370 1992,3370 1992,3410 1992,3411 1983,3411 1982,3410 1982,3400 1982,3400 1723,3399 1722,3399 1722,3390 1720,3388 1720,3374 1720,3373 1575,3373 1574,3372 1574,3368 1574,3368 1338,3367 1337,3368 1337,3395 1336,3396 1324,3396 1323,3397 1323,3399 1323,3399 1318,3399 1316,3398 1316,3369 1316,3368 1071,3368 1070,3368 1070,3395 1070,3396 965,3395 964,3396 964,3404 964,3404 963,3404 962,3403 957,3403 956,3403 956,3402 956,3401 953,3401 952,3401 952,3397 952,3396 949,3396 947,3395 947,3354 947,3353 912,3353 910,3352 910,3351 914,3347 941,3347 941,3347 941,3318 943,3316 943,3314 944,3313 945,3313 945,3313 945,3312 946,3311 947,3311 947,3311 947,3307 948,3306 948,3301 950,3299 955,3299 955,3299 955,3297 956,3296 958,3296 960,3294 967,3294 969,3292 971,3292 972,3291 975,3291 977,3289 981,3289 981,3289 981,3255 983,3253 984,3253 985,3252 1000,3253 1002,3255 1002,3259 1003,3260 1003,3290 1004,3291 1234,3291 1235,3292 1528,3293 1528,3292 1528,3277 1531,3274 1531,3270 1532,3270 1533,3270 1533,3269 1533,3265 1536,3262 1536,3260 1537,3260 1538,3260 1538,3259 1538,3255 1540,3254 1551,3254 1552,3255 1686,3255 1686,3256 1686,3294 1687,3294 1882,3294 1883,3295 2152,3296 2152,3296 2152,3295 2153,3294 2155,3294 2157,3292 2172,3292 2173,3293 2434,3294 2434,3293 2434,3291 2435,3291 2437,3291 2439,3289 2451,3289 2453,3291 2455,3291 2455,3291 2455,3295 2456,3296 2714,3296 2714,3296 2714,3258 2715,3257 3026,3258 3027,3259 3104,3259 3105,3260 3127,3260 3128,3261 3196,3261 3196,3262 3196,3265 3197,3265 3198,3265 3198,3266 3198,3300 3199,3300 3297,3301 3299,3303 3303,3303 3304,3304 3304,3305 3305,3306 3308,3306 3308,3306 3308,3308 3310,3310 3310,3312 3311,3313 3315,3313 3315,3313 3315,3314 3317,3316 3318,3316 3318,3316 3318,3331 3318,3332 3317,3332 3316,3332 3316,3367 3316,3368 3307,3368 3306,3368 3306,3369 3306,3370 3305,3370 3304,3371 3302,3371 3301,3371 3301,3372 3301,3373 3297,3373 3294,3375 3294,3391 3294,3392 3235,3391 3234,3392 3234,3411 3234,3411 3233,3411 3232,3411 3232,3391 3232,3390 3228,3390 3227,3389 2930,3389 2929,3389 2929,3405 2926,3409 2877,3409 2876,3409 2876,3413 2876,3414"/><TextEquiv><Unicode/></TextEquiv><TextEquiv index="1"><Unicode>de mon côté, mes aventures, qui me</Unicode></TextEquiv></TextLine><TextLine id="l21"><Coords points="3105,3585 3105,3585 3105,3572 3104,3571 3041,3571 3040,3570 2061,3568 2060,3569 2032,3569 2030,3567 2023,3567 2023,3566 2023,3564 2022,3564 2020,3564 2020,3563 2020,3529 2019,3529 1528,3528 1528,3528 1528,3558 1527,3559 1523,3559 1521,3556 1521,3554 1519,3553 1015,3552 1015,3552 1015,3553 1014,3554 1012,3554 1012,3553 1012,3552 1011,3552 1010,3552 1010,3551 1010,3529 1009,3529 950,3528 950,3528 950,3527 949,3526 940,3526 940,3526 940,3524 939,3523 938,3523 938,3523 938,3443 938,3442 917,3442 916,3442 916,3439 917,3438 955,3438 955,3438 955,3404 956,3403 1093,3404 1093,3404 1093,3405 1095,3407 1095,3410 1096,3411 1096,3444 1097,3445 1633,3446 1633,3445 1633,3435 1634,3434 1634,3431 1636,3429 1636,3425 1637,3425 1641,3425 1643,3422 1643,3420 1644,3420 1648,3420 1648,3419 1648,3418 1649,3418 1650,3418 1650,3417 1650,3416 1651,3416 1652,3416 1652,3415 1652,3414 1653,3414 1657,3414 1660,3411 1703,3411 1705,3409 1828,3409 1829,3410 2395,3412 2395,3411 2395,3410 2396,3410 2570,3410 2571,3409 2580,3409 2584,3413 3041,3414 3042,3413 3048,3413 3048,3412 3048,3411 3049,3411 3055,3411 3055,3411 3055,3405 3056,3404 3277,3404 3277,3404 3277,3396 3279,3395 3280,3396 3280,3398 3281,3399 3287,3399 3289,3401 3292,3401 3292,3401 3292,3408 3293,3409 3294,3409 3294,3409 3294,3410 3295,3411 3296,3411 3296,3411 3296,3412 3298,3414 3300,3414 3302,3416 3304,3416 3304,3416 3304,3418 3306,3420 3306,3475 3306,3476 3330,3476 3334,3479 3334,3480 3334,3481 3335,3481 3337,3482 3337,3486 3336,3487 3316,3487 3316,3487 3316,3503 3315,3504 3315,3506 3314,3507 3301,3507 3301,3507 3301,3556 3300,3557 3299,3557 3299,3557 3299,3558 3297,3560 3297,3561 3296,3562 3150,3561 3150,3562 3150,3574 3149,3574 3147,3574 3146,3576 3146,3579 3144,3581 3144,3583 3143,3583 3141,3583 3139,3585"/><TextEquiv><Unicode/></TextEquiv><TextEquiv index="1"><Unicode>valurent auſſi les plus tendres embraſ-</Unicode></TextEquiv></TextLine><TextLine id="l22"><Coords points="1593,3889 1591,3887 1591,3868 1591,3868 1256,3867 1254,3866 1254,3865 1254,3864 958,3863 957,3863 957,3856 957,3855 951,3855 950,3855 950,3830 950,3829 948,3829 946,3827 944,3827 941,3825 942,3678 941,3677 941,3675 940,3674 919,3674 919,3674 919,3672 921,3669 940,3669 941,3669 941,3664 943,3662 943,3658 943,3657 946,3657 947,3657 947,3601 947,3600 954,3600 955,3600 955,3576 957,3574 957,3570 957,3569 958,3569 959,3569 959,3568 960,3566 961,3566 962,3566 962,3565 962,3564 964,3564 965,3564 965,3562 965,3561 966,3561 967,3561 967,3560 967,3559 971,3559 975,3555 978,3555 979,3554 980,3554 981,3553 992,3554 993,3555 995,3555 996,3555 996,3557 998,3559 998,3562 998,3563 1508,3564 1509,3564 1509,3565 1509,3566 1898,3566 1899,3567 3233,3570 3234,3569 3245,3569 3246,3569 3246,3565 3246,3564 3248,3564 3249,3565 3249,3569 3249,3569 3262,3569 3263,3570 3263,3571 3263,3571 3264,3571 3265,3572 3265,3573 3265,3573 3266,3573 3267,3574 3268,3574 3272,3578 3273,3578 3275,3580 3275,3609 3275,3609 3311,3610 3315,3613 3314,3817 3315,3818 3317,3818 3318,3819 3318,3828 3318,3829 3317,3829 3316,3829 3316,3833 3315,3834 3315,3841 3314,3843 3312,3843 3309,3846 3173,3845 3172,3846 3172,3866 3170,3868 3170,3870 3168,3872 3006,3872 3005,3871 3005,3851 3005,3851 2758,3850 2756,3848 2755,3848 2754,3847 2064,3846 2063,3846 2063,3867 2063,3868 2012,3868 2011,3868 2011,3876 2009,3879 2005,3879 2004,3880 1984,3880 1982,3882 1651,3881 1650,3882 1648,3882 1646,3884 1603,3884 1602,3884 1602,3888 1602,3889"/><TextEquiv><Unicode/></TextEquiv><TextEquiv index="1"><Unicode>oi temppeeeppaamer ateeſi ee</Unicode></TextEquiv></TextLine><TextLine id="l23"><Coords points="1319,4039 1316,4036 1316,4021 1315,4020 1232,4020 1232,4020 1232,4019 1231,4018 1213,4018 1213,4017 1213,4016 1212,4016 1211,4016 1211,4015 1211,3997 1210,3997 1156,3997 1155,3996 1153,3996 1153,3995 1153,3994 1152,3994 1150,3994 1148,3992 1144,3992 1143,3991 1019,3991 1018,3992 955,3991 955,3992 955,4006 952,4008 947,4008 947,4008 947,4004 945,4002 945,3980 943,3978 943,3974 942,3973 941,3973 941,3973 941,3926 940,3925 940,3918 943,3915 948,3915 948,3915 948,3902 949,3901 952,3901 952,3902 952,3903 953,3903 957,3903 958,3904 963,3904 966,3908 966,3912 967,3912 1065,3913 1067,3911 1070,3911 1072,3913 1074,3913 1074,3913 1074,3914 1075,3915 1122,3915 1122,3915 1122,3917 1123,3918 1168,3918 1170,3920 1173,3920 1175,3922 1177,3922 1180,3925 1182,3925 1182,3925 1182,3926 1183,3927 1184,3927 1184,3927 1184,3929 1185,3930 1187,3930 1187,3930 1187,3934 1189,3936 1189,3959 1189,3960 1314,3960 1315,3960 1315,3926 1316,3925 1333,3925 1335,3923 1354,3923 1355,3922 1362,3922 1364,3920 1438,3920 1439,3919 1763,3920 1765,3918 1772,3918 1772,3919 1772,3920 1773,3920 1897,3920 1898,3919 1934,3920 1934,3919 1934,3918 1935,3918 1942,3918 1943,3917 1945,3917 1947,3915 1949,3915 1949,3915 1949,3917 1952,3920 2140,3920 2140,3920 2140,3885 2141,3884 2143,3884 2145,3882 2157,3882 2159,3880 2165,3880 2167,3882 2191,3882 2193,3884 2207,3884 2217,3894 2219,3894 2219,3895 2219,3896 2220,3896 2221,3896 2221,3897 2221,3899 2223,3901 2223,3905 2224,3906 2224,3920 2225,3920 2353,3920 2353,3920 2353,3885 2354,3884 2355,3884 2356,3883 2357,3883 2357,3883 2357,3880 2358,3879 2359,3879 2360,3878 2374,3879 2376,3881 2376,3886 2377,3887 2377,3922 2378,3923 2423,3923 2425,3925 2434,3925 2434,3925 2434,3926 2435,3927 2536,3927 2536,3926 2536,3884 2537,3884 2642,3884 2644,3882 2652,3882 2653,3884 2653,3920 2654,3920 2675,3920 2675,3920 2675,3878 2676,3877 2678,3877 2678,3878 2678,3920 2679,3920 2816,3920 2817,3919 3007,3920 3007,3920 3007,3922 3010,3925 3074,3925 3074,3925 3074,3885 3075,3884 3079,3884 3079,3885 3079,3925 3080,3925 3184,3925 3186,3923 3273,3923 3273,3923 3273,3921 3275,3919 3278,3920 3278,3919 3278,3911 3280,3910 3284,3910 3284,3910 3284,3921 3285,3922 3291,3922 3292,3923 3297,3923 3299,3925 3307,3925 3310,3928 3310,3945 3310,3946 3312,3946 3313,3946 3313,3979 3313,3980 3315,3980 3317,3982 3319,3982 3320,3982 3320,3996 3318,3998 3318,4000 3317,4001 3316,4001 3316,4001 3316,4002 3315,4003 3298,4003 3297,4002 3202,4001 3202,4002 3202,4039 3201,4039 3187,4039 3187,4039 3187,4002 3186,4001 3148,4001 3146,4003 3060,4003 3060,4004 3060,4006 3059,4006 3057,4006 3055,4004 3053,4004 3052,4003 3051,4003 3049,4001 3048,4001 3048,4001 3048,3997 3045,3994 2945,3994 2945,3994 2945,4015 2944,4016 2942,4016 2940,4018 2938,4018 2938,4017 2938,3997 2937,3997 2886,3997 2885,3996 2820,3996 2819,3995 2778,3994 2777,3993 2737,3993 2685,3993 2684,3994 2668,3994 2668,3995 2668,3996 2667,3996 2634,3996 2634,3997 2634,4023 2633,4023 2632,4023 2632,4024 2632,4033 2630,4034 2617,4034 2615,4032 2615,3998 2614,3997 2573,3997 2572,3996 2570,3996 2570,3995 2570,3994 2567,3992 2474,3992 2474,3992 2474,3994 2471,3997 2415,3997 2415,3997 2415,4022 2414,4023 2408,4023 2408,4022 2408,3998 2407,3998 2238,3997 2237,3996 2016,3996 2015,3997 1992,3997 1992,3997 1992,4010 1989,4013 1986,4013 1985,4011 1985,3994 1983,3993 1887,3992 1887,3993 1887,4013 1886,4014 1886,4019 1884,4021 1884,4023 1883,4023 1882,4023 1882,4024 1882,4025 1881,4025 1880,4025 1880,4026 1880,4028 1879,4029 1879,4030 1878,4030 1877,4030 1877,4031 1877,4032 1876,4032 1875,4032 1873,4034 1868,4034 1867,4035 1862,4035 1860,4037 1858,4037 1858,4038 1858,4039 1857,4039 1833,4039 1831,4037 1829,4037 1826,4034 1751,4034 1727,4034 1722,4039 1690,4039 1688,4037 1686,4037 1686,4037 1686,4036 1685,4035 1684,4035 1683,4034 1682,4034 1678,4030 1676,4030 1674,4028 1672,4028 1672,4027 1672,4025 1669,4022 1669,3994 1668,3994 1566,3994 1564,3996 1511,3996 1510,3997 1464,3997 1464,3997 1464,4022 1463,4023 1456,4023 1456,4022 1456,3998 1455,3998 1358,3997 1358,3998 1358,4036 1354,4039"/><TextEquiv><Unicode/></TextEquiv><TextEquiv index="1"><Unicode>terre, pour gagner Paris. Un nouveau</Unicode></TextEquiv></TextLine><TextLine id="l24"><Coords points="3226,4203 3225,4202 3195,4202 3194,4201 3172,4201 3171,4200 3112,4200 3111,4199 3099,4199 3098,4199 3098,4198 3098,4197 2172,4195 2171,4195 2171,4189 2172,4188 2172,4187 1199,4185 1198,4185 1198,4192 1198,4193 1154,4193 1149,4188 1149,4169 1149,4169 946,4168 945,4168 945,4160 945,4159 945,4136 944,4135 943,4135 943,4135 943,4102 945,4100 945,4098 945,4097 946,4097 947,4097 947,4093 948,4092 948,4088 948,4087 949,4087 950,4087 950,4086 950,4085 951,4085 952,4085 952,4084 953,4083 953,4082 955,4080 955,4076 955,4075 959,4075 961,4073 966,4073 968,4071 971,4071 972,4070 979,4070 980,4069 1059,4070 1060,4069 1060,4044 1060,4044 1329,4044 1330,4044 1330,4043 1330,4042 1344,4042 1349,4047 1349,4054 1351,4056 1351,4069 1351,4069 2246,4071 2247,4071 2247,4059 2247,4058 2278,4058 2279,4058 2279,4052 2279,4051 2437,4052 2439,4050 2439,4048 2441,4046 2441,4044 2444,4041 2444,4039 2444,4039 2448,4039 2454,4033 2462,4033 2463,4032 2509,4032 2510,4033 2518,4033 2523,4038 3205,4039 3206,4040 3206,4045 3208,4047 3208,4069 3208,4069 3291,4070 3292,4070 3292,4077 3292,4078 3293,4078 3294,4078 3294,4079 3294,4080 3319,4080 3320,4080 3320,4081 3320,4082 3321,4082 3322,4082 3322,4093 3323,4094 3323,4105 3322,4106 3322,4109 3320,4111 3318,4111 3318,4111 3318,4160 3317,4161 3316,4161 3314,4163 3295,4163 3294,4163 3294,4166 3292,4168 3292,4170 3289,4173 3289,4178 3287,4180 3287,4184 3285,4187 3274,4186 3273,4187 3250,4187 3249,4188 3249,4202 3248,4203"/><TextEquiv><Unicode/></TextEquiv><TextEquiv index="1"><Unicode>coup de vent nous pouſſa encore ſur</Unicode></TextEquiv></TextLine><TextLine id="l25"><Coords points="2042,4354 2041,4353 1206,4351 1205,4350 1186,4350 1185,4349 1185,4347 1185,4347 1010,4347 1009,4346 992,4346 991,4345 991,4301 991,4301 963,4300 962,4300 962,4299 962,4298 946,4298 943,4296 943,4272 944,4271 948,4271 948,4271 948,4188 949,4187 955,4187 955,4187 955,4186 956,4185 963,4185 965,4183 1055,4184 1056,4183 1060,4183 1060,4183 1060,4185 1062,4187 1835,4188 1836,4190 1836,4193 1837,4193 2881,4196 2882,4197 2990,4197 2990,4197 2990,4198 2991,4199 3111,4199 3112,4200 3119,4200 3120,4201 3194,4201 3195,4202 3206,4202 3207,4203 3247,4203 3247,4204 3247,4246 3248,4247 3248,4248 3249,4249 3249,4253 3251,4254 3287,4255 3287,4255 3287,4256 3288,4257 3290,4257 3291,4258 3291,4261 3292,4262 3318,4262 3318,4262 3318,4263 3319,4264 3320,4264 3320,4264 3320,4265 3321,4266 3322,4266 3322,4266 3322,4281 3320,4283 3320,4285 3318,4287 3318,4289 3318,4290 3317,4290 3315,4292 3312,4292 3309,4295 3295,4295 3294,4295 3294,4356 3294,4357"/><TextEquiv><Unicode/></TextEquiv><TextEquiv index="1"><Unicode>l'Angleterre. Les Anglois étoient ſé-</Unicode></TextEquiv></TextLine><TextLine id="l26"><Coords points="3038,4513 3037,4512 3035,4512 3034,4511 2891,4511 2890,4509 2890,4485 2889,4485 2493,4484 2493,4484 2493,4508 2491,4510 2488,4510 2486,4507 2486,4502 2485,4502 2336,4501 2336,4501 2336,4494 2335,4493 1963,4493 1963,4493 1963,4500 1962,4501 1960,4501 1960,4501 1958,4503 1958,4505 1953,4510 1931,4510 1929,4508 1927,4508 1927,4507 1927,4496 1926,4496 1857,4495 1856,4494 1856,4492 1855,4491 1457,4491 1457,4491 1457,4508 1456,4509 1448,4509 1447,4508 1445,4508 1445,4507 1445,4494 1444,4494 1410,4493 1408,4491 967,4490 967,4491 967,4502 966,4502 946,4502 945,4501 945,4477 943,4475 943,4458 942,4457 939,4457 938,4456 938,4453 936,4451 936,4446 938,4444 938,4432 940,4430 940,4385 941,4384 941,4382 942,4381 991,4382 991,4381 991,4346 992,4346 1009,4346 1010,4347 1015,4347 1015,4347 1015,4349 1016,4350 1205,4350 1206,4351 1215,4351 1216,4352 1218,4352 1218,4353 1218,4355 1219,4355 1220,4355 1220,4356 1220,4374 1221,4374 1369,4374 1371,4377 1371,4385 1372,4385 2035,4387 2035,4386 2035,4374 2036,4374 2037,4374 2037,4373 2037,4362 2039,4360 2039,4355 2041,4354 2058,4354 2058,4354 2058,4357 2059,4358 2309,4358 2310,4360 2310,4363 2312,4365 2312,4392 2312,4392 2662,4393 2663,4393 2663,4391 2665,4389 2811,4389 2811,4389 2811,4378 2813,4376 2814,4376 2814,4376 2814,4373 2818,4369 2819,4371 2819,4388 2820,4389 3223,4389 3223,4389 3223,4359 3225,4357 3232,4357 3233,4356 3236,4356 3236,4357 3236,4395 3236,4395 3240,4395 3241,4396 3241,4401 3241,4401 3252,4401 3253,4402 3254,4402 3256,4404 3256,4405 3256,4405 3257,4405 3258,4406 3258,4435 3258,4435 3308,4436 3313,4441 3317,4441 3318,4441 3318,4442 3318,4443 3319,4443 3320,4443 3320,4445 3320,4446 3322,4446 3323,4446 3323,4448 3325,4450 3325,4461 3324,4462 3323,4462 3323,4462 3323,4471 3322,4472 3320,4472 3320,4472 3320,4481 3319,4482 3312,4482 3310,4484 3310,4486 3308,4488 3304,4488 3299,4493 3299,4495 3298,4496 3296,4498 3294,4498 3292,4500 3268,4499 3268,4500 3268,4506 3266,4507 3199,4507 3199,4508 3199,4513 3198,4513"/><TextEquiv><Unicode/></TextEquiv><TextEquiv index="1"><Unicode>rieuſement occupés, dans ce moment,</Unicode></TextEquiv></TextLine><TextLine id="l27"><Coords points="3065,4673 3064,4672 3058,4672 3057,4672 3057,4671 3057,4670 2950,4670 2949,4669 2936,4669 2935,4668 2935,4664 2935,4664 2747,4663 2745,4661 2729,4661 2726,4659 2726,4631 2726,4630 2636,4630 2635,4629 2361,4629 2360,4629 2360,4643 2360,4644 2354,4643 2353,4644 2339,4644 2338,4645 2338,4652 2337,4653 2335,4653 2334,4654 2334,4656 2334,4656 2193,4656 2192,4657 2192,4667 2192,4667 2084,4667 2083,4668 1826,4667 1825,4668 1754,4668 1753,4668 1753,4665 1753,4664 1481,4664 1480,4663 1480,4662 1480,4662 1034,4661 1033,4660 1033,4658 1033,4658 1029,4658 1027,4656 1027,4638 1027,4638 951,4637 950,4637 950,4635 947,4632 947,4630 945,4627 941,4627 940,4627 941,4600 940,4599 940,4597 939,4596 938,4596 938,4596 938,4545 938,4544 939,4544 940,4544 940,4542 942,4539 946,4539 947,4539 947,4503 947,4502 966,4502 967,4503 967,4506 971,4510 971,4512 972,4513 972,4514 974,4516 974,4520 974,4520 975,4520 976,4521 976,4538 976,4538 1288,4539 1289,4539 1289,4513 1290,4511 1350,4511 1353,4508 1546,4509 1547,4508 1559,4508 1561,4509 1561,4523 1561,4524 1843,4524 1844,4524 1844,4515 1850,4508 1862,4508 1863,4509 1863,4510 1863,4510 1864,4510 1865,4511 1865,4517 1865,4517 2215,4518 2220,4513 2223,4513 2224,4512 2242,4512 2243,4512 2243,4511 2243,4510 2246,4510 2247,4511 2247,4512 2248,4513 2252,4513 2254,4515 2254,4518 2255,4519 2255,4544 2255,4544 2256,4544 2257,4545 2257,4550 2257,4550 2540,4551 2541,4550 2541,4549 2542,4548 2542,4545 2546,4541 2546,4539 2546,4539 2674,4539 2675,4539 2675,4530 2678,4527 2678,4525 2680,4523 2680,4521 2680,4520 2681,4520 2685,4517 2685,4515 2686,4513 2689,4513 2692,4510 2694,4510 2696,4508 2703,4508 2706,4505 2710,4505 2711,4505 2711,4504 2711,4503 2717,4503 2718,4504 2718,4505 2718,4505 2720,4505 2723,4508 2725,4508 2727,4510 2899,4511 2900,4511 2900,4528 2900,4529 3155,4529 3158,4532 3158,4552 3158,4552 3276,4552 3278,4555 3317,4555 3318,4555 3318,4559 3318,4560 3319,4560 3322,4562 3322,4564 3323,4565 3323,4571 3322,4572 3322,4579 3321,4580 3312,4580 3312,4580 3311,4627 3309,4630 3292,4630 3291,4630 3291,4666 3290,4668 3288,4668 3287,4668 3287,4673 3287,4674"/><TextEquiv><Unicode/></TextEquiv><TextEquiv index="1"><Unicode>à prendre les plus juſtes meſures pour</Unicode></TextEquiv></TextLine><TextLine id="l28"><Coords points="3201,4828 3200,4827 2676,4826 2674,4826 2673,4827 2660,4827 2659,4827 2659,4826 2659,4825 2596,4825 2593,4822 2387,4822 2386,4821 2386,4819 2386,4819 1914,4818 1911,4821 1896,4820 1895,4821 1878,4821 1873,4817 1873,4808 1873,4807 1630,4807 1629,4806 1629,4805 1629,4805 1269,4804 1268,4805 1268,4809 1266,4811 980,4810 979,4811 979,4815 979,4815 970,4815 969,4815 969,4810 969,4809 968,4809 967,4809 967,4808 967,4807 946,4807 945,4807 945,4805 945,4804 944,4804 943,4804 943,4769 943,4768 941,4768 939,4766 937,4766 936,4766 936,4752 940,4748 940,4695 941,4694 946,4694 948,4692 950,4692 950,4692 950,4676 951,4675 984,4675 985,4675 1163,4675 1163,4674 1163,4668 1164,4668 1167,4668 1167,4667 1167,4666 1169,4665 1171,4665 1173,4663 1280,4663 1280,4663 1280,4662 1281,4661 1323,4661 1323,4662 1323,4663 1324,4663 1491,4664 1492,4665 1493,4665 1493,4665 1493,4666 1495,4668 1825,4668 1825,4669 1825,4703 1826,4703 2185,4704 2185,4704 2185,4668 2186,4667 2192,4667 2192,4668 2192,4670 2193,4670 2247,4670 2247,4671 2247,4672 2248,4672 2250,4672 2254,4677 2254,4705 2255,4705 2599,4706 2599,4706 2599,4680 2601,4678 2601,4676 2602,4675 2604,4675 2606,4673 2933,4674 2933,4673 2933,4670 2935,4669 2949,4669 2950,4670 2957,4670 2960,4673 3287,4674 3287,4674 3287,4677 3289,4679 3289,4681 3290,4682 3291,4682 3291,4682 3291,4691 3292,4692 3299,4692 3299,4692 3299,4693 3300,4694 3301,4694 3301,4694 3301,4698 3303,4700 3303,4712 3304,4713 3308,4713 3310,4715 3311,4715 3312,4716 3313,4716 3313,4716 3313,4719 3314,4720 3315,4720 3315,4720 3315,4760 3316,4761 3320,4761 3320,4761 3320,4775 3318,4777 3318,4779 3318,4780 3317,4780 3316,4780 3316,4781 3316,4782 3312,4782 3311,4783 3290,4783 3289,4783 3289,4828 3289,4829"/><TextEquiv><Unicode/></TextEquiv><TextEquiv index="1"><Unicode>perdre l'Amérique. Je ne jugeai pas à</Unicode></TextEquiv></TextLine><TextLine id="l29"><Coords points="1160,5015 1160,5014 1160,4981 1159,4981 1146,4981 1146,4980 1146,4978 1145,4978 1140,4978 1139,4976 1139,4974 1138,4974 956,4973 955,4972 955,4967 954,4966 935,4966 935,4966 935,4965 934,4964 934,4948 933,4947 933,4946 932,4945 931,4945 931,4945 931,4943 928,4940 928,4929 927,4928 925,4928 924,4927 924,4920 924,4919 927,4919 928,4919 928,4896 928,4895 935,4895 936,4895 936,4877 936,4876 937,4876 939,4874 942,4874 943,4874 943,4850 945,4848 945,4846 946,4845 957,4845 959,4843 960,4843 960,4843 960,4840 962,4838 965,4838 965,4838 965,4816 967,4814 969,4814 970,4815 979,4815 980,4816 2041,4819 2043,4821 2898,4823 2899,4824 2899,4826 2900,4827 3088,4827 3089,4828 3289,4829 3289,4829 3289,4870 3289,4871 3307,4871 3308,4871 3308,4872 3309,4874 3315,4874 3316,4874 3316,4883 3318,4885 3318,4890 3320,4892 3320,4894 3319,4895 3317,4895 3316,4896 3316,4930 3315,4931 3315,4935 3313,4937 3313,4939 3312,4940 3311,4940 3310,4941 3310,4945 3308,4947 3304,4947 3304,4947 3304,4951 3303,4952 3301,4952 3298,4955 3294,4955 3294,4955 3294,4987 3293,4988 3292,4988 3292,4988 3292,4994 3289,4997 3287,4997 3286,4998 3281,4998 3279,5000 1337,4995 1337,4996 1337,5003 1336,5003 1320,5003 1320,5004 1320,5005 1319,5005 1168,5005 1168,5005 1168,5014 1167,5015"/><TextEquiv><Unicode/></TextEquiv><TextEquiv index="1"><Unicode>propos de mêler l'hiſtoire des ballons</Unicode></TextEquiv></TextLine><TextLine id="l30"><Coords points="2762,5096 2761,5096 2761,5094 2761,5093 2760,5093 2759,5093 2759,5092 2759,5091 2757,5091 2754,5088 2752,5088 2750,5086 2747,5086 2742,5081 2740,5081 2738,5080 2738,5079 2736,5076 2734,5076 2732,5074 2732,5072 2730,5070 2730,5068 2729,5067 2728,5067 2728,5067 2728,5066 2726,5064 2726,5061 2725,5060 2725,5056 2724,5055 2723,5055 2723,5055 2723,5051 2721,5049 2721,5027 2721,5026 2722,5026 2723,5026 2723,5025 2723,5024 2724,5024 2725,5024 2725,5022 2726,5021 2726,5019 2728,5017 2728,5015 2728,5014 2729,5014 2730,5014 2730,5013 2730,5012 2731,5012 2732,5012 2732,5004 2733,5003 2733,4977 2733,4976 2786,4976 2787,4977 2787,4978 2787,4978 2799,4978 2800,4979 2800,4982 2801,4983 2997,4984 2998,4984 2998,4985 2998,4986 3078,4986 3079,4987 3079,4988 3078,4988 2814,4987 2814,4988 2821,4995 2821,5016 2821,5017 2957,5017 2959,5019 2964,5019 2966,5020 2966,5021 2966,5022 2967,5022 2969,5024 2971,5024 2972,5025 2974,5026 2974,5028 2974,5029 2976,5029 2978,5030 2978,5033 2979,5034 2979,5066 2979,5067 2980,5067 2981,5067 2981,5068 2981,5069 2982,5069 2984,5070 2983,5080 2984,5081 2984,5088 2985,5089 2983,5091 2983,5095 2983,5096 2770,5095 2769,5096"/><TextEquiv><Unicode/></TextEquiv><TextEquiv index="1"><Unicode>Ca</Unicode></TextEquiv></TextLine><TextEquiv><Unicode/></TextEquiv></TextRegion></Page></PcGts>