4266 6032
977 307 3353 472 'Obſervatoire. Nous y attachâmes no-
948 467 3353 628 tre globe, & nous cherchâmes mon
977 625 3342 785 pere. Nous apprîmes qu'il étoit pour
886 780 3354 955 lors à la campagne, dans une très - belle
976 935 3349 1095 terre qu'il avoit proche de Saint-Ger-
976 1091 3349 1249 main-en-Laye; nous nous y rendîmes
974 1246 3136 1406 ſur le champ par la voie des airs.
1003 1395 3363 1560 La ſoirée étoit d'une beauté raviſ-
933 1555 3341 1717 ſante. J'apperçus, chez mon pere, au
967 1715 3335 1872 clair de la lune, un groupe qui pre-
962 1867 3337 2025 noit le frais ſur la terraſſe. Je reconnus
969 2016 3349 2179 narfaitement ſa voix & celle de preſ-
965 2174 3347 2338 tous les autres perſonnages. Sou-
962 2329 3334 2489 dain, nous allumâmes des fanaux, &
962 2482 3352 2647 nous pouſſâmes un cri, de concert,
874 2640 3332 2801 pour nous faire remarquer. Nous en-
957 2795 3344 2959 tendîmes, pour réponſe, une exclama-
952 2953 3325 3112 tion générale de tout le groupe de pro-
893 3107 3327 3266 meneurs. Soudain nous deſcendîmes
938 3263 3322 3427 devant eux, & je me précipitai dans
947 3418 3323 3576 les bras de mon pere. Il me reconnut,
879 3559 3344 3732 il me rendit mon embraſſement avec la
940 3722 3342 3887 plus vive tendreſſe. „Oh, oh! s'écria-
891 3872 3349 4044 “t-il, voilà enfin quelque choſe qui
936 4039 3346 4200 “m'étonne. J'ai eu des aventures bien
874 4193 3344 4357 “extraordinaires; mais je ne m'atten-
873 4352 3328 4512 “dois pas à voir deſcendre des nues
873 4501 3303 4668 “mon fils, que je croyois mort. Mon
888 4663 3320 4823 “cher Cataudin, tu nous apprendras
872 4803 3320 5014 comment s'opere un tel prodige. Ma
2424 4978 3086 5138 O
