4266 6032
929 306 3330 481 “chere Julie, le voilà, oui c'eſt lui
919 480 3318 642 Tout le monde étoit plongé dans la ſtu-
924 637 3320 799 péfaction, & reſtoit dans une extaſe
924 788 3318 954 muette. Julie paroiſſoit encore une des
924 948 3318 1108 plus belles femmes du monde. Je l'em-
857 1103 3309 1266 braſſai avec tranſport. Elle me le rendit
926 1256 3313 1422 avec une égale tendreſſe. „Oui, c'eſt
922 1416 3300 1577 “bien lui, dit-elle; il eſt très-palpable;
928 1569 3318 1733 “ce n'eſt pas une ombre“. J'embraſ-
931 1724 3310 1887 ſai mon oncle, le jumeau & le vivant
931 1879 3311 2047 portrait de mon pere, ma tante ſon
936 2032 3311 2200 épouſe, la ReineNinon & ſa fille, le Roi
938 2188 3313 2355 des Alfondons, & toute cette famille ad-
934 2344 3318 2520 mirable. Je leur préſentai Zéphirine, la
933 2502 3323 2666 Reine des Sylphes, qui venoit pour vi-
931 2655 3370 2822 vre avec eux, la grande Prêtreſſe Aphro-
936 2807 3303 2974 diſe, avec ſes deux jumelles, &
929 2967 3330 3137 ma chere Artémiſe. Ces belles per-
935 3119 3303 3292 ſonnes étoient dignes de figurer dans la
935 3273 3325 3443 ſociété angélique où je les amenois. Mon
934 3428 3308 3605 pere, en voyant mes deux petites filles,
935 3576 3332 3752 reconnut mes traits. „Mon ami, dit-il
935 3742 3318 3911 “en m'embraſſant, je te reconnois, tu
938 3891 3313 4071 “es le digne ſang de Grégoire Merveil;
941 4054 3318 4223 “mais tu ne connois pas toutes tes ri-
941 4205 3319 4381 “cheſſes“. A ces mots, il me préſenta
945 4373 3351 4541 un joli enfant, dont les traits charmans
945 4514 3349 4699 me rappelerent ceux de Scintilla, qui
947 4675 3359 4850 l'avoit eu de moi. Jel'embraſſai avecune
965 4843 3382 5016 tendreſſe inexplicable, & je ne pus re-
