4266 6032
907 266 3294 462 tenir mes larmes, en penſant à cette chere
921 427 3394 615 épouſe. Nous entrâmes dans le Château.
919 592 3289 781 J'y vis le portrait en pied de Scintilla
926 754 3292 928 auprès de celui de mon-Adélaïde, qui
922 912 3292 1074 excita encore mes larmes. Je n'oſai de-
922 1069 3291 1244 mander de ſes nouvelles, pour ne pas
916 1223 3289 1391 m'entendre confirmer encore ſa mort.
900 1373 3280 1549 Je baiſai mille fois les deux portraits.
931 1530 3285 1705 „Qu'on tue le veau gras, s'écrioit mon
914 1695 3280 1860 “pere, mon fils bien aimé eſt revenu“.
912 1844 3287 2018 Nous fîmes le ſouper le plus gai & le
912 2004 3285 2178 plus délicieux. Tout le Château fut illu-
902 2159 3287 2329 miné, tout le Village danſa pour célé-
904 2300 3289 2481 brer mon retour, tandis que nous nous
897 2463 3280 2659 ivrions enſemble aux plus tendres
897 2611 1891 2816 épanchemens.
1182 2924 3066 3181 Fin du Livre troiſieme.
