4266 6032
972 233 3327 455 Il falloit d'ailleurs m'informer de ce
940 439 3401 604 qu'étoit devenue la chere Princeſſe Gé-
940 595 3323 759 melli, ma bienfaitrice, que j'ai laiſſée à
953 752 3328 916 Naples dans une priſon. Le traître Spina-
953 904 3342 1067 cuta reſpiroit dans la même retraite:
962 1060 3353 1221 mais ſi ce monſtre avoit ſu recouvrer
962 1213 3334 1379 ſa liberté, ſi la juſtice des hommes ne
967 1372 3335 1536 l'avoit pas puni de ſes forfaits; c'étoit à
862 1528 3349 1695 moi à remplir cette tâche, & à purger
974 1683 3354 1848 la terre de ce ſcélérat. Mon pere avoit
960 1830 3340 2001 veillé long-temps ſur lui, pour le châ-
971 1990 3337 2156 tier dès qu'il ſeroit en liberté; mais ſa
971 2143 3356 2309 priſon l'avoit toujours mis à couvert de
981 2296 3344 2468 cette juſte vengeance; & depuis quel-
976 2458 3375 2620 que temps le Marquis d'Erbeuil l'avoit
977 2611 3363 2774 perdu de vue. Je communiquai mon
979 2763 3366 2929 deſſein à ce pere chéri. „Tu as raiſon,
979 2923 3351 3084 “me dit-il, mon fils, j'avois juré de
983 3081 3349 3243 “punir ce malheureux, quand je te
981 3236 3359 3395 “croyois mort; mais tu vis, 'eſt ton
969 3390 3363 3553 “ennemi perſonnel; cette victime t'ap-
979 3543 3399 3736 “partient, & ſa punition doit être ton
976 3705 1734 3863 “ouvragen.
998 3829 3359 4027 Je laiſſai, chez mon pere, Artémiſe,
986 4013 3366 4335 urieees o uoses élranndi aa-
876 4319 3370 4489 faitement établies dans cette heureuſe
957 4474 3368 4645 ſamille. Elles élevoient, avec amour,
921 4634 3373 4801 mes deux jumelles & mon petit Scin-
981 4782 3383 4964 tillin. Je me ſéparai, en pleurant, de
2553 4954 3067 5115 O.
