4266 6032
883 214 3373 427 “croire que cet anonyme étoit Spina-
910 407 3310 578 “cuta. Elle a prouvé la fauſſeté des im-
912 564 3299 733 “putations, &, malgré les preuves de
912 717 3303 889 “ſon innocence, on l'a retenue encore
912 874 3303 1044 quelque temps, & on ne l'a miſe en
916 1029 3303 1205 “liberté qu'à la recommandation du
916 1184 3303 1351 “perfide qui étoit l'auteur de ſa diſ-
914 1349 3311 1516 “grace, & à condition qu'elle l'épou-
914 1499 3310 1671 “ſeroit. Toute ſa famille eſtréunie pour
914 1650 3313 1824 “la forcer à ſigner ſon malheur. Je
885 1811 3313 1981 “crains bien qu'on n'ait ſurpris, dans
912 1970 3318 2135 “cette circonſtance, la religion de S.
881 2108 3349 2287 “M. Ce Spinacuta eſt un caméléon,
909 2276 3323 2446 “un intrigant de la premiere claſſe.
904 2432 3308 2598 -- Graces à Dieu, me dis-je en moi-
902 2584 3322 2758 “même, le monſtre n'épouſera pas ma
904 2737 3375 2945 “Princeſſe; je la délivrerai de ce com-
904 2893 1996 3060 “ble d'horreur“.
941 3010 3327 3226 Le Miniſtre me conduiſit chez leRoi,
902 3208 3327 3381 qui voulut bien me témoigner ſon re-
897 3346 3328 3535 gret d'avoir ſévi contre moi ſans que
897 3518 3327 3690 je l'euſſe mérité, & le cas qu'il faiſoit de
897 3675 3340 3846 ma perſonne; car ildaigna me certifler
902 3827 3401 4003 qu'il avoit entendu parler de moi tout à
895 3979 3330 4168 ſaiten bien. Il me ditmême avec bonté,
897 4121 3334 4317 qu'il étoit de ſon devoir de me dédom-
895 4302 3334 4474 mager; & il me donna ſur le champ un
892 4446 3313 4630 brevet de Colonel. I me préſenta à
886 4601 3337 4793 toûtet ſa Cour, à laquelle l peignit
879 4739 3335 4959 reſimé qu'il avoſt conçue pour moi,
2565 4947 2957 5096 O6
