4266 6032
962 283 3373 471 & ſon regret de m'avoir diſgracié, ſur
964 444 3358 611 des imputations dont on lui avoit dé-
960 599 3358 765 montré depuis la fauſſeté, comme il
952 756 3351 921 l'avoit annoncé lui-même, ſi-tôt qu'on
948 910 3340 1082 lui avoit dévoilé ſon erreur. Il ajouta
890 1067 3339 1238 qu'il me reconnoiſſoit pour un parfait
948 1227 3330 1390 honnête homme, & qu'il exigeoit
945 1385 3322 1547 que chacun me reconnût pour tel.
933 1542 3325 1700 Tout le monde m'accueillit à l'envi du
933 1695 3323 1859 Souverain; & j'eus, à cet égard, toute
931 1848 3332 2027 la ſatisfaction que je pouvois déſirer;
922 2008 3327 2167 mais il étoit queſtion de retrouver la
917 2156 3320 2323 Princeſſe Gémelli, de la retirer des
912 2315 3396 2479 mains du perfide, & de punir ce traître.
934 2464 3322 2635 Je fus long-temps à la chercher, ſans
904 2630 3322 2790 pouvoir la trouver. J'étois vivement &
907 2787 3298 2947 juſtement alarmé de ce myſtere répandu
895 2941 3316 3103 ſur ſon exiſtence. Aucun de ſes parens
905 3098 3318 3257 d'ailleurs n'étoit à Naples. Le Cardinal,
895 3246 3315 3415 ſon frere, avoit diſparu, ſans qu'on ſût
869 3410 3306 3571 ce qu'il étoit devenu. Le monſtre lui-
873 3564 3291 3727 même s'étoit éclipſé tout à coup. „C'eſt
879 3719 3316 3886 “lui ſûrement, me diſois-je, qui a en-
878 3877 3316 4039 “levé ces honnêtes gens-là“. Je m'in-
881 4032 3308 4196 formai de toutes les terres qu'il pouvoit
879 4188 3287 4371 poſſéder. J'appris qu'il en avoit une
879 4348 3285 4509 dans un endroit écarté, déſert, au mi-
869 4501 3270 4666 lieu des montagnes, dont on pouvoit à
867 4653 3322 4824 peine ſoupçonner l'exiſlence. „C'eſt là
852 4809 3325 5014 “ſûrement, me dis-je, que le barbare
