4266 6032
929 274 3346 444 aura conduit ſa proie, pour la poſſéder
934 431 3330 598 “& la tyranniſer à ſon gré; mais il va
935 620 2204 748 “me trouver“.
981 733 3349 912 Je partis ſur le champ pour ce mal-
879 893 3340 1064 heureux gîte, & j'y arrivai le même
934 1058 3339 1222 jour. C'étoit un coupe-gorge, un don-
934 1206 3327 1375 jon creuſé dans les rochers, enterré
938 1370 3340 1530 dans les forêts, un vrai repaire de vo-
936 1526 3346 1685 leurs; en un mot, c'étoit un de ces
933 1676 3354 1856 vieux châteaux qui paſſent pour être
919 1834 3351 1996 au pouvoir des eſprits infernaux. Je
938 1989 3347 2149 crus ſentir que tout reſpiroit le crime
941 2137 3341 2301 dans cet odieux ſéjour, & ſembloit y
910 2297 3353 2612 ee snieara a'eere oue oieoo-
933 2604 3351 2768 vert, & je ne voyois perſonne. Je cours
933 2763 3349 2926 de corridors en corridors; je parviens
933 2918 3354 3083 juſqu'à la chapelle, qui étoit pa-
902 3070 3347 3233 reillement ouverte. Là, je trouve enfin
940 3220 3351 3388 du monde. Toute la maiſon paroiſſoit y
907 3382 3358 3545 être réunie, & profondément occupée
847 3536 3344 3698 d'une cérémonie cruelle. Je vois le Cé-
900 3684 3332 3860 lébrant; j'apperçois ma Princeſſe infor-
931 3846 3385 4015 tunée, pâle & tremblante; on lui pre-
931 4001 3342 4166 noit la main par force, pour la préſen-
912 4154 3344 4324 ter au noir Spinacuta. C'étoit le Car-
933 4314 3342 4480 dinal lui-même qui ſe prétoit à cette
929 4467 3334 4637 violence contre ſa ſœur. L'hymen fatal
914 4625 3373 4804 alloitêtre formé en dépit de Dieu mê-
898 4776 3406 4986 e, au pied de ſes Autels. Je me pré-
