<?xml version="1.0" encoding="UTF-8" standalone="no"?><PcGts xmlns="http://schema.primaresearch.org/PAGE/gts/pagecontent/2017-07-15" xmlns:xsi="http://www.w3.org/2001/XMLSchema-instance" xsi:schemaLocation="http://schema.primaresearch.org/PAGE/gts/pagecontent/2017-07-15 http://schema.primaresearch.org/PAGE/gts/pagecontent/2017-07-15/pagecontent.xsd"><Metadata><Creator/><Created>2020-10-14T11:09:48</Created><LastChange>1970-01-01T00:00:00</LastChange><Comments/></Metadata><Page imageFilename="0161.png" imageHeight="6032" imageWidth="4266"><TextRegion id="r1" orientation="0.0" type="paragraph"><Coords points="1,1 4264,1 4264,6030 1,6030"/><TextLine id="l1"><Coords points="3118,489 3117,488 3065,488 3064,488 3064,449 3064,448 3010,448 3008,446 2987,446 2986,447 2986,480 2984,482 2977,482 2976,481 2957,481 2955,480 2955,447 2955,446 2913,446 2912,446 2912,445 2912,444 2908,444 2907,443 2851,443 2850,444 2850,485 2850,485 2842,485 2841,484 2837,484 2836,484 2836,444 2836,443 2800,443 2799,444 2793,444 2792,445 2792,446 2792,446 2712,446 2711,447 2711,448 2711,448 2709,448 2707,450 2703,450 2702,451 2696,451 2695,452 2695,453 2695,453 2688,453 2687,453 2687,442 2687,441 2595,441 2594,442 2594,485 2594,485 2592,485 2591,485 2591,442 2591,441 2537,441 2535,439 2420,439 2419,440 2419,478 2418,479 2413,479 2411,481 2381,481 2377,478 2377,442 2377,441 2360,441 2355,436 2243,436 2240,439 2238,439 2236,441 2198,441 2197,442 2197,484 2197,484 2179,484 2178,484 2178,442 2178,441 2174,441 2172,443 2166,443 2164,441 2091,441 2090,441 2090,440 2090,439 1971,439 1970,440 1970,441 1970,441 1966,441 1964,443 1957,443 1956,444 1950,444 1949,443 1944,443 1942,441 1937,441 1935,439 1825,439 1824,438 1713,438 1712,439 1712,442 1710,444 1704,444 1701,442 1701,438 1700,437 1700,430 1700,429 1593,429 1592,430 1592,433 1591,434 1589,434 1588,435 1588,436 1588,436 1587,436 1586,437 1586,438 1586,438 1582,438 1581,439 1522,439 1521,440 1521,441 1521,441 1507,441 1505,439 1335,439 1333,441 1324,441 1323,442 1323,443 1323,443 1318,443 1316,441 1314,441 1313,441 1313,440 1313,439 1310,439 1309,438 1216,438 1135,438 1130,443 1110,443 1106,439 1104,439 1103,438 1100,438 1098,437 1098,435 1098,434 1097,434 1096,434 1096,433 1096,432 972,432 971,433 971,437 969,439 969,441 969,441 967,441 965,443 937,443 936,444 929,444 928,443 927,443 926,443 926,434 928,432 928,382 928,381 927,381 926,381 926,372 928,370 929,370 930,369 936,369 937,370 941,370 943,373 943,374 944,374 945,374 945,375 945,376 946,376 972,376 973,377 974,377 974,378 974,381 975,381 976,381 978,384 978,386 979,386 1087,386 1088,385 1088,383 1090,381 1092,381 1093,380 1093,378 1095,376 1097,376 1100,373 1100,371 1101,370 1107,370 1108,369 1110,369 1110,369 1110,368 1111,367 1189,367 1191,365 1206,365 1206,365 1206,329 1211,324 1222,324 1222,324 1222,323 1223,322 1223,321 1225,319 1271,319 1273,322 1273,324 1274,324 1275,324 1275,325 1275,364 1276,364 1364,364 1366,362 1444,362 1444,362 1444,358 1445,357 1445,348 1447,346 1447,342 1448,341 1449,341 1449,341 1449,337 1456,330 1456,328 1458,326 1462,326 1467,321 1516,321 1518,324 1518,365 1519,365 1524,365 1526,367 1758,367 1758,367 1758,327 1759,326 1761,326 1762,325 1762,322 1763,321 1768,321 1770,319 1775,319 1777,321 1782,321 1783,322 1784,322 1784,323 1784,326 1785,326 1903,326 1905,329 1905,365 1906,365 2042,365 2042,366 2042,367 2043,367 2056,367 2056,367 2056,335 2057,334 2058,334 2059,333 2070,333 2071,334 2073,334 2073,335 2073,367 2074,367 2186,367 2191,362 2248,362 2248,362 2248,360 2250,358 2255,358 2255,359 2255,374 2256,374 2360,374 2362,372 2362,370 2363,369 2367,369 2367,369 2367,368 2368,367 2503,367 2503,367 2503,334 2508,329 2511,329 2513,327 2544,327 2545,326 2546,326 2546,326 2546,325 2547,324 2561,324 2563,327 2563,329 2564,329 2606,329 2606,330 2606,331 2607,331 2697,331 2699,333 2701,333 2701,334 2701,369 2702,369 2855,369 2855,369 2855,367 2857,365 2905,365 2905,365 2905,363 2906,362 2926,362 2926,363 2926,374 2927,374 2928,374 2928,375 2928,376 2929,376 3046,376 3046,376 3046,338 3048,336 3048,334 3051,331 3056,331 3058,329 3060,329 3062,327 3082,327 3084,330 3084,350 3085,350 3158,350 3160,352 3162,352 3162,353 3162,374 3163,374 3287,374 3287,374 3287,324 3290,321 3292,321 3292,321 3292,320 3293,319 3313,319 3315,321 3318,321 3318,322 3318,324 3319,324 3320,324 3320,325 3320,326 3321,326 3323,326 3323,327 3323,332 3325,334 3325,345 3326,345 3327,345 3327,346 3327,350 3328,351 3328,372 3329,372 3330,372 3330,373 3330,377 3332,379 3332,403 3333,403 3335,403 3337,405 3339,405 3339,406 3339,408 3340,409 3340,413 3342,415 3342,422 3342,422 3321,422 3320,423 3320,429 3320,429 3316,429 3313,432 3311,432 3310,433 3310,450 3309,451 3278,451 3277,452 3277,460 3277,460 3273,460 3270,458 3270,452 3270,451 3247,451 3246,450 3147,450 3146,451 3146,489 3146,489"/><TextEquiv><Unicode/></TextEquiv><TextEquiv index="1"><Unicode>“odieuſes violences qu'il veut s'em-</Unicode></TextEquiv></TextLine><TextLine id="l2"><Coords points="3296,650 3295,649 3283,649 3282,649 3282,631 3282,630 3271,630 3270,630 3270,605 3270,604 3132,604 3131,605 3131,606 3131,606 3116,606 3115,606 3115,605 3115,604 3111,604 3110,603 2958,603 2957,603 2957,602 2957,601 2936,601 2934,599 2931,599 2930,598 2745,598 2744,599 2693,599 2692,600 2692,601 2692,601 2669,601 2668,602 2668,618 2668,618 2664,618 2663,618 2663,602 2663,601 2614,601 2613,601 2613,600 2613,599 2609,599 2608,598 2461,598 2460,599 2460,620 2460,620 2459,620 2458,621 2458,623 2457,624 2457,628 2457,628 2455,628 2454,629 2453,630 2453,632 2453,632 2452,632 2451,633 2451,634 2451,634 2445,634 2443,636 2443,637 2443,637 2442,637 2441,638 2441,639 2441,639 2437,639 2435,641 2414,641 2412,639 2406,639 2405,639 2405,638 2405,637 2403,637 2400,635 2400,633 2400,632 2394,632 2393,632 2393,628 2393,627 2391,627 2389,626 2389,619 2388,618 2388,617 2388,616 2287,616 2286,616 2286,597 2286,596 2141,596 2140,597 2140,641 2140,641 2126,641 2125,641 2125,597 2125,596 1899,596 1897,598 1895,598 1894,599 1885,599 1884,598 1878,598 1877,599 1877,638 1877,638 1857,638 1856,638 1856,599 1856,598 1774,598 1772,596 1770,596 1768,594 1646,594 1644,596 1577,596 1576,597 1576,637 1576,637 1481,637 1480,637 1480,588 1480,587 1388,587 1387,588 1387,590 1385,592 1381,592 1380,593 1380,594 1380,594 1331,594 1330,595 1330,597 1329,598 1306,598 1304,596 1121,596 1120,597 1120,637 1116,641 1081,641 1079,639 1077,639 1076,639 1076,583 1076,582 974,582 969,587 967,587 966,588 966,590 960,596 960,597 960,597 959,597 957,599 951,599 950,598 926,598 924,596 922,596 921,596 921,594 919,592 919,528 920,527 922,527 924,525 932,525 936,529 962,529 963,530 1077,530 1078,529 1080,529 1082,527 1086,527 1086,527 1086,526 1087,525 1119,525 1121,523 1124,523 1125,522 1180,522 1182,520 1382,520 1382,520 1382,519 1383,518 1391,518 1393,520 1395,520 1395,521 1395,523 1398,525 1512,525 1514,523 1519,523 1520,522 1529,522 1529,522 1529,488 1531,486 1533,486 1533,486 1533,485 1534,484 1535,484 1535,484 1535,483 1536,482 1540,482 1542,480 1728,480 1730,482 1732,482 1733,484 1733,506 1734,507 1734,522 1735,522 1894,522 1897,525 2020,525 2022,523 2176,523 2176,523 2176,485 2177,484 2198,484 2199,486 2199,525 2200,525 2246,525 2250,529 2254,529 2255,531 2255,533 2257,535 2257,537 2259,539 2259,565 2260,565 2395,565 2395,565 2395,542 2398,539 2398,535 2399,534 2401,534 2405,530 2407,530 2407,530 2407,528 2410,525 2499,525 2501,523 2537,523 2538,522 2548,522 2549,523 2555,523 2557,525 2591,525 2591,525 2591,486 2592,485 2594,485 2594,486 2594,525 2595,525 2835,525 2835,525 2835,485 2836,484 2841,484 2842,485 2851,485 2852,486 2988,486 2989,487 2994,487 2995,488 3076,488 3077,489 3124,489 3124,490 3124,532 3125,532 3196,532 3198,530 3202,530 3204,532 3220,532 3220,533 3220,537 3222,539 3222,563 3223,563 3309,563 3311,566 3311,568 3312,568 3313,568 3313,569 3313,575 3315,577 3315,604 3316,604 3330,604 3330,605 3330,608 3330,608 3329,608 3328,609 3328,610 3327,611 3327,614 3326,615 3302,615 3301,616 3301,618 3301,618 3299,618 3297,620 3297,650 3297,650"/><TextEquiv><Unicode/></TextEquiv><TextEquiv index="1"><Unicode>“parer d'elle: mais, graces à Dieu,</Unicode></TextEquiv></TextLine><TextLine id="l3"><Coords points="3221,804 3220,804 3220,764 3220,763 3124,763 3122,761 3046,761 3045,762 3045,800 3045,800 3032,800 3031,799 3030,799 3029,798 2917,798 2916,797 2896,797 2895,797 2895,796 2895,795 2894,795 2893,795 2893,793 2892,792 2892,753 2892,752 2644,752 2642,754 2642,759 2641,760 2641,765 2638,768 2636,768 2634,770 2634,771 2634,771 2633,771 2632,772 2632,773 2632,773 2630,773 2628,775 2628,776 2628,776 2487,776 2486,777 2486,793 2485,794 2483,794 2482,795 2454,795 2453,794 2446,794 2444,793 2444,755 2444,754 2243,754 2241,752 2018,752 2016,754 1931,754 1930,755 1930,756 1930,756 1928,756 1927,757 1927,759 1927,759 1919,759 1918,759 1918,758 1918,757 1917,757 1916,757 1916,750 1916,749 1737,749 1734,752 1692,752 1691,751 1441,751 1434,751 1433,752 1352,752 1351,753 1351,757 1351,757 1341,757 1340,757 1340,755 1340,754 1223,754 1221,752 1216,752 1215,751 984,751 983,752 983,764 983,764 977,764 974,762 974,755 974,754 922,754 919,752 919,738 920,737 921,737 921,737 921,686 924,683 967,683 967,683 967,669 968,668 972,668 972,669 972,683 973,683 1074,683 1077,680 1155,680 1155,680 1155,679 1156,678 1354,678 1354,678 1354,638 1355,637 1524,637 1526,635 1536,635 1538,637 1578,637 1578,638 1578,640 1579,640 1580,640 1581,642 1581,644 1582,644 1583,644 1583,645 1583,646 1584,646 1585,646 1585,647 1585,651 1586,652 1586,654 1587,654 1588,654 1588,655 1588,656 1589,656 1590,656 1590,657 1590,658 1592,660 1592,678 1593,678 1753,678 1754,677 1825,677 1825,677 1825,676 1826,675 1856,675 1856,675 1856,639 1857,638 1877,638 1877,639 1877,640 1880,642 2125,642 2126,641 2140,641 2142,644 2142,647 2143,647 2145,647 2145,648 2145,650 2149,654 2149,658 2150,659 2150,661 2151,661 2152,661 2152,662 2152,664 2154,666 2154,680 2155,680 2229,680 2231,678 2231,674 2232,673 2238,673 2238,674 2238,675 2239,675 2243,675 2246,678 2379,678 2379,679 2379,680 2380,680 2503,680 2503,681 2503,682 2504,682 2565,682 2566,683 2568,683 2568,684 2568,685 2569,685 2573,685 2575,687 2730,687 2730,687 2730,655 2731,654 2732,654 2733,653 2733,651 2737,647 2737,645 2738,644 2742,644 2742,644 2742,643 2743,642 2747,642 2749,640 2756,640 2757,639 2768,639 2771,643 2771,644 2772,644 2776,644 2776,645 2776,646 2777,646 2911,646 2912,647 2919,647 2920,648 3073,648 3075,646 3077,646 3077,646 3077,645 3078,644 3100,644 3100,645 3100,646 3101,646 3107,646 3107,647 3107,687 3108,687 3273,687 3273,687 3273,654 3276,651 3278,651 3280,649 3295,649 3296,650 3298,650 3299,652 3299,683 3301,685 3301,744 3302,744 3304,744 3306,747 3306,757 3304,759 3302,759 3301,760 3301,761 3301,761 3290,761 3288,763 3238,763 3237,764 3237,804 3237,804"/><TextEquiv><Unicode/></TextEquiv><TextEquiv index="1"><Unicode>“me voilà arrivé à temps, &amp; je ſerai</Unicode></TextEquiv></TextLine><TextLine id="l4"><Coords points="2224,924 2223,924 2223,912 2223,911 2110,911 2109,910 2089,910 2088,909 1930,909 1928,907 1766,907 1765,908 1765,909 1765,909 1736,909 1734,907 1577,907 1576,908 1576,909 1576,909 1570,909 1568,911 1557,911 1555,909 1443,909 1442,909 1442,908 1442,907 1161,907 1159,909 1141,909 1139,907 953,907 949,911 945,911 941,907 913,907 912,907 912,893 914,891 914,839 915,838 1074,838 1074,838 1074,836 1076,834 1076,831 1077,830 1077,822 1078,821 1079,821 1079,821 1079,817 1081,815 1081,810 1082,809 1082,807 1085,804 1086,804 1086,804 1086,803 1087,802 1088,802 1088,802 1088,800 1089,799 1091,799 1091,799 1091,798 1092,797 1093,797 1093,797 1093,796 1094,795 1096,795 1098,793 1103,793 1104,792 1106,792 1108,790 1120,790 1122,792 1124,792 1125,793 1128,793 1131,797 1131,799 1132,800 1132,833 1133,833 1366,833 1366,833 1366,831 1367,830 1382,830 1382,830 1382,800 1383,799 1383,797 1385,795 1387,795 1389,793 1396,793 1397,792 1521,792 1521,792 1521,791 1522,790 1534,790 1539,795 1701,795 1704,792 1705,792 1705,792 1705,791 1706,790 1732,790 1734,793 1734,795 1735,795 1736,795 1736,796 1736,831 1737,831 2044,831 2047,828 2047,824 2048,823 2049,823 2049,823 2049,822 2050,821 2051,821 2051,821 2051,819 2052,818 2052,817 2053,816 2054,816 2054,816 2054,814 2056,812 2058,812 2058,812 2058,810 2061,807 2063,807 2066,804 2066,803 2067,802 2069,802 2072,799 2076,799 2078,797 2081,797 2083,795 2087,795 2089,793 2092,793 2093,792 2112,792 2113,793 2120,793 2122,795 2126,795 2128,797 2133,797 2133,798 2133,802 2134,802 2136,802 2137,804 2137,807 2138,808 2138,812 2141,814 2312,814 2312,814 2312,802 2317,797 2334,797 2334,798 2334,805 2336,807 2336,835 2337,835 2425,835 2426,836 2625,836 2626,835 2634,835 2635,836 2866,836 2867,835 2883,835 2883,835 2883,829 2884,828 2885,828 2885,828 2885,820 2886,819 2886,818 2888,816 2888,814 2890,812 2890,808 2891,807 2895,807 2896,806 2900,806 2900,806 2900,805 2901,804 2905,804 2905,804 2905,802 2907,800 2912,800 2913,799 2915,799 2916,798 2928,798 2929,799 3031,799 3032,800 3046,800 3046,801 3046,804 3047,804 3237,804 3241,809 3241,831 3242,831 3312,831 3315,835 3315,841 3314,842 3311,842 3310,843 3310,882 3308,884 3308,888 3308,888 3304,888 3300,892 3276,892 3275,893 3243,893 3242,894 3242,912 3240,914 3238,914 3237,915 3237,919 3237,919 3235,917 3190,917 3189,916 3187,916 3186,916 3186,915 3186,914 3156,914 3154,912 3121,912 3120,911 3021,911 3019,909 2860,909 2857,912 2726,912 2721,907 2432,907 2428,911 2419,911 2417,909 2413,909 2412,909 2412,908 2412,907 2253,907 2249,911 2229,911 2228,912 2228,924 2228,924"/><TextEquiv><Unicode/></TextEquiv><TextEquiv index="1"><Unicode>“ſon défenſeur. Cet homme eſt indi-</Unicode></TextEquiv></TextLine><TextLine id="l5"><Coords points="3051,1109 3050,1109 3050,1106 3050,1105 1752,1105 1751,1106 1228,1106 1227,1107 1219,1107 1218,1108 1204,1108 1203,1107 1098,1107 1096,1105 1089,1105 1087,1103 1080,1103 1077,1100 1075,1100 1074,1100 1074,1099 1074,1098 1070,1098 1067,1096 1067,1094 1065,1092 1065,1068 1065,1067 944,1067 943,1067 943,1066 943,1065 942,1065 941,1064 917,1064 916,1064 916,1063 916,1062 915,1062 914,1062 914,1061 914,1060 913,1060 912,1060 912,998 917,993 1089,993 1091,991 1093,991 1094,990 1185,990 1187,988 1475,988 1475,988 1475,972 1476,971 1476,965 1477,964 1478,964 1478,964 1478,961 1479,960 1480,960 1480,960 1480,958 1483,955 1488,955 1488,955 1488,953 1489,952 1490,952 1490,952 1490,951 1491,950 1493,950 1495,948 1497,948 1498,947 1500,947 1500,947 1500,946 1501,945 1517,945 1519,947 1523,947 1524,948 2805,948 2806,950 2806,953 2807,953 2808,953 2809,955 2809,986 2810,986 3313,986 3313,987 3313,991 3313,991 3011,991 3010,992 3010,993 3011,993 3041,993 3043,995 3045,995 3046,996 3302,996 3303,998 3303,1002 3304,1003 3304,1017 3303,1018 3303,1053 3303,1053 3302,1053 3301,1054 3301,1058 3299,1060 3299,1062 3296,1065 3296,1067 3296,1067 3295,1067 3294,1068 3294,1069 3294,1069 3288,1069 3283,1074 3066,1074 3065,1075 3065,1109 3065,1109"/><TextEquiv><Unicode/></TextEquiv><TextEquiv index="1"><Unicode>“gne, ſans doute, qu'on uſe envers</Unicode></TextEquiv></TextLine><TextLine id="l6"><Coords points="2746,1264 2745,1264 2745,1223 2745,1222 2574,1222 2573,1223 2566,1223 2565,1224 2546,1224 2545,1225 2545,1262 2545,1262 2532,1262 2530,1261 2530,1255 2530,1254 2528,1254 2524,1251 2524,1245 2524,1244 2520,1244 2517,1242 2517,1239 2515,1237 2515,1228 2515,1227 2511,1227 2510,1227 2510,1223 2508,1220 2079,1220 2078,1221 2078,1222 2078,1222 2076,1222 2075,1223 2071,1223 2069,1225 2052,1225 2049,1222 2006,1222 2004,1220 1811,1220 1809,1222 1806,1222 1805,1223 1799,1223 1798,1222 1599,1222 1597,1224 1595,1224 1594,1225 1594,1258 1594,1258 1584,1258 1583,1258 1583,1219 1583,1218 1431,1218 1430,1219 1430,1220 1430,1220 1422,1220 1421,1221 1421,1222 1421,1222 1416,1222 1414,1220 1410,1220 1409,1220 1409,1219 1409,1218 1364,1218 1363,1217 1147,1217 1146,1218 1105,1218 1103,1220 958,1220 957,1221 957,1222 957,1222 922,1222 921,1222 921,1220 919,1218 919,1161 916,1158 916,1152 919,1149 1077,1149 1077,1149 1077,1110 1079,1108 1218,1108 1219,1107 1355,1107 1356,1106 1358,1106 1359,1105 1361,1105 1361,1105 1361,1104 1362,1103 1369,1103 1371,1106 1371,1108 1372,1108 1373,1108 1373,1109 1373,1113 1375,1115 1375,1144 1376,1144 1426,1144 1428,1146 1490,1146 1490,1147 1490,1148 1491,1148 1667,1148 1667,1148 1667,1147 1668,1146 1674,1146 1676,1144 1731,1144 1731,1144 1731,1107 1732,1106 1751,1106 1751,1107 1751,1146 1752,1146 1990,1146 1990,1146 1990,1112 1994,1108 2161,1108 2163,1106 2199,1106 2200,1105 2200,1103 2202,1101 2205,1101 2205,1102 2205,1106 2206,1106 2208,1106 2210,1108 2243,1108 2243,1109 2243,1111 2245,1113 2245,1137 2246,1137 2382,1137 2383,1139 2383,1143 2384,1143 2388,1143 2389,1144 2391,1144 2391,1145 2391,1146 2392,1146 2639,1146 2639,1146 2639,1145 2640,1144 2656,1144 2656,1145 2656,1146 2657,1146 2666,1146 2666,1147 2666,1148 2667,1148 2725,1148 2726,1149 2892,1149 2893,1148 2989,1148 2991,1146 3003,1146 3003,1146 3003,1129 3005,1127 3046,1127 3046,1127 3046,1115 3048,1113 3048,1111 3049,1110 3050,1110 3051,1109 3065,1109 3066,1110 3069,1110 3069,1111 3069,1112 3070,1112 3227,1112 3227,1113 3227,1115 3229,1117 3229,1151 3230,1151 3285,1151 3290,1156 3304,1156 3304,1157 3304,1158 3305,1158 3306,1158 3306,1159 3306,1172 3307,1172 3308,1172 3308,1173 3308,1182 3308,1182 3306,1182 3304,1184 3304,1218 3301,1221 3301,1223 3301,1223 3296,1223 3290,1229 3288,1229 3287,1230 3285,1230 3284,1231 3284,1232 3284,1232 3204,1232 3203,1233 3203,1235 3201,1237 3199,1237 3198,1237 3198,1225 3198,1224 2995,1224 2993,1222 2989,1222 2988,1222 2988,1221 2988,1220 2984,1220 2982,1218 2808,1218 2807,1219 2807,1225 2806,1226 2806,1231 2804,1233 2804,1235 2800,1239 2800,1241 2800,1241 2798,1241 2797,1242 2795,1242 2789,1248 2786,1248 2785,1249 2783,1249 2781,1251 2774,1251 2773,1251 2773,1250 2773,1249 2771,1249 2770,1248 2768,1248 2766,1247 2766,1223 2766,1222 2763,1222 2762,1223 2762,1264 2762,1264"/><TextEquiv><Unicode/></TextEquiv><TextEquiv index="1"><Unicode>“lui des voies de l'honneur; mais le</Unicode></TextEquiv></TextLine><TextLine id="l7"><Coords points="1092,1420 1091,1419 1085,1419 1084,1419 1084,1378 1084,1377 953,1377 952,1378 950,1378 948,1380 946,1380 944,1382 915,1382 914,1382 914,1381 914,1380 913,1380 912,1380 912,1374 910,1372 910,1311 912,1309 912,1307 913,1306 914,1306 914,1306 914,1305 915,1304 1098,1304 1101,1301 1137,1301 1139,1299 1330,1299 1330,1300 1330,1301 1331,1301 1535,1301 1535,1301 1535,1266 1536,1265 1538,1265 1538,1265 1538,1263 1541,1260 1580,1260 1582,1258 1595,1258 1597,1260 1634,1260 1634,1261 1634,1262 1638,1266 1638,1296 1639,1296 1808,1296 1810,1299 1810,1301 1811,1301 1872,1301 1872,1302 1872,1303 1873,1303 2171,1303 2171,1303 2171,1287 2173,1285 2173,1262 2174,1261 2344,1261 2346,1264 2346,1266 2348,1268 2348,1301 2349,1301 2370,1301 2372,1303 2527,1303 2527,1303 2527,1266 2531,1262 2546,1262 2547,1263 2632,1263 2633,1264 2840,1264 2841,1263 2862,1263 2862,1264 2862,1303 2863,1303 2911,1303 2912,1304 2915,1304 2917,1306 3170,1306 3170,1306 3170,1269 3171,1268 3174,1268 3174,1268 3174,1267 3175,1266 3177,1266 3178,1265 3189,1265 3190,1266 3226,1266 3227,1268 3227,1270 3228,1270 3229,1270 3229,1271 3229,1308 3230,1308 3284,1308 3287,1311 3292,1311 3292,1312 3292,1314 3295,1316 3299,1316 3299,1317 3299,1321 3303,1325 3303,1336 3301,1338 3301,1373 3301,1373 3300,1373 3299,1374 3299,1376 3297,1378 3295,1378 3294,1379 3294,1381 3292,1383 3285,1383 3284,1384 3284,1385 3284,1385 3268,1385 3266,1383 3262,1383 3261,1382 3016,1382 3015,1383 3015,1414 3014,1415 3014,1416 3014,1416 3013,1416 3012,1417 3012,1418 3012,1418 2981,1418 2978,1416 2978,1379 2978,1378 2893,1378 2892,1377 2890,1377 2888,1375 2702,1375 2700,1377 2691,1377 2690,1378 2688,1378 2687,1379 2687,1380 2687,1380 2674,1380 2673,1380 2673,1379 2673,1378 2671,1378 2670,1377 2609,1377 2608,1378 2608,1418 2608,1418 2597,1418 2596,1418 2596,1378 2596,1377 2403,1377 2401,1375 2291,1375 2290,1376 2290,1418 2290,1418 2273,1418 2272,1418 2272,1376 2272,1375 2127,1375 2126,1376 2126,1378 2125,1379 2125,1383 2125,1383 2124,1383 2123,1384 2123,1387 2123,1387 2122,1387 2121,1388 2121,1390 2119,1392 2119,1394 2118,1395 2116,1395 2112,1399 2110,1399 2109,1400 2109,1401 2109,1401 2099,1401 2097,1400 2097,1376 2097,1375 1907,1375 1905,1377 1874,1377 1873,1378 1854,1378 1853,1377 1805,1377 1803,1375 1710,1375 1708,1373 1664,1373 1605,1373 1604,1374 1604,1418 1604,1418 1586,1418 1585,1418 1585,1374 1585,1373 1453,1373 1452,1374 1452,1413 1452,1413 1451,1413 1450,1414 1313,1414 1311,1416 1309,1416 1307,1418 1288,1418 1287,1418 1287,1417 1287,1416 1285,1416 1283,1414 1281,1414 1280,1413 1277,1413 1275,1411 1273,1411 1269,1407 1267,1407 1265,1406 1265,1404 1263,1402 1263,1397 1261,1395 1261,1378 1261,1377 1109,1377 1108,1378 1108,1419 1108,1419 1101,1419 1100,1420"/><TextEquiv><Unicode/></TextEquiv><TextEquiv index="1"><Unicode>“rang qu'il a tenu, la famille à laquelle</Unicode></TextEquiv></TextLine><TextLine id="l8"><Coords points="2331,1592 2329,1590 2327,1590 2326,1590 2326,1589 2326,1588 2325,1588 2324,1588 2324,1572 2324,1571 2318,1571 2317,1571 2317,1570 2317,1569 2313,1569 2310,1566 2307,1566 2305,1565 2305,1563 2302,1560 2302,1557 2300,1555 2300,1534 2300,1533 2164,1533 2162,1531 2117,1531 2116,1532 2116,1574 2116,1574 2105,1574 2104,1574 2104,1532 2104,1531 1859,1531 1858,1532 1858,1533 1858,1533 1857,1533 1856,1534 1856,1538 1856,1538 1854,1538 1853,1539 1853,1543 1849,1547 1849,1549 1849,1549 1845,1549 1842,1552 1840,1552 1839,1553 1839,1554 1839,1554 1830,1554 1829,1554 1829,1553 1829,1552 1828,1552 1827,1552 1827,1534 1827,1533 1637,1533 1636,1533 1636,1532 1636,1531 1551,1531 1550,1530 1372,1530 1371,1531 1371,1566 1370,1567 1356,1567 1354,1569 1350,1569 1349,1570 1349,1571 1349,1571 1269,1571 1267,1573 1247,1573 1246,1573 1246,1532 1246,1531 960,1531 956,1535 948,1535 947,1535 947,1534 947,1533 924,1533 921,1531 921,1479 921,1478 920,1478 919,1478 919,1472 919,1471 918,1471 917,1471 917,1466 919,1464 919,1459 921,1457 922,1457 926,1461 928,1461 929,1462 930,1462 931,1463 1084,1463 1084,1463 1084,1420 1085,1419 1134,1419 1135,1418 1146,1418 1148,1421 1148,1425 1150,1427 1150,1454 1151,1454 1215,1454 1215,1455 1215,1456 1216,1456 1223,1456 1224,1457 1430,1457 1431,1456 1539,1456 1540,1455 1540,1453 1541,1452 1583,1452 1583,1452 1583,1421 1586,1418 1605,1418 1607,1421 1607,1457 1608,1457 1722,1457 1723,1456 1767,1456 1767,1456 1767,1455 1770,1452 1779,1452 1779,1453 1779,1454 1780,1454 1784,1454 1786,1456 1788,1459 1788,1462 1789,1462 1944,1462 1945,1461 2023,1461 2023,1461 2023,1433 2025,1431 2025,1427 2026,1426 2028,1426 2031,1423 2032,1423 2032,1423 2032,1422 2033,1421 2142,1421 2144,1419 2147,1419 2148,1418 2236,1418 2238,1416 2243,1416 2243,1417 2243,1418 2244,1418 2290,1418 2290,1419 2290,1421 2291,1422 2291,1457 2292,1457 2344,1457 2346,1459 2532,1459 2532,1459 2532,1455 2533,1454 2596,1454 2596,1454 2596,1419 2597,1418 2732,1418 2732,1419 2732,1454 2733,1455 2733,1459 2734,1459 2850,1459 2852,1461 2917,1461 2917,1461 2917,1442 2919,1440 2919,1431 2920,1430 2921,1430 2921,1430 2921,1426 2926,1421 2933,1421 2933,1422 2933,1423 2935,1425 2935,1461 2936,1461 3184,1461 3184,1461 3184,1428 3187,1425 3203,1425 3203,1426 3203,1430 3204,1430 3205,1430 3205,1431 3205,1466 3206,1466 3253,1466 3253,1467 3253,1469 3256,1471 3258,1471 3258,1472 3258,1473 3259,1473 3260,1473 3260,1474 3260,1504 3261,1504 3291,1504 3291,1505 3291,1506 3293,1507 3294,1507 3294,1508 3294,1509 3295,1509 3296,1509 3296,1510 3296,1512 3297,1513 3297,1526 3298,1527 3296,1529 3296,1531 3296,1531 3295,1531 3294,1532 3294,1533 3294,1533 3292,1533 3287,1538 3233,1538 3231,1536 3224,1536 3222,1535 3222,1534 3222,1533 3047,1533 3046,1534 3046,1554 3046,1554 3025,1554 3022,1557 3022,1564 3022,1564 3020,1564 3017,1567 3017,1569 3017,1569 3012,1569 3010,1571 3008,1571 3006,1573 3003,1573 3002,1574 2972,1574 2971,1573 2818,1573 2817,1574 2817,1575 2817,1575 2796,1575 2795,1575 2795,1534 2795,1533 2772,1533 2771,1533 2771,1532 2771,1531 2662,1531 2661,1532 2661,1552 2658,1555 2652,1555 2651,1556 2651,1559 2651,1559 2650,1559 2649,1560 2649,1562 2647,1564 2647,1566 2646,1567 2644,1567 2642,1569 2637,1569 2633,1573 2614,1573 2613,1573 2613,1532 2613,1531 2429,1531 2427,1533 2425,1533 2423,1535 2373,1535 2372,1536 2372,1555 2372,1555 2370,1555 2369,1556 2369,1558 2365,1562 2365,1566 2365,1566 2361,1566 2356,1571 2344,1571 2343,1572 2343,1586 2337,1592"/><TextEquiv><Unicode/></TextEquiv><TextEquiv index="1"><Unicode>“il appartient, m'obligent à des égards.</Unicode></TextEquiv></TextLine><TextLine id="l9"><Coords points="2616,1729 2615,1729 2615,1689 2615,1688 2468,1688 2467,1688 2467,1687 2467,1686 2397,1686 2396,1686 2396,1685 2396,1684 2165,1684 2164,1685 2164,1729 2164,1729 2150,1729 2149,1729 2149,1685 2149,1684 2009,1684 2008,1685 2008,1686 2008,1686 2002,1686 2000,1688 1998,1688 1996,1690 1985,1690 1984,1690 1984,1689 1984,1688 1980,1688 1978,1686 1653,1686 1651,1688 1636,1688 1634,1686 1632,1686 1631,1686 1631,1685 1631,1684 1627,1684 1626,1683 1443,1683 1442,1684 1426,1684 1425,1683 1419,1683 1418,1683 1418,1682 1418,1681 1197,1681 1196,1682 1196,1684 1194,1686 1187,1686 1185,1688 1180,1688 1178,1690 954,1690 953,1691 946,1691 945,1691 945,1687 945,1686 915,1686 914,1686 914,1677 917,1674 917,1620 918,1619 927,1619 932,1624 1081,1624 1081,1624 1081,1579 1084,1576 1117,1576 1117,1576 1117,1575 1118,1574 1128,1574 1130,1576 1134,1576 1134,1577 1134,1578 1135,1578 1136,1578 1136,1579 1136,1612 1137,1612 1332,1612 1332,1612 1332,1611 1333,1610 1340,1610 1340,1610 1340,1572 1341,1571 1387,1571 1389,1573 1555,1573 1555,1573 1555,1572 1556,1571 1567,1571 1569,1573 1573,1573 1574,1574 1576,1574 1576,1575 1576,1576 1577,1576 1578,1576 1578,1577 1578,1593 1579,1594 1579,1610 1580,1610 1598,1610 1598,1611 1598,1612 1599,1612 1600,1612 1600,1613 1600,1614 1601,1614 1762,1614 1762,1614 1762,1579 1765,1576 1770,1576 1772,1574 1782,1574 1782,1575 1782,1576 1783,1576 1798,1576 1798,1577 1798,1585 1799,1585 1801,1585 1801,1586 1801,1612 1802,1612 1834,1612 1834,1613 1834,1614 1835,1614 1846,1614 1848,1616 1927,1616 1928,1617 2104,1617 2104,1617 2104,1575 2105,1574 2217,1574 2219,1577 2219,1612 2220,1612 2401,1612 2401,1612 2401,1605 2403,1603 2403,1596 2404,1595 2405,1595 2405,1595 2405,1593 2407,1591 2407,1589 2410,1586 2410,1584 2411,1583 2413,1583 2413,1583 2413,1581 2416,1578 2420,1578 2422,1576 2422,1574 2423,1573 2427,1573 2427,1573 2427,1572 2428,1571 2443,1571 2443,1572 2443,1573 2444,1573 2448,1573 2449,1574 2451,1574 2455,1579 2455,1614 2456,1614 2604,1614 2604,1614 2604,1610 2605,1609 2609,1609 2611,1607 2613,1607 2613,1607 2613,1574 2614,1573 2628,1573 2628,1574 2628,1612 2629,1612 2794,1612 2794,1612 2794,1579 2795,1578 2795,1576 2796,1575 2818,1575 2818,1576 2818,1610 2819,1610 2869,1610 2869,1611 2869,1612 2870,1612 2871,1612 2871,1613 2871,1614 2872,1614 2874,1614 2874,1615 2874,1616 2875,1616 3218,1616 3219,1617 3278,1617 3280,1619 3284,1619 3284,1620 3284,1621 3285,1621 3289,1621 3291,1624 3291,1626 3292,1626 3299,1626 3299,1627 3299,1631 3300,1631 3301,1631 3301,1632 3301,1639 3303,1641 3303,1641 3299,1641 3298,1642 3298,1649 3294,1653 3294,1683 3294,1683 3292,1683 3291,1684 3290,1684 3289,1685 3289,1688 3289,1688 3286,1688 3285,1689 3285,1690 3284,1691 3282,1691 3280,1693 3156,1693 3155,1694 3155,1725 3153,1727 3125,1727 3120,1723 3120,1692 3120,1691 3010,1691 3009,1690 3007,1690 3005,1688 2939,1688 2938,1688 2938,1687 2938,1686 2937,1686 2936,1686 2936,1685 2936,1684 2695,1684 2694,1685 2694,1686 2694,1686 2688,1686 2687,1687 2687,1688 2687,1688 2685,1688 2683,1690 2681,1690 2680,1691 2638,1691 2637,1692 2637,1729 2637,1729"/><TextEquiv><Unicode/></TextEquiv><TextEquiv index="1"><Unicode>“Je m'offre donc à lui ſoutenir ce que</Unicode></TextEquiv></TextLine><TextLine id="l10"><Coords points="1830,1899 1829,1899 1829,1895 1829,1894 1828,1894 1827,1894 1827,1885 1827,1884 1671,1884 1670,1884 1670,1842 1670,1841 1644,1841 1643,1842 1643,1844 1641,1846 1641,1848 1638,1851 1638,1853 1638,1853 1636,1853 1635,1854 1635,1857 1634,1858 1632,1858 1631,1859 1631,1860 1631,1860 1629,1860 1627,1862 1625,1862 1624,1863 1617,1863 1616,1863 1616,1847 1616,1846 1537,1846 1536,1846 1536,1844 1536,1843 1476,1843 1474,1841 1257,1841 1256,1842 1256,1846 1256,1846 1130,1846 1129,1847 1129,1882 1129,1882 1124,1882 1123,1883 1101,1883 1100,1882 1085,1882 1084,1882 1084,1881 1084,1880 1083,1880 1081,1879 1081,1877 1079,1875 1079,1845 1079,1844 927,1844 926,1845 926,1846 926,1846 913,1846 912,1846 912,1845 912,1844 911,1844 910,1844 910,1840 909,1839 909,1832 912,1829 912,1828 913,1827 914,1827 914,1827 914,1775 915,1774 924,1774 924,1775 924,1777 925,1777 927,1777 928,1778 1084,1778 1084,1778 1084,1777 1087,1774 1088,1774 1088,1774 1088,1739 1089,1738 1089,1737 1090,1736 1091,1736 1091,1736 1091,1735 1092,1734 1120,1734 1127,1727 1140,1727 1145,1732 1147,1732 1148,1734 1148,1738 1149,1738 1150,1738 1151,1740 1151,1742 1153,1744 1153,1760 1154,1760 1194,1760 1194,1761 1194,1763 1195,1763 1336,1763 1340,1767 1407,1767 1409,1769 1705,1769 1705,1769 1705,1730 1706,1729 1713,1729 1715,1727 1746,1727 1747,1726 1760,1726 1761,1727 1763,1727 1765,1729 1822,1729 1822,1730 1822,1731 1823,1731 1977,1731 1978,1733 1978,1741 1979,1741 2149,1741 2149,1741 2149,1730 2150,1729 2166,1729 2166,1730 2166,1731 2167,1731 2281,1731 2282,1732 2389,1732 2391,1735 2391,1770 2392,1770 2549,1770 2550,1769 2613,1769 2613,1769 2613,1732 2616,1729 2637,1729 2637,1730 2637,1767 2638,1767 2702,1767 2704,1769 2709,1769 2710,1770 2711,1770 2711,1771 2711,1774 2712,1774 2714,1774 2715,1776 2715,1781 2716,1782 2716,1791 2717,1791 3026,1791 3026,1791 3026,1734 3027,1733 3027,1731 3029,1729 3048,1729 3048,1730 3048,1731 3049,1731 3062,1731 3063,1732 3234,1732 3235,1731 3237,1731 3237,1731 3237,1730 3238,1729 3263,1729 3263,1730 3263,1731 3264,1731 3265,1731 3265,1732 3265,1734 3267,1736 3267,1796 3268,1796 3301,1796 3301,1797 3301,1801 3301,1801 3295,1801 3294,1802 3294,1810 3294,1810 3293,1810 3292,1811 3292,1817 3290,1819 3245,1819 3244,1820 3244,1841 3244,1841 3195,1841 3194,1842 3194,1843 3194,1843 3183,1843 3182,1844 3168,1844 3167,1843 3021,1843 3019,1841 3018,1841 3017,1841 3017,1818 3017,1817 2823,1817 2767,1817 2763,1821 2763,1830 2761,1832 2761,1835 2757,1839 2757,1841 2757,1841 2753,1841 2752,1842 2752,1843 2752,1843 2554,1843 2553,1843 2553,1842 2553,1841 2351,1841 2349,1843 2257,1843 2255,1841 2043,1841 2040,1844 1881,1844 1880,1845 1880,1882 1878,1884 1847,1884 1846,1885 1846,1897 1844,1899"/><TextEquiv><Unicode/></TextEquiv><TextEquiv index="1"><Unicode>“j'avance, l'épée à la main. -- Meſ-</Unicode></TextEquiv></TextLine><TextLine id="l11"><Coords points="2703,2040 2702,2040 2702,2021 2702,2020 2592,2020 2591,2021 2581,2021 2580,2021 2580,2002 2580,2001 2554,2001 2553,2001 2553,1998 2553,1997 2355,1997 2353,1999 2346,1999 2344,1997 2134,1997 2114,1997 2112,1999 2091,1999 2090,1999 2090,1998 2090,1997 2024,1997 2023,1996 1574,1996 1573,1997 1455,1997 1454,1998 1454,2002 1450,2006 1450,2008 1450,2008 1448,2008 1447,2009 1447,2011 1445,2013 1443,2013 1441,2015 1439,2015 1438,2016 1438,2018 1438,2018 1426,2018 1425,2018 1425,1997 1425,1996 1197,1996 1196,1997 1194,1997 1192,1999 1170,1999 1167,1996 958,1996 955,1999 955,2001 955,2001 946,2001 945,2001 945,2000 945,1999 944,1999 943,1999 943,1998 943,1997 918,1997 916,1996 916,1986 917,1985 917,1930 918,1929 1071,1929 1073,1927 1074,1927 1074,1927 1074,1924 1075,1923 1076,1923 1076,1923 1076,1919 1077,1918 1077,1914 1078,1913 1079,1913 1079,1913 1079,1907 1080,1906 1081,1906 1081,1906 1081,1902 1082,1901 1082,1899 1083,1898 1084,1898 1084,1898 1084,1894 1086,1892 1088,1892 1091,1889 1091,1888 1092,1887 1098,1887 1098,1887 1098,1885 1100,1883 1123,1883 1124,1882 1129,1882 1129,1883 1129,1884 1133,1887 1135,1887 1136,1889 1136,1922 1137,1922 1333,1922 1335,1920 1340,1920 1343,1923 1385,1923 1385,1924 1385,1925 1386,1925 1388,1925 1391,1928 1561,1928 1562,1927 1562,1926 1563,1925 1598,1925 1598,1925 1598,1891 1600,1889 1600,1887 1603,1884 1679,1884 1679,1885 1679,1923 1680,1923 1877,1923 1880,1920 2032,1920 2032,1920 2032,1888 2033,1887 2035,1887 2036,1886 2041,1886 2043,1884 2049,1884 2051,1886 2052,1886 2052,1887 2052,1899 2053,1899 2054,1899 2054,1900 2054,1925 2055,1925 2278,1925 2278,1925 2278,1924 2280,1922 2288,1922 2289,1923 2482,1923 2482,1923 2482,1915 2484,1913 2484,1909 2485,1908 2486,1908 2486,1908 2486,1906 2489,1903 2489,1902 2490,1901 2491,1901 2491,1901 2491,1899 2498,1892 2499,1892 2499,1892 2499,1891 2503,1887 2506,1887 2509,1884 2511,1884 2513,1882 2523,1882 2525,1884 2530,1884 2533,1887 2535,1887 2536,1889 2536,1891 2539,1894 2539,1913 2540,1913 2541,1913 2541,1914 2541,1925 2542,1925 2654,1925 2656,1927 2658,1927 2658,1928 2658,1929 2659,1929 2665,1929 2665,1930 2665,1932 2668,1934 2670,1934 2670,1935 2670,1939 2672,1941 2672,1944 2673,1945 2673,1951 2674,1951 2675,1951 2675,1952 2675,1965 2676,1965 2876,1965 2876,1965 2876,1933 2877,1932 2878,1932 2878,1932 2878,1930 2879,1929 2883,1929 2883,1929 2883,1888 2884,1887 2885,1887 2886,1886 2886,1884 2888,1882 2900,1882 2900,1883 2900,1884 2901,1884 2904,1884 2904,1885 2904,1886 2905,1886 2943,1886 2944,1887 2946,1887 2947,1889 2947,1923 2948,1923 2984,1923 2985,1925 2985,1929 2986,1929 3149,1929 3151,1927 3234,1927 3234,1927 3234,1926 3235,1925 3270,1925 3270,1925 3270,1923 3273,1920 3284,1920 3284,1921 3284,1922 3285,1923 3285,1930 3286,1930 3301,1930 3301,1931 3301,1934 3301,1934 3298,1934 3297,1935 3297,1941 3296,1942 3296,1995 3294,1997 3292,1997 3290,1999 3165,1999 3163,2001 3085,2001 3083,2003 3078,2003 3076,2001 3075,2001 3074,2001 3074,1998 3074,1997 2762,1997 2761,1998 2761,1999 2761,1999 2760,1999 2759,2000 2759,2006 2759,2006 2757,2006 2754,2009 2754,2011 2752,2013 2752,2015 2751,2016 2747,2016 2745,2018 2743,2018 2742,2019 2742,2020 2742,2020 2722,2020 2721,2021 2721,2040 2721,2040"/><TextEquiv><Unicode/></TextEquiv><TextEquiv index="1"><Unicode>“ſieurs, s'écria le monſtre, il veut</Unicode></TextEquiv></TextLine><TextLine id="l12"><Coords points="2958,2195 2957,2195 2957,2153 2957,2152 2939,2152 2938,2153 2938,2154 2938,2154 2929,2154 2927,2152 2896,2152 2894,2150 2654,2150 2653,2151 2653,2153 2649,2157 2649,2159 2649,2159 2643,2159 2642,2159 2642,2158 2641,2156 2589,2156 2587,2154 2423,2154 2421,2156 2414,2156 2413,2157 2394,2157 2393,2158 2393,2194 2393,2194 2382,2194 2381,2194 2381,2153 2381,2152 2074,2152 2073,2153 2073,2154 2073,2154 1918,2154 1917,2155 1917,2191 1916,2192 1914,2192 1913,2193 1876,2193 1873,2190 1811,2190 1810,2190 1810,2176 1810,2175 1800,2175 1798,2173 1796,2173 1794,2172 1794,2155 1794,2154 1672,2154 1670,2152 1665,2152 1663,2150 1439,2150 1438,2151 1438,2152 1438,2152 1405,2152 1403,2150 958,2150 957,2151 957,2154 957,2154 956,2154 954,2156 948,2156 946,2154 920,2154 919,2154 919,2153 919,2152 918,2152 917,2152 917,2140 919,2138 919,2086 920,2085 921,2085 921,2085 921,2084 922,2083 1076,2083 1077,2082 1078,2082 1080,2080 1115,2080 1115,2080 1115,2079 1116,2078 1196,2078 1196,2078 1196,2043 1197,2042 1199,2042 1204,2037 1328,2037 1330,2035 1332,2035 1332,2035 1332,2034 1333,2033 1335,2033 1336,2032 1385,2032 1386,2033 1390,2033 1390,2034 1390,2035 1391,2035 1392,2035 1392,2036 1392,2037 1393,2037 1397,2037 1397,2038 1397,2039 1398,2039 1548,2039 1549,2040 1550,2040 1550,2041 1550,2042 1551,2042 1552,2042 1552,2043 1552,2044 1553,2044 1554,2044 1554,2045 1554,2049 1555,2050 1555,2076 1556,2076 1745,2076 1746,2075 1755,2075 1760,2080 1992,2080 1992,2080 1992,2079 1993,2078 2167,2078 2169,2080 2307,2080 2307,2081 2307,2082 2308,2082 2526,2082 2528,2080 2537,2080 2539,2082 2701,2082 2701,2082 2701,2043 2702,2042 2702,2041 2703,2040 2859,2040 2860,2039 2862,2039 2862,2039 2862,2038 2863,2037 2871,2037 2874,2040 3150,2040 3151,2039 3152,2039 3154,2037 3160,2037 3160,2038 3160,2039 3161,2039 3167,2039 3167,2040 3167,2044 3169,2046 3169,2080 3170,2080 3227,2080 3232,2085 3234,2085 3234,2086 3234,2088 3237,2091 3237,2102 3238,2102 3292,2102 3292,2103 3292,2104 3293,2104 3297,2104 3299,2106 3301,2106 3301,2107 3301,2109 3303,2111 3303,2115 3301,2117 3301,2121 3301,2121 3300,2121 3299,2122 3299,2123 3296,2126 3245,2126 3244,2127 3244,2149 3244,2149 3237,2149 3236,2150 3232,2150 3230,2152 2972,2152 2971,2153 2971,2195 2971,2195"/><TextEquiv><Unicode/></TextEquiv><TextEquiv index="1"><Unicode>“m'aſſaſſiner, pour me ravir la Prin-</Unicode></TextEquiv></TextLine><TextLine id="l13"><Coords points="2347,2350 2346,2350 2346,2337 2346,2336 1302,2336 1301,2337 1301,2346 1301,2346 1300,2346 1299,2347 1280,2347 1279,2347 1279,2311 1279,2310 918,2310 916,2309 916,2239 917,2238 1101,2238 1104,2235 1108,2235 1108,2235 1108,2234 1109,2233 1223,2233 1225,2231 1227,2231 1230,2228 1230,2217 1231,2216 1232,2216 1232,2216 1232,2214 1234,2212 1234,2203 1235,2202 1235,2200 1238,2197 1242,2197 1244,2195 1244,2193 1245,2192 1247,2192 1249,2190 1251,2190 1251,2190 1251,2188 1253,2186 1305,2186 1307,2188 1316,2188 1320,2192 2059,2192 2059,2193 2059,2194 2060,2194 2393,2194 2394,2195 2972,2195 2972,2196 2972,2198 2974,2200 2974,2202 2975,2202 3153,2202 3153,2203 3153,2204 3154,2204 3156,2204 3158,2207 3158,2235 3159,2235 3160,2235 3161,2236 3213,2236 3213,2237 3213,2238 3214,2238 3215,2238 3215,2239 3215,2240 3216,2240 3217,2240 3217,2241 3217,2242 3218,2243 3218,2244 3220,2245 3222,2245 3222,2246 3222,2247 3223,2248 3223,2249 3225,2251 3225,2255 3227,2257 3227,2274 3228,2274 3290,2274 3292,2277 3292,2289 3294,2291 3294,2305 3291,2308 3291,2311 3289,2313 3289,2315 3285,2319 3285,2321 3285,2321 3284,2322 3282,2322 3279,2325 3279,2327 3278,2328 3276,2328 3275,2329 3273,2329 3271,2331 3159,2331 3158,2332 3158,2334 3156,2336 3156,2338 3155,2339 3155,2341 3155,2341 3154,2341 3153,2342 3153,2343 3153,2343 3151,2343 3150,2344 3150,2346 3148,2348 2641,2348 2640,2349 2365,2349 2364,2350"/><TextEquiv><Unicode/></TextEquiv><TextEquiv index="1"><Unicode>“ceſſe. -- Lâche! lui répondis - je,</Unicode></TextEquiv></TextLine><TextLine id="l14"><Coords points="2212,2502 2211,2502 2211,2494 2211,2493 2210,2493 2209,2493 2209,2492 2209,2491 2207,2491 2206,2491 2206,2464 2206,2463 2091,2463 2090,2462 1898,2462 1880,2462 1879,2463 1869,2463 1868,2462 1863,2462 1860,2460 1860,2459 1860,2458 1641,2458 1639,2460 1637,2460 1636,2461 1636,2462 1636,2462 1387,2462 1386,2461 1318,2461 1233,2461 1232,2462 1077,2462 1076,2463 953,2463 952,2464 952,2465 952,2465 948,2465 946,2467 939,2467 938,2467 938,2466 938,2465 937,2465 936,2465 936,2463 936,2462 915,2462 914,2462 914,2461 914,2460 913,2460 912,2460 912,2398 917,2393 1103,2393 1103,2393 1103,2392 1104,2391 1208,2391 1210,2389 1211,2389 1212,2388 1215,2388 1215,2388 1215,2363 1216,2362 1237,2362 1237,2362 1237,2353 1238,2352 1240,2352 1242,2350 1278,2350 1278,2350 1278,2348 1279,2347 1299,2347 1300,2346 1302,2346 1304,2348 1528,2348 1530,2346 1531,2346 1532,2345 1536,2345 1538,2343 1581,2343 1583,2345 1591,2345 1592,2346 1594,2346 1596,2348 1748,2348 1748,2349 1748,2350 1749,2350 1750,2350 1750,2351 1750,2353 1751,2354 1751,2356 1753,2358 1753,2388 1754,2388 1992,2388 1992,2388 1992,2356 1993,2355 1994,2355 1994,2355 1994,2353 1997,2350 2143,2350 2145,2353 2145,2391 2146,2391 2345,2391 2345,2391 2345,2351 2346,2350 2365,2350 2365,2351 2365,2389 2366,2389 2618,2389 2618,2389 2618,2350 2619,2349 2640,2349 2641,2348 2658,2348 2658,2349 2658,2350 2659,2350 2814,2350 2814,2350 2814,2349 2815,2348 2854,2348 2854,2348 2854,2347 2855,2346 2869,2346 2870,2347 2936,2347 2937,2348 3096,2348 3096,2349 3096,2351 3098,2353 3098,2357 3099,2357 3100,2357 3100,2358 3100,2384 3101,2384 3220,2384 3220,2385 3220,2386 3221,2386 3222,2386 3222,2387 3222,2389 3223,2389 3283,2389 3289,2395 3294,2395 3294,2396 3294,2400 3295,2400 3296,2400 3296,2401 3296,2407 3297,2408 3297,2420 3296,2421 3296,2453 3296,2453 3295,2453 3294,2454 3294,2456 3290,2460 3288,2460 3287,2461 3287,2462 3287,2462 3283,2462 3282,2463 3280,2463 3278,2465 3266,2465 3264,2463 3135,2463 3134,2462 2914,2462 2912,2460 2748,2460 2747,2461 2747,2462 2747,2462 2660,2462 2659,2463 2654,2463 2652,2465 2647,2465 2645,2463 2500,2463 2499,2464 2499,2472 2499,2472 2497,2472 2496,2472 2496,2466 2496,2465 2401,2465 2399,2463 2228,2463 2227,2464 2227,2502 2227,2502"/><TextEquiv><Unicode/></TextEquiv><TextEquiv index="1"><Unicode>“moi t'aſſaſſiner! Je viens t'offrir de te</Unicode></TextEquiv></TextLine><TextLine id="l15"><Coords points="2712,2659 2711,2659 2711,2619 2711,2618 2532,2618 2530,2620 2404,2620 2403,2621 2403,2625 2401,2627 2401,2629 2400,2630 2399,2630 2398,2631 2398,2633 2396,2635 2393,2635 2391,2637 2389,2637 2387,2639 2379,2639 2377,2638 2377,2619 2377,2618 2308,2618 2306,2616 2130,2616 2064,2616 2063,2617 2063,2618 2063,2618 1814,2618 1813,2619 1813,2659 1813,2659 1806,2659 1805,2659 1805,2617 1805,2616 1521,2616 1519,2618 1352,2618 1350,2616 1193,2616 1191,2618 1189,2618 1187,2620 951,2620 949,2622 945,2622 943,2621 943,2619 943,2618 917,2618 916,2618 916,2563 914,2561 914,2559 914,2558 913,2558 912,2558 912,2552 913,2551 914,2551 917,2548 1104,2548 1106,2546 1170,2546 1170,2546 1170,2545 1171,2544 1256,2544 1258,2542 1340,2542 1340,2542 1340,2508 1342,2506 1344,2506 1345,2505 1347,2505 1347,2505 1347,2504 1348,2503 1352,2503 1354,2501 1366,2501 1366,2502 1366,2503 1367,2503 1368,2503 1368,2504 1368,2539 1369,2539 1538,2539 1540,2537 1550,2537 1550,2538 1550,2539 1551,2539 1553,2539 1555,2541 1610,2541 1613,2544 1775,2544 1777,2542 1932,2542 1932,2542 1932,2514 1933,2513 1934,2513 1937,2510 1937,2509 1938,2508 1939,2508 1939,2508 1939,2507 1940,2506 1942,2506 1943,2505 1956,2505 1958,2508 1958,2542 1959,2542 2050,2542 2052,2544 2207,2544 2207,2544 2207,2506 2211,2502 2271,2502 2272,2501 2274,2501 2276,2499 2296,2499 2298,2501 2300,2501 2300,2502 2300,2503 2301,2503 2302,2503 2302,2504 2302,2505 2303,2506 2303,2508 2304,2508 2460,2508 2460,2508 2460,2507 2461,2506 2463,2506 2464,2505 2465,2505 2465,2505 2465,2504 2466,2503 2467,2503 2467,2503 2467,2502 2468,2501 2492,2501 2498,2508 2498,2544 2499,2544 2515,2544 2515,2545 2515,2546 2516,2546 2714,2546 2716,2544 2720,2544 2720,2544 2720,2543 2721,2542 2852,2542 2855,2539 2866,2539 2866,2540 2866,2541 2870,2544 3294,2544 3294,2544 3294,2535 3295,2534 3297,2534 3298,2536 3298,2560 3299,2561 3299,2568 3297,2570 3293,2570 3292,2571 3292,2573 3291,2574 3291,2604 3289,2606 3288,2606 3287,2607 3287,2608 3287,2608 3286,2608 3285,2609 3285,2611 3284,2612 3284,2614 3282,2616 3277,2616 3275,2618 3266,2618 3264,2616 3257,2616 3256,2615 3094,2615 3093,2616 2983,2616 2981,2618 2979,2618 2978,2619 2978,2636 2977,2637 2974,2637 2972,2636 2972,2635 2972,2634 2876,2634 2874,2633 2874,2619 2874,2618 2867,2618 2865,2616 2729,2616 2728,2617 2728,2659 2728,2659"/><TextEquiv><Unicode/></TextEquiv><TextEquiv index="1"><Unicode>“combattreen chemiſe, ſans autrearme</Unicode></TextEquiv></TextLine><TextLine id="l16"><Coords points="3180,2815 3179,2815 3179,2772 3179,2771 3044,2771 3043,2772 3043,2809 3043,2809 3042,2809 3041,2810 3041,2811 3039,2813 3005,2813 3002,2811 3002,2772 3002,2771 2887,2771 2886,2770 2826,2770 2729,2770 2728,2771 2643,2771 2642,2770 2639,2770 2636,2767 2531,2767 2528,2770 2526,2770 2525,2771 2523,2771 2522,2772 2522,2773 2522,2773 2521,2773 2520,2774 2520,2775 2520,2775 2434,2775 2432,2773 2428,2773 2427,2773 2427,2772 2426,2770 2396,2770 2395,2771 2395,2800 2395,2800 2394,2800 2393,2801 2391,2799 2377,2799 2376,2799 2376,2771 2376,2770 2258,2770 2255,2773 2253,2773 2252,2774 2252,2783 2252,2783 2244,2783 2243,2782 2242,2782 2240,2780 2239,2780 2238,2780 2238,2779 2238,2778 2227,2778 2226,2778 2226,2776 2224,2773 1875,2773 1874,2774 1874,2810 1873,2811 1871,2811 1869,2813 1794,2813 1793,2814 1766,2814 1765,2814 1765,2769 1765,2768 1682,2768 1680,2770 1577,2770 1576,2771 1412,2771 1409,2769 1409,2767 1409,2766 1297,2766 1293,2770 1288,2770 1285,2773 1281,2773 1280,2774 1280,2775 1280,2775 1271,2775 1270,2775 1270,2774 1270,2773 1263,2773 1261,2771 1236,2771 1235,2772 1235,2813 1235,2813 1182,2813 1181,2814 1113,2814 1110,2812 1110,2776 1110,2775 1096,2775 1094,2773 1092,2773 1091,2773 1091,2772 1091,2771 1090,2771 1089,2770 1088,2770 1086,2769 1086,2767 1086,2766 960,2766 959,2767 959,2769 959,2769 958,2770 954,2770 952,2772 952,2774 950,2776 926,2776 924,2778 917,2778 914,2776 914,2717 914,2716 913,2716 912,2716 912,2707 913,2706 914,2706 914,2706 914,2704 916,2702 924,2702 924,2703 924,2704 925,2704 927,2704 928,2706 928,2708 929,2708 959,2708 960,2710 960,2712 961,2712 962,2713 964,2713 964,2714 964,2718 965,2718 967,2718 967,2719 967,2721 971,2725 971,2727 972,2727 1077,2727 1077,2727 1077,2724 1078,2723 1081,2723 1081,2723 1081,2721 1084,2718 1084,2716 1087,2713 1089,2713 1089,2713 1091,2711 1091,2709 1092,2708 1094,2708 1096,2706 1098,2706 1098,2706 1098,2705 1099,2704 1103,2704 1105,2702 1146,2702 1153,2695 1153,2693 1154,2692 1161,2692 1162,2694 1162,2696 1164,2697 1204,2697 1206,2699 1285,2699 1287,2701 1289,2701 1290,2702 1295,2702 1297,2705 1297,2707 1301,2711 1301,2713 1302,2713 1304,2713 1304,2714 1304,2754 1305,2754 1409,2754 1409,2754 1409,2705 1410,2704 1413,2704 1413,2704 1413,2703 1414,2702 1416,2702 1417,2701 1418,2701 1418,2701 1418,2666 1419,2665 1421,2665 1421,2666 1421,2699 1422,2699 1562,2699 1564,2697 1652,2697 1653,2696 1660,2696 1661,2695 1663,2697 1665,2697 1667,2699 1670,2699 1672,2702 1672,2704 1673,2704 1782,2704 1787,2699 1794,2699 1794,2699 1794,2682 1796,2680 1796,2676 1797,2675 1798,2675 1798,2675 1798,2664 1799,2663 1801,2663 1801,2663 1801,2661 1803,2659 1816,2659 1817,2661 1817,2673 1818,2673 1951,2673 1951,2673 1951,2666 1952,2665 1954,2665 1954,2665 1954,2663 1958,2659 1967,2659 1969,2661 1970,2661 1970,2662 1970,2701 1971,2701 2126,2701 2126,2701 2126,2700 2127,2699 2135,2699 2135,2700 2135,2701 2136,2701 2281,2701 2281,2701 2281,2690 2283,2688 2283,2685 2284,2684 2284,2680 2286,2678 2286,2676 2287,2675 2288,2675 2288,2675 2288,2674 2289,2673 2290,2673 2290,2673 2290,2671 2291,2670 2293,2670 2293,2670 2293,2669 2294,2668 2295,2668 2295,2668 2295,2666 2296,2665 2299,2665 2305,2659 2329,2659 2329,2660 2329,2661 2330,2661 2331,2661 2331,2662 2331,2663 2332,2663 2333,2663 2333,2664 2333,2665 2334,2665 2336,2665 2338,2668 2338,2701 2339,2701 2517,2701 2518,2702 2523,2702 2529,2708 2634,2708 2634,2708 2634,2705 2635,2704 2637,2704 2639,2702 2641,2702 2642,2701 2642,2700 2643,2699 2647,2699 2649,2697 2709,2697 2709,2697 2709,2663 2711,2661 2711,2660 2712,2659 2729,2659 2730,2661 2730,2670 2731,2670 2836,2670 2837,2669 2837,2667 2838,2666 2840,2666 2842,2664 2842,2662 2843,2661 2849,2661 2849,2661 2849,2660 2851,2658 2855,2658 2857,2656 2874,2656 2879,2661 2883,2661 2883,2662 2883,2666 2884,2666 2886,2666 2886,2667 2886,2703 2887,2703 2992,2703 2993,2702 3029,2702 3030,2701 3049,2701 3051,2699 3122,2699 3122,2699 3122,2666 3124,2664 3124,2660 3125,2659 3126,2659 3127,2658 3139,2658 3140,2659 3144,2659 3144,2660 3144,2662 3146,2664 3146,2666 3148,2668 3148,2671 3150,2673 3150,2687 3151,2687 3156,2687 3156,2688 3156,2699 3157,2699 3261,2699 3263,2697 3276,2697 3278,2699 3282,2699 3282,2700 3282,2704 3283,2704 3290,2704 3291,2706 3291,2721 3292,2721 3294,2721 3294,2722 3294,2766 3294,2766 3201,2766 3198,2769 3198,2815 3198,2815"/><TextEquiv><Unicode/></TextEquiv><TextEquiv index="1"><Unicode>“que mon épée: eſt-ce ainſi qu'on</Unicode></TextEquiv></TextLine><TextLine id="l17"><Coords points="2901,2972 2898,2970 2898,2930 2898,2929 2474,2929 2472,2931 2466,2931 2465,2932 2465,2933 2465,2933 2453,2933 2451,2931 2447,2931 2446,2931 2446,2930 2446,2929 2442,2929 2441,2928 2402,2928 2401,2929 2401,2968 2401,2968 2386,2968 2385,2968 2385,2929 2385,2928 2124,2928 2123,2929 2108,2929 2107,2928 1918,2928 1917,2929 1907,2929 1906,2928 1899,2928 1897,2926 1541,2926 1539,2928 1536,2928 1535,2929 1533,2929 1531,2931 1513,2931 1512,2931 1512,2930 1512,2929 1510,2929 1509,2928 1276,2928 1275,2929 1096,2929 1094,2931 1066,2931 1065,2932 1065,2970 1065,2970 1054,2970 1053,2970 1053,2932 1053,2931 948,2931 947,2931 947,2930 947,2929 918,2929 916,2928 916,2863 920,2859 1082,2859 1084,2857 1100,2857 1100,2857 1100,2856 1101,2855 1149,2855 1149,2855 1149,2852 1151,2850 1151,2843 1152,2842 1153,2842 1153,2842 1153,2838 1155,2836 1155,2829 1158,2826 1158,2824 1161,2821 1163,2821 1163,2821 1163,2819 1166,2816 1170,2816 1172,2814 1181,2814 1182,2813 1236,2813 1237,2814 1385,2814 1385,2815 1385,2816 1386,2816 1394,2816 1394,2817 1394,2818 1395,2819 1395,2822 1397,2824 1397,2854 1398,2854 1670,2854 1671,2853 1671,2813 1672,2812 1672,2810 1673,2809 1674,2809 1676,2807 1679,2807 1680,2806 1691,2806 1692,2807 1701,2807 1702,2809 1702,2811 1705,2813 1868,2813 1869,2814 1878,2814 1879,2816 1879,2854 1880,2854 1999,2854 1999,2854 1999,2853 2000,2852 2045,2852 2048,2849 2147,2849 2147,2849 2147,2848 2148,2847 2205,2847 2205,2847 2205,2819 2206,2818 2207,2818 2207,2818 2207,2817 2208,2816 2210,2816 2212,2814 2250,2814 2252,2812 2364,2812 2365,2811 2367,2811 2367,2811 2367,2810 2368,2809 2376,2809 2376,2809 2376,2808 2377,2807 2391,2807 2391,2808 2391,2811 2392,2811 2431,2811 2434,2815 2434,2816 2435,2816 2437,2816 2439,2819 2439,2821 2440,2821 2441,2821 2441,2822 2441,2855 2442,2855 2610,2855 2610,2855 2610,2819 2611,2818 2611,2817 2612,2816 2620,2816 2620,2816 2620,2815 2621,2814 2723,2814 2723,2815 2723,2816 2724,2816 2725,2816 2725,2817 2725,2818 2726,2818 2783,2818 2783,2819 2783,2821 2784,2821 2785,2821 2785,2822 2785,2855 2786,2855 2990,2855 2991,2854 3179,2854 3179,2854 3179,2816 3180,2815 3227,2815 3228,2814 3229,2814 3231,2812 3234,2812 3235,2811 3237,2811 3237,2811 3237,2809 3239,2807 3259,2807 3265,2814 3265,2840 3266,2840 3299,2840 3299,2841 3299,2890 3298,2891 3298,2894 3297,2895 3293,2895 3292,2896 3292,2897 3292,2897 3240,2897 3239,2898 3239,2964 3240,2964 3249,2964 3250,2966 3250,2966 3239,2966 3238,2966 3238,2922 3238,2921 3219,2921 3218,2922 3218,2923 3218,2923 3200,2923 3199,2924 3178,2924 3177,2925 3177,2926 3177,2926 3030,2926 3029,2927 3029,2928 3029,2928 2939,2928 2938,2929 2938,2971 2938,2971 2937,2971 2936,2972"/><TextEquiv><Unicode/></TextEquiv><TextEquiv index="1"><Unicode>“aſſaſſine“? Toute l'aſſemblée paroiſ-</Unicode></TextEquiv></TextLine><TextLine id="l18"><Coords points="2953,3125 2952,3125 2952,3087 2952,3086 2604,3086 2602,3088 2590,3088 2589,3088 2589,3087 2589,3086 2521,3086 2520,3086 2520,3085 2520,3084 2396,3084 2395,3083 2081,3083 2080,3084 2042,3084 2040,3086 1883,3086 1882,3086 1882,3085 1882,3084 1880,3084 1879,3083 1668,3083 1667,3084 1448,3084 1447,3085 1447,3086 1447,3086 1436,3086 1435,3086 1435,3085 1435,3084 1252,3084 1251,3085 1251,3086 1251,3086 1116,3086 1115,3087 1115,3088 1115,3088 1114,3088 1113,3089 989,3089 988,3088 915,3088 914,3088 914,3087 914,3086 912,3086 910,3085 910,3019 912,3017 924,3017 924,3017 924,3013 925,3012 926,3012 926,3012 926,3001 928,2999 928,2992 931,2989 931,2987 932,2986 933,2986 933,2986 933,2984 936,2981 940,2981 940,2981 940,2980 944,2976 948,2976 950,2974 952,2974 952,2974 952,2973 953,2972 1050,2972 1051,2971 1053,2971 1054,2970 1066,2970 1067,2971 1069,2971 1070,2973 1070,2975 1072,2976 1230,2976 1232,2974 1237,2974 1239,2972 1242,2972 1243,2971 1316,2971 1318,2974 1318,3010 1319,3010 1432,3010 1433,3009 1452,3009 1453,3008 1729,3008 1730,3007 1753,3007 1753,3007 1753,3005 1755,3003 1818,3003 1818,3003 1818,2993 1820,2991 1820,2984 1821,2983 1822,2983 1822,2983 1822,2977 1824,2975 1824,2973 1825,2972 1825,2970 1826,2969 1837,2969 1839,2972 1839,3008 1840,3008 2025,3008 2025,3008 2025,2972 2028,2969 2076,2969 2078,2971 2236,2971 2238,2969 2384,2969 2385,2968 2402,2968 2405,2972 2405,3012 2406,3012 2639,3012 2639,3012 2639,3011 2640,3010 2649,3010 2649,3010 2649,2998 2651,2996 2651,2991 2653,2989 2653,2984 2654,2983 2654,2981 2656,2979 2656,2977 2657,2976 2659,2976 2659,2976 2659,2974 2663,2970 2663,2967 2664,2966 2671,2966 2673,2964 2690,2964 2691,2965 2713,2965 2714,2966 2732,2966 2733,2967 2736,2967 2740,2972 2740,2975 2742,2977 2742,3010 2743,3010 2869,3010 2871,3008 3120,3008 3120,3008 3120,2995 3122,2993 3122,2989 3123,2988 3124,2988 3124,2988 3124,2986 3125,2985 3125,2983 3127,2981 3127,2979 3134,2972 3136,2972 3137,2971 3139,2971 3139,2971 3139,2969 3141,2967 3236,2967 3237,2966 3251,2966 3253,2969 3253,2971 3255,2973 3255,3002 3256,3002 3289,3002 3290,3003 3292,3003 3292,3004 3292,3008 3294,3009 3296,3009 3297,3011 3297,3013 3299,3015 3299,3063 3301,3065 3301,3067 3303,3069 3303,3077 3303,3077 3302,3077 3301,3078 3301,3081 3301,3081 3297,3081 3295,3083 3293,3083 3292,3084 3280,3084 3277,3081 3075,3081 3073,3083 3001,3083 3000,3084 3000,3125 3000,3125"/><TextEquiv><Unicode/></TextEquiv><TextEquiv index="1"><Unicode>ſoit déconcertée. La Princeſſe repoſoit</Unicode></TextEquiv></TextLine><TextLine id="l19"><Coords points="2328,3282 2310,3282 2309,3282 2309,3240 2309,3239 2164,3239 2162,3241 2160,3241 2159,3242 2048,3242 2047,3241 1992,3241 1988,3237 1657,3237 1655,3239 1624,3239 1622,3241 1391,3241 1388,3244 1384,3244 1383,3244 1383,3243 1383,3242 1331,3242 1330,3241 1326,3241 1325,3241 1325,3240 1325,3239 1163,3239 1161,3241 1159,3241 1158,3242 1070,3242 1069,3243 1069,3244 1069,3244 1039,3244 1037,3246 1035,3246 1034,3247 1034,3248 1034,3248 1023,3248 1022,3249 1020,3249 1019,3249 1019,3247 1019,3246 917,3246 914,3244 914,3187 912,3185 912,3178 913,3177 914,3177 914,3177 914,3175 915,3174 920,3174 922,3172 922,3153 924,3151 924,3149 925,3148 926,3148 926,3148 926,3147 927,3146 928,3146 928,3146 928,3144 931,3141 931,3139 934,3136 938,3136 938,3136 938,3135 939,3134 941,3134 943,3132 945,3132 946,3131 955,3131 955,3131 955,3130 956,3129 960,3129 962,3127 974,3127 974,3128 974,3129 975,3129 977,3129 979,3131 983,3131 983,3132 983,3134 986,3137 986,3167 987,3167 1153,3167 1153,3167 1153,3166 1154,3165 1163,3165 1165,3167 1376,3167 1378,3165 1454,3165 1454,3165 1454,3164 1455,3163 1456,3163 1457,3162 1457,3148 1459,3146 1566,3146 1566,3146 1566,3130 1569,3127 1576,3127 1578,3125 1582,3125 1584,3127 1586,3127 1590,3132 1590,3163 1591,3163 1720,3163 1720,3164 1720,3165 1721,3165 1877,3165 1877,3165 1877,3135 1878,3134 1880,3134 1882,3136 1884,3136 1886,3139 1886,3165 1887,3165 2118,3165 2118,3165 2118,3132 2121,3129 2123,3129 2123,3129 2123,3128 2124,3127 2128,3127 2130,3125 2133,3125 2134,3124 2147,3124 2149,3127 2149,3134 2150,3134 2248,3134 2248,3135 2248,3165 2249,3165 2295,3165 2295,3166 2295,3167 2296,3167 2529,3167 2529,3167 2529,3142 2530,3141 2532,3141 2532,3142 2532,3167 2533,3167 2952,3167 2952,3167 2952,3126 2953,3125 3003,3125 3003,3126 3003,3127 3004,3127 3007,3127 3007,3128 3007,3163 3008,3163 3265,3163 3266,3162 3289,3162 3291,3165 3291,3174 3292,3175 3292,3182 3293,3182 3294,3182 3294,3183 3294,3187 3296,3189 3296,3220 3297,3220 3299,3220 3299,3221 3299,3230 3297,3232 3275,3232 3273,3234 3214,3234 3212,3236 3094,3236 3093,3237 3077,3237 3076,3238 3076,3280 3076,3280 3052,3280 3051,3280 3051,3238 3051,3237 2898,3237 2897,3238 2897,3239 2897,3239 2896,3239 2895,3240 2895,3241 2895,3241 2874,3241 2873,3241 2873,3240 2873,3239 2575,3239 2573,3241 2569,3241 2568,3242 2428,3242 2427,3243 2427,3244 2426,3245 2426,3247 2424,3249 2424,3251 2424,3251 2423,3251 2422,3252 2422,3254 2422,3254 2420,3254 2419,3255 2419,3256 2419,3256 2418,3256 2417,3257 2417,3259 2416,3260 2415,3260 2414,3261 2414,3262 2411,3265 2330,3265 2329,3266 2329,3283 2329,3283"/><TextEquiv><Unicode/></TextEquiv><TextEquiv index="1"><Unicode>fierement dans mes bras, comme ſur un</Unicode></TextEquiv></TextLine><TextLine id="l20"><Coords points="1885,3454 1883,3452 1881,3452 1880,3452 1880,3451 1879,3450 1879,3449 1877,3447 1877,3438 1877,3437 1847,3437 1846,3436 1766,3436 1765,3435 1714,3435 1713,3435 1713,3391 1713,3390 1612,3390 1606,3396 1592,3396 1591,3397 1586,3397 1585,3396 1547,3396 1443,3396 1442,3397 1434,3397 1433,3396 1427,3396 1425,3394 1424,3394 1423,3394 1423,3391 1423,3390 1421,3390 1420,3389 1419,3389 1418,3389 1418,3388 1418,3387 1417,3387 1416,3387 1416,3386 1416,3385 1321,3385 1320,3386 1320,3393 1319,3394 1317,3394 1315,3396 1315,3397 1315,3397 1314,3397 1313,3398 1313,3399 1313,3399 1299,3399 1297,3397 1182,3397 1181,3396 1056,3396 1055,3397 1053,3397 1051,3399 939,3399 937,3401 933,3401 931,3399 924,3399 922,3397 918,3397 917,3397 917,3396 917,3395 915,3395 912,3393 912,3347 909,3344 909,3333 910,3332 917,3332 917,3332 917,3323 919,3321 1020,3321 1020,3321 1020,3317 1022,3315 1022,3309 1023,3308 1024,3308 1024,3308 1024,3307 1025,3306 1026,3306 1026,3306 1026,3304 1027,3303 1027,3301 1029,3299 1029,3295 1030,3294 1031,3294 1031,3294 1031,3292 1033,3290 1033,3286 1035,3284 1036,3284 1036,3284 1036,3283 1037,3282 1044,3282 1047,3285 1049,3285 1052,3289 1052,3291 1053,3292 1053,3295 1055,3296 1057,3296 1057,3297 1057,3299 1058,3300 1058,3302 1060,3304 1060,3306 1061,3306 1062,3306 1062,3307 1062,3308 1064,3310 1064,3321 1065,3321 1289,3321 1289,3321 1289,3288 1290,3287 1292,3287 1294,3289 1296,3289 1296,3290 1296,3321 1297,3321 1310,3321 1316,3327 1318,3327 1318,3328 1318,3332 1319,3332 1321,3332 1322,3333 1416,3333 1416,3333 1416,3330 1418,3328 1421,3328 1421,3328 1421,3326 1422,3325 1423,3325 1423,3325 1423,3324 1424,3323 1432,3323 1433,3322 1452,3322 1453,3321 1466,3321 1466,3321 1466,3293 1467,3292 1471,3292 1472,3291 1480,3291 1480,3291 1480,3286 1482,3284 1483,3284 1483,3284 1483,3283 1484,3282 1492,3282 1492,3282 1492,3281 1493,3280 1541,3280 1543,3282 1545,3282 1545,3283 1545,3321 1546,3321 1596,3321 1598,3323 1712,3323 1714,3321 1717,3321 1718,3320 1727,3320 1729,3318 1741,3318 1741,3319 1741,3320 1742,3320 1762,3320 1762,3320 1762,3281 1763,3280 1768,3280 1770,3283 1770,3320 1771,3320 1817,3320 1818,3321 1963,3321 1964,3320 2126,3320 2128,3323 2128,3325 2129,3325 2202,3325 2202,3325 2202,3300 2203,3299 2215,3299 2216,3301 2216,3321 2217,3321 2307,3321 2307,3321 2307,3285 2310,3282 2328,3282 2329,3283 2330,3283 2331,3285 2331,3315 2332,3315 2365,3315 2365,3316 2365,3319 2367,3321 2367,3325 2368,3325 2463,3325 2465,3323 2469,3323 2470,3322 2489,3322 2490,3321 2494,3325 2496,3325 2498,3327 2613,3327 2613,3327 2613,3326 2614,3325 2618,3325 2620,3323 2623,3323 2625,3321 2799,3321 2799,3321 2799,3319 2802,3316 2814,3316 2814,3317 2814,3319 2816,3320 2917,3320 2920,3323 3029,3323 3029,3323 3029,3321 3030,3320 3031,3320 3031,3320 3031,3307 3032,3306 3033,3306 3033,3306 3033,3300 3036,3297 3036,3294 3039,3291 3039,3289 3041,3287 3043,3287 3043,3287 3043,3285 3046,3282 3050,3282 3050,3282 3050,3281 3051,3280 3077,3280 3079,3282 3081,3282 3081,3283 3081,3323 3082,3323 3162,3323 3163,3322 3164,3322 3166,3320 3273,3320 3273,3320 3273,3314 3274,3313 3282,3313 3282,3314 3282,3315 3283,3315 3291,3315 3292,3317 3292,3323 3293,3323 3294,3323 3294,3324 3294,3327 3295,3327 3296,3327 3296,3328 3296,3375 3298,3377 3298,3386 3297,3387 3290,3387 3289,3388 3289,3392 3289,3392 3276,3392 3275,3391 3264,3391 3263,3392 3263,3433 3263,3433 3190,3433 3189,3434 3099,3434 3098,3435 3082,3435 3081,3436 3051,3436 3050,3436 3050,3393 3050,3392 2970,3392 2969,3393 2969,3394 2969,3394 2937,3394 2935,3396 2822,3396 2821,3397 2808,3397 2807,3397 2807,3396 2807,3395 2711,3395 2709,3397 2638,3397 2637,3398 2637,3399 2637,3399 2549,3399 2547,3401 2542,3401 2541,3401 2541,3400 2541,3399 2540,3399 2539,3399 2539,3398 2539,3397 2494,3397 2493,3396 2360,3396 2359,3395 2264,3395 2263,3396 2260,3396 2259,3397 2179,3397 2178,3398 2178,3399 2178,3399 2172,3399 2171,3399 2171,3398 2171,3397 2169,3397 2168,3397 2168,3393 2168,3392 2035,3392 2033,3394 1988,3394 1987,3395 1987,3411 1987,3411 1983,3411 1980,3408 1902,3408 1901,3409 1901,3449 1901,3449 1900,3449 1899,3450 1899,3452 1897,3454"/><TextEquiv><Unicode/></TextEquiv><TextEquiv index="1"><Unicode>tône: elle approuvoit avec tranſport</Unicode></TextEquiv></TextLine><TextLine id="l21"><Coords points="2601,3592 2600,3592 2600,3551 2600,3550 2466,3550 2465,3551 2465,3552 2465,3552 2459,3552 2458,3553 2458,3554 2458,3554 2444,3554 2443,3554 2443,3553 2443,3552 2344,3552 2343,3552 2343,3551 2343,3550 2284,3550 2281,3547 2074,3547 2072,3549 1952,3549 1951,3550 1949,3550 1947,3552 1930,3552 1928,3550 1926,3550 1925,3549 1896,3549 1894,3547 1685,3547 1684,3548 1684,3549 1684,3549 1572,3549 1571,3550 1451,3550 1450,3551 1450,3589 1450,3589 1443,3589 1442,3590 1405,3590 1404,3590 1404,3589 1404,3588 1402,3588 1401,3588 1401,3555 1401,3554 1289,3554 1287,3552 1018,3552 1017,3553 1017,3554 1017,3554 1010,3554 1009,3555 948,3555 946,3557 939,3557 937,3555 932,3555 931,3554 929,3554 926,3552 926,3550 924,3548 924,3546 922,3544 922,3503 920,3500 917,3500 916,3500 916,3498 916,3497 915,3497 914,3497 914,3489 915,3488 916,3488 917,3487 924,3487 924,3487 924,3486 925,3485 926,3485 926,3485 926,3479 929,3476 943,3476 943,3477 943,3478 944,3478 945,3478 945,3479 945,3480 946,3480 1124,3480 1124,3480 1124,3479 1125,3478 1125,3475 1127,3473 1127,3472 1128,3471 1141,3471 1141,3472 1141,3473 1142,3473 1143,3473 1143,3474 1143,3476 1144,3476 1282,3476 1282,3476 1282,3440 1284,3438 1290,3438 1291,3440 1291,3476 1292,3476 1483,3476 1484,3475 1564,3475 1564,3475 1564,3455 1565,3454 1569,3454 1569,3454 1569,3440 1572,3437 1674,3437 1674,3437 1674,3436 1675,3435 1731,3435 1732,3436 1803,3436 1804,3437 1805,3437 1805,3438 1805,3440 1806,3440 1829,3440 1829,3441 1829,3471 1830,3471 1989,3471 1989,3471 1989,3465 1990,3464 1990,3461 1992,3459 1992,3452 1996,3448 1996,3445 1997,3444 1999,3444 1999,3444 1999,3443 2000,3442 2001,3442 2001,3442 2001,3441 2004,3438 2006,3438 2007,3437 2009,3437 2013,3433 2021,3433 2022,3432 2033,3432 2034,3433 2042,3433 2042,3434 2042,3437 2043,3437 2044,3437 2045,3438 2050,3438 2051,3440 2051,3475 2052,3475 2272,3475 2272,3475 2272,3445 2273,3444 2274,3444 2274,3444 2274,3442 2278,3438 2283,3438 2284,3437 2346,3437 2348,3435 2412,3435 2412,3435 2412,3434 2414,3432 2414,3431 2415,3430 2417,3430 2417,3431 2417,3435 2418,3435 2427,3435 2427,3436 2427,3438 2430,3440 2591,3440 2591,3440 2591,3439 2592,3438 2594,3438 2597,3435 2606,3435 2608,3433 2616,3433 2618,3435 2625,3435 2625,3436 2625,3438 2628,3440 2630,3440 2630,3441 2630,3476 2631,3476 2800,3476 2802,3478 2978,3478 2978,3478 2978,3441 2979,3440 2979,3438 2980,3437 3049,3437 3050,3436 3086,3436 3087,3435 3170,3435 3171,3434 3211,3434 3211,3434 3211,3433 3212,3432 3224,3432 3225,3433 3264,3433 3265,3435 3265,3437 3266,3438 3266,3439 3268,3441 3268,3442 3269,3442 3270,3442 3270,3443 3270,3445 3273,3448 3273,3450 3275,3452 3275,3454 3276,3454 3277,3454 3277,3455 3277,3469 3278,3469 3295,3469 3296,3471 3296,3485 3298,3487 3298,3492 3301,3495 3301,3521 3303,3523 3303,3534 3301,3536 3301,3538 3301,3538 3299,3538 3297,3540 3293,3540 3292,3541 3292,3542 3292,3542 3259,3542 3258,3543 3238,3543 3237,3544 3237,3588 3237,3588 3221,3588 3220,3588 3220,3546 3220,3545 3130,3545 3129,3546 3129,3547 3129,3547 3125,3547 3123,3549 3042,3549 3037,3554 3035,3554 3034,3555 3028,3555 3026,3554 3026,3548 3026,3547 3025,3547 3024,3547 3024,3546 3024,3545 3022,3545 3021,3546 3021,3581 3021,3581 3016,3581 3015,3581 3015,3546 3015,3545 2841,3545 2840,3546 2840,3547 2840,3547 2839,3547 2838,3548 2838,3549 2837,3550 2835,3550 2833,3552 2667,3552 2666,3553 2666,3592 2666,3592"/><TextEquiv><Unicode/></TextEquiv><TextEquiv index="1"><Unicode>tout ce que diſoit ſon défenſeur. „Voilà</Unicode></TextEquiv></TextLine><TextLine id="l22"><Coords points="2446,3750 2445,3749 2437,3749 2436,3749 2436,3730 2436,3729 2409,3729 2408,3729 2408,3728 2407,3727 2407,3708 2407,3707 2081,3707 2080,3707 2080,3706 2080,3705 2074,3705 2073,3705 2073,3704 2073,3703 1906,3703 1904,3705 1751,3705 1749,3703 1409,3703 1407,3705 1254,3705 1252,3707 1250,3707 1248,3709 949,3709 948,3710 913,3710 910,3708 910,3643 912,3641 912,3639 913,3638 914,3638 914,3638 914,3637 915,3636 920,3636 922,3638 924,3638 926,3640 1097,3640 1101,3636 1106,3636 1107,3635 1119,3635 1119,3635 1119,3601 1120,3600 1122,3600 1122,3600 1122,3598 1125,3595 1143,3595 1143,3596 1143,3598 1144,3599 1144,3600 1145,3600 1387,3600 1387,3600 1387,3594 1388,3593 1389,3593 1390,3592 1402,3592 1403,3591 1435,3591 1436,3590 1442,3590 1443,3589 1540,3589 1543,3586 1557,3586 1557,3587 1557,3590 1558,3590 1559,3590 1560,3591 1563,3591 1566,3595 1566,3597 1567,3598 1567,3629 1568,3629 1684,3629 1685,3628 1732,3628 1732,3628 1732,3595 1736,3591 1745,3591 1746,3590 1755,3590 1756,3591 1843,3591 1844,3592 1861,3592 1862,3594 1862,3633 1863,3633 2026,3633 2028,3631 2078,3631 2078,3631 2078,3608 2079,3607 2080,3607 2080,3607 2080,3596 2083,3593 2087,3593 2089,3591 2199,3591 2200,3590 2207,3590 2208,3591 2242,3591 2243,3592 2248,3592 2249,3593 2317,3593 2317,3594 2317,3633 2318,3633 2365,3633 2366,3634 2378,3634 2380,3636 2536,3636 2538,3634 2543,3634 2544,3633 2551,3633 2551,3633 2551,3601 2552,3600 2553,3600 2553,3600 2553,3598 2554,3597 2556,3597 2556,3597 2556,3596 2557,3595 2599,3595 2599,3595 2599,3593 2600,3592 2750,3592 2751,3591 2752,3592 2757,3592 2757,3593 2757,3594 2761,3598 2761,3634 2762,3634 2926,3634 2926,3634 2926,3632 2927,3631 2928,3631 2928,3631 2928,3624 2929,3623 2929,3622 2930,3621 2931,3621 2931,3621 2931,3619 2935,3615 2935,3613 2938,3610 2938,3608 2939,3607 2941,3607 2941,3607 2941,3605 2944,3602 2948,3602 2953,3597 2957,3597 2957,3597 2957,3594 2958,3593 2962,3593 2964,3591 2971,3591 2972,3590 2998,3590 2999,3591 3009,3591 3010,3593 3010,3595 3011,3595 3012,3595 3012,3596 3012,3597 3013,3597 3015,3597 3017,3600 3017,3602 3018,3602 3019,3602 3019,3603 3019,3612 3021,3614 3021,3622 3022,3622 3177,3622 3177,3622 3177,3594 3178,3593 3179,3593 3181,3591 3186,3591 3187,3590 3218,3590 3220,3588 3239,3588 3239,3589 3239,3628 3240,3628 3308,3628 3308,3629 3308,3638 3308,3638 3307,3638 3306,3639 3306,3648 3304,3650 3304,3669 3304,3669 3302,3669 3299,3672 3297,3672 3296,3673 3296,3674 3296,3674 3243,3674 3242,3675 3242,3695 3242,3695 3235,3695 3234,3696 3223,3696 3222,3697 3222,3698 3222,3698 3199,3698 3197,3700 3101,3700 3099,3702 3051,3702 3050,3703 2993,3703 2991,3705 2824,3705 2820,3709 2813,3709 2812,3710 2654,3710 2653,3709 2458,3709 2457,3710 2457,3749 2456,3750"/><TextEquiv><Unicode/></TextEquiv><TextEquiv index="1"><Unicode>“des difficultés réelles, dit le Cardi-</Unicode></TextEquiv></TextLine><TextLine id="l23"><Coords points="2862,3910 2861,3910 2861,3906 2861,3905 2833,3905 2826,3899 2826,3864 2826,3863 2614,3863 2613,3864 2613,3904 2612,3905 2611,3905 2610,3906 2590,3906 2589,3907 2589,3908 2589,3908 2571,3908 2570,3908 2570,3906 2568,3904 2568,3866 2568,3865 2442,3865 2441,3866 2441,3904 2441,3904 2427,3904 2426,3904 2426,3863 2426,3862 2308,3862 2305,3865 2305,3867 2305,3867 2304,3867 2303,3868 2298,3868 2297,3867 2296,3867 2295,3867 2295,3866 2295,3865 2294,3865 2293,3865 2293,3863 2293,3862 2090,3862 2088,3860 2007,3860 1957,3860 1955,3862 1946,3862 1942,3858 1894,3858 1892,3856 1775,3856 1751,3856 1750,3857 1750,3859 1749,3860 1747,3860 1745,3862 1739,3862 1738,3863 1728,3863 1727,3862 1724,3862 1722,3860 1684,3860 1683,3860 1683,3859 1683,3858 1521,3858 1519,3860 1462,3860 1460,3862 1335,3862 1334,3863 1334,3868 1334,3868 1333,3868 1332,3869 1332,3872 1332,3872 1331,3872 1330,3873 1330,3875 1328,3877 1328,3879 1325,3882 1325,3884 1325,3884 1321,3884 1316,3889 1312,3889 1311,3890 1311,3891 1311,3891 1294,3891 1290,3888 1290,3863 1290,3862 1178,3862 1177,3863 950,3863 948,3865 948,3867 948,3867 941,3867 940,3867 940,3866 940,3865 939,3865 938,3865 938,3864 938,3863 915,3863 912,3861 912,3806 908,3801 906,3801 905,3801 905,3794 906,3793 907,3793 907,3793 907,3792 908,3791 909,3791 909,3791 909,3790 910,3789 914,3789 914,3789 914,3787 917,3784 919,3784 919,3785 919,3786 920,3786 924,3786 924,3787 924,3789 927,3791 1087,3791 1089,3789 1094,3789 1094,3789 1094,3757 1096,3755 1222,3755 1222,3755 1222,3753 1225,3750 1230,3750 1232,3748 1244,3748 1246,3751 1246,3755 1248,3757 1248,3789 1249,3789 1440,3789 1441,3788 1446,3788 1448,3786 1509,3786 1509,3786 1509,3785 1510,3784 1516,3784 1516,3785 1516,3786 1517,3786 1660,3786 1662,3784 1675,3784 1677,3786 1851,3786 1851,3786 1851,3785 1852,3784 1877,3784 1877,3784 1877,3754 1878,3753 1894,3753 1894,3754 1894,3755 1895,3755 1896,3755 1896,3756 1896,3784 1897,3784 1973,3784 1975,3786 2056,3786 2056,3786 2056,3754 2057,3753 2061,3753 2061,3754 2061,3755 2062,3755 2063,3755 2063,3756 2063,3786 2064,3786 2066,3786 2068,3788 2222,3788 2224,3786 2245,3786 2248,3789 2374,3789 2375,3788 2432,3788 2432,3788 2432,3755 2434,3753 2434,3751 2436,3749 2445,3749 2446,3750 2456,3750 2458,3753 2458,3782 2459,3782 2485,3782 2487,3784 2492,3784 2494,3787 2494,3791 2495,3791 2668,3791 2671,3788 2676,3788 2678,3786 2694,3786 2697,3789 2840,3789 2841,3788 2867,3788 2869,3786 2878,3786 2878,3787 2878,3788 2879,3788 2986,3788 2986,3788 2986,3773 2987,3772 2988,3772 2988,3772 2988,3766 2989,3765 2990,3765 2990,3765 2990,3752 2992,3750 2993,3750 2993,3750 2993,3749 2994,3748 2995,3748 2995,3748 2995,3747 2996,3746 3052,3746 3053,3745 3056,3745 3060,3741 3079,3741 3079,3742 3079,3744 3080,3744 3082,3746 3084,3746 3084,3747 3084,3751 3086,3753 3086,3762 3087,3762 3088,3762 3088,3763 3088,3767 3089,3768 3089,3770 3091,3772 3091,3777 3092,3777 3268,3777 3268,3777 3268,3756 3269,3755 3270,3755 3270,3755 3270,3747 3271,3746 3272,3746 3272,3746 3272,3744 3273,3743 3275,3743 3275,3743 3275,3742 3276,3741 3290,3741 3292,3744 3292,3784 3293,3784 3295,3784 3297,3786 3299,3786 3301,3788 3304,3788 3305,3789 3306,3789 3306,3790 3306,3793 3307,3793 3308,3793 3308,3794 3308,3810 3308,3810 3307,3810 3306,3811 3306,3813 3306,3813 3300,3813 3299,3814 3299,3837 3297,3839 3297,3843 3296,3844 3294,3844 3292,3846 3292,3849 3291,3850 3288,3850 3285,3853 3285,3855 3285,3855 3254,3855 3253,3856 3253,3897 3253,3897 3235,3897 3234,3897 3234,3856 3234,3855 3118,3855 3113,3860 3109,3860 3108,3861 3108,3862 3108,3862 3096,3862 3094,3860 2865,3860 2864,3861 2864,3910 2864,3910"/><TextEquiv><Unicode/></TextEquiv><TextEquiv index="1"><Unicode>“nal; on ne nous avoit pas préſenté</Unicode></TextEquiv></TextLine><TextLine id="l24"><Coords points="2249,4060 2248,4060 2248,4024 2248,4023 2172,4023 2171,4022 2163,4022 2161,4020 2105,4020 2104,4020 2104,4019 2104,4018 1959,4018 1957,4016 1880,4016 1879,4015 1666,4015 1665,4016 1608,4016 1607,4017 1607,4018 1607,4018 1249,4018 1248,4019 1248,4058 1248,4058 1240,4058 1239,4058 1239,4019 1239,4018 1158,4018 1156,4020 1151,4020 1150,4021 1142,4021 1141,4022 949,4022 948,4023 942,4023 941,4022 916,4022 914,4021 914,4019 914,4018 913,4018 912,4018 912,4014 913,4013 915,4013 916,4012 916,3963 915,3961 913,3961 910,3959 910,3953 912,3951 912,3947 913,3946 1070,3946 1070,3946 1070,3911 1071,3910 1073,3910 1075,3908 1077,3908 1079,3906 1084,3906 1086,3904 1092,3904 1093,3906 1093,3910 1095,3912 1095,3915 1096,3916 1096,3944 1097,3944 1335,3944 1337,3942 1368,3942 1368,3942 1368,3907 1369,3906 1370,3906 1372,3904 1375,3904 1376,3903 1381,3903 1383,3901 1555,3901 1557,3899 1559,3899 1560,3898 1583,3898 1586,3902 1586,3942 1587,3942 1745,3942 1745,3942 1745,3940 1746,3939 1746,3935 1747,3934 1748,3934 1748,3934 1748,3925 1750,3923 1750,3919 1753,3916 1753,3913 1755,3911 1757,3911 1757,3911 1757,3907 1758,3906 1760,3906 1762,3904 1762,3902 1763,3901 1770,3901 1772,3899 1775,3899 1776,3898 1793,3898 1796,3901 1798,3901 1798,3902 1798,3906 1800,3908 1800,3941 1801,3941 1825,3941 1826,3942 1835,3942 1837,3944 2085,3944 2085,3944 2085,3916 2086,3915 2088,3915 2090,3913 2102,3913 2102,3914 2102,3944 2103,3944 2422,3944 2422,3944 2422,3907 2423,3906 2424,3906 2426,3904 2442,3904 2443,3905 2444,3905 2444,3906 2444,3918 2445,3919 2445,3942 2446,3942 2541,3942 2542,3941 2545,3941 2549,3937 2575,3937 2577,3935 2706,3935 2706,3935 2706,3918 2708,3916 2708,3911 2709,3910 2709,3909 2710,3908 2711,3908 2711,3908 2711,3907 2712,3906 2714,3906 2716,3904 2721,3904 2721,3904 2721,3901 2723,3899 2724,3899 2725,3901 2725,3904 2728,3907 2728,3927 2729,3927 2730,3927 2730,3928 2730,3944 2731,3944 2955,3944 2955,3944 2955,3913 2957,3911 2958,3911 2959,3913 2959,3944 2960,3944 2967,3944 2969,3942 3041,3942 3042,3941 3162,3941 3162,3941 3162,3938 3163,3937 3163,3933 3164,3932 3232,3932 3232,3932 3232,3899 3234,3897 3273,3897 3274,3896 3283,3896 3285,3894 3290,3894 3292,3897 3292,3899 3294,3901 3294,3915 3295,3915 3296,3915 3296,3916 3296,3937 3298,3939 3298,3960 3304,3966 3304,3970 3303,3971 3303,4004 3303,4004 3302,4004 3301,4005 3301,4006 3301,4006 3295,4006 3294,4007 3294,4008 3294,4008 3274,4008 3273,4009 3157,4009 3156,4010 3156,4020 3155,4021 3155,4023 3155,4023 3154,4023 3153,4024 3153,4025 3153,4025 3152,4025 3151,4026 3151,4028 3148,4031 3148,4033 3143,4038 3143,4040 3143,4040 3137,4040 3136,4041 3136,4042 3136,4042 3135,4042 3134,4043 3134,4044 3134,4044 3133,4044 3132,4045 3132,4046 3132,4046 3122,4046 3119,4044 3119,4019 3119,4018 2893,4018 2890,4021 2890,4023 2890,4023 2881,4023 2880,4022 2720,4022 2719,4021 2715,4021 2714,4020 2554,4020 2553,4020 2553,4019 2553,4018 2377,4018 2375,4020 2291,4020 2290,4021 2290,4057 2288,4059 2288,4060 2288,4060"/><TextEquiv><Unicode/></TextEquiv><TextEquiv index="1"><Unicode>“les choſes ſous ce point de vue; il</Unicode></TextEquiv></TextLine><TextLine id="l25"><Coords points="2166,4218 2162,4215 2162,4177 2162,4176 2014,4176 2011,4173 1936,4173 1935,4174 1935,4216 1935,4216 1925,4216 1924,4215 1918,4215 1916,4214 1916,4174 1916,4173 1799,4173 1797,4175 1703,4175 1701,4173 1555,4173 1498,4173 1495,4176 1488,4176 1487,4175 1341,4175 1340,4176 1340,4178 1337,4181 1337,4183 1337,4183 1335,4183 1334,4184 1334,4188 1334,4188 1331,4188 1330,4189 1330,4190 1327,4193 1323,4193 1321,4195 1309,4195 1308,4195 1308,4174 1308,4173 1171,4173 1169,4175 1145,4175 1144,4176 1144,4193 1143,4194 1141,4193 1141,4176 1141,4175 1126,4175 1124,4173 958,4173 957,4174 957,4176 955,4178 919,4178 917,4177 917,4107 918,4106 919,4106 919,4106 919,4105 920,4104 929,4104 931,4106 988,4106 988,4106 988,4100 989,4099 1079,4099 1079,4099 1079,4088 1081,4086 1081,4083 1082,4082 1082,4080 1084,4078 1084,4076 1085,4075 1086,4075 1086,4075 1086,4072 1087,4071 1088,4071 1089,4070 1090,4070 1092,4068 1093,4068 1093,4068 1093,4065 1094,4064 1098,4064 1103,4059 1239,4059 1240,4058 1248,4058 1248,4059 1248,4094 1249,4094 1284,4094 1285,4096 1285,4097 1286,4097 1287,4097 1287,4098 1287,4099 1288,4099 1359,4099 1359,4099 1359,4073 1361,4071 1362,4071 1363,4073 1363,4099 1364,4099 1418,4099 1418,4099 1418,4098 1419,4097 1683,4097 1683,4097 1683,4096 1684,4095 1684,4093 1685,4092 1775,4092 1775,4092 1775,4066 1777,4064 1777,4062 1778,4061 1786,4061 1786,4061 1786,4060 1787,4059 1789,4059 1790,4058 1820,4058 1820,4058 1820,4057 1821,4056 1829,4056 1829,4057 1829,4059 1830,4059 1966,4059 1967,4058 1975,4058 1977,4061 1977,4099 1978,4099 2106,4099 2106,4100 2106,4101 2107,4101 2157,4101 2157,4101 2157,4098 2158,4097 2249,4097 2249,4097 2249,4061 2250,4060 2288,4060 2288,4061 2288,4101 2289,4101 2673,4101 2673,4101 2673,4066 2675,4064 2676,4064 2677,4066 2677,4095 2678,4095 2769,4095 2769,4095 2769,4094 2771,4092 2802,4092 2804,4090 2810,4090 2811,4092 2811,4095 2813,4097 2813,4106 2814,4106 2905,4106 2907,4104 2909,4104 2909,4104 2909,4103 2910,4102 2966,4102 2966,4102 2966,4100 2967,4099 3000,4099 3000,4099 3000,4098 3001,4097 3168,4097 3168,4097 3168,4061 3170,4059 3170,4057 3171,4056 3182,4056 3184,4059 3184,4090 3185,4090 3288,4090 3290,4092 3304,4092 3306,4095 3306,4135 3307,4135 3308,4135 3308,4136 3308,4138 3310,4140 3310,4150 3308,4152 3308,4162 3306,4164 3280,4164 3278,4166 3240,4166 3238,4168 3090,4168 3089,4169 3084,4169 3082,4171 2958,4171 2957,4172 2957,4210 2955,4212 2955,4214 2955,4214 2938,4214 2936,4216 2919,4216 2916,4214 2916,4200 2916,4199 2804,4199 2802,4198 2802,4179 2802,4178 2762,4178 2761,4178 2761,4177 2761,4176 2559,4176 2558,4177 2558,4178 2558,4178 2557,4178 2556,4179 2556,4183 2556,4183 2547,4183 2546,4183 2546,4179 2546,4178 2545,4178 2544,4178 2544,4177 2544,4176 2403,4176 2401,4178 2389,4178 2387,4176 2341,4176 2340,4175 2205,4175 2204,4176 2204,4212 2202,4214 2202,4216 2202,4216 2200,4216 2198,4218"/><TextEquiv><Unicode/></TextEquiv><TextEquiv index="1"><Unicode>“faut, avant d'aller plus avant, que les</Unicode></TextEquiv></TextLine><TextLine id="l26"><Coords points="2250,4373 2249,4372 1777,4372 1776,4372 1776,4371 1776,4370 1644,4370 1643,4370 1643,4341 1643,4340 921,4340 919,4338 915,4338 914,4338 914,4332 914,4331 913,4331 912,4331 912,4294 910,4291 905,4291 904,4291 904,4289 907,4286 907,4262 912,4257 1108,4257 1108,4257 1108,4255 1108,4254 898,4254 897,4254 897,4253 897,4252 896,4252 895,4252 895,4251 895,4250 894,4250 893,4250 893,4246 894,4245 1108,4245 1108,4245 1108,4222 1109,4221 1110,4221 1110,4221 1110,4220 1111,4219 1117,4219 1119,4217 1122,4217 1123,4216 1574,4216 1576,4214 1824,4214 1824,4214 1824,4213 1825,4212 1827,4212 1828,4211 1851,4211 1855,4215 1924,4215 1925,4216 2986,4216 2986,4217 2986,4242 2987,4242 3304,4242 3304,4243 3304,4248 3306,4250 3306,4252 3307,4252 3308,4252 3308,4253 3308,4254 3309,4255 3309,4256 3311,4258 3311,4262 3312,4262 3313,4262 3313,4263 3313,4267 3315,4269 3315,4312 3316,4313 3316,4321 3315,4322 3315,4337 3314,4338 2805,4338 2799,4344 2799,4346 2799,4346 2797,4348 2795,4348 2794,4349 2794,4351 2792,4353 2299,4353 2298,4354 2298,4373 2298,4373"/><TextEquiv><Unicode/></TextEquiv><TextEquiv index="1"><Unicode>“deux adverſaires prouvent, chacun</Unicode></TextEquiv></TextLine><TextLine id="l27"><Coords points="2172,4529 2171,4529 2171,4528 2171,4527 2121,4527 2120,4526 1242,4526 1241,4525 1105,4525 1104,4525 1104,4495 1104,4494 917,4494 916,4493 915,4493 914,4493 914,4416 915,4415 917,4415 918,4414 1102,4414 1104,4412 1110,4412 1110,4412 1110,4411 1111,4410 1112,4410 1112,4410 1112,4375 1113,4374 1118,4374 1120,4372 1125,4372 1126,4371 1267,4371 1269,4369 1280,4369 1281,4370 1652,4370 1653,4371 1776,4371 1777,4372 1782,4372 1783,4373 2298,4373 2299,4374 2300,4374 2300,4375 2300,4376 2301,4376 2420,4376 2420,4377 2420,4407 2421,4407 2962,4407 2964,4410 2964,4412 2965,4412 3088,4412 3088,4413 3088,4414 3089,4414 3090,4415 3091,4415 3091,4416 3091,4417 3092,4417 3093,4417 3093,4418 3093,4419 3095,4420 3096,4420 3096,4421 3096,4422 3097,4422 3098,4422 3098,4423 3098,4424 3099,4424 3100,4424 3100,4425 3100,4427 3103,4430 3103,4432 3104,4432 3312,4432 3313,4434 3313,4437 3312,4438 3108,4438 3107,4439 3107,4443 3108,4444 3108,4448 3109,4448 3153,4448 3153,4449 3153,4451 3156,4453 3158,4453 3158,4454 3158,4458 3160,4460 3160,4465 3160,4465 3159,4465 3158,4466 3158,4474 3158,4474 3157,4474 3156,4475 3156,4476 3155,4477 3155,4479 3155,4479 3151,4479 3149,4481 2979,4481 2978,4482 2977,4482 2976,4483 2976,4484 2976,4484 2970,4484 2969,4485 2969,4486 2969,4486 2846,4486 2844,4488 2838,4488 2837,4489 2542,4489 2541,4490 2541,4492 2540,4493 2397,4493 2396,4494 2396,4510 2394,4512 2177,4512 2176,4513 2176,4529 2176,4529"/><TextEquiv><Unicode/></TextEquiv><TextEquiv index="1"><Unicode>“de leur côté, ce qu'ils avancent“.</Unicode></TextEquiv></TextLine><TextLine id="l28"><Coords points="2301,4686 2300,4685 2194,4685 2193,4684 1141,4684 1139,4683 1139,4643 1139,4642 958,4642 957,4642 957,4638 957,4637 955,4637 953,4636 953,4635 952,4634 952,4633 952,4632 949,4632 948,4632 948,4628 949,4627 950,4627 950,4627 950,4602 951,4601 952,4601 952,4601 952,4590 953,4589 1005,4589 1005,4589 1005,4549 1008,4546 1013,4546 1015,4544 1026,4544 1027,4543 1030,4543 1034,4539 1041,4539 1041,4539 1041,4537 1042,4536 1074,4536 1074,4536 1074,4535 1075,4534 1077,4534 1082,4529 1086,4529 1086,4529 1086,4528 1089,4525 1091,4525 1092,4524 1104,4524 1105,4525 1125,4525 1126,4526 1263,4526 1264,4527 2940,4527 2940,4527 2940,4526 2941,4525 2987,4525 2988,4527 2988,4530 2990,4532 2990,4556 2991,4556 3313,4556 3313,4557 3313,4580 3316,4582 3318,4582 3318,4583 3318,4592 3320,4594 3320,4637 3321,4638 3321,4639 3321,4639 3317,4639 3316,4640 3316,4641 3316,4641 3035,4641 3034,4642 3034,4644 3034,4644 2998,4644 2997,4645 2997,4679 2995,4681 2995,4682 2995,4682 2992,4682 2991,4683 2953,4683 2952,4684 2313,4684 2312,4685 2312,4686 2312,4686"/><TextEquiv><Unicode/></TextEquiv><TextEquiv index="1"><Unicode>Spinacuta redoubla de fureur. Il trou-</Unicode></TextEquiv></TextLine><TextLine id="l29"><Coords points="2746,4844 2745,4843 2703,4843 2702,4843 2702,4807 2702,4806 2341,4806 2340,4807 2340,4844 2340,4844 2317,4844 2316,4844 2316,4833 2316,4832 2015,4832 2013,4830 2012,4830 2011,4830 2011,4802 2011,4801 1703,4801 1702,4802 1702,4832 1700,4834 1700,4835 1700,4835 1699,4835 1698,4836 1698,4837 1698,4837 1696,4837 1695,4838 1376,4838 1375,4839 1171,4839 1170,4840 1170,4841 1170,4841 1016,4841 1015,4840 1009,4840 1008,4840 1008,4808 1008,4807 946,4807 945,4807 945,4803 945,4802 942,4802 941,4802 941,4795 940,4794 940,4793 940,4792 939,4792 938,4792 938,4788 938,4787 936,4787 935,4787 935,4785 931,4781 931,4778 929,4776 929,4772 926,4768 924,4768 921,4766 921,4762 921,4761 920,4761 919,4761 919,4760 919,4759 918,4759 917,4759 917,4757 916,4756 916,4747 916,4746 904,4746 902,4745 902,4731 908,4725 969,4725 969,4725 969,4695 974,4690 1141,4690 1141,4690 1141,4685 1142,4684 1146,4684 1147,4683 1317,4683 1318,4685 1318,4721 1319,4721 1624,4721 1624,4721 1624,4714 1625,4713 1671,4713 1671,4713 1671,4700 1672,4699 1779,4699 1779,4699 1779,4685 1782,4682 1784,4682 1784,4682 1784,4681 1785,4680 1792,4680 1794,4682 1799,4682 1801,4684 1805,4684 1806,4686 1806,4688 1808,4690 1808,4694 1809,4694 1810,4694 1810,4695 1810,4697 1811,4697 2130,4697 2131,4696 2131,4694 2133,4692 2135,4692 2137,4690 2137,4688 2138,4687 2140,4687 2145,4682 2152,4682 2152,4682 2152,4681 2153,4680 2169,4680 2171,4682 2176,4682 2179,4685 2198,4685 2199,4686 2312,4686 2313,4687 2360,4687 2360,4688 2360,4694 2361,4694 2362,4694 2362,4695 2362,4696 2363,4696 2914,4696 2914,4696 2914,4686 2915,4685 2948,4685 2949,4684 2981,4684 2982,4683 2991,4683 2992,4682 2995,4682 2995,4683 2995,4711 2996,4711 3313,4711 3313,4712 3313,4714 3316,4716 3319,4716 3322,4720 3322,4721 3323,4722 3323,4723 3324,4723 3330,4723 3330,4724 3330,4726 3334,4730 3334,4732 3335,4733 3335,4811 3335,4811 3328,4811 3327,4812 3327,4831 3327,4831 3288,4831 3287,4832 3199,4832 3198,4833 3051,4833 3050,4834 3050,4836 3050,4836 3040,4836 3039,4837 2784,4837 2783,4838 2783,4840 2783,4840 2779,4840 2778,4841 2778,4842 2778,4842 2777,4842 2776,4843 2776,4844 2776,4844"/><TextEquiv><Unicode/></TextEquiv><TextEquiv index="1"><Unicode>va odieux qu'on oſât le compromettre</Unicode></TextEquiv></TextLine><TextLine id="l30"><Coords points="2626,5024 2625,5024 2625,5010 2625,5009 2580,5009 2579,5009 2579,5008 2579,5007 2563,5007 2561,5005 2557,5005 2556,5005 2556,4992 2556,4991 2325,4991 2324,4991 2324,4987 2324,4986 1909,4986 1908,4987 1908,5017 1908,5017 1899,5017 1896,5015 1896,4999 1896,4998 1644,4998 1641,4995 1617,4995 1616,4995 1616,4984 1616,4983 1264,4983 1263,4984 1263,5015 1262,5016 1253,5016 1251,5014 1249,5014 1247,5012 1135,5012 1134,5012 1134,4974 1134,4973 983,4973 981,4972 981,4970 981,4969 956,4969 955,4969 955,4968 955,4967 953,4967 950,4965 950,4963 950,4962 949,4962 948,4962 948,4955 948,4954 941,4954 940,4954 940,4953 940,4952 927,4952 926,4952 926,4951 926,4950 925,4950 924,4950 924,4925 923,4924 923,4923 922,4921 912,4921 910,4920 910,4918 910,4917 906,4917 905,4917 905,4914 908,4911 910,4911 910,4911 910,4909 914,4905 914,4903 916,4901 916,4887 917,4886 919,4886 919,4886 919,4883 922,4880 1005,4880 1005,4880 1005,4841 1006,4840 1015,4840 1016,4841 1349,4841 1349,4841 1349,4840 1350,4839 1589,4839 1590,4838 1591,4838 1592,4837 1600,4837 1601,4838 1605,4838 1605,4839 1605,4840 1606,4840 1609,4840 1609,4841 1609,4843 1610,4844 1610,4845 1611,4845 1614,4845 1614,4846 1614,4855 1615,4855 2042,4855 2042,4855 2042,4853 2043,4852 2057,4852 2057,4852 2057,4847 2059,4845 2315,4845 2316,4844 2340,4844 2341,4845 2702,4845 2702,4845 2702,4844 2703,4843 3029,4843 3029,4843 3029,4838 3030,4837 3039,4837 3040,4836 3181,4836 3182,4835 3184,4835 3184,4835 3184,4834 3185,4833 3285,4833 3286,4832 3287,4832 3288,4831 3327,4831 3327,4832 3327,4835 3328,4835 3333,4835 3338,4840 3339,4840 3339,4841 3339,4845 3340,4846 3340,4849 3342,4850 3343,4850 3344,4852 3344,4855 3345,4855 3348,4855 3349,4857 3349,4864 3350,4864 3356,4864 3356,4865 3356,4874 3356,4874 3349,4874 3347,4876 3347,4888 3344,4891 3344,4902 3344,4902 3343,4902 3342,4903 3342,4905 3342,4905 3340,4905 3339,4906 3339,4912 3339,4912 3331,4912 3330,4913 3330,4933 3328,4935 3328,4936 3327,4937 3327,4953 3326,4954 3317,4954 3316,4955 3316,4995 3315,4996 3315,4998 3315,4998 3302,4998 3301,4997 3299,4997 3297,4995 3295,4995 3294,4995 3294,4979 3294,4978 2984,4978 2983,4979 2960,4979 2959,4980 2959,4984 2958,4985 2948,4985 2947,4985 2947,4984 2947,4983 2946,4983 2945,4983 2945,4982 2945,4981 2944,4981 2943,4981 2943,4975 2943,4974 2631,4974 2630,4975 2630,5024 2630,5024"/><TextEquiv><Unicode/></TextEquiv><TextEquiv index="1"><Unicode>vis-à-vis d'un aventurier qui avoit été</Unicode></TextEquiv></TextLine><TextEquiv><Unicode/></TextEquiv></TextRegion></Page></PcGts>