4266 6032
931 262 3339 445 condamné au dernier ſupplice. Il dit
929 434 3332 603 qu'il étoit maître de fait de la perſonne
938 577 3337 757 de la Princeſſe, & qu'il ne la lâcheroit
934 742 3328 921 pas. On lui répondit qu'on étoit bien
938 902 3330 1067 en état de lui tenir tête, s'il prétendoit
931 1055 3330 1222 uſer de violence; qu'il étoit attaqué,
936 1211 3327 1375 dans ſon honneur, par un Militaire re-
933 1361 3408 1535 connu par Sa Majeſté pour un parfait
931 1526 3330 1682 honnête homme, honoré ſucceſſivement
938 1681 3332 1840 du brevet de Colonel par le Roi d'An-
828 1837 3332 2152 iles; quenp eoui ooeois uaeu
928 2145 3323 2307 voie, pour ſe juſtifier, que celle de l'hon-
886 2300 3320 2462 neur; qu'il eût à y ſonger. Il ſortit fu-
888 2458 3315 2637 rieux, en me lançant le regard le plus
888 2604 2291 2771 finiſtre & le plus noir.
876 2738 3318 2927 Tout le monde dit tout haut qu'une
833 2924 3318 3239 le ieitee eesaae eaſan q qe jipen
922 3234 3320 3396 tois contre lui. Il put entendre ce pro-
838 3385 3322 3559 pos, & ſe retourna, en me lançant un
921 3543 3318 3722 regard auſſi noir que le premier. La
833 3696 3325 3877 Princeſſe ſe rejeta dans mes bras, & m'ap-
861 3855 2926 4014 pela de nouveau ſon ſauveur.
835 3979 3332 4172 Un Colonel de la compagnie nous
897 4167 3323 4328 dit alors, avec la plus grande honnê-
876 4307 3308 4482 teté: „Meſſieurs, dans l'état où ſont les
849 4457 3315 4663 “choſes, Madame la Princeſſe ne peut
900 4606 3318 4795 “reſter chez cet homme étrange. Mon
828 4776 3325 4991 'château n'eſt qu'à trois milles d'ici;
