4266 6032
1446 115 3274 322 François.oe
893 319 3279 490 briſſeau, dont il frappa & renverſa un
898 484 3285 644 cheval de la voiture qui étoit deſtinée
907 637 3291 812 pour le vainquenr. A ſon aſpect, les
910 793 3289 968 fpectateurs parurent craindre en ſecret
917 948 3297 1129 pour moi. Je m'avançai leſtement, le fer
926 1101 3304 1273 en main, vers mon adverſaire. Le traître
928 1260 3313 1420 me tira ſubitement un coup de piſtolet,
935 1416 3310 1583 me rata, & jeta cette arme loin de lui.
936 1571 3315 1738 Je lui répondis par un coup de plat d'é-
938 1726 3325 1901 pée ſur le viſage. „Ah! malheureux,
941 1879 3325 2038 “s'écria-t-il avec rage, tu oſes m'ou-
940 2032 3337 2202 “trager de la ſorte! Abominable ſcé-
945 2188 3328 2365 “lerat, tu auras ma vie, ou j'aurai la
950 2343 3337 2502 “tienne“. Nous n'avions pomt de ſe-
952 2498 3341 2666 conds, parce que perſonne n'avoit vou-
957 2651 3341 2822 lu être celui du monſtre, & il me parut
960 2811 3342 2979 clair que tous les témoins s'intéreſſoient
959 2967 3342 3141 pour moi. Je me recommandai intérieu-
969 3120 3351 3287 rement à l'Etre ſuprême, lui diſant, dans
971 3277 3358 3416 le fond de mon cœur. „Mon Dieu, ma
974 3431 3354 3601 “cauſe eſt juſte. Je défends la vertu, &
976 3586 3359 3757 “je veux purger la terre d'un monſtre
979 3745 2952 3912 “nuiſible au genre humain“.
945 3892 3370 4070 Nous jetâmes tous deux nos habits
988 4051 3377 4219 loin de nous, ſur la pouſſiere, & nous
993 4209 3382 4381 nous élançâmes l'un contre l'autre. Mon
904 4365 3383 4535 adverſaire avoit le poignet d'une force
986 4527 3382 4691 terrible. Pour moi, j'étois d'une agi-
878 4675 3385 4852 lité peu commune, & je le fatiguois
988 4833 3385 5014 autant qu'il me laſſoit. Je parvins à le
