4266 6032
893 259 3402 596 eeſreéeijeliien eean su lerleonane
900 580 3287 748 une ſeconde. Notre ſang couloit, & rien
898 737 3328 905 ne ſe décidoit. Enfin, animé par la rage
902 892 3292 1067 que m'inſpiroit un ſi pénible combat, je
842 1048 3298 1218 preſſai ſi vivement mon ennemi, que je
905 1201 3370 1380 lui paſſai mon épée au travers du corps.
909 1347 3363 1524 Il tombe en rugiſſant, eſſaye de ſe re-
909 1512 3308 1679 lever, & ſuccombe ſous le poids de ſa
910 1660 3313 1843 foibleſſe. Son épée ſe rompt, de nou-
859 1830 3310 1994 veau, dans ſes mains. „Miſérable, lui
922 1989 3313 2147 “dis-je, je devrois t'achever; mais je
919 2142 3385 2302 “t'abandonne à ton malheureux ſort.
916 2297 3318 2457 “Va te faire ſoigner, je te donnerai ton
843 2451 3313 2617 “reſte quand tu ſeras en état de le re-
917 2601 3383 2771 “cevoir“. Il ne me répondit rien; il
921 2757 3413 2931 étoit ſuffoqué par la rage. On ſe hâta de
897 2915 3322 3089 mettre le premier appareil ſur ſes bleſ-
924 3077 3322 3241 ſures. Le Chirurgien trouva la princi-
847 3227 3322 3401 pale plaie fort dangereuſe, ſans aſſurer
898 3388 3337 3553 cependant qu'elle fût décidément mor-
873 3542 3335 3712 telle. Quant aux miennes, il dit que ce
866 3679 3342 3874 n'étoient preſque que des égratignures.
931 3838 3346 4027 On emporta le vaincu dans la litiere, &
931 4010 3347 4187 je voulus abſolument aller rejoindre la
838 4158 3322 4338 Princeſſe Gémelli. Elle venoit d'enten-
873 4324 3327 4493 dre dire que nous devions être aux
910 4481 3383 4652 mains. Elle trembloit pour ma vie. Elle
836 4636 3426 5001 ut ai put aveimiriannet ielnit
