4266 6032
955 291 3354 497 mable. „Ah! mon ſauveur, s'écria-t
959 489 3346 653 “elle, vous êtes vainqueur! -- Oui,
942 644 3344 825 “ma tendre amie, lui dis-je, le Ciel a
940 799 3346 977 “ſecondé la bonne cauſe; mais ma
964 957 3342 1124 “victoire n'eſt pas complette. Nous ne
959 1113 3347 1290 “ſommes pas encore entierement dé-
967 1270 3339 1446 “livrés du monſtre; il eſt en danger,
960 1421 3342 1607 “mais il reſpire encore. -- Dieu ſoit
964 1578 3337 1751 “loué, reprit-elle. J'aurois été bien
962 1736 3347 1906 “fâchée d'avoir à me reprocher qu'un
965 1889 3328 2059 “homme fût mort pour moi. Puiſſe-t-il
962 2044 3335 2225 “ſe rétablir & changer de caractere!
964 2202 3354 2364 “Mais, ô Ciel! ajouta-t-elle, ne vois-je
962 2357 3354 2543 “pas du ſang ſur vous, mon cher
964 2517 3349 2692 “ami?“ Je lui montrai mes deux égra-
962 2666 3354 2856 tignures. Elle vit combien c'étoitpeu de
969 2833 2450 2992 choſe, & fut raſſurée.
995 2966 3354 3165 Cependant un Officier de la compa-
967 3148 3327 3325 gnie jugea qu'il étoit bon que je me
967 3294 3354 3467 cachaſſe, pour voir, ſans danger, la
957 3454 3354 3635 tournure que prendroit cette affaire.
953 3603 3354 3789 On ſauroit bien vous trouver ici, me
959 3759 3354 3973 “dit-il, parce qu'on eſt prévenu que
960 3915 3337 4092 “vous y êtes“. Et il me conduiſit à
962 4078 3335 4266 quelques milles de là, dans un château
966 4230 3340 4422 qui lui appartenoit depuis peu, ſans
967 4389 3339 4577 qu'on en ſût rien. Il étoit clair que je
964 4534 3346 4728 devois être, là, dans une parfaite ſûreté;
967 4689 3354 4891 ainſi j'y fus ſans inquiétude. En peu de
957 4845 3354 5064 temps, je me vis parfaitement guéri de
2888 5034 3352 5130 mes
