4266 6032
962 303 3385 478 qu'elle ne conſentiroit jamais à me don-
857 468 3349 638 ner la main, tant qu'elle ne ſeroit pas
962 620 3368 793 parfaitement ſûre de ſa mort; car enfin
964 775 3375 950 elle reconnoiſſoit les droits antérieurs,
969 936 3356 1147 ou plutôt excluſifs, de ma premiere
972 1105 1500 1224 Amante.
1058 1222 3354 1403 Nous fîmes, de tous côtés, les re-
972 1411 3342 1575 cherches les plus exactes, pour décou-
965 1566 3354 1726 vrir les traces de cette chere perſonne.
967 1715 3351 1883 Nous entrevîmes des lueurs qui purent
969 1875 3344 2037 nous faire ſoupçonner qu'elle exiſtoit
965 2033 3334 2190 encore. Mais qu'étoit - elle devenue?
972 2186 3327 2349 C'eſt ce que nous ne pouvions déterrer;
907 2345 3334 2511 & d'autres lumieres plus fortes ſem-
960 2496 3327 2671 bloient nous atteſter ſa mort. J'embraſ-
938 2654 3330 2819 ſois, dans la complaiſance de mon
969 2812 3330 2970 cœur, les lueurs favorables à mon
967 2965 3328 3126 amour. O comme je déſirois de retrou-
964 3125 3332 3290 ver mon Adélaïde, malgré le tendre
960 3275 3327 3463 attachement que je reſſentois pour la
965 3435 2357 3597 Princeſſe Gémelli!
984 3588 3327 3760 Cependant le ſcélérat n'étoit pas
959 3746 3327 3908 mort. Il'me donna bientôt de nouvelles
957 3903 3327 4078 preuves de ſon exiſtence, qui me déci-
960 4054 3322 4230 derent parfaitement à lui propoſer, de
959 4213 3326 4384 nouveau, le combat,dès qu'il ſeroit ré-
957 4372 3328 4533 tabli: car enfin, il falloit que je l'immo-
952 4528 3330 4695 laſſe, ſi jene voulois être ſa victime.
943 4677 3335 4853 Un jour, que je me ſentois dévoré
900 4828 3356 5033 de ſoiſ à la chaſſe, on me préſénta de la
