4266 6032
952 262 3361 462 ſimonade, pour me rafraîchir. Heureu-
965 443 3347 622 ſement j'ai l'odorat très-fin. Je ſentis que
964 603 3354 775 l'odeur de ce breuvage me répugnoit,
969 757 3332 943 & n'étoit pas telle qu'elle devoit être.
967 902 3358 1079 Je craignis tout à coup qu'il ne fût em-
962 1067 3347 1395 ueeradarsraeeaieeeeorenorpreen
969 1383 3335 1543 à un chien altéré. L'animal infortuné
974 1538 3342 1713 en but précipitamment, & ne tarda pas
977 1695 3346 1863 à en mourir. On s'apperçut qu'un do-
943 1849 3346 2020 meſtique de mon ennemi s'étoit intro-
974 2002 3349 2183 duit dans cette maiſon, & s'étoit ſauvé,
972 2150 3351 2328 à toutes jambes, quand il avoit vu pré-
974 2310 3351 2488 ſenter le breuvage à un chien. Il n'y
981 2471 3351 2637 avoit donc pas d'équivoque ſur l'auteur
972 2623 3354 2798 de cet empoiſonnément. Le malheu-
967 2781 3356 2954 reux, que j'aurois dû pourſuivre en juſ-
974 2935 3354 3110 tice, ſe rétabliſſoit de jour en jour, &
967 3093 3356 3254 je brûlois d'envenir aux mains une fe-
967 3244 3358 3461 conde fois avec lui, pour purger la terre
967 3393 2609 3575 d'un ſi grand ſcélérat.
960 3548 3365 3736 Ipaſſoit enfin pour rétabli, & je m'at-
898 3708 3359 3890 tendois, à chaque moment, à le ren-
898 3870 3368 4041 contrer; mais il lui ſurvint un accident
964 4022 3370 4206 qu'il méritoit. Ce miſérable, pour
957 4183 3370 4355 avoir le plaiſir de ſe défaire plutôt de
957 4338 3370 4519 moi, vouloit précipiter ſon rétabliſſe-
917 4493 3370 4669 ment, & forcer la nature. Ilprenoit tout
897 4638 3370 4828 ce qui pouvoit irriter, chez lui, le
929 4796 3370 4983 genre nerveux, & lui donner un feu
2785 4977 3371 5131 Ra
