4266 6032
941 288 3356 463 trop hâtif. Il buvoit beaucoup de li-
940 448 3342 621 queurs fortes, & y ajoutoit les drogues
938 603 3340 778 les plus échauffantes. Ce ſingulier ré-
940 764 3337 941 gime, joint à des excès encore plus dan-
940 917 3334 1095 gereux qu'il ſe permettoit déjà avec les
938 1072 3334 1273 femmes, avoit mis le feu dans ſon ſang;
936 1230 3328 1397 mais il ébranloit & altéroit ſon tempe-
933 1388 3327 1550 rament en l'exaltant. Un jour, dans une
945 1542 3328 1717 débauche de toute eſpece, dans une
945 1701 3325 1875 orgie odieuſe, il but tant de liqueurs,
940 1856 3325 2032 qu'il tomba mort ivre. On le mit en
933 2013 3337 2180 vain dans du fumier pour le ranimer.
943 2166 3320 2336 On fut obligé de l'en tirer pour tenter
938 2322 3318 2517 un autre remede. On lui fit à peu près
943 2479 3323 2645 le traitement qu'on avoit jadis eſſayé ſur
940 2625 3322 2815 Charles le Mauvais, Roi de Navarre,
940 2790 3323 2971 déteſtable ſujet comme lui, dans une
945 2945 3318 3122 circonſtance preſque ſemblable. On le
941 3108 3323 3283 froua de graiſſe d'huile, de camphre,
939 3260 3323 3444 d'eſprit-de-vin, & autres ingrédiens très-
950 3416 3320 3592 combuſtibles; on l'enveloppa dans un
934 3572 3330 3910 aemi po r ui ſoeo oe e io pp
922 3884 3325 4072 employé, autour de ſa perſonne, tout
924 4042 3328 4226 le rogôme qu'on avoit deſtiné pour cet
919 4193 3347 4383 uſage. Il en reſtoit une bonne doſe qui
921 4351 3334 4544 tentoit fort ceux qui avoient eu ſoin de
916 4505 3339 4691 lui. Ils crurent que cette liqueur leur
917 4656 3342 4857 appartenoit, & réſolurent de ſe régaler
912 4823 3346 5016 aux dépens du ſcélérat. Ce barbare ne
