4266 6032
919 272 3342 449 balais pour le nettoyer. Tout ſon indi-
926 441 3337 608 vidu n'étoit qu'une plaie affreuſe. En
905 599 3334 778 dépit de tous les ſoulagemens qu'on lui
905 755 3330 948 prodiguoit, il ſouffroit, jour & nuit,
919 910 2661 1058 des douleurs infernales.
1093 1010 3337 1228 Malgré l'horreur de ſa ſituation, &
890 1222 3334 1385 l'avant goût d'un enfer anticipé, après
919 1373 3334 1542 un traitement de pluſieurs mois, il
917 1531 3328 1696 échappa encore à des maux ſi horribles,
916 1686 3337 1851 & ſe rétablit. Il eſtvrai queſa figure étoit
888 1843 3334 2004 abominable; mais il ne craignit pas de la
916 1990 3332 2160 montrer. Il ſe préſenta mêmeà Naples. Il
919 2150 3335 2321 y fit horreur. On lui défendit de paroî-
917 2308 3334 2468 tre à pied dans les rues. Son extérieur
912 2462 3339 2625 étoit devenu auſſi effroyable que ſon
917 2619 3347 2781 intérieur. Il faiſoit avorter les femmes
905 2778 3341 2937 enceintes. Il fut contraint de s'enfermer
912 2929 3344 3092 bien exactement dans ſa voiture, & de
912 3081 3371 3250 ſe rendre inviſible quand il ſortoit de
914 3241 3341 3435 chez lui. On ne permit pas qu'il parût
914 3394 1847 3533 à la Cour.
898 3488 3339 3716 Malgré ſa figure exécrable, il perſiſ-
909 3707 3341 3905 toittoujours à vouloir, en mêmetemps,
888 3863 3344 4025 épouſer la Princeſſe & m'immoler a ſa
910 4020 3346 4185 haine atroce. Il oſa ſe préſenter devant
902 4176 3344 4342 cette femme adorable. Elle frémit à ſa
888 4333 3344 4496 vue, & tomba évanouie.„Ah! me dit-
898 4490 3349 4655 “elle, quand elle fut revenue à elle-
888 4646 3347 4845 “même, je ne croyois pas que ce
891 4797 3351 4986 monſtre pût m'inſpirer plus d'her-
2754 4972 3356 5117 r
