4266 6032
912 295 3377 465 “reur que j'en éprouvois à le voir;
936 436 3411 621 “mais je m'étois trompée. O Ciel!
917 611 3328 772 “moi devenir l'épouſe de cet horrible
879 756 3328 950 “perſonnage“! Elle retomboit dans
929 921 3354 1108 l'évanouiſſement chaque fois qu'elle
934 1086 1853 1255 y ſongeoit.
1045 1210 3330 1408 Le monſtre avoit conſervé toute ſa
945 1389 3330 1560 noirceur diabolique. Il machinoit ſans
947 1544 3334 1753 ceſſe, pour me perdre, des projets d'i-
967 1696 3334 1875 niquité. Il faiſoit jouer les plus puiſſans
929 1855 3328 2031 reſſorts pour ſe faire livrer la Princeſſe.
943 2013 3335 2189 Il y avoit un contrat en forme, & une
933 2168 3332 2342 cérémonie célébrée en face des Autels.
938 2327 3390 2500 Son Chapelain juroit que toutes les pa-
938 2487 3339 2657 roles ſacramentales avoient été pronon-
945 2631 3332 2810 cées, & que le mariage étoit parfait.
976 2798 3371 2970 On plaida, & tous les Légiſtes, que ma
882 2955 3344 3126 bienfaitrice conſulta, la condamnerent
934 3093 3349 3275 unanimement. Elle étoit dans des tranſes
955 3257 3387 3438 mortelles. Le jour du jugement arriva.
983 3405 3387 3592 La Princeſſe s'étoit tenue prête pour
890 3569 3356 3751 s'évuder, en cas qu'elle perdît ſon pro-
952 3733 3359 3910 cès; mais l'ennemi avoit prévenu toutes
950 3881 3361 4055 ſes tentatives; & elle s'appercevoit, en
990 4037 3368 4222 frémiſſant, qu'elle étoit gardée à vue,
969 4181 3378 4390 d'une maniere qui lui ôtoit toute eſpé-
941 4341 3377 4533 rance de pouvon s'eſquiver. Elle étoit
945 4500 3383 4694 malade de triſteſſe & d'horreun. Je lui ju-
962 4658 3390 4853 rois en vain que je la tirerois de ce dan-
2035 4805 3399 5009 dant le barbare. J'eus
857 4847 2041 5024 ger, en poignar
