4266 6032
936 327 3356 510 la force d'aſſiſter au jugement du pro-
941 499 3344 663 cès. Ma noble amie perdit d'une voix
938 654 3339 821 unanime. Il eſt impoſſible de peindre
940 813 3337 978 l'horrible joie qui éclata dans les yeux
898 970 3339 1132 du monſtre. „Je triomphe, dit-il; mais
943 1120 3334 1289 “je ne ſuis ſatisfait qu'à moitié. Il me
940 1282 3339 1444 “reſte à me venger, ajouta-t-il en me
953 1438 3335 1602 “lançant un regard tout différent de ce-
948 1593 3334 1765 “lui qui avoit peint ſon odieuſe joie,
943 1751 2639 1908 “mais auſſi effrayant“.
1002 1880 3335 2068 Je ſortis conſterné pour rejoindre la
948 2047 3335 2224 Princeſſe. Ilne m'avoitpas été poſſible de
895 2217 3332 2381 poignarder le ſcélérat en public. Je ne
945 2373 3332 2534 ſavois comment annoncer, à ma bienfai-
943 2527 3332 2691 trice, l'odieuſe nouvelle. Un agentex-
941 2686 3330 3003 le élni dea étaoeie d oomeeu de
893 2996 3328 3162 tombai moi-même, auprés d'elle, dans
947 3151 3328 3315 un anéantiſſement de quelques mo-
952 3309 3327 3475 mens. Enfinlarage me ranima. „Ilfaut,
948 3463 3327 3626 “me dis-je, fauver ma Princeſſe du
945 3619 3347 3785 “fort le plus affreux. Courage, he-
950 3776 3332 3972 “valier! Montre-toi fils de Grégoite
941 3932 1843 4095 “Merveil“.
919 4080 3337 4255 Mais bientôt l'imbécille ſcélérat m'é-
941 4250 3342 4425 pargna les frais du courage dont je
948 4407 3340 4567 croyois avoir beſoin, & vint s'enfener
914 4556 3337 4746 delui même. Pourcépondre à toutes les
909 4714 1940 4880 names qu'il oun
1938 4723 3339 4886 diſſoit conte-moi, j'a-
893 4862 3347 5053 voiscru evoir, à monmur, fendda-
2616 5029 3158 5200 H
