4266 6032
904 219 3339 465 “Un lieu ſi déſert eſt favorable à nos
910 445 3377 623 “deſſeins. Il ne doit paſſer ici per-
905 602 3335 783 “ſonne le ſoir. Nous y pourrons expé-
892 762 3330 921 “dier, tout à notre aiſe, notre ennemi.
945 911 3335 1087 “Il faut me trouver des braves. (C'eſt
910 1069 3337 1238 “ainſi qu'on appelle, en Italie, des
948 1224 3335 1399 “Spadaſſins qui ſe chargent, pour un
916 1384 3335 1550 “honnête ſalaire, d'aſſaſſiner qui l'on
950 1540 3335 1704 “veut.) Mais voyons la maiſon“. Il s'y
914 1697 3335 1856 trouvoit, par haſard, une foſſe d'aiſance,
919 1851 3339 2016 qu'on avoit ouverte, dans la journée,
917 2006 3339 2171 pour la vuider la nuit. L'odeur & la vue
926 2160 3340 2326 de ce hideux objet parurent enchanter
931 2310 3340 2483 Spinacuta. „Voilà poſitivement ce qu'il
953 2472 3328 2639 “nous faut, s'ecria-t-il tout tranſporté.
878 2625 3339 2794 “Le ſieur Cataudin va toujours ſeul &
928 2775 3342 2947 “ſans flambeau; il ne ſe doutera de
952 2941 3339 3105 “rien; il faut qu'il paſſe auprès de ce
926 3094 3342 3270 “cloaque ouvert. Jous n'avons pas
928 3249 3340 3409 “beſon de braves. Poſte-toi dans dn
933 3401 3342 3569 “coin obſcur; & quand tu le verras
897 3559 3325 3729 “paſſer, ſans ſonger à mal, pouſſe-le
957 3719 3356 3883 “rudement par derriere, & fais-le tom-
890 3873 3354 4072 “ber dans la foſſe. Voilà un tombeau
938 4035 2307 4192 “digne de lui“.
936 4167 3361 4353 Mon homme accepta la commiſſion
904 4340 3370 4511 ſans faire deldifficultes, ou iln'en it que
928 4503 3365 4668 ce qu'il falloit pour être mieux payé.
926 4653 3371 4812 Ondhoiſite de concert, l'endroit ù il
878 4806 3371 4983 devoit ſe cacher, & celui où le Comte
