4266 6032
945 310 3378 484 toient. Tout à coup (je demande par-
912 472 3380 638 don à mes Lecteurs de les entretenir
977 627 3363 794 d'objets ſi rebutans; la vérité m'y force.
974 781 3370 950 On doit ſentir que ſi mon récit étoit de
907 943 3371 1106 pure invention, j'aurois choiſi des idées
979 1096 3366 1265 moins ſoulevantes); tout à coup, dis-
977 1260 3366 1420 je, nous appercevons une figure cou-
977 1413 3370 1575 verte de ce qu'il y a de plus hideux à
929 1569 3363 1727 concevoir, qui cherche à ſortir de la
977 1720 3368 1880 foſſe infecte. Le malheureux y retombe
909 1879 3368 2042 à notre aſpect. Nous nous hâtons de lui
974 2037 3373 2198 tendre une corde qu'il a le bonheur de
907 2189 3365 2354 ſaiſir; & nous le tirons avec de grands
905 2345 3363 2505 efforts, très-étonnés de ce qu'il étoit ſi
907 2501 3361 2658 lourd. Nous en découvrîmes bientôt la
962 2651 3363 2822 raiſon. Nous apperçumes, avec ſurpriſe,
910 2811 3366 2980 une autre figure encore plus hideuſe,
902 2972 3365 3133 cramponnée aux jambes de la premiere,
838 3127 3423 3289 qu'elle ne vouloit pas lâcher. Nous ten-
900 3280 3359 3435 dîmes auſſi la corde à ce ſecond mal-
921 3433 3370 3603 heureux. Illâcha la jambe, & ſaiſit le
904 3593 3365 3758 lien; ce qui nous donna la facilité de
916 3751 3359 3915 tirer tout à fait le premier de ce man-
900 3903 3366 4077 vais pas. Nous procédâmes enſuite plus
971 4058 3371 4222 commodément au ſalut du ſecond. Ce
948 4207 3370 4395 dégoûtant perſonnage étoit déjà preſ-
866 4369 3375 4541 que entierementhors de la foſſe; il m'ap-
836 4530 3375 4699 perçoit, & ſe renverſe d'horreur, avec
895 4685 3365 4854 tant deviolence, que la corde, quin'é-
895 4849 3371 5050 toit tenue, dans ce moment, que par
