4266 6032
907 252 3316 429 roient péri, ſans nos ſecours. Je me
939 416 3318 582 conſolai aiſément de la mort de Spina-
916 572 3368 737 cuta; mais je puis donner ma parole
947 728 3328 905 d'honneur que je n'avois aucune part
928 886 2622 1048 à l'action de mon valet.
938 1009 3322 1207 Ici la Juſtice n'avoit point à ſévir.
929 1187 3334 1359 C'étoient deux malheureux tombés en-
928 1345 3332 1516 ſemble dans une foſſe d'aiſance; acci-
926 1505 3346 1672 dent qui n'eſt pas nouveau. On igno-
924 1659 3335 1827 roit les détails de leur chûte. Le mort
928 1810 3339 1984 ne pouvoit parler; & le vivant ſe gar-
936 1965 3347 2139 doit bien de le faire. Cependant l'hiſ-
893 2112 3356 2295 toire perça dans le public. Tout le
945 2281 3344 2451 monde convint que le genre de mort
888 2421 3339 2605 ne pouvoit être mieux choiſi. La fa-
938 2589 3346 2762 mille du monſtre fut exceſſivement fu-
936 2744 3339 2906 rieuſe. Un homme d'une ſi grande
931 2901 3370 3069 Maiſon, mort par le miniſtere d'un va-
878 3057 3356 3232 let, & ſur - tout d'un genre de mort
881 3203 3335 3389 comme celui-là, outroit ces Noblesſtu-
905 3366 3364 3547 pides; mais ils eurent beau faire; ils ne
900 3521 3353 3702 purent obtenir que cette affaire eût
929 3676 3365 3863 aucune ſuite. Je fus vengé ſans danger,
941 3837 3346 4012 & je pus enfin reſpirer. Je plaignis ce
947 3987 3340 4170 miſérable d'avoir reçu une ame ſi atroce;
889 4146 3354 4325 mais je ne pus êt e fâché que la na-
934 4302 3340 4482 ture fût purgée de ſa triſte perſonne.
883 4457 3353 4663 J'eus beaucoup de peine à ramener à
878 4584 3371 4836 la vie mon nauvre diable d'eſpion.
