4266 6032
1767 1113 2442 1311 DE
1106 1975 3330 2238 LIVRE CINQUIEME.
964 2659 3328 2833 lant de la retrouver. Je cherchois des
969 2814 3329 2988 informations de tous les côtés; & je
964 2974 3325 3144 multipliois tellement mes queſtions va-
885 3127 3327 3301 riées, qu'on finiſſoit toujours par me
823 3284 3331 3454 répondre ce que je voulois. Ces infor-
965 3438 3344 3611 mations me faiſoienttoujours croire, de
943 3593 3328 3775 plus en plus, que je pourrois enfin
852 3749 3337 3921 trouver mon Adélaïde avant de quitter
931 3903 3334 4094 les Alpes. Je rencontrai, ſur une de
885 4058 3334 4233 leurs cimes les plus élevées, un bon
962 4209 3387 4389 Hermite qui m'offrit l'hoſpitalité. J'en-
878 4357 3359 4544 trai chez lui avec beaucoup d'affection;
842 4518 3414 4698 mais quelle fut ma ſurpriſe, quand je
878 4677 3390 4857 touvai dansſa cellule le portraſt 'Adé-
864 4832 3442 5046 laide! Elle étoit habilée en homme,
