4266 6032
878 283 3273 511 dans le coſtume ordinaire de Chéri.
877 449 3278 650 „O Ciel! dis-je à l'Hermite, d'où vous
891 603 3275 807 “vient ce portrait? -- C'eſt, me répon-
899 752 3301 957 “dit-il, un petit Frere que j'ai eu chez
900 907 3366 1113 “moi, pendant quelques temps, qui
898 1057 3365 1272 “afait ainſi ſon portrait, & qui me l'a
904 1220 3365 1431 “laiſſé. -- O Ciel! repris-je, & ſavez-
888 1370 3304 1586 “vous ceiqu'il eſt devenu? -- Je l'i-
910 1523 3299 1746 “gnore, me répondit le vieillard; il
878 1680 3304 1875 “a voulu abſolument me quitter, &
917 1833 3313 2058 “peut-être a-t-il péri“. Je demandai
924 1991 3318 2212 comment il étoit fait. „Comme une
922 2153 3344 2348 “femme, me répondit le bon homme;
895 2300 3316 2520 “cartil avoit, dans ſes traits, toute la
890 2462 3320 2668 “délicateſſe de la plus belle femme. --
934 2603 3323 2830 “C'eſt-elle, m'écriai-je enfin“. Je queſ-
900 2773 3330 2980 tionnai l'Hermite ſans relâche; & toutce
885 2913 3347 3138 qu'il me répondit me confirma qu'il
878 3076 3332 3288 avoit eu, chez lui, mon Adélaide.
897 3233 3330 3478 Bientôt je n'eus plus lieu d'en douter,
1142 3388 3337 3602 d jeis auſſi mon portrait dans
878 3531 3342 3776 laitage, A ! dit le vibilard, il
885 3698 3330 3915 “étoit grand ami de ce jeune homme:
892 3851 3335 4072 “il ne voyoit que lui dans l'Univers.
900 3972 3347 4230 “Mais ne vois- je pas de la reſſem-
957 4148 3351 4385 “blance entre vous & ce tableau“?
878 4314 3349 4555 Aot je ne pus etenir mes larmes.
878 4465 3385 4725 mon Peeeii--j lllermite,
878 4628 3361 4886 etoe Demoi
878 4785 3361 5014 le éoit mon Amante.- e
