4266 6032
904 268 3315 482 jours avec lui. Il y conſentit. Que ce
879 437 3316 785 eee jnmiii le aane dou pouiaire
878 752 3323 936 ranquille mortel! Il me racontoit tout
885 902 3361 1092 ce qui étoit relatif à ma chere Adé-
933 1062 3330 1248 laïde. „Elle ne faiſoit, me diſoit-il,
895 1217 3382 1405 “que pleurer, ſoupirer, & prier. Là,
936 1371 3328 1554 “elle avoit coutume de s'aſſeoir & de
945 1530 3334 1717 “ſe plonger dans une douce rêverie,
947 1676 3341 1870 “ſur le bord de ce petit ruiſſeau qui
953 1843 3344 2025 “recevoit & emportoit ſes larmes“.
916 1996 3370 2184 Avec quel plaiſir je vis, ſur les hêtres,
916 2156 3349 2341 le nom de mon Adélaïde accouplé avec
964 2310 3358 2494 le mien! Je lus, ſur des rochers, des vers
950 2466 3361 2662 pleins de ſentiment, qu'elle y avoit gra-
967 2623 3358 2796 vés. Mon image ſe trouvoit par - tout
974 2774 3368 2961 aſſez bien rendue par elle, & ſingulie-
974 2898 3366 3118 rement reſſemblante. Dans le fond d'un
979 3076 3378 3279 petit bois, je vis uneeſpece de tombeau
878 3237 3383 3431 entouré de tes & de cyprès, ſur le-
898 3396 3385 3587 quel je reconnus mon buſte, aveo cette
878 3547 3385 3745 inſcription: „Ici mon cœur repoſe
999 3710 3385 3901 “avec l'objet de mon amour. O vous
878 3855 3385 4057 “qui verrez ce mortel, que vous ſerez
878 4020 3385 4212 “heureux! S'il n'eſt plus dans ce
878 4176 3385 4365 “monde, que je brûle de le rejoin-
907 4335 3385 4526 dre ln Je ne pouvois m'empêche
879 4488 3385 4691 deépandre les ple ouces larmes,ét
878 4633 3385 4841 s oiid uchon. Ee bor
924 4799 3385 5014 emite, entaîne par mon exemple
