4266 6032
959 339 3339 529 Pluſieurs femmes aſſuroient avoir vu
905 501 3310 711 paſſer, par-deſſous ma mandille, l'ex-
904 654 3313 850 trémité de mes aîles. On vendoit, de
905 835 3325 1009 tous côtés, des plumes de paon, qu'on
891 991 3308 1170 juroit, être des miennes. On débitoit
912 1148 3354 1337 par-tout mon portrait, avec une chan-
916 1302 3311 1480 ſon ſpirituelle a ma gloire. Ma renom-
919 1444 3311 1653 mée ſe répandoit au loin. On venoit
922 1610 3310 1794 me voir en pelérinage; & les offrandes
924 1754 3327 1952 des Fideles étoient immenſes. L'Her-
924 1918 3308 2107 mite en eut de quoi devenir riche toute
921 2082 3311 2263 ſa vie, de mantere qu'il ne tarda pas à
928 2238 3313 2419 quitter l'hermitage avec moi, pour aller
926 2395 3156 2579 devenir Fermier-Général à Paris.
1086 2519 3311 2730 Pour revenir à mes dévotes, il y en
925 2706 3310 2891 eut une dont la fille, très-jolie & très-
941 2862 3316 3036 innocente, parut concevoir pour moi
933 3017 3322 3203 une paſſion réelle. Sa mere, loin de la
924 3174 3327 3358 contrarier dans ce penchant, crut au
929 3326 3330 3513 contraire qu'elle devoit rechercher mes
924 3482 3332 3666 faveurs. Elle me l'amenoit ſouvent à
933 3636 3332 3817 confeſſe, malgré mes proteſtations
922 3796 3340 3980 contre l'état de Confeſſeur. Je m'ap-
948 3956 3347 4309 onne qaipoile &, coneeeeie go
975 4260 3349 4488 jolie, je ne pouvois m'empêcher d'y
941 4422 3347 4610 etre ſenſible. La mere obſervoit mes
983 4576 3356 4766 yeux; & quand elle croyoit y apperce-
984 4723 3359 4916 voir de la tendreſſe pour ſa fille, elle
933 4880 3368 5076 étoit enchantée. Je m'appercevois de
