4266 6032
940 300 3349 512 cé manége, je ſouriois, & la mere & la
902 462 3289 643 fille m'auroient volontiers embraſſé.
928 632 3347 804 Orſolina, c'étoit le nom de l'inno-
926 797 3341 976 cente, ne favoit pas trop ce qu'elle di-
924 950 3337 1124 ſoit, quand elle ſe confeſſoit à moi. Je
917 1100 3332 1273 faiſois plus d'attention à ſa charmante
917 1260 3328 1437 figure qu'à ſes peccadilles. Je diſtin-
912 1418 3327 1588 guai cependant, un jour, qu'elle ſe
914 1567 3315 1742 confeſſoit de m'aimer. „Mon enfant,
914 1734 3315 1911 “lui dis-je, vous croyez donc que c'eſt
914 1887 3315 2051 “là un péché? -- Je n'en ſais rien, me
909 2049 3308 2211 “répondit-elle. Selon ce qu'on m'a
904 2202 3301 2362 “toujours dit, c'en ſeroit un ſi j'ai-
905 2359 3294 2518 mois un homme; mais vis-à-vis d'un
898 2511 3289 2680 “Ange, je crains que ce ne ſoit pire,
888 2659 3292 2830 “& que vous ne prenlez cela pour un
890 2816 3291 2988 “ſacrilége. -- Belle innocente, repris-
880 2971 3289 3142 “je, ôtez-vous donc de la tête que je
885 3137 3285 3299 “ſois un Ange. C'eſt me faire beau-
891 3287 3285 3454 “coup d'honneur que d'avoir cette
885 3445 3277 3607 “opinion; mais je la mérite ſi peu, que
881 3602 3275 3762 “c'eſt m'offenſer que de m'en parler.
871 3746 3282 3922 “Nem'ouvrez done plus la bouche ſur
842 3899 3277 4082 “cette ſimplicité. Quelle eſt la folie de
842 4075 3277 4236 “votre mere, de vous amener aux
842 4229 3273 4396 “pieds d'un homme que vous pré-
867 4383 3268 4546 “tendez aimer! Car enfin elle doit
864 4539 3265 4702 “être inſtruite de vos ſentimens. --
861 4692 3280 4864 “Oui, ſans doute, me répondit Orſo-
2667 4855 2872 5017 I
