4266 6032
921 280 3318 481 “lina; mais la vieille mere Chicot,
919 452 3334 632 “qui eſt dévote & forciere, qui ſait ti
909 613 3332 784 “rer les cartes & lire dans l'écriture
907 764 3328 935 “d'un livre, lui a dit: „Mon enfant,
917 921 3328 1093 “l'Ange Gabriel conduira votre fille
916 1082 3334 1251 “dans ſa chambre, & il naitra d'elle
910 1235 3334 1408 “& de lui un petit Amour “. Vous
914 1394 3335 1568 “voyez donc bien, mon cher Ange,
917 1547 3327 1722 “que ma mere n'a pas dû refuſer,
917 1707 3325 1875 “pour ſa fille, un ſi grand honneur.
922 1867 3323 2032 “-- Vous & votre mere, dis-je à l'in-
919 2021 3323 2181 “nocente, & la vieille mere Chicot,
922 2176 3322 2337 “vous êtes trois folles. -- Mon cher
921 2331 3321 2498 “Ange, reprit la belle, ma mere m'a
916 2491 3322 2651 “chargé de vous demander ſi nous
917 2651 3322 2813 “pouvons nous flatter que vous nous
916 2806 3318 2968 “conduirez dans votre chambre, ou
924 2960 3318 3127 “ſi vous permettez que nous vous y
922 3117 3323 3279 “allions trouver. -- Venez-y, ſi vous
919 3273 3316 3435 “voulez, répondis-je, mais ſans y en-
926 3420 3318 3592 “tendre malice; comme chez un hom-
919 3579 3315 3746 “me ſur-tout. Seriez-vous fâchée, ma
919 3724 3318 3906 “belle enfant, que je fuſſe un homme?
917 3899 3318 4073 “--Hélas! non, répondit l'innocente;
919 4060 2128 4204 “au contraire“.
936 4205 3316 4375 Quelques jours après, je rentrai aſſez
922 4358 3320 4534 tard pour me coucher. L'Hermite étoit
922 4506 3328 4694 abſent. Je fus ſurpris de voir, ſur la porte
926 4679 3328 4874 de l'Hermitage, une petite tenture,
