4266 6032
933 255 3337 419 avec quelques lampions. J'entre, je vois
931 412 3340 571 ma cellule illuminée, tendue en haute-
933 566 3335 730 liſſe, avec des guirlandes de fleurs,
931 721 3332 884 ajuſtée comme une Chapelle. L'alcove
934 874 3334 1035 formoit comme le ſanctuaire, ſi l'on
934 1031 3339 1201 peut employer ce mot, ſans proſana-
933 1191 3356 1350 tion, dans cette circonſtance. Je vois
938 1344 3328 1511 le lit auſſi paré de guirlandes, les draps,
936 1495 3337 1661 d'une batiſte très - fine étendue ſur du
929 1652 3333 1813 taffetas roſe, étoient bordés d'une belle
931 1806 3334 1972 dentelle. Le tout enfin étoit ſemé de
929 1965 3330 2128 roſes effeuillées. Dans un petit réchaud
928 2119 3329 2286 brûloit un grain d'encens. J'ouvrois de
922 2271 3330 2443 grands yeux: mais quelle fut ma ſur-
900 2431 3328 2597 priſe, quand j'apperçus, dans le lit, un
928 2582 3334 2751 objet charmant, une jeune fille couron-
924 2735 3334 2902 née de fleurs, qui paroiſſoit dans un
926 2892 3335 3054 tendre embarras, & ſe faiſoit petite le
919 3046 3361 3375 peroeit oavoiine aie das
922 3359 3330 3533 piece contigué, pluſieurs femmes à ge-
919 3507 3332 3681 noux, le chapelet à la main, à la tête
924 3664 3332 3839 deſquelles étoit la vieille mere Chicot,
919 3822 3332 3994 avec la mere de la jeune fille. Elles pa-
917 3980 3353 4151 roiſſoient marmoter des prieres & me
922 4131 3330 4310 lorgner à travers la vitre. Je fis ſemblant
919 4291 3332 4469 de ne pas les appercevoir, & je me
912 4448 3327 4615 trouvai auſſi décontenancé que la jeune
914 4606 3322 4773 fille, dont l'embarras étoit ſi charmant,
909 4759 3325 4936 qu'il m'entraîna auprès d'elle. Mais
2763 4916 2985 5076 L
