4266 6032
895 290 3292 472 Ange: je vous quitte à l'inſtant.
916 463 3299 634 -- „Ah! ne me fuyez pas, s'écria la
905 617 3299 793 “jeune innocente. Soyez un homme,
905 783 3303 959 “& ne vous montrez pas courroucé
905 936 3301 1098 “contre moi“. Son air d'innocence
910 1091 3303 1251 mêlée d'amour me toucha; je flottois
912 1247 3308 1410 entre les remords & la paſſion. Ne me
914 1402 3308 1564 demandez pas de quel côté fut la vic-
914 1559 3308 1722 toire. Conſultez chacun votre propre
917 1714 3313 1903 cœur, & ſachez reſpecter des myſteres
917 1870 1585 2001 ſi délicats.
950 2020 3311 2188 Orſolina m'apprit qu'elle avoit un
921 2181 3313 2341 Amant, qui, ayant entendu parler de
921 2334 3320 2498 ſa liaiſon naiſſante avec l'Ange Gabriel,
912 2491 3318 2651 loin de témoigner des alarmes, aſſuroit
928 2646 3320 2811 qu'il ſe tiendroit honoré s'il pouvoit
914 2804 3330 2964 épouſer une perſonne d'un nature au-
916 2945 3325 3121 deſſus de la ſienne, fécondée par un
926 3115 3327 3277 Etre céleſte. La famille de cet homme
921 3270 3328 3437 ſimple n'étoit diſpoſée à conſentir à
931 3425 3339 3589 ſon mariage avec la jeune perſonne,
917 3574 3335 3744 que par cette raiſon; car, d'ailleurs,
917 3726 3335 3899 pour le rang & la fortune, il étoit au-
912 3892 3347 4056 deſſus d'elle. „Vous voyez bien, ajou-
941 4028 3346 4214 “ta-t-elle, mon cher Ange, qu'en vous
919 4209 3358 4370 “refuſant à mon tendre amour, vous
922 4350 3344 4529 “me priveriez de faire ma fortune“.
878 4520 3349 4683 Je ne pus m'empêcher de rire, avec la
910 4673 3363 4840 jeune Orſolina, de cette complication
917 4823 3364 5031 de ſimplicites. Je lui fis toucher mes
2839 4989 3054 5152 I
