4266 6032
969 300 3359 484 pant, le plus clair, vint m'enlever à moi-
969 479 3359 637 même. Je crus entendre diſtinctemen
971 633 3359 794 ma porte s'ouvrir. Je vis entrer, dans
965 791 3359 954 ma chambre, auſſi clairement que ſi j'a-
955 945 3359 1105 vois été éveillé, un grand fantôme blanc
941 1101 3359 1266 repréſentant une femme de la plus ma-
957 1258 3359 1425 jeſtueuſe apparence: c'étoit mon Adé-
959 1416 3359 1577 laide. Oui, je croyois la voir elle-même,
974 1574 3359 1733 plus grande cependant que quand elle
971 1727 3359 1889 reſpiroit ſur la terre. Son corps avoitje ne
969 1882 3359 2044 ſais quoi de lumineux & de céleſte. Le
952 2037 3359 2200 calme du bonheur ſembloit repoſer ſur
928 2195 3359 2356 ſon front. „Mon ami, dit-elle, tu cher-
957 2343 3359 2512 “ches ton Adélaïde. Malgré tes éga-
964 2506 3359 2666 remens, tu l'as toujours aimée, com-
907 2661 3359 2821 “me tu es capable d'aimer. Viens la
964 2815 3359 2980 “voir“. A l'inſtant, elle me ſaiſit par
957 2971 3359 3131 les cheveux, ſans pourtant me faire de
962 3131 3359 3291 mal, & m'enleve tranquillement dans
953 3280 3359 3446 lesiairs. Elle deſcend ſur un tombeau
953 3420 3359 3602 qui paroiſſoit de criſtal, entre dedans
953 3595 3359 3757 anoovri laitombe, comme ſi elle eût
1037 3753 3359 3912 ſſ pan les pores; je la vois, à travers
948 3883 3359 4069 lariſtaluſe coucher paiſiblement au
948 4063 3359 4226 ſond de la fépulture, fermer les yeux,
933 4224 3359 4570 nponſalanbe eaaſpareene quile
962 4534 3359 4695 couvre, s'obeurcit, me dérobe ſa vue, &
943 4689 3359 4854 dienten marbre noir, ſur lequel je
940 4838 3359 5024 oit ehſettrès d'or: „Ci gît Adé-
