4266 6032
900 276 3292 475 “laïde“. Je m'étends ſur la pierre,
879 460 3303 776 fmble reambe ſos ooi aai do-
886 776 3297 937 reur, je m'éveille en ſurſaut, & me re-
885 933 3289 1094 trouve glacé, couvert d'une ſueur froide,
900 1084 3297 1242 dans mon lit ſolitaire. Je me leve à la
910 1227 3296 1404 hâte, & je pars, frappé d'un ſonge ſi
914 1395 3301 1559 clair & ſi détaillé. Je ne puis y penſer
883 1550 3299 1711 ſans un certain friſſon. Quoique je ne
919 1711 3304 1868 croye pas aux rêves, je ne puis me dé-
895 1861 3306 2022 fendre d'une ſecrete horreur qui éteint
836 2020 3304 2190 mon eſpérance & m'accompagne long-
912 2177 2059 2332 temps ſur la route.
897 2300 3409 2488 J'arrive, dans ces diſpoſitions, au
831 2482 3306 2643 milieu de certaines ruines, où l'en-
843 2635 3304 2798 vie me prend d'aller méditer un
917 2792 3437 2953 moment. Je deſcends de ma voiture,
886 2947 3309 3112 pour m'y livrer à la mélancolie. On
917 3105 3306 3268 avoit éprouvé, dans ce lieu, un
895 3261 3306 3423 tremblement de terre épouvantable,
917 3409 3304 3579 qui avoit renverſé une égliſe, qu'on
897 3571 3311 3735 avoit, depuis, achevé de démolir, pour
871 3725 3311 3891 la rebâtir plus loin. Les pierres étoient
854 3879 3311 4051 éparſes ſur la terre. J'obſervai ces rui-
922 4037 3313 4203 nes, avec cette douce émotion que
893 4193 3318 4360 m'inſplrent toujours les objets intéreſ-
885 4343 3313 4518 ſans & douloureux. Je vis pluſieurs
874 4503 3371 4691 pierres tumulaires, & je ne ſais pour-
891 4661 3146 4854 quoi je m'amuſai à en lire les inſu
909 4819 3113 4997 tons. Frivole occupation, qui i
