4266 6032
953 320 3353 492 vint funeſte! J'en vis une, qui, à ſon
948 455 3354 649 air de fraîcheur paroiſſoit récente; le
950 642 3359 805 marbre étoit noir, bien poli, & les let-
955 799 3356 964 tres d'or très-brillantes. J'oſai lire l'inſ-
959 953 3359 1118 cription fatale; ô Ciel! en voici la tra-
952 1112 3356 1275 duction, ou du moins la ſubſtance:
952 1268 3358 1431 „Ci gît Adélaïde l'Arabe, enlevée au
955 1425 3358 1588 “printemps de ſa vie. Paſſant, elle eut
953 1583 3363 1745 “un cœur, pleure-là, plains ceux qui
972 1739 2262 1897 “la connurent“.
1134 1891 3359 2055 „O rêve funeſte, m'écriai-je tu n'é-
959 2049 3368 2210 “tois que trop vrai“! Et je tombai dans
957 2207 3361 2367 le plus profond évanouiſſement. Je ne
957 2364 3363 2524 revins à moi que bien long-temps après.
955 2517 3366 2679 Je me retrouvai ſur un lit d'auberge,
960 2675 3361 2835 entre les bras de l'Hermite, qui ne l'é-
959 2831 3365 2991 toit plus, & qui m'avoit, comme on
959 2979 3368 3150 le voit, ſuivi de bien près. Il m'avoit
955 3141 3375 3306 rencontré couché, ſans mouvement, ſur
959 3296 3373 3464 la terre, expoſé à être volé, aſſaſſiné,
885 3454 3373 3618 jeté dans quelque foſſé. Il m'avoit re-
953 3605 3363 3776 connu, quoique courant la poſte; il
955 3758 3365 3932 m'avoit fait placer dans ſa voiture, &,
959 3918 3371 4086 en me ſoutenant dans ſes bras, il m'a-
959 4083 3126 4248 voit conduit juſqu'à cette auberge.
964 4233 3378 4402 Je témoignai, à ce généreux mortel,
962 4393 3378 4558 toute la reconnoiſſance que je lui de-
924 4554 3370 4715 vois. Il me demanda comment & pour-
1018 4694 3382 4950 j'avois éprouvé un accicent ſi
1135 4861 3380 5059 Je lui racontai mon ſonge,
