4266 6032
845 321 3370 491 “telle ſœur. J'ai appris, il y a quel-
940 482 3344 675 “que temps, qu'on l'avoit perdue de
940 639 3347 802 “vue depuis quelques annees; on la
940 792 3332 956 “diſoit avec une grande Princeſſe.
938 948 3340 1116 “Mon Dieu, que je ſuis fâché de ſa
940 1105 3334 1275 “mort! Le pauvre petit Chéri! moi
938 1261 3334 1430 “qui n'avois pas fu reconnoître dans
945 1418 3328 1579 “lui cette chere Adélaïde! C'étoit un
940 1574 3325 1738 “Ange. C'eſt une vraie perte, & les
941 1735 3325 1891 “larmes m'en viennent aux yeux“.
940 1886 3327 2051 J'embraſſai mon bienfaiteur, pour les
938 2044 3330 2224 ſentimens qu'il témoignoit ſur le compte
945 2202 3325 2364 de mon Amante. „Mais, mon cherpapa,
940 2355 3327 2518 “repris-je, il faut faire des informa-
938 2513 3328 2671 “tions. Si je n'étois pas tombé dans l'é-
917 2669 3322 2828 “vanouiſſement, j'aurois queſtionné
922 2826 3322 2984 “tout le monde. -- Mon cher ami, me
909 2979 3328 3143 “répondit-il, j'ai fait beaucoup de
914 3137 3323 3299 “queſtions au ſujet de cette perſonne,
912 3293 3334 3456 “dont le nom me frappoit. Je n'ai re-
934 3449 3328 3610 “cueilli preſque aucune lueur. On m'a
914 3607 3320 3769 “dit que les pierres que je voyois,
914 3760 3328 3919 “couvroient la tombe de pluſieurs No-
934 3904 3325 4086 “tables enterrés dans l'Egliſe démolie;
935 4073 3325 4236 “qu'on les avoit miſes là en réſerve,
935 4228 3327 4395 “pour les poſer dans la nouvelle. On
933 4384 3328 4574 “ne ſavoit pourtant pas trop ſi ce mar-
934 4539 3332 4707 “bre noir ſi frais avoit été poſé. Quel-
831 4689 3340 4866 “qu'un m'a dit même qu'il- croyoit
893 4854 3344 5040 “avoir entendu dire conſuſément,
