4266 6032
914 321 3315 489 “vous remettre en leurs mains, fanl
905 477 3390 652 “être aſſuré du pardon. Cependant
900 635 3301 804 “j'ai entendu parler de vous à Don
900 793 3303 966 “Prieur. Je vous connois de réputa-
902 950 3303 1114 “tion. Vous êtes ce fameux Novice
897 1106 3296 1273 “qui a fait tant de bruit ſous le nom
900 1265 3298 1432 “de S. Bruno. Je crois qu'on pourra
904 1426 3298 1585 “vous pardonner. Don Prieur vous
904 1579 3298 1743 “aime. Vous avez, à ce qu'il dit, de
912 1737 3296 1894 “très-grands talens. Vous faites des
909 1894 3298 2050 “prodiges; vous vous élevez dans les
900 2049 3291 2214 “airs. On ne veut probablement pas
905 2202 3294 2362 “votre perte. D'ailleurs vous n'aviez
902 2362 3300 2524 “pas prononcé des vœux. Je parvien-
902 2512 3298 2672 “drai peut-être à faire votre paix, ſi
904 2666 3304 2830 “vous le déſirez. Je me hâte d'aller à
902 2817 3307 2986 “Paris, pour des affaires indiſpenſa-
909 2974 3304 3141 “bles & preſſées. Je reviens, ſur le
909 3134 3303 3296 “champ, dans ce pays-ci. Ce qui vous
904 3289 3311 3451 “tient le plus au cœur, c'eſt votre
869 3442 3304 3609 “Adélaïde. La pierre tumulaire n'a
904 3600 3301 3765 “pas entiérement éteint votre eſpoir.
905 3755 3306 3917 “Vous voudriez recueillir des infor-
916 3910 3306 4073 “mations; & vous vous flattez qu'il
910 4066 3306 4249 “en réſulteroit quelque lueur qui
910 4222 3310 4407 “vous découvriroit qu'elle reſpire en-
909 4383 3306 4544 “core. Hé bien, ces informattons, je
910 4534 3315 4701 “les receuillerai pour vous. Le plus
909 4684 3433 4859 “prêſſé, dans le momem préſent, eſt de
878 4840 3311 5046 vous conduire dans votre famille. Si
