4266 6032
904 346 3304 513 “vous n'appreniez rien ſur votre
900 499 3301 666 “Amante, ou ſi les informations vous
910 656 3299 829 “donnoient la certitude affreuſe de ſa
910 811 3294 983 “mort, ſelon l'état où je vous vois,
910 955 3299 1137 “je ſuis très-ſûr que vous tomberiez
921 1115 3315 1294 “malade ſur le champ, là, au milieu
910 1268 3303 1450 “des chemins. Sentez le danger qui
910 1438 3306 1602 “pourroit en réſulter pour vous. Fiez-
909 1588 3303 1752 “vous à ma foi, à mon zele“. Que
919 1741 3297 1909 dirai - je enfin? Cet homme exceſſive-
916 1907 3301 2068 ment honnête me perſuada. J'étois
914 2062 3301 2226 atterré du dernier coup que je venois
916 2214 3303 2377 de recevoir. Cette pierre tumulaire m'a-
909 2358 3306 2532 voit écraſé. Je n'eus pas l force de ré-
909 2511 3303 2687 ſiſter à mon guide, & je me laiſſai con-
909 2677 3301 2841 duire vers Paris. Dans la route, il me
910 2835 3304 2998 dit mille choſes conſolantes. Je crois
916 2966 3304 3154 qu'il en imagina quelques-unes. Par
912 3146 3308 3310 exemple, il m'apprit qu'il avoit en-
917 3301 3313 3466 tendu parler confuſément, il y avoit
914 3457 3318 3776 at qua metle onb en lae,
922 3762 3310 3936 qu'on avoit enterré & qui étoit reſſuſ-
917 3914 3432 4090 cité. „O! c'étoit mon Adélaïde, m'é-
921 4076 3318 4242 “criai-je: mais, ô Dieu! vous inventez
916 4238 3313 4403 “cette fiction pour tromper ma dou-
928 4383 3306 4561 “leur; & l'hiſſoire de celui qui
921 4549 3320 4719 “ voit fait faire ſa tombe avantde mou-
917 4702 3325 4878 ll eſt auſſi peut-être une obligeants
922 4862 2967 5057 “nyention de votre part“.
