4266 6032
893 274 3464 438 laPrinceſſe Gémelli, mais pas un mot
890 434 3433 596 ſur Adélaide. Ce ſilence me jeta dans
888 587 3299 755 la conſternation. Je n'oſois demander
892 745 3294 918 de ſes nouvelles, de peur qu'on ne
895 893 3308 1068 m'en donnât de ſiniſtres. J'étois ſûr de
905 1048 3394 1224 la joie avec laquelle on m'en auroit
900 1205 3435 1389 communiqué de favorables, ſi l'on en
910 1375 1672 1521 avoit ſu.
1029 1487 3316 1694 Je préſentai mon ex-Hermite à la fa-
909 1672 3318 1847 mille, en racontant les obligations que
915 1828 3322 2192 on iieſieun a mon iuemeu
919 2133 3318 2315 nous prîmes tous le chemin de l'hôtel.
924 2288 3408 2463 Je trouvai, dans ma chambre, e portrait
928 2444 3320 2625 de mon Adélaïde & ſa ſtatue. Ces objets
931 2597 3318 2780 chéris renouvelerent meslarmes. Toute
929 2752 3337 2933 la maiſon étoit décorée des portraits de
934 2909 3332 3122 toutes les perſonnes que j'avois le plus
938 3065 3334 3244 chéries, melés avec ceux de la famille,
943 3222 3413 3414 & des perſonnes les plus cheres à mon
938 3371 3344 3568 pere. Je reſptai dans cetteheureux aſile,
950 3528 3344 3714 qui, me préſentant des images ſi inté-
945 3679 3344 3870 reſſantes, étoit, pour moi, une eſpece
955 3839 3342 4029 d'Elyſée, où je converſois avec des
958 3994 3351 4342 euoi ſenniiii mne loueie an
959 4307 3349 4505 mileu d'une aſſemblée ſi joyeuſe deme
965 4498 1639 4656 revoin
972 4584 3363 4815 élas! la joie ne pouvoit pénétter
971 4775 3375 4986 dans mon ame. Adélaïde m'étoit tou-
