4266 6032
971 336 3385 520 jours préſente, & toutes les plaies de
974 510 3396 678 mon cœur étoient rouvertes par la dou-
974 664 3385 830 leur que me cauſoit ſa perte. Son om-
971 812 3375 988 bre erroit ſans ceſſe devant mes yeux,
972 972 3396 1145 & ſembloit amener, autour d'elle, celles
974 1138 3377 1301 des objets chéris que j'avois perdus,
971 1296 3382 1454 tels que Scintilla & quelques autres.
952 1450 3380 1609 Ni la Prêtreſſe Aphrodiſe, ni la belle
972 1605 3371 1770 Artémiſe, ni l'aſpect de mes enfans,
972 1763 3394 1926 ni celui de toute uné famille céleſte, ne
969 1916 3395 2078 pouvoient me conſoler. J'aimois à mé-
895 2068 3396 2238 ter, dans les Egliſes les plus lugubres,
914 2231 3378 2391 ſur la tombe des morts. Je me prome-
972 2389 3385 2547 nois preſque tous les jours dans le cloî-
972 2527 3396 2701 tre des Chartreux. J'aſſiſtois à leurs of-
976 2697 3396 2860 fices. J'entendois leurs chants funebres
965 2855 3396 3017 avec je ne ſais quelle volupté doulou-
972 3012 3378 3172 reuſe; & tous ces objets mélancoliques
977 3168 3380 3326 m'inſpiroient chaque jour, de plus en
969 3314 3373 3484 ps, le déſir de rentrer dans cet Ordre
972 3470 3378 3640 penltent. Qu'avois- je à faire dans le
974 3604 3375 3801 monde, mon Adéllide n'y étant plus?
971 3791 3380 3978 Ne devois-je pas proſiter du temps que
976 3939 3373 4109 le Ciel me laiſſoit paſſer ſur la terre,
974 4102 3378 4300 pour éxpier les fautes innombrables que
979 4259 2392 4421 javois commiſes?
2513 4259 2880 4336 .
981 4383 3382 4613 e ne put réſter audeſir de me pré-
979 4570 3380 4739 ſenter au Prieur des Chartreux. Je
965 4713 3378 4894 i parſai de la douleur qui me ſépa-
965 4855 3375 5055 roit du monde, & du repentir de mes
