4266 6032
873 310 3270 634 e ii ' eie a enertra a ae er
878 616 3273 790 dreſſe, approuva beaucoup mon deſ-
878 775 3285 945 ſein, & me dit qu'il avoit eu, le matin,
864 933 3284 1101 des preſſentimens qui lui avoient an-
879 1093 3284 1256 noucé que le Ciel, ce jour-là, lui en-
878 1246 3279 1409 verroit un élu. Je me haſardai de lui
885 1406 3282 1566 demander s'il avoit entendu parler d'un
881 1559 3280 1723 Novice de la grande Chartreuſe, qui
885 1712 3285 1878 avoit eu le malheur de ſe laiſſer don-
830 1865 3282 2033 ner le nom de S. Bruno, & de paroître
888 2016 3291 2189 jouer le rôle de ce bienheureux Fon-
890 2174 3292 2343 dateur. „Oui, ſans doute, répondit
893 2325 3308 2500 “D. Prieur; nous nous flattions qu'il
892 2491 3310 2651 “ſeroit, un jour, une des lumieres de
897 2636 3308 2809 “l'Ordre. Nous gémiſſons des circonſ-
898 2799 3315 3124 dlan plpeus quelel etaiore qui
900 3108 3304 3279 “ne ſe perde lui-même. -- Croyez-
898 3264 3315 3434 “vous, dis-je à D. Prieur, que s'il re-
900 3418 3320 3588 venoit ſe préſenter, avec le firme
902 3576 3322 3757 “repentir de ſes fautes & l'envie de
904 3731 3323 3896 “ſatisfaire au Ciel, on le recevroit une
843 3882 3322 4055 “ſeconde fois Novice, ſans le con-
900 4032 3332 4217 “damner à la priſon ni à aucune
909 4195 3327 4370 “épreuve cruelle? -- En pouvez-ous
914 4355 3330 4524 “outer, mon cher enfant, répondit
907 4508 3332 4684 “le Pater en m'ouvrant ſes bras pa-
914 4661 3335 4841 “erfiels? Le Paſteur a retrouvé ſa bre-
921 4818 3335 5017 “bis égarée. O mon Dien! je terends
