4266 6032
959 324 3354 490 “graces; ce ſont-là de tes prodiges“.
955 479 3344 644 Je fus embraſſé & ſerré fortement con-
950 633 3334 804 tre la poitrine de D. Prieur, qui, étant
950 793 3339 959 pleine de tabac, me fit éternuer forte-
950 952 3340 1117 ments e lui demandai huit jours pour
955 1105 3354 1268 faire mes réflexions; & je le quittai en
953 1254 3325 1433 ſoupirant. „Allez, mon cher enfant,
950 1418 3327 1580 “me dit-il, que le Ciel vous illumine.
953 1576 3354 1735 “Entrez dans votre cœur. Ecoutez-y
947 1729 3354 1889 “la voix du Très-haut. O mon Dieu!
948 1886 3328 2078 “ne permets pas qu'une ſi belle ame
955 2032 2620 2204 “s'égare & ſe perde“!
909 2198 3328 2360 'Un dégoût invincible du monde pré-
940 2353 3325 2517 valoit chez moi chaque jour. Je n'en
940 2505 3354 2672 avois demandé huit, que pour voir ſi,
936 2666 3323 2835 pendant ce temps-là, je ne recevrois
929 2817 3349 3151 eenie éoo epa td depuil quelque
934 3129 3344 3298 temps, & n'avoit rien découvert. Il
938 3268 3349 3450 avolt vu le Prieur de la grande Char-
940 3440 3347 3610 treuſe, qui lui avoit témoigné le plus
972 3595 3353 3758 rand attachement pour moi, & le dé-
934 3735 3318 3923 ſir que je rentraſſe dans l'Ordre. Sans
936 3908 3354 4099 eſpoir de revoir Adélaïde, je ſoupi-
931 4064 3342 4234 ris pour la retraite. J'étois honteux
936 4213 3347 4392 cependant de quitter une famille ſi
935 4369 3322 4545 elérie & une ſociété ſidélioieuſe; mais
936 4518 3328 4706 Aélidé ny émit pas.Mon pere cher-
938 4686 3349 4854 choità me démurnen de ce parſingu-
938 4839 3354 5033 libr par toute ésraiſons que lahilo-
2847 4996 3323 5127 ſophie
