4266 6032
893 319 3351 516 un mot, du Déiſme, une Religion com-
897 484 3311 674 me à la Chine. Car enfin, les incrédules,
900 644 3311 835 négligeant le culte des Chrétiens, ſe
902 800 3313 960 bornant à croire en ſecret qu'il exiſte
904 953 3316 1150 un Etre ſuprême, ſont ſans Prêtres, ſans
897 1118 3315 1310 Autels, ſans aucun exercice extérieur,
905 1273 3315 1467 ni même intérieur, qui annonce leur foi
912 1432 3316 1625 & dirige leurs actions; on peut donc les
909 1588 3315 1821 regarder comme ſans Religion. Le
912 1748 3315 1942 Déiſme érigé en culte, ne devroit-il pas
914 1910 3315 2083 valoir, à nos yeux, au moins ceux que
916 2063 3315 2257 nous réprouvons & que nous tolérons;
909 2220 3316 2414 & ne ſeroit-il pas plus utile d'avoir cette
921 2367 3320 2576 Religion, que de n'en avoir aucune?
910 2532 3320 2728 Qu'on me pardonne de moraliſer, dans
910 2691 3322 2891 les diſpoſitions auſteres où je me peins
928 2885 2250 3058 pour le moment.
928 2993 3327 3215 Les huit jours expirés, n'ayant point
928 3167 3325 3367 de nouvelles d'Adélaïde, je me déro-
940 3321 3328 3524 bai, ſans rien dire, à la famille la plus
939 3479 3332 3668 chérie; &, preſque décidément incré-
942 3636 3330 3834 dule aufond du cœur, je merendis chez
941 3792 3334 3996 les Chartreux, pour embraffer une vie
947 3946 3339 4125 ſi auſtere & ſi chrétienne. Le Prieur fut
939 4101 3341 4314 ſi enchanté de l'acquiſition qu'il faiſoit
940 4260 3347 4470 en moi, & de l'empreſſement que je lui
905 4446 3349 4631 montrois pour prononcer mes vœux,
889 4575 3361 4793 qu'il me promit que les ſia mois de No-
902 4730 3363 4948 viciat, que j'avois déjà faité àtla grande
900 4900 3273 5142 Chartreuſe, me ſeroient comptés.
2602 5065 3112 5190 à
