4266 6032
943 317 3356 482 m'être avancé ſi avant, & ſur-tout après
941 475 3358 634 avoir réuni tant de témoins; car l'aſſem-
941 632 3359 799 blée étoit des plus nombreuſes. J'ap-
933 793 3354 969 perçus, de loin, le Cardinal qu'on m'a-
938 948 3353 1113 voit annoncé. Il me paroiſſoit reſſem-
940 1106 3351 1273 bler à la Princeſſe Gémelli. Il me rap-
934 1265 3351 1428 peloit, du moins, la figure qu'avoit cette
941 1423 3351 1586 chere perſonne dans le temps qu'elle
941 1581 3347 1743 étoit revêtue de la pourpre Romaine.
952 1736 3349 1900 „Seroit-ce, me diſois-je, la Princeſſe,
936 1897 3346 2055 “qui auroit voulu être témoin de mon
940 2051 3356 2212 “ſacrifice, pour voir ſi, au moment de
940 2205 3347 2368 “prononcer mes vœux, je ne me laiſ-
933 2362 3347 2525 “ſerois point toucher en ſa faveur, &
938 2520 3340 2683 “engager à me lier avec elle, au lieu
931 2670 3332 2838 “de m'unir à mon Auteur?“ Mais,
936 2831 3323 3000 d'ailleurs, il n'y avoit pas d'apparence
910 2986 3323 3150 qu'elle eût endoſſé, une ſeconde fois,
926 3141 3332 3308 l'habit de Cardinal. Ce pouvoit être ſon
931 3299 3335 3466 frere, qui lui reſſembloit tant; mais,
934 3456 3330 3621 depuis la derniere ſcene, où je l'avois
931 3610 3335 3777 empêché de marier ſa ſœur avec l'indi-
926 3765 3337 3938 gne Spinacuta, il me paroiſſoit avoir
931 3929 3328 4113 de l'éloignement pour moi. Et pour-
926 4084 3332 4253 quoi ſeroit-il venu aſſiſter à mon ſacri-
926 4242 3328 4415 fice? Il étoit placé trop loin de moi dans
922 4396 3334 4570 l'Egliſe, & le jour étoit trop ſombre,
903 4554 3334 4882 amnper luame la lamiee ouieaaei
904 4868 3351 5024 à une certaine diſtance de moi. Ils par
