4266 6032
943 309 3351 481 oiſſoient me plaindre; mais je ne ſais
947 479 3344 641 fije n'entrevoyois pas, dans leurs yeux,
941 634 3344 800 qu'ils étoient un peu piqués contre
943 793 3339 959 moi. Je m'en demandois le pourquoi.
941 945 3339 1113 Etoit-ce parce que je renoncois à eux,
945 1110 3337 1268 ou parce que je ne leur avois point parlé
936 1263 3339 1424 pendant le cours de mon Noviciat? Ne
933 1423 3335 1585 leur avoit-on point fait accroire que la
934 1571 3344 1736 défenſe de me voir venoit de moi?
933 1734 3335 1898 L'aſpect de ces perſonnes chéries me
931 1894 3332 2053 rendoit tout mon attachement pour
928 2049 3322 2212 elles, & me rappeloit dans leurs bras.
929 2202 3328 2364 J'aurois voulu pouvoir leur parler. Le
928 2361 3323 2525 dégoût pour le cloître me faiſiſſoit, dans
926 2513 3327 2677 le moment que je devois m'y attacher
926 2673 3323 2837 par des vœux ſolennels. Je voyois, dans
917 2812 3323 3000 laſſemblée, certains jeunes gens, que
910 2986 3320 3155 je ſavois entichés de Philoſophie, que
910 3148 3318 3328 j'avois entendu plaiſanter ſouvent ſur les
914 3301 3315 3468 mfortunés qui embraſſoient le parti du
914 3459 3316 3618 cloître. Je croyois voir, dans leur yeux,
905 3617 3310 3778 un rire ſardonique, & des marques cer-
900 3774 3308 3937 taines qu'ils me regardoient comme un
898 3932 3306 4097 imbécille. „Et ne l'es-tu pas double-
897 4088 3304 4254 “ment, me diſois- je à moi - même,
892 4245 3301 4408 “d'embraſſer un pareil état, ſans avoir
886 4405 3298 4568 “la conſolation d'être fortement per-
886 4556 3292 4721 “ſuadé de la foi à laquelle tu fais un ſi
885 4718 3292 4881 “grand ſacrifice? Malheureux! & ſi ton
874 4866 3002 5050 Adélaïde alloit reparoître! ...“
