4266 6032
2059 1072 2303 1178 DE
949 1311 3378 1552 L'AVENTURIER FRANÇOIS.
1230 1868 3067 2001 LIVREoaa EME.
950 2193 3368 2368 Je manquai de tomber évanoui moi-
967 2352 3365 2510 même; mais il falloit ſecourir mon
972 2508 3370 2678 Amante. „Ah! plus de vœux! m'écrai-
965 2668 3359 2837 “je; j'ai retrouvé mon Adélaïde“.
957 2828 3365 2992 Les Moines me ſecondoient pour rap-
959 2981 3359 3152 peler au ſentiment le prétendu Profès;
948 3143 3358 3310 mais ils paroiſſoient ſtupéfaits de me
941 3292 3361 3464 l'entendre appeler Adélaïde. Ils ne ſa-
948 3455 3356 3619 voient d'abord ce que vouloit dire mon
942 3614 3353 3796 empreſſement frénétique autour de ce
883 3770 3353 3937 petit Religieux; enfin ils virent claire-
936 3929 3342 4097 ment, par mes expreſſions paſſionnées,
938 4086 3351 4253 que ce prétendu Religieux étoit une
929 4248 3344 4401 femme. Elle rouvrit ſes beaux yeux:
919 4400 3351 4563 „Ah! ma chere Adélaïde, lui dis-je
921 4553 3341 4723 “en baiſant ſa main avec tranſport,
924 4708 3344 4883 “nos peines ſont finies, le Ciel te rend
924 4870 3356 5077 “à mes vœux. Cruelle! pourquoi te
