4266 6032
855 334 3284 506 “me diſois-je, on a changé d'avis.
869 496 3287 669 “C'eſt Adélaïde qu'on veut laiſſerdans
873 652 3292 823 “ſon cachot; & comme on ne pré-
874 812 3291 972 “tend pas que je jouiſſe de ſa vue, on
883 969 3292 1129 “veut me transférer dans un autre“.
890 1127 3292 1294 J'étois bien décidé à ne pas me laiſſer
885 1287 3291 1446 précipiter dans un nouveau ſouterrain,
879 1445 3309 1607 & à reſiſter de toutes mes forces, ſi l'on
879 1600 3335 1758 vouloit me faire deſcendre un autre
874 1759 1372 1880 eſcalier.
1041 1910 3296 2070 On m'en fit, au contraire, monter un,
881 2069 3304 2235 & l'on m'introduiſit dans une grande
881 2219 3306 2387 ſalle, où les Chefs de l'Ordre étoient
871 2379 3304 2541 aſſemblés. Je vis qu'il étoit queſtion de
888 2539 3308 2699 ſubir un interrogatoire, & que ſi l'on
890 2698 3303 2859 avoit emmené, pendant quelque temps,
905 2853 3318 3017 mon Adélaïde, c'étoit ſans doute pour
886 3008 3323 3172 le même objet. Jereſpirai, & je comptai
885 3168 3322 3328 qu'on me donnoit gain de cauſe, dès
886 3320 3327 3497 qu'on me fourniſſoit les moyens de me
881 3483 1419 3647 juſtifier.
1050 3633 3330 3800 D. Prieur & ſes Confreres fronçoient
888 3789 3325 3975 le ſourcil, & paroiſſoient armés de la
874 3949 3332 4118 gravité la plus impoſante: mais des gri-
878 4111 3328 4283 maces ne m'ont jamais fait peur. On
878 4266 3328 4433 me fit mettre à genoux devant un Cru-
883 4422 3334 4596 cifix; &, m'appuyant la main ſur l'Evan-
874 4584 3346 4753 gile, on me ſomma de promettre de
885 4740 3330 4931 dire la vérité. Je le promis ſolennelle-
870 4913 1381 5061 ment.
