4266 6032
916 286 3396 473 „Je vais commencer par vous la dire,
955 456 3375 628 “moi, jeune imprudent, dit le ſévere
972 618 3375 777 “D. Prieur. Vous avez été reçu Novice
905 775 3375 947 “dans la grande Chartreuſe; on vous
955 934 3375 1102 “y a traité avec amour, & avec des
960 1089 3377 1260 “diſtinctions extraordinaires. Voilà
969 1254 3365 1408 “comme vous les avez reconnues.
965 1404 3373 1571 “Vous avez débauché une fille, qui
962 1565 3375 1735 “eſt venue, au mépris des lois divines
878 1718 3375 1887 “& humaines, profaner le ſaint habit
953 1879 3365 2045 “d'un des Ordres les plus réverés.
960 2036 3371 2209 “Vous avez pratiqué des communica-
959 2191 3366 2360 “tions entre votre cellule & celle de
948 2346 3370 2517 “cette malheureuſe; &, dans l'aſile de
953 2505 3368 2673 “la ſainteté, de la pénitence, & de la
955 2659 3368 2830 “chaſteté, vous viviez enſemble au
955 2821 3370 2988 “ſein de la débauche, comme dans un
957 2978 3371 3150 “lieu de proſtitution. Non content de
958 3137 3377 3304 “cet horrible déſordre, vous avez été,
931 3296 3370 3463 “dans le voiſinage, ſéduire une jeune
957 3454 3368 3620 “fille, & joignant le ſacrilége au com-
926 3602 3368 3776 “ble du libertinage, vous avez oſé
955 3761 3368 3932 “vous donner pour un Saint, pour le
920 3920 3371 4093 “Fondateur de l'Ordre, afin de com-
952 4075 3377 4248 “mettre, ſous ce nom que vous profa-
937 4231 3375 4408 “niez, les plus indignes excès. Vos
950 4400 3377 4563 “crimes reconnus, vous êtes revenu
952 4548 3373 4721 “enlever la compagne de vos débau-
945 4702 3378 4877 “ches, qui ſouilloit notre ſaint habit;
876 4862 3382 5062 u & l'on ſe croyoit débarraſſé de vous;
