4266 6032
952 351 3373 521 “niere dangereuſe, qui exige de l'ex-
950 513 3359 678 “plication. Le repentir des écarts dema
950 666 3358 840 “jeuneſſe, & la douleur de la perte
952 830 3356 995 “d'une Amante que je croyois au
952 990 3356 1150 “tombeau, m'ont engagé à entrer à
952 1143 3358 1308 “la grande Chartreuſe, dans l'Ordre
952 1304 3361 1469 “auſtere de S. Bruno. Une jeune per-
948 1466 3363 1625 “ſonne que j'avois connue auparavant,
952 1621 3359 1785 “& qui m'avoit inſpiré un vif intérêt,
953 1770 3365 1942 “eſt venue, déguiſée en homme, pren-
955 1940 3359 2098 “dre le même habit. Je puis proteſter,
940 2094 3365 2253 “à la face du Ciel, que je n'avois au-
952 2245 3366 2409 “cune connoiſſance de ſon arrivée ni
947 2400 3363 2566 “de ſon deſſein, & que je n'ai pas eu
953 2563 3366 2723 “la moindre part à ſon entrée chez les
955 2720 3366 2882 “Chartreux. Vous l'avez logée auprès
953 2876 3363 3039 “de moi, ſans que je vous en aye prié,
890 3038 3368 3196 “& vous avez innocemment contri-
959 3186 3370 3356 “bué, par-là, aux ſuites ſur leſquelles je
955 3340 3366 3512 “paſſe condamnation, quoique j'euſſe
952 3506 3371 3667 “les intentions les plus pures, & que
962 3663 3371 3824 “nous ayons été entraînés tous deux,
955 3817 3373 3983 “pour ainſi dire, malgré nous, dans
960 3973 3371 4141 “des abus que je me reprochois. J'ai
965 4136 3380 4296 “renouvelé en France l'art, connu au-
957 4291 3383 4457 “tre part, de s'élever dans les Cieux;
959 4444 3382 4618 “j'ai profité de ce ſecret, pour faire,
957 4604 3383 4768 “dans l'air, des promenades nocturnes.
969 4759 3392 4926 “Je n'avois pas l'ombre d'une coupa-
936 4916 3408 5058 “ble intention. Le haſard m'a conduit
