4266 6032
895 307 3344 482 “dans un lieu où regne la ſimplicité.
943 462 3406 641 “Deux jeunes filles, trompées par mon
945 623 3342 797 “habit & par l'avantage que j'avois
938 780 3346 943 “de paroître venir des Cieux, m'ont
933 940 3346 1117 “pris pour S. Bruno, malgré mes pro-
934 1098 3346 1267 “teſtations du contraire. Je me ſuis vu
936 1260 3347 1420 “entraîné, par les circonſtances, à me
934 1413 3340 1570 “prêter à cette comédie. Vous avez,
935 1571 3342 1731 “après cela, voulu me punir, & enve-
936 1726 3347 1915 “lopper dans ma diſgrace l'infortu-
891 1886 3347 2075 “nee qui avoit partagé mon ſort. Je me
938 2033 3346 2204 “ſuis ſouſtrait a vos châtimens, & j'y
936 2195 3342 2362 “ai dérobé, avec moi, ma compagne.
938 2346 3347 2512 “Rien de plus naturel. Enſuite, tandis
931 2505 3342 2672 “je pleurois mon Amante, que je la
936 2661 3344 2817 “croyois au tombeau, elle eſt venue
934 2817 3345 2977 “auſſi, ſous l'habit d'un homme, en-
933 2969 3341 3138 “doſſer le vôtre à la grande Char-
934 3125 3339 3295 “treuſe. Aſſurément, je n'étois pas
938 3284 3340 3451 “complice de ce deſſein, puiſque je
926 3445 3334 3608 “ne la croyois pas au monde; mais, par
933 3597 3344 3764 “cetacte, que vous traitez de ſcandale,
934 3748 3337 3916 “en a-t-elle donné? N'a-t-elle pas été,
933 3904 3344 4073 “au contraire, l'exemple & l'édifica-
929 4061 3342 4231 “tion de votre maiſon? Malgré la foi-
929 4219 3339 4386 “bleſſe d'un ſexe fragile, ne l'a-t-on
914 4388 3337 4546 “pas reconnue pour le modele des
921 4536 3339 4703 “auſtérités & des plus ſublimes vertus?
921 4686 3337 4861 “N'a-t-elle pas, en cela, un double
878 4854 3341 5035 “mérite; & loin d'être punie, ne de-
