4266 6032
962 333 3384 517 “vroit - elle pas être récompenſée?
962 496 3370 666 “Quant à moi, qu'un nouveau repen-
960 651 3363 818 “tir a ramené chez vous, m'y fuis - je
960 807 3363 978 “mal comporté? N'avez-vous pas paru
953 969 3366 1132 “au contraire diſtinguer ma conduite?
959 1120 3370 1292 “Pouvez-vous dire que j'aye eu aucune
960 1278 3368 1448 “connoiſſance que mon Amante exiſ-
960 1436 3367 1604 “toit ſi près de moi? N'eſt-il pas viſi-
938 1593 3361 1758 “ble que je ne l'ai connue qu'au mo-
964 1755 3365 1920 “ment où j'allois prononcer mes
960 1910 3364 2071 “vœux, puiſque c'eſt elle qui m'a em-
960 2064 3359 2266 “pêché de les prononcer, puiſque, ſi
957 2221 3358 2388 “je l'avois reconnue plutot, j'aurois
962 2372 3366 2544 “voulu, ſur le champ, partir avec elle.
959 2529 3359 2699 “J'ai eu ſans doute, pendant le cours
957 2690 3358 2855 “de ma vie, pluſieurs fautes à me re-
955 2849 3354 3014 “procher au tribunal de Dieu; mais
950 2999 3354 3167 “c'étoit pour les expier que je venois
952 3160 3354 3327 “chez vous. Je n'avois donc pas l'in-
948 3314 3359 3474 “tention d'y en commettre de nouvel-
950 3468 3366 3629 “les; & je n'en ai pas commis. Tout
941 3625 3358 3793 “ce qui étoit antérieur étoit pardonné.
945 3769 3354 3948 “Vous n'avez donc rien à mereprocher.
945 3934 3354 4106 “Je n'ai point prononé de vœux. Je
940 4087 3351 4262 “ne ſuis donc lié à vous par aucun
941 4248 3351 4419 “nœud. Je dois donc avoir la parfaite
931 4403 3351 4575 “liberté de ſortir de chez vous. Les
943 4563 3351 4736 “vœux de mon Amante ſont nuls,
938 4715 3390 4890 “parce qu'elle ne pouvoit les pronon-
928 4877 3357 5081 “cer. Vous n'avez pas le droit de lare
