4266 6032
891 310 3316 509 “vélé demain, dit-elle; en attendant,
897 493 3316 664 “belle Adélaïde, apprenez-nous, s'il
902 652 3316 824 “vous plaît, comment vous êtes échap-
902 809 3320 977 “pée à la mort que vous aviez paru
902 960 3318 1124 “recevoir ſous le coſtume de Chéri,
902 1121 3316 1289 “comment votre cotps a diſparu, ce
904 1278 3315 1452 “que vous êtes devenue, & par quel
905 1433 3315 1571 “enchaînement d'aventures nous vous
842 1590 3310 1747 “avons retrouvée chez les Chartreux“.
929 1734 3322 1907 „Hélas l répondit Adélaide, mes
900 1892 3322 2060 aventures ont été douloureuſes; mais
897 2049 3306 2216 “elles ne ſont pas longues à raconter.
898 2205 3315 2372 “Vous ſavez, ma bellePrinceſſe, qu'a-
900 2362 3308 2529 “près que j'eus été bleſſée par la main
886 2521 3308 2684 “chérie qui eſt devant nos yeux; vous
890 2677 3313 2838 “accourûtes vers moi. Je vous tendois
897 2835 3313 3033 “les bras, & je comptois me précipiter
890 2990 3311 3151 “dans les vôtres. Je tombai dans un
895 3144 3313 3316 “profond évanouiſſement. Vous me
890 3301 3310 3466 “fîtes tranſporter chez vous. Je rouvris
889 3459 3313 3623 nles yeux ente vos bras, & vous m'ac-
881 3607 3310 3776 “coidâtes les plus tendres ſoins. Ma
878 3767 3313 3936 “guériſon alloit les ſuivre; mais jere-
874 3923 3308 4088 “çus bientôt un coup plus mortel. On
883 4085 3311 4242 “vint vous aracher à mon amour,
892 4235 3304 4403 “pour vous entraîner à Naples, dans
883 4395 3308 4555 “iune priſon. Je tombai dans un nou-
869 4548 3310 4709 vel évanouiſſement. Je rouvris ce-
885 4703 3306 4869 “pedant encore les yeux: je me vis
878 4859 3316 5055 ntranſportée dans une maiſon étran-
2693 5004 3161 5180 L
