4266 6032
877 283 3322 464 “unPurgatoire, où j'étois condamnée,
878 448 3318 623 “pour expier mes fautes, au ſupplice
878 606 3222 773 “de l'eau, au lieu de celui du feu.
877 757 3315 931 “En examinant mieux ma poſition,
878 912 3311 1086 “qui me ſembloit d'abord ſurnaturelle
878 1067 3315 1243 “& miraculeuſe, il me parut enfin que
878 1225 3313 1401 “je n'étois pas ſortie du ſein de la Na-
878 1382 3311 1547 “ture. J'entrevis que j'étois dans une
910 1548 3318 1710 “grande boule deverre, que mon trou-
878 1691 3320 1859 “ble & ſa tranſparence m'avoient em-
910 1843 3325 2021 “pêchée d'abord d'appercevoir. Cette
878 2001 3315 2177 “boule étant pleine d'air, il n'étoit pas
878 2150 3315 2338 “miraculeux que j'y reſpiraſſe; mais
878 2305 3318 2496 “elle paroiſſoit hermétiquement fer-
878 2484 3310 2638 “mée: & comment avoit-on pu me
878 2622 3342 2792 “mettre là dedans? & par quelle avan-
878 2775 3322 3120 iees piont ee tooois eonte aa
878 3089 3318 3268 “dit, les poiſſons qui venoient folâtrer
881 3237 3327 3421 “autour du globe de verre; j'étois ſé-
878 3402 3311 3580 “parée d'eux par un mur diaphane.
878 3564 3318 3739 „Mais, me diſois-je, comment pour-
910 3708 3320 3894 “rai-je vivre lâ-dedans, ſans nourri-
877 3863 3325 4042 “ture“? Je n'oſois remuer trop fort,
910 4025 3322 4210 “de peur que mon lit, dont les quatre
877 4173 3325 4378 “pieds poſoient ſur le verre fragile &
897 4340 3322 4530 “pouvoient ſe briſer à tout moment,
878 4497 3069 4673 “ne m'expoſât à être inondée.
878 4637 3325 4829 “Tandis que j'étois dans ſe plds grand
877 4802 3332 4988 “embarras, je vis deſcendre, vérsmoi,
2744 4962 2988 5123 L
