4266 6032
885 293 3340 469 “Dieu, que j'adore du fond de mon
902 460 3346 622 “cœur. Pour vous, Monſieur, je ſuis
902 615 3337 785 “reconnoiſſante des ſoins que je vous
892 776 3334 935 “dois ſans doute; mais mettez le com-
900 929 3358 1090 “ble à votre généroſité, en me faiſant
931 1078 3337 1251 “reporter ſur la terre. -- Oui dà, Ma-
914 1229 3337 1402 “demoiſelle, reprit le Triton, vous
905 1390 3416 1558 êtes Philoſophe & raiſonneuſe, à ce
933 1542 3337 1712 “que je vois. Vous ne connoiſſez que
912 1703 3334 1869 “laNature, hé bien, l'on va vous parler
912 1867 2188 2022 “naturellement“.
885 2004 3332 2180 “Alors mon homme fortit de ſon
893 2172 3341 2348 “étui, c'eſt-à-dire, de la prétendue
900 2326 3330 2501 “queue de poiſſon où il étoit enfermé
893 2475 3330 2650 “preſque tout entier. I jeta bas ſa
902 2632 3334 2798 “chevelure & ſa barbe poſtiches, & il
926 2785 3335 2957 “parut un Cavalier aſſez bien tourné.
902 2940 3346 3107 „Mademoiſelle, me dit-il, je me ſuis
907 3100 3340 3267 “trouvé dans la maiſon où vous êtes
914 3249 3346 3421 “tombée en léthargie. Tout le monde
909 3400 3351 3582 “vous croyoit morte, & l'on prenoit
909 3569 3372 3735 “des arrangemens pour vous enterrer;
935 3716 3358 3899 “pour moi, qui n'étois pas de l'avis gé-
936 3874 3344 4052 “néral, je me flattai de vous rappeler
924 4032 3349 4207 “à la vie. Je profitai d'un moment où
912 4187 3358 4365 “iln'y avoit point cetemoins, & je vous
916 4343 3370 4517 “fis enlever par un domeſtique très-
910 4491 3370 4678 “robuſte. I vous porta d'abord chez
907 4641 3366 4831 “moi. On vous mit dans un lit, & l'on
890 4795 3377 5027 vous prodiguatous lesſoins poſſibles,
2659 4969 3053 5091 L6
