4266 6032
917 360 3390 532 “pour vous rappeler à la lumiere. Vo-
907 510 3359 695 “tre léthargie réſiſta à tous nos efforts,
910 658 3377 844 “ſans me faire perdre l'eſpoir de vous
900 826 3373 1003 “ranimer. Je vous fis enlever à quel-
904 975 3363 1151 “que diſtance de Milan, dans un châ-
909 1137 3370 1314 “teau que j'ai ſur le bord d'un lac. On
904 1302 3370 1472 “vous ajuſta, comme vous voilà; on
907 1455 3368 1626 “vous plaça dans la boule de verre,
912 1608 3365 1780 “qu'on ſuſpendit au milieu de l'eau.
914 1767 3370 1936 “Je me flattois qu'à votre réveil vous
931 1917 3363 2093 “ſeriez ſtupéfaite de tout ce que vous
916 2080 3375 2248 “verriez, & de tout cet appareil qui
910 2228 3373 2405 “doit paroître ſurnaturel; que par con-
910 2390 3359 2558 “ſéquent vous me prendriez pour un
921 2544 3365 2715 “Dieu, & pourriez céder à mes vœux.
921 2696 3354 2860 “Cet artifice m'a réuſſi vis-à-vis de
914 2855 3346 3028 “toutes celles avec leſquelles j'en
897 3009 3358 3182 “ai fait uſage. Je n'ai pas été trompé à
909 3165 3353 3337 “votre égard dans toutes mes idées.
900 3316 3356 3490 “J'ai eu le plaiſir, du moins, de voir que
895 3483 3318 3643 “vous vous êtes ranimée. Vous avez
897 3635 3354 3812 nrouvert les yeux. Vous avez dû être
885 3782 3351 3963 “ſurpriſe; mais, encore un coup, vous
891 3942 3354 4130 “êtes Philoſophe. Il paroît que vous
898 4101 3342 4276 “avez vécu ſous l'habit d'un ſexe moins
885 4259 3339 4433 “crédule que le vôtre; c'eſt ce qui a
885 4404 3332 4591 “deſſillé vos regards. Je ſuis donc un
881 4571 3332 4763 “mortel, ma chere enſant; mais vous,
879 4721 3342 4923 “vous enêtes une auſſi, & rien de ſi na-
873 4881 3344 5065 “turel que l'union de l'un avec l'aute.
