4266 6032
878 293 3278 457 “Permettez-moi donc, en cette qua-
888 453 3277 614 “lité, de vous faire ma cour, & de me
893 608 3279 768 “flatter qu'à force de ſoins je pourrai
893 763 3283 925 “vous toucher en ma faveur. -- Mon-
898 919 3285 1088 “ſieur, lui répondis - je, le premier
900 1072 3287 1239 “ſoin que j'attends de vous, puiſque
900 1232 3292 1392 “vous m'avez rendu la vie, c'eſt de me
878 1387 3291 1549 “rendre auſſi la liberté. Ce n'eſt point
885 1536 3292 1701 “aumilieu de l'eau, avec un cœur briſé
902 1696 3296 1859 “par la douleur, & qui ſort des portes
904 1849 3299 2037 “de la mort, qu'on peut concevoir de
886 2008 3301 2171 “l'amour; mais vous aurez au moins
883 2161 3299 2325 “des droits à ma reconnoiſſance. --Ma-
878 2315 3385 2491 “demoiſelle, reprit l'ex-Triton, je pré-
879 2468 3385 2635 “tends à l'amour; & permettez-moi de
907 2615 3313 2795 “ne pas renoncer ſi-tôt à une ſi douce
909 2782 3304 2947 “prétention“. A ces mots, il me quitta,
917 2942 3310 3102 “& m'envoya une femme qui me parut
917 3093 3310 3258 “raiſonnable, & qu'il avoit chargée,
917 3241 3313 3416 “ſans doute, de me perſuader en ſa fa-
924 3397 3325 3571 “veur. Je la perſuadai elle-même. Je
928 3554 3327 3729 “lui peignis ma ſituation & l'impoſſi-
878 3708 3322 3882 “bilité où j'étois d'ouvrir mon cœur à
883 3863 3332 4037 “des ſentimens d'amour. Elle lui fit en-
878 4021 3332 4199 “tendre raiſon; & il me rendit ma li-
881 4178 3322 4358 “berté. Je ſortis de ma chambre de
878 4333 3385 4519 “verre par le petit veſtibule; je deſcen-
878 4505 3337 4669 “dis dans un ſouterrein, qui me con-
879 4647 3334 4828 “duiſit, après un aſſez long chemin,
878 4805 3354 4991 “à un eſcalier, par lequel je remontai
