4266 6032
898 267 3325 475 manquai de mourir moi-même. La
914 463 3328 659 “vie me devint inſupportable; & la re-
916 617 3328 814 “ligion ſeule m'empêcha d'en termi-
919 784 2073 947 “ner le cours.
950 898 3349 1101 “Privée de ma chere Princeſſe, privée
919 1066 3340 1261 “du ſeul homme que j'aimois, & même
926 1237 3339 1417 “de ſes dépouilles précieuſes, que me
934 1387 3334 1573 “reſtoit-il à faire ſur la terre? Je réſo-
926 1552 3339 1728 “lus, s'il n'y avoit pas d'eſpoir que ma
929 1703 3344 1872 “chere bienfaitrice recouvrâtſaliberté,
929 1861 3339 2040 “de me conſacrer à Dieu, dans la re-
938 1999 3347 2194 “traite. Je voulus cependant revoirma
938 2173 3347 2372 “Patrié, avant de prendre ce parti ex-
945 2329 3358 2509 “trême. Je me mis en chemin. Je ren-
947 2462 3358 2666 “contrai, ſur les Alpes, un bon Her-
948 2634 3347 2820 “mite, qui me conduiſit dans ſa cellule.
952 2790 3347 2967 “Je trouvai des charmes dans cette de-
950 2947 3347 3132 “meure ſolitaire. J'y vécus quelque
950 3107 3356 3305 “temps, toujours pleine de mon
955 3254 3353 3456 “Amant, me flatant en ſecret, malgré
955 3411 3366 3619 “toutes les apparences, qu'il reſpiroit
890 3562 3368 3769 'ecore. Je peignois ſon portait ſur
964 3708 3373 3917 “les murailles; je gravois ſon nom ſur
959 3872 3366 4072 “les hêtres. Je m'entretenois avec ſon
957 4018 3365 4240 “image; maisje ne pouvois reſter dans
952 4187 3361 4405 ce lfuu &&le miiaillaermite. ui ſit
1830 4348 3373 4528 pourmererenir. J'eus
959 4385 1854 4563 devains ene
962 4493 3368 4719 ioit de ne pas attendre, pour le quit-
960 4657 3385 4846 ter, uuee fuſſe parfaitementrétblie.
938 4804 3385 5000 “reu oi e chez u, je tonll ma-
