4266 6032
849 322 3335 518 “parlai au Prieur, qui me dit que c'é-
855 487 3334 658 “toit un jeune homme reſſuſcité, qui
886 642 3342 811 “avoit paru ſe conſacrer à Dieu, dans
869 806 3335 967 “la retaite, après avoir eu beaucoup
890 959 3341 1124 “d'aventures; qu'il étoit de figure &
873 1117 3344 1276 “de taille à en avoir; qu'on l'avoit
874 1272 3342 1433 “trop effarouché, & qu'on l'avoit obli-
843 1425 3351 1592 “gé de s'enfuir; mais qn'on ſe flattoit
838 1585 3349 1746 “toujours qu'au premier jour il vien-
891 1738 3346 1901 “droit remettre ſa tête ſous le joug du
883 1894 3351 2056 “Seigneur. „Car enfin, il a une véri-
885 2047 3353 2208 “table contrition de ſes fautes, ajouta
885 2194 3346 2363 “le R. P. J'ai lu dans ſon ame, elle eſt
876 2359 3354 2520 “belle & honnête; &, quand il revien-
840 2517 3297 2679 “dra, je le recevrai à bras ouverts“.
886 2661 3349 2831 „Où chercher mon Amant? Il s'étoit
852 2823 3353 2989 “réfugié dans les airs. Il me prit envie
895 2976 3359 3145 “de l'attendre, puiſqu'on ſe flattoit
902 3136 3358 3299 “qu'il reviendroit. Je voulois me con-
904 3287 3353 3457 “ſacrer à Dieu dans la retraite. Pou-
848 3442 3358 3610 “vois-je en défirer une plus ſainte que
843 3596 3358 3763 “celle-là? Puiſqu'une autre fille avoit
842 3753 3353 3925 “pris l'habit de Chartreux, pour l'a-
873 3908 3363 4077 “mour du cher Cataudin, pourquoi
907 4059 3359 4233 “n'en ferois-je pas autant? J'étois dé-
979 4220 3365 4393 “guiſée en homme, & l'on me prenoit
891 4377 3365 4551 “pour un homme. Je demandai à être
898 4525 3363 4696 “reçue dans l'Ordre vénérable. On
849 4685 3356 4852 “m'accorda cette grace. Je reniplis,
904 4837 3365 5016 “avec la plus ſainte ſerveur, tous les
