4266 6032
879 329 3358 520 “devoirs du noviciat; & ſûrement je
883 513 3337 674 “me comportai autrement que mon
871 665 3337 833 “infidele. La vraie piété me toucha.
883 819 3358 993 “Dieu remplit, par degrés, mon cœur,
928 979 3357 1146 “qui n'étoitplein, ci-devant, que d'un
864 1139 3349 1303 “homme. Quand l'année du noviciat
866 1292 3332 1462 “fut révolue, j'obtins un délai, pour
861 1450 3341 1617 “me diſpenſer de prononcer mes
929 1612 3335 1773 “vœux; mais ce délai expiré, & deux
928 1767 3325 1928 “ou trois autres enſuite, il fallut opter,
924 1918 3342 2086 “& me lier irrévocablement, ou ſortir
862 2075 3340 2242 “du Couvent. Je ne pouvois me ré-
855 2231 3322 2398 “ſoudre à quitter une maiſon, à la ſain-
854 2391 3325 2553 “teté de laquelle j'étois accoutumée,
921 2546 3320 2711 “& où j'attendois mon Amant. Il fallut
866 2702 3327 2871 “donc me lier & m'enchaîner par des
907 2862 3332 3029 “yœux. En les prononçant, je deman-
852 3019 3316 3187 “dois, en ſecret, pardon à Dieu, de ce
916 3184 3320 3349 “qui s'y trouvoit d'irrégulier; parce
888 3339 3310 3502 “que je ſentois peut - être qu'ils ne
852 3492 3318 3655 “pourroient pas me lier devant les
852 3636 3310 3814 “hommes, ſi jamais mon ſexe étoit dé-
907 3803 3311 3970 “couvert; mais je promettois au Ciel,
902 3963 3306 4128 “de réparer, par un redoublement de
902 4114 3356 4295 “ferveur, le crime de paſſer ainſi ma
902 4276 2802 4445 “vie ſous le déguiſement.
984 4410 3316 4598 “A peine avois-je prononcé mes
852 4591 3315 4754 “vœux, que j'appris que le jeune No-
857 4747 3322 4912 “vice qui s'étoit échappé au milieu des
852 4905 3315 5088 “airs, venoit de rentrer dans l'Ordre,
