4266 6032
943 301 3359 474 “à Paris. Je brûlai ſur le champ du dé-
947 466 3368 631 “ſir de le rejoindre. Ma ſanté devenant
952 628 3361 807 “de jour en jour plus délicate, je vins
953 781 3359 942 “à bout de me fane ordonner l'air na-
950 936 3356 1102 “tal par le Médecin de la maiſon, &
948 1075 3365 1257 “je fus envoyée à Paris. J'arrivai trem-
953 1249 3359 1413 “blante de déſir. Je vis mon cher Ca-
952 1404 3358 1574 “taudin après une longue abſence, &
962 1562 3356 1731 je ne pus voler dans ſes bras. Je le vis
957 1717 3371 1883 “pénétré d'une vraie piété, pleurant
862 1873 3373 2040 “ſes fautes avec la plus parfaite contri-
957 2028 3358 2192 “tion; en un mot, dans le vrai chemin
957 2178 3356 2346 “du Ciel. Devois-je m'oppoſer à ſon
957 2338 3355 2505 “ſalut? N'étoit-ce pas aſſez pour moi
957 2482 3368 2665 “de partager le ſort qui l'y conduiſoit?
959 2646 3359 2822 “D'ailleurs, n'étois-je pas vraiment
957 2804 3362 2986 “liée par les engagemens que j'avois
959 2968 3351 3143 “pris vis-à-vis de mon Dieu? Et, en
959 3131 3389 3293 “me dévoilant, ne riſquois-je pas d'être
952 3285 3356 3449 “rebutée, avec une eſpece d'horreur,
960 3438 3349 3601 “par mi homme tout à ſon Dieu, &
953 3588 3356 3759 “d'être chaſſée ignominieuſement d'un
955 3746 3354 3918 “ſi ſaint aſile? Je n'oſai donc me faire
952 3908 3353 4077 “connoître. J'étois même décidée à
947 4066 3349 4236 “vous laiſſer prononcer vos vœux.
948 4209 3351 4389 “Je vivrai du moins avec lui, me di-
947 4377 3353 4550 “ſoit je, je reſpirerai le même air, je
904 4527 3344 4706 “menerai exai exactement la même vie;
940 4682 3349 4854 cete vie auſtere me conduira ſous
940 4831 3349 5053 peu de tempe au tombeau. Quand
