4266 6032
847 317 3389 499 “j'aurai rendu mon dernier ſodpir,
957 490 3380 652 “mon Amant reconnoîtra mon corps.
965 646 3383 809 “Il me regrettera, & verſera des lar-
967 800 3377 963 “mes ſur ma dépouille“. Que vous
933 950 3392 1120 “dirai-je enfin? Je n'ai pas eu la ſorce
969 1116 3383 1282 “de remplir mon projet. Malgré maré-
969 1273 3385 1468 “ſolution, quand j'ai vu mon bien-
924 1426 3382 1592 “aimé prêt a pre oncer le ferment fa-
924 1586 3380 1748 “tal, qui nous ſéparoit pour jamais,
917 1743 3378 1905 “je n'ai pu m'empêcher de m'écrier:
759 1894 3373 2061 „Arrête“. Pardonnez ma foibleſſen.
976 2051 3383 2217 Cette foibleſſe ſait notre bonheur,
922 2209 3487 2372 “dis-je à mon Adélaïde en la ſertant
919 2358 3392 2525 dans mes bras. Nous allons êtreheu-
972 2512 3378 2685 “reux, plus d'obſtacles“! En diſan
979 2671 3383 2842 ces mots, je regardai la Princeſſe, & je
904 2835 3382 3009 fus confondu. Elle ſourit, & témoigns
976 2991 3385 3154 à mon Adélaide l'intérêt que lui avoit
983 3144 3380 3309 cauſé ſon récit. Tout le monde en fit
983 3299 3389 3471 autant, & la Princeſſe-Cardinal prit
759 3459 3377 3648 congé de nous, en diſant: „A demain“.
998 3612 3382 3781 Je paſſai une nuit aſſez inquiete.
907 3770 3402 3954 „Ma Bienfaitrice, me diſois - je vou-
988 3918 3392 4092 “droit -elle abuſer de ſes droits; & ſi
788 4078 3397 4255 “elle les réclamoit, pourrois-je refuſer
788 4240 3390 4437 “ſa main?“ Je dormis peu, & mon
804 4398 2871 4560 Adélaide m'avoua, le lent
805 4521 3037 4728 qu'elle n'avoit pas donmi davans
1017 4682 3406 4877 Enfin, d'aſſezgrand mauin, la ſamille
819 4866 3409 5057 étant déjà raſſemblée, on nous annonç
