4266 6032
926 279 3346 457 la Princeſſe. Mon pere & moi, nous
928 453 3344 624 courûmes au devant d'elle. Nous comp-
928 610 3349 783 tions la voir vêtue en Cardinal, ou du
936 764 3346 935 moins en Dame de ſon rang; nous vî-
922 924 3340 1091 mes paroître une Religieuſe charmante,
936 1079 3344 1244 avec une Croix pectorale. C'étoit ma
941 1235 3346 1405 noble amie. Je la reçus avec autant de
943 1390 3344 1561 ſurpriſe que d'enchantement. Je baiſai,
945 1547 3344 1717 avec ardeur, une de ſes mains, dont je
952 1707 3347 1867 m'emparai, pour la conduire dans le ſa-
952 1846 3346 2035 lon. Nous la préſentâmes à l'aſſemblée,
947 2014 3349 2178 qui fut frappée de la plus douce ſur-
952 2171 3365 2338 priſe. Mon Adélaïde ſe hâta de ſe pré-
948 2319 3344 2487 cipiter à ſes pieds. La Princeſſe l'em-
960 2479 3347 2641 braſſa tendrement. „Vous voyez, dit-
962 2635 3346 2799 “elle, mes amis, que tout eſt expli-
965 2788 3341 2951 “qué, & qu'il n'y a plus d'obſtacles“,
965 2944 3358 3111 Elle nous apprit qu'elle avoit, elle-
960 3101 3356 3262 même, prononcé des vœux, & qu'elle
897 3253 3354 3420 avoit obtenu une Abbaye qu'elle nous
895 3407 3358 3579 nomma, & qui eſt à Paris. „Ainſi, dit-
971 3568 3359 3727 “elle, nous pourrons nous voir tous
974 3719 3358 3887 “les jours. Pour comble de bonheur,
967 3868 3365 4045 “ma Communauté poſſedeune maiſon
971 4030 3368 4197 “de campagne, dans un endroit où vous
974 4183 3366 4349 “avez un château. Je n'ai eu d'autre
962 4340 3361 4514 “but, juſqu'ici, que de faire le bonheur
972 4494 3377 4665 “de ces deux jeunes Amans. J'ai eu le
936 4646 3368 4825 “plaiſir de les délivrer de priſon, grace
864 4807 3371 5022 “à l'habit de Gardinal que mon frere
