4266 6032
952 305 3371 496 “m'a prêté. Il eſt réellement à Paris;
948 487 3368 659 “ainſi, il n'y a pas d'apparence que ma
952 647 3365 813 “petite ſupercherie ſoit découverte.
952 809 3359 991 “Vous voyez, mes chers amis, qu'il
947 957 3359 1129 “n'y a plus d'empêchemens; martez-
943 1120 3356 1296 “vous ſur le champ. Tiens, ma chere
943 1280 3347 1442 “Adélaïde, voilà ta dot“. A ces mots,
924 1435 3346 1596 elle remit, à mon Amante, une dona-
943 1594 3349 1757 tion de cent mille écus. Nous tombâmes
945 1750 3341 1914 tous aux genoux de la chere Princeſſe.
941 1906 3346 2069 Nous adorâmes, comme une Divinité,
869 2063 3349 2224 celle dont l'unique bonheur étoit de
933 2217 3344 2380 faire des heureux. Elle nous embraſſa
931 2372 3335 2534 tous, en verfant de douces larmes. Nous
928 2513 3335 2694 courûmes à l'archevêché, à la paroiſſe,
928 2685 3328 3005 eae is dioſoinme n eſalr
926 3002 3332 3162 pour notre mariage. Le lendemain Di-
929 3156 3323 3320 manche on publia les bans, & tous les
922 3309 3325 3471 arrangemens furent ſi précipités, que
916 3463 3328 3659 nous fûmes fiancés & mariés la nuit
921 3620 1648 3774 ſuivante.
931 3757 3318 3936 Nous ſommes heureux. Arrêtons-
921 3932 3327 4097 nous au ſein du bonheur. Plus d'aven-
921 4090 3318 4264 tures. Je n'ai pas encore vingt-cinq ans.
919 4250 3322 4414 Mon pere en a, je crois, à peine qua-
921 4403 3328 4570 rante, & n'en paroît pas avoir plus de
916 4553 3330 4721 trente; ainſi, combien d'aventures ne
921 4694 3328 4879 pourrions-nous pas avoir encone!Mais
916 4864 3325 5040 j'en ſuis las. Pourrois-je quitterma chere
