4266 7730
1128 83 4235 1121 eembbbroit pas. Je m'ap-
1121 1118 4235 1319 “plaudis beaucoup d'avoir pu contri-
1128 1310 4235 1506 “buer à vous ſauver dans cette circonſ-
1124 1500 4079 1691 “tance, puiſque vous n'êtes pas cou-
1124 1695 4079 1885 “pable, & que vous ne méritez que
1117 1877 4076 2072 “des éloges.“ Je remerciai le Capitaine
1121 2068 4079 2264 & tous les paſſagers, qui me félicitoient
1125 2258 4072 2450 à l'envi. Ainſi me voilà beaucoup loué
1117 2448 4076 2646 pour avoir tué un homme, & qui plus
1109 2638 4076 2809 eſt, un honnête homme. Je me ſuis re-
1117 2828 4076 3018 tiré à l'écart, pour me plonger dans des
1113 3014 4076 3208 réflexions douloureuſes; mais nous n'a-
1109 3207 4068 3399 vons pas tardé à voir le port de Dou-
1105 3387 4064 3584 vres, & bientôt je ſuis deſcendu ſur la
1102 3584 4057 3779 terre hoſpitalière, où nos ennemis éter-
1102 3775 3133 3920 nels me donnoient un azile.
1298 3958 4060 4152 J'ai pris congé, avec attendriſſement,
1105 4148 4060 4346 du Capitaine & des paſſagers. Je me ſuis
1106 4338 4064 4533 hâté d'arriver à Londres. M'y voilà, bour-
1105 4528 4060 4724 relé d'inquiétude & de remords. Cette
1105 4714 4057 4908 capitale va-t-elle m'offrir autant d'aven-
1098 4905 4045 5103 tures que la nôtre? Ah! je ne les cherche
1087 5091 4049 5289 pas. J'ai beſoin de repos, & j'en vais
1094 5285 4045 5480 trouver, ſans doute, dans mon lit. Bon
1086 5463 4045 5665 ſoir, mon ami; dors plus tranquillement
1090 5673 1708 5860 que moi.
2208 6030 2821 6241 L
