4266 7854
369 616 3360 815 d'ailleurs ce quelqu'un n'a pu me donner
-2 808 3356 1006 tous les détails qui auroient ſatisfait mon
361 1001 3356 1186 cœur. Je ne ſais pas même ſi le fruit de
26 1184 3364 1366 nos amours vit dans tes bras, & ſi tu
-3 1383 3214 1576 m'as fait père d'un fils ou d'une fille.
554 1575 3360 1765 Ecris - moi, ma chère amie, ſur tout
365 1759 3369 1958 ce qui te concerne d'abord. Donne-moi
-4 1953 3360 2149 des particularités qui, t'ayant pour objet,
-4 2134 3360 2301 me ſeront délicieuſes. Donne-moi auſſi
353 2323 3360 2520 quelques lumières ſur les chères perſonnes
-5 2516 3364 2717 dont je t'ai parlé. Enfin, ma chère, fais
-2 2712 3352 2905 tes efforts pour me rappeller bientôt
-5 2899 3360 3094 aupres de toi. Je ne m'abaiſſe pas à te
0 3090 3364 3286 demander des nouvelles de deux objets
-4 3283 3364 3472 auſſi mépriſables, que Frédégonde & le
361 3472 1714 3657 Chevalier Marqué.
1041 4141 2725 4315 Le même, à Dumoulin.
346 4466 3364 4792 an déſœuvrement, & faute de con-
369 4782 3368 4979 noiſſances, mon ami, je me ſuis promené
373 4979 3364 5156 dans ces commencemens, le ſoir, dans
373 5164 3356 5361 les rues. Elles ſont fort belles &, de plus,
373 5352 3360 5549 ſont peuplées, comme celles de Paris,
380 5545 3360 5746 de jeunes perſonnes très - obligeantes, &
380 5736 3356 5935 même avec plus de profuſion que chez
385 5931 3352 6131 nous. J'ai cauſé avec quelques-unes. Il me
