4266 7864
909 698 3884 908 ſemble que ces converſations me forment
913 894 3872 1089 à la langue angloiſe, beaucoup plus vîte
913 1085 3883 1472 eeſiii eoe dunus aqs unes t u eſſe-
916 1467 3891 1635 tion d'une heure, d'avoir entendu tout
913 1650 3883 1848 ce que m'a dit une jeune fille, & de lui
913 1845 3891 2046 avoir fait entendre tout ce que j'ai voulu,
916 2037 3883 2220 tandis que, vis - à - vis des hommes, je
909 2224 3425 2412 ne puis encore entendre ni parler.
1100 2411 3891 2604 Il y a quelques jours, j'en rencontrai
909 2595 3910 2790 une qui me parut être d'un caractère aſſez
913 2786 3899 2981 ſingulier. C'étoit une grande fille, très-
913 2977 3887 3172 bien faite, très-jolie & très-proprement
916 3168 3880 3360 miſe, qui avoit un air aſſez doux; mais
916 3359 3906 3551 vif & déterminé. „Mon beau petit Fran-
916 3547 3903 3739 “çois, me dit-elle, dans ma langue,
914 3740 3888 3877 “veux-tu venir avec moi?“ -- „Eſt-ce
917 3930 3888 4114 “que tu es françoiſe, lui dis - je?“ --
929 4121 3888 4309 „Non me répondit-elle; mais, ſi tu viens
905 4308 3895 4494 “avec moi, je ſerai ta compatriote.“ --
924 4491 3895 4687 „Je n'ai point d'argent, lui dis-je, pour
909 4682 3891 4828 “lui donner une défaite.“ -- „Mon
914 4871 3900 5063 “cher ami, reprit-elle, j'en ai à ton ſer-
914 5063 3904 5254 “vice. Voyons donc, que je t'obſerve un
913 5253 3895 5449 “peu à la lumière, que je voie ſi tu
913 5443 3899 5639 “es auſſi gentil que tu le paroîs.“ Elle
909 5634 3887 5836 me fit approcher d'une boutique, &, me
901 5814 3876 6013 lorgnant de près, „oui vraiment, dit-
914 6014 3892 6205 “elle, tu es charmant; ſi tu as beſoin
