4266 7779
113 22 431 120 ------
1946 378 2633 604 r
939 594 3868 796 contai un petit précis de ma vie, & je
935 787 3875 981 lui expoſai, un peu plus en détail, mon
935 973 3872 1162 combat & ſes ſuites. „Mon petit Céſar,
935 1158 3879 1356 “dit-elle, en m'embraſſant, ton nom te
939 1352 3887 1500 “va bien. Je ſuis enchantée de faire con-
931 1540 3875 1736 “noiſſance avec un brave garçon comme
923 1731 3868 1922 “toi. Tiens, mon ami, encore un coup,
931 1916 3883 2296 u ne ſaroi me ſiie ue plus gpanà
935 2290 3887 2481 “plaiſir.“ -- „Ma chère amie, lui ré-
931 2481 3883 2682 “pondis-je, je te remercie de tout mon
931 2667 3887 2862 “cœur; mais j'ai une bourſe encore plus
935 2853 3891 3046 “conſidérable, que la tienne.“ Je la lui
939 3042 3883 3231 montrai; elle la peſa. „Je t'en fais mon
935 3231 3887 3423 “compliment, dit-elle, mais ne la donne
931 3417 3887 3611 “pas, comme cela, à peſer à des per-
935 3602 3883 3796 “ſonnes que tu ne connoîtras point. Il
931 3796 3891 3989 “y a ici, pour le moins, autant de fri-
943 3985 3892 4176 “pons que chez vous. Tu n'as pas beſoin
935 4175 3894 4366 “d'argent pour le moment préſent, tant
935 4358 3883 4550 “mieux pour toi; mais tu ne dois pas,
935 4542 3891 4739 “pour cela, refuſer de me voir, parce
935 4735 3891 4928 “que tu peux en avoir beſoin ſous peu de
930 4917 3895 5115 “temps. Au reſte nous avons aſſez parlé
931 5107 3898 5301 “d'affaires; tu es triſte, tu as beſoin de con-
935 5296 3887 5491 “ſolation, rions à préſent. Alors la Déeſſe
935 5474 3891 5684 folâtra, tint des propos gais, très-piquans,
942 5668 3891 5871 chanta même en Anglois, en François,
931 5861 3891 6054 en Italien. „Pauvre fille, me diſois-je!
