4266 8004
953 827 4006 1031 ce jeune-homme; je vis qu'il reſſembloit
949 1024 4006 1228 tout-à-fait à la Nymphe, qui étoit l'objet
941 1217 4006 1429 de mes recherches. „Seroit-ce elle, me
945 1414 4010 1619 “diſois-je?“ Le Militaire me conduiſit
938 1616 4006 1822 encore dans la même taverne, & fit venir
937 1805 4006 1990 du vin. „Comment, eſt-ce vous, lui dis-
918 2014 4002 2217 “je?“ -- „Oui, ſans doute, c'eſt moi,
926 2195 3999 2411 “répondit-il. Tu me reconnois, tu vois
941 2396 4010 2594 “que je ſuis ce que je veux; je vais re-
933 2590 3982 2799 “devenir femme, pour te plaire.“
937 2783 4002 2992 Soudain le Militaire, auſſi promptement
941 2980 3998 3197 que le coup- d'œil, redevint la Nymphe
937 3173 4006 3379 Camargo. Il ſortit une plume de ſon cha-
929 3374 3998 3588 peau, qui, ſervant d'aigrette, en fit un
933 3564 3994 3781 chapeau de Dame; ſon habit ſe déploya
930 3777 3994 3982 par en bas, & tomba juſqu'à ſes pieds,
933 3979 3995 4180 formant une redingotte de femme. En un
930 4179 4002 4378 mot, je vis, en un clin-d'œil, une jolie
945 4371 4005 4550 amazône. Je l'embraſſai de tout mon cœur,
937 4561 3994 4765 elle me le rendit de tout le ſien. „Hé
953 4755 3998 4936 “bien, mon ami, me dit-elle, vois-tu
946 4946 4003 5108 “le fond de ta bourſe?“ -- „Pas en-
941 5149 4002 5347 “core, lui répondis - je.“ -- „Tu es
941 5342 4002 5543 “ſage, reprit-elle; je t'en félicite; quand
941 5535 4001 5746 “le beſoin ſera venu, tu ſais ce que je
957 5733 3998 5946 “t'ai dit; compte ſur moi, j'aurai du
938 5926 2586 6135 “plaiſir à t'obliger.“
