4266 7976
1707 1244 2107 1385 Suite.
414 1586 3463 1909 Avant promis à Camargo de la voir
422 1887 3467 2091 aſſidûment, je la cherche preſque tous les
10 1785 3478 2292 ſoirs. Sa ſociété me devient agréable &
11 2267 3478 2475 preſque néceſſaire. Je ſuis ſeul à Londres.
246 2463 3482 2678 Je n'y ai pas de connoiſſances, & je ne
246 2657 3486 2864 cherche pas à en faire, parce que je brûle
430 2851 3486 3060 d'en partir au premier moment. Cette fille
437 3043 3498 3256 eſt moitié folle, moitié raiſonnable; ſa
438 3239 3490 3463 folie m'égaie, ſa gaîté m'intéreſſe, &
438 3431 3513 3651 cette équivoque perſonne m'eſt d'un très-
442 3654 3494 4054 le loon de loſrrs, qui ieeſp int
434 4042 2107 4184 comme celui de Paris.
637 4234 3502 4432 Je la rencontre tous les ſoirs, ſous un
446 4426 3502 4637 ajuſtement différent. Négociant, Médecin,
449 4622 3486 4826 Avocat, Eccléſiaſtique même, elle paroît,
453 4818 3517 5010 chaque jour, ſous l'uniforme d'une nou-
453 5010 3502 5214 velle profeſſion, &, en jouant ce ma-
453 5206 3502 5406 nége, elle auroit plus beau champ dans
457 5405 3825 5637 notre capitale, parce que les habillemens
461 5590 3502 5991 lſs seaiſemeen de ſon ſere ſi ounſouni
465 5978 3521 6182 caché ſous celui du nôtre; &, dès que
473 6174 3506 6362 nous ſommes tête-à-tête dans la taverne,
