4266 7878
985 865 3981 1060 tête de mon enfant. Il n'y a conſenti qu'à
985 1054 3977 1251 moitié; il a partagé la penſion entre mon
981 1247 4200 1441 fils & moi. J'ai d'ailleurs déjà pluſieurs
977 1441 3977 1635 petites autres rentes, qui, réunies en-
977 1628 4166 1826 ſemble, font une ſomme; ainſi, ton fils
985 1824 4166 2019 ne manquera de rien, mon cher ami. Je
992 2013 3977 2209 l'ai nommé Céſarin, diminutif de ton
981 2202 3973 2400 nom, & Théodore, nom de ſon parrain.
985 2394 3985 2583 Sans ce doux fardeau, qui me retient à
796 2587 4173 2783 Paris, j'aurois, ſur-le-champ, volé dans
993 2779 4170 2971 tes bras, dès que je t'ai ſu en Angleterre.
989 2971 3985 3161 C'eſt une autre que moi qui va remplir
981 3156 4158 3351 le doux ſoin de te ſervir & de te conſoler;
989 3349 4154 3540 pour moi, je vais, du moins, ſatisfaire
996 3538 3981 3735 mon cœur, en travaillant, à Paris, pour
996 3730 3985 3925 t'en applanir le retour; &, ſi tu as beſoin
996 3919 3981 4100 de moi à Londres, mande le moi; ſur-le-
1000 4112 4135 4304 champ, je traverſe la mer, & je te porte
1001 4305 1567 4436 ton fils.
1290 4960 3735 5137 Céſar de Perlencour, à Dumoulin.
1019 5371 3954 5612 E vois, chaque jour, Camargo, mon
1012 5606 3958 5811 cher ami, & j'apperçois, chaque jour,
1008 5794 3954 5987 de ſa part, de nouvelles choſes qui m'é-
1012 5995 3954 6183 tonnent. Je la rencontre quelquefois dans
1012 6179 3950 6380 un caroſſe ſuperbe, avec une nombreuſe
