4266 7860
1537 603 2014 834 .
592 1282 2998 1485 Camargo, à Céſar de Perlencour.
-13 1752 3301 2007 MA foi, mon ami, je ne ſais pas
-12 1982 3316 2175 trop ſi je pourrai te tenir parole, à l'é-
-12 2167 3320 2414 gard de la Société ſouterreine, où je t'ai
0 2359 3312 2560 promis de t'introduire. J'ignore ſi l'on
349 2547 3551 2744 voudroit t'y recevoir. J'ai un peu ſondé
-11 2693 3332 2936 les eſprits; on ne m'a pas paru fort diſ-
341 2932 3328 3128 poſé en ta faveur. On m'a conteſté preſque
-10 3127 3332 3313 toutes les qualités que j'ai voulu t'attribuer;
-9 3312 3339 3505 on n'eſt guères convenu que de ta gen-
-9 3500 3336 3694 tilleſſe, de ton phyſique; mais cela ne
-8 3680 3336 3887 ſuffit pas pour intéreſſer des hommes à te
-8 3885 3339 4079 diſtinguer. On m'a dit que tu étois un
-8 4070 3347 4262 enfant gâté; qu'on ne devoit attendre,
-3 4258 3351 4456 d'un colifichet comme toi, que des me-
-5 4450 3343 4647 nuets joliment danſés, & des complimens
180 4642 3347 4827 agréablement tournés. J'ai été réduite au
352 4831 3351 5032 ſilence; car tout le monde me jure que
376 5030 3355 5224 tu ne peux avoir cette énergie de carac-
353 5215 3401 5411 tère, cette fierté de génie qui conviennent
191 5403 3366 5607 à des gens comme nous. Cependant j'ai
191 5584 3362 5796 obtenu que tu ſeras admis dans une jolie
180 5772 3378 5969 fête que nous allons donner au Panthéon.
191 5947 3370 6185 Prends-y bien ce ton ferme & décidé des
191 6161 3370 6376 Anglois. Il n'eſt pas ici queſtion d'être
2528 6368 2768 6558 Bi
