4266 8123
1437 581 1959 769 S
-15 808 3294 1032 avons fait un ſouper délicieux, ſervi même
-15 1009 3266 1226 avec une ſorte de goût. Pour moi, je
-14 1202 3278 1422 crois pouvoir dire que j'ai fait pluſieurs
-14 1405 3278 1619 conquêtes, parmi les femmes que j'aitoutes
-13 1600 3286 1815 courtiſées. Je voulois ſoutenir l'honneur de
-13 1803 3282 2003 ma nation, & je me piquois d'être plus ga-
-13 1985 3270 2198 lant, pour les Dames, que les Anglois,
-12 2181 3588 2400 les Allemands, & tous les autres danſeurs
-12 2397 888 2615 étrangers.
401 2585 3266 2793 La brillante Camargo rempliſſoit un
-11 2776 3270 2993 des premiers rôles, & figuroit comme
-10 2983 3278 3162 une ſouveraine, au milieu de ſes courti-
-10 3159 3262 3385 ſans. De temps en temps elle me ſourioit
-10 3365 3266 3578 & me faiſoit amitié; mais elle ne pou-
-9 3568 3262 3779 voit être toute à moi, & elle ſe devoit
-9 3772 1919 3987 au reſte de l'aſſemblée.
361 3965 3267 4163 Juſqu'ici tout avoit été brillant & en-
-8 4149 3270 4374 chanteur; mais rien ne ſentoit le prodige.
-7 4335 3266 4565 Bientôt je commençai à voir quelque
-7 4556 3250 4768 choſe d'extraordinaire. Il y avoit beaucoup
-6 4752 3258 4963 de gens maſqués; & tous les déguiſemens
-6 4948 3246 5158 me paroiſſoient originaux; mais ce qu'il
-6 5145 3238 5353 y avoit de plus ſingulier, c'eſt que tous ces
-5 5345 3238 5538 maſques, dont aucun ne devoit me con-
-5 5537 3242 5756 noître, venoient me rappeller les princi-
-4 5734 3234 5956 paux évènemens de ma vie, & ne me
-4 5927 3234 6146 diſoient rien qui ne fût analogue à quel-
-4 6125 3230 6349 qu'une de mes aventures. Il y a plus, la
-3 6317 3222 6545 plupart de ces maſques repréſentoient,
2497 6545 2784 6741 Biij
