4266 8294
2224 612 2723 798 O
911 850 4023 1053 au moins, par leur taille, tous les per-
910 1048 4039 1259 ſonnages que j'ai connus, & avec leſquels
907 1255 4039 1454 j'ai vécu. Un homme mince & grêle m'a
915 1458 4043 1660 dit: „Mon petit bon-homme, c'eſt donc
906 1658 4051 1863 “comme cela que vous vous divertiſſez
911 1863 4031 2070 “loin des yeux de votre gouverneur?“
919 2061 4051 2273 Et j'étois tenté de prendre ce ſquelette
919 2260 4055 2472 pour le Chevalier Marqué. Une grande
919 2466 4067 2669 femme, que j'ai priſe, du premier coup-
932 2670 4072 2873 d'œil, pour Frédégonde, m'a dit: „Mon
927 2872 4076 3081 “fugitif, je t'attraperai bien ſans courir;
927 3074 4063 3278 “pour avoir ta Laure & ton Aurore, il
927 3273 4075 3478 “faudra bien que tu reviennes ſous mes
927 3471 4071 3680 “loix.“ J'ai vu auſſi deux jeunes per-
724 3666 4075 3881 ſonnes, qui m'ont repréſenté cette Laure
931 3880 4087 4084 & cette Aurore, & la premiète étoit en-
935 4075 4087 4282 ceinte; une troiſième, avec un petit en-
935 4278 4083 4485 fant à la mammelle, m'a repréſenté Le-
935 4478 4084 4681 vrette, & m'a offert ſon petit poupon à bai-
939 4675 4084 4882 ſer. Un gros gaillard, comme toi, m'a
947 4872 4071 5084 dit: „Mon ami, j'arrive de Lyon pour
951 5080 2734 5278 “te ramener à Paris.“
1046 5274 4063 5485 Bientôt j'ai vu ſortir, de deſſous nos
943 5477 4075 5690 pieds, deux fantômes, l'un repréſentant
947 5684 4079 5894 un homme bleſſé, dont on avoit bandé
943 5878 4075 6097 les plaies, l'autre une Religieuſe renverſée
959 6081 4075 6296 ſur lui. J'ai reconnu ma ſœur & ſon
959 6295 4079 6500 amant, qui m'ont reproché leur mort.
967 6490 4063 6705 Cette ſcène m'a jeté du noir dans l'ame,
