4266 8021
3899 585 4265 778 L
-15 704 3304 976 & m'a paru ſurprenante; mais j'en ai vu
-15 958 3301 1169 ſuccéder une autre plus étonnante encore.
-14 1149 3316 1391 Tout-à-coup le plancher, ſur lequel nous
-14 1354 3312 1559 marchions, s'eſt abîmé; tout le monde a
-13 1550 3316 1760 diſparu; je me ſuis trouvé ſeul dans la
-13 1743 3305 1951 nuit la plus épaiſſe. Je ne ſavois de quel
-12 1945 3312 2141 côté donner de la tête. J'étois dans le mi-
-12 2109 3309 2335 lieu de la rotonde. J'ai gagné la circon-
-12 2303 3293 2534 férence à tâtons; j'ai rodé tout au tour;
-11 2524 3301 2728 comme j'ai trouvé des portes, des eſca-
-11 2697 3289 2924 liers, j'ai monté, j'ai deſcendu; &,
-10 2918 3419 3119 après avoir joué ce triſte rôle dans l'ombre,
-10 3111 3560 3313 pendant plus d'une heure, je me ſuis en-
-10 3307 1980 3530 fin trouvé dans la rue.
416 3497 3289 3699 Il tomboit une pluie épouvantable, qui
-9 3675 3289 4097 pout cde ſds aue é de iene
-8 4085 3293 4289 l'autre extrêmité de Londres, accompagné
-7 4277 3281 4484 du déluge, & percé juſqu'aux os. On ne
-7 4475 3269 4676 m'attendoit pas, & j'avois beau frapper,
-7 4663 3289 4873 le bruit des vents, de la pluie & du ton-
-6 4864 3560 5066 nerre, empêchoit de m'entendre. Le
-6 5060 3277 5279 jour eſt enfin venu, & l'on m'a ouvert.
-5 5254 3281 5464 J'étois tout trempé, & mon habit peſoit
-5 5448 3572 5662 cent livres; mais ce n'étoit pas la pluie
-4 5640 3273 5856 ſeule qui lui donnoit du poids; je fouillai
-4 5834 3277 6052 dans mes poches, & je les trouvai rem-
-4 6031 3281 6245 plies d'or. Cette petite circonſtance m'a-
-3 6226 3269 6444 doucit un peu la fin de cette fête, qui
2497 6443 2785 6587 Biv
