4266 7991
1028 780 4265 997 s'étoit terminée d'une manière très-pénible
1021 989 4266 1202 pour moi. „Attrapez-moi toujours de même,
1032 1188 4266 1386 „auroient dit la plupart des jeunes gens.“
1229 1378 4267 1588 Je me couchai, accablé de fatigue;
1032 1578 4267 1768 mais réfléchiſſant ſur tout ce que j'avois
1036 1768 4268 1977 vu d'extraordinaire. „Qu'eſt ce que ces
1040 1936 4268 2173 “gens-là, me diſois-je? ſont-ce les puiſ-
1044 2158 4268 2355 “ſances infernales?“ Je ne crois pas au
1040 2355 4269 2561 merveilleux; je penſe que tout doit être
1040 2557 4269 2754 naturel, & que ce qui paroît extraor-
1036 2734 4270 2942 dinaire ceſſe de l'être, quand on ſait
1036 2941 4270 3140 l'expliquer. Je voulus donc expliquer tout
1044 3138 4271 3334 ce que j'avois vu; mais j'étois accablé de
1040 3331 4271 3547 ſommeil; je m'y livrai bonnement, & je
1040 3529 3488 3725 remis l'explication à mon réveil.
1126 3704 4272 3926 Je dormis profondément & ſans aucun
1036 3920 4272 4118 rêve, & ne m'éveillai qu'après une im-
1040 4105 4273 4319 mobilité de plus de douze heures. Je me
1036 4314 4273 4506 reſſouvins exactement de tout ce que j'a-
1044 4494 4274 4704 vois vu la nuit précédente; mais je n'y
1040 4692 4274 4895 vis plus rien de ſi extraordinaire. D'abord
1040 4890 4274 5088 je me rappelai que, dans nos différens
1044 5083 4275 5282 entretiens, Camargo m'avoit demandé
1044 5279 4275 5480 divers détails ſur la taille, la figure, la
1044 5476 4276 5674 voix, les geſtes des différens perſonnages
1052 5668 4276 5873 que j'avois fréquentés. Je les lui avois tous
1047 5859 4277 6074 peints & caractériſés aſſez bien. C'étoit
1048 6061 4277 6284 elle; ſans doute, qui, d'après ces détails,
1060 6254 4277 6462 que je lui avois donnés, avoit choiſi &
