4266 8201
995 618 3910 834 Elle aſſure qu'on a conçu bonne idée
784 825 3922 1034 de moi, & qu'on ne tardera probable-
792 1027 4242 1258 ment pas à me recevoir dans la Société.
797 1230 4242 1464 Il faut m'attendre à quelques épreuves,
804 1432 4241 1645 & faire proviſion de force & de courage.
788 1630 4241 1843 Je commence à deſirer d'être reçu réel-
796 1823 4241 2045 lement dans ce Club; mais je frémis
804 2036 4241 2261 des délais qui retardent mon retour en
781 2234 1336 2392 France.
2182 2979 2640 3117 Suite.
797 3270 4241 3612 Caaco m'aſſura hier que mon ad-
817 3606 4241 3823 miſſion étoit prochaine. Elle me détailla,
821 3804 4241 4011 ſur la Société, pluſieurs particularités qui
521 4006 4241 4214 ne m'apprirent pas grand choſe; elle me
808 4213 4241 4424 dit qu'elle pourroit m'en apprendre bien
813 4411 4241 4615 plus long par la ſuite; mais elle me re-
813 4606 4241 4834 commanda le plus grand ſecret. Je le lui
817 4808 4241 5027 promis; elle me demanda ma parole d'hon-
817 5010 4241 5233 neur; je la lui donnai. „Mais, me dit-elle,
813 5209 4241 5460 “ſi, par hazard, tu étois arrêté, & qu'on
808 5415 4241 5620 “voulût te queſtionner ſur la Société
825 5614 4241 5847 “ſouterreine, n'avouerois-tu point tout
817 5816 4241 6022 “ce que tu ſais?“ -- „Ma chère amie,
817 6018 4241 6229 “lui répondis-je, que pourrois-je avouer?
825 6222 4241 6427 “je ne ſais rien.“ -- „Oui, mais re-
