4266 8010
309 631 3366 836 “de moi? Je ne ſuis pas un malfaiteur.
309 832 3370 1030 “Vous n'avez pas beſoin d'employer la
58 1024 3362 1227 “force pour que je vous ſuive. Je vous
298 1225 3374 1426 “prie, moi-même, de me conduire chez
305 1417 3382 1619 “un Magiſtrat, où je puiſſe me faire con-
301 1614 3354 1809 “noître, & vous dévoiler votre erreur.“
297 1802 3374 2003 --„Cela étant, ſuivez nous, me dit-on.“
301 1999 3378 2192 Je ſuivis, de mon plein gré. Bientôt nous
302 2191 3366 2385 arrivâmes dans une maiſon qui me parut
101 2380 3374 2584 celle d'un Juge de paix. Je fus reçu par
309 2572 3358 2776 pluſieurs hommes en noir, qui me pa-
309 2773 3370 2974 rurent des Magiſtrats. „Meſſieurs, leur
313 2969 3366 3176 “dis-je, je viens vous demander juſtice;
313 3162 3374 3360 “il eſt bien ſingulier qu'on viole ſi lé-
313 3356 3366 3551 “gérement, à mon égard, la liberté An-
313 3551 3382 3747 “gloiſe, qu'on me prenne pour un autre
309 3743 3378 3945 “avec ſi peu d'examen, & qu'on m'ar-
313 3939 3370 4135 “rête ainſi ſans me connoître, au milieu
309 4132 2125 4327 “des rues de Londres.“
510 4325 3724 4513 On décida que j'avois beſoin d'abord
325 4517 3378 4718 d'un interprête, ne m'expliquant pas aſſez
321 4713 3382 4906 aiſément en Anglois; en conſéquence, on
321 4906 3378 5107 chargea quelqu'un de pourſuivre, avec
329 5106 3370 5299 moi, l'interrogatoire en françois. Alors
321 5299 3366 5502 cet homme grave me parlant dans ma
313 5487 3370 5690 langue: „Céſar de Perlencour, me dit-
329 5688 3382 5883 “il, vous croyez que nous ne vous con-
125 5880 3382 6081 „noiſſons pas. Nous ſavons que vous êtes
341 6077 3374 6281 “arrivé ici depuis un mois, que vous
