4266 8078
2336 402 2823 624 o
1044 615 4102 853 “vous ſauviez de France pour un duel, &,
1040 836 4242 1048 “qu'au lieu de preſſer l'inſtant de votre
1040 1031 4242 1240 “retour dans votre patrie, vous vous
1035 1228 4242 1431 “amuſez dans une Société qu'on nomme
1044 1411 4242 1658 “ſouterreine. Croyez - vous à préſent que
1032 1632 4242 1841 “nous vous prenions pour un autre?“
1032 1812 4242 2045 Je fus ſurpris, comme on peut le penſer,
1039 2024 4242 2232 dé ce qu'on me connoiſſoit ſi bien.
1052 2216 4242 2428 „Meſſieurs, répondis-je, il eſt clair
1040 2415 4242 2627 “que vous avez entendu parler de
1032 2616 4242 2831 „moi; cependant vous n'en êtes pas
1036 2812 4242 3015 “moins dans l'erreur ſur mon compte.
1044 3010 4242 3210 “Car enfin, ſi vous me connoiſſiez, vous
1040 3207 4242 3408 „ſauriez qu'il n'y a aucune faute à me
1036 3403 4242 3612 “reprocher, & que je ne mérite pas
1036 3602 4242 3810 „d'être arrêté, dans la rue, comme un
1032 3799 4242 4009 “criminel. On pouvoit, tout-au-plus,
1036 4002 4242 4202 „envoyer chez moi, pour m'inviter à
1028 4194 4242 4409 “paſſer chez un Magiſtrat, chargé de me
1036 4389 4242 4595 “faire les queſtions qu'on vouloit me faire;
1039 4592 4242 4791 “mais la violence & l'outrage n'étoient
1036 4784 4242 4993 “pas permis, vis-à-vis d'un étranger à qui
1040 4982 4242 5203 “l'on doit des égards, ſi l'on ſe vante
1032 5186 2519 5393 „de le connoître.“
1064 5357 4242 5580 „Monſieur, me répondit l'homme
1036 5577 4242 5782 “noir, nous n'avons pas beſoin de re-
1036 5769 4242 5980 “courir à vous, pour ſavoir comment nous
1035 5973 4242 6180 “devons nous comporter. Répondez à
1036 6166 4242 6388 “nos queſtions; voilà tout ce que nous
940 6694 1424 6798 à
