4266 8031
1730 506 2224 684 à
113 714 3503 934 “exigeons de vous. Qu'eſt-ce que cette
453 931 3499 1131 “Société ſouterreine, dans laquelle vous
453 1125 3507 1350 “êtes aggrégé?“ -- „Je ne ſuis point
461 1319 3499 1526 “aggrégé, répondis - je, dans la Société
449 1516 3507 1714 “ſouterreine. Si vous êtes ſi inſtruits, je
453 1713 3507 1906 “dois recevoir, de vous, des lumières,
465 1903 3515 2053 “& non vous en donner. Je ne connois la
457 2101 3503 2291 “Société ſouterreine que par oui-dire; &,
445 2290 3495 2486 “loin de la bien connoître, je n'ai pas lieu,
441 2484 3484 2682 „même, d'être parfaitement sûr de ſon
84 2677 3495 2875 “exiſtence.“ -„Vous en avez reçu pluſieurs
433 2879 3503 3081 “ſommes, reprit l'homme noir; vous vous
433 3077 3499 3270 „êtes trouvé dans un bal, donné par ce
434 3274 3499 3468 „tripot; vous voyez, tous les ſoirs,
429 3460 3499 3653 “une de ſes agentes.“ -- „Vous êtes
433 3653 3495 3859 “parfaitement inſtruits, repartis-je, de
433 3855 3495 4049 “tout ce que je puis vous dire; vous me
90 4049 3495 4250 “détaillez exactement tout ce qui m'eſt
433 4246 3499 4428 “arrivé avec cette Société inconnue; vous
426 4440 3500 4626 „devez voir que, dans tout cela, il n'y
433 4633 3499 4836 “a aucun tort de ma part, aucun reproche
426 4830 1528 4977 “à me faire.“
647 5016 3488 5228 „Malgré tous ces beaux raiſonnemens,
441 5218 3495 5421 “me répondit-on, ſi vous ne voulez pas
449 5415 3495 5615 “nous détailler tout ce que vous ſavez
445 5613 3491 5812 “ſur votre Société, vous allez être en-
438 5806 3492 5992 “fermé dans un cachot, & vous y reſ-
441 6012 3495 6209 “terez juſqu'à ce que vous ayez tout
429 6193 3484 6395 “avoué.“ -- „Cette Société, répondis-
