4266 7902
2207 550 2683 728 aa
982 770 3956 967 étoit, au moins, à dix pieds de hauteur.
978 959 3968 1161 Comment pouvoir y toucher? Il me ſembla
963 1153 3968 1354 voir ſuſpendue, à côté du pain, à la
959 1345 3960 1546 même hauteur, une cruche qui devoit
975 1544 3972 1741 être pleine d'eau. „Voilà donc ma nour-
824 1733 3968 1927 “riture, me diſois-je. On la met hors
951 1919 3964 2120 “de ma portée. Ainſi jetrouverai la mort,
967 2113 3968 2307 “à la vue de l'aliment qui devoit l'écarter
975 2306 1792 2442 “de moi.“
1150 2493 3965 2679 Au milieu de la voûte, je vis un trou
971 2686 3972 2879 rond, fermé par une trappe, à laquelle
967 2876 3972 3068 étoient ſuſpendus les deux objets dont
955 3065 3979 3261 j'avois beſoin. Je deſirois fort de ſortir
959 3259 3972 3454 par ce trou; mais il étoit à plus de douze
955 3449 3960 3639 pieds de haut; d'ailleurs il étoit fermé,
769 3638 3975 3838 & peut-être à la clef; & comment l'en-
839 3828 3968 4030 foncer, quand je ne pouvois pas même
955 4026 3972 4219 y toucher? Il y avoit une porte, mais
955 4215 3964 4407 elle étoit très-forte; la trappe le paroiſſoit
952 4401 3964 4599 moins, mais elle étoit très-haute; égal
967 4591 2709 4782 embarras des deux côtés.
1156 4773 3960 4975 Il falloit me nourrir & me ſauver. Je
959 4970 3968 5165 n'avois pas le temps de faire des réflexions.
947 5165 3960 5365 J'examinai bien ma porte; il me parut
955 5353 3964 5549 impoſſible de la forcer, ſur-tout me trou-
951 5547 3956 5745 vant dépourvu de tout inſtrument pour
967 5737 3956 5935 cela; car je n'avois pas même un couteau.
963 5927 3952 6125 La lumière augmentoit un peu, ou mes
971 6120 3952 6299 yeux, du moins, ſe faiſoient à l'obſcu-
