4266 7885
2313 572 2955 746 Rn.
1070 772 4266 1009 jets. On me demandera pourquoi l'eau ne
1070 987 4266 1191 tomboit pas de la cruche. C'eſt parce
938 1176 4266 1389 qu'elle étoit exactement fermée. Il y avoit
1059 1371 4267 1579 un petit goulot qu'il falloit pouvoir mettre
1066 1564 4267 1775 dans ma bouche, pour boire; & j'avois
1063 1754 4268 1972 bien de la peine à y toucher du bout du
1059 1967 1472 2151 doigt.
1265 2125 4269 2353 Je paſſai toute la journée dans cette
764 2344 4269 2544 horrible fatigue. J'étois rendu, & d'au-
1078 2536 4269 2736 tant plus épuiſé, que je n'avois pu par-
814 2722 4270 2923 venir à boire ni manger. Je m'étendis ſur
1078 2914 4270 3116 la terre, preſque ſans eſpoir pour le len-
1074 3109 4271 3303 demain. Je ſentois qu'il falloit parvenir
1078 3303 4271 3499 à toucher le pain ou la cruche, des deux
1074 3493 4271 3691 mains, ce qui exigeoit que je ſautaſſe
1074 3687 4272 3882 plus haut; il falloit même parvenir à la
1082 3877 4272 4076 corde qui les tenoit ſuſpendus. J'avois fait
1082 4071 4273 4270 beaucoup de progrès, cette première jour-
1078 4266 4273 4462 née, dans l'art du ſaut. J'en pouvois faire
1086 4448 4274 4645 de plus grands le lendemain; mais je de-
1090 4638 4274 4844 vois être plus foible, ce qui devoit nuire
1086 4832 4274 5030 à mes progrès. Je m'endormis en cher-
1086 5023 4275 5238 chant de nouvelles reſſources, & de nou-
1078 5218 2270 5407 veaux expédiens.
1253 5404 4276 5613 Dès que je fus éveillé, preſſé par le be-
1098 5593 4276 5808 ſoin, je me remis à ſauter. Je fis mon
1094 5795 4277 6002 plan, & je m'adreſſai d'abord à la cruche,
1101 5993 4277 6182 quoique j'euſſe moins beſoin de boire.
1101 6172 4277 6403 Je ſentis que mes deux mains l'embraſſant
