4266 8196
-15 810 3399 1045 au-deſſus de ſa rondeur, cette convexité
-15 1018 3423 1227 pourroit me ſoutenir, au lieu que le pain,
-14 1218 3403 1631 es mains e ara te vele e ſon enenn
-13 1601 3407 1826 d'embraſſer la cruche au-deſſus de ſon
-13 1815 3423 2018 ventre; &, après l'avoir manquée vingt
-13 2006 3419 2227 fois, au bout de deux heures d'effort,
-12 2202 3423 2435 je vins à bout de la preſſer, de manière
-12 2403 3423 2625 que ſon ventre me ſoutint, ſans que
308 2600 3415 2811 j'euſſe le malheur de l'écraſer ou de la
-11 2798 3427 3010 décoller par mon poids. Je vins à bout
-10 3003 3423 3208 d'attraper le goulot, & je bus; mais cela
-10 3198 3427 3395 ne me ſuffiſoit pas. Je voyois le pain
-10 3388 3423 3623 ſuſpendu à mon niveau; mais comment
312 3587 3431 3797 pouvoir y toucher? J'avois beſoin de mes
-9 3787 3427 3994 deux mains pour me ſoutenir en l'air.
-8 3975 3431 4194 Je ſongeai que j'avois des dents; je me
-8 4185 3431 4393 mis à balancer, de façon que je touchois
-7 4386 3431 4606 au pain; mais il étoit trop gros pour que
-7 4579 3431 4812 je puſſe le mordre ainſi à la volée. Enfin
328 4779 3439 4982 j'attrapai, avec mes dents, la corde à
-6 4965 3439 5179 laquelle il étoit attaché. Alors je lâchai
-6 5156 3563 5386 la cruche, & je paſſai du côté du pain.
-5 5347 3563 5581 Je ſaiſis d'abord la corde, à deux mains,
-5 5556 3435 5779 & je mordis le pain, déjà rongé par les
-4 5747 3427 5966 ſouris.-Enſuite, fatigué d'être en l'air,
356 5963 3447 6176 je vins à bout de rompre un gros mor-
-3 6164 3439 6365 ceau, avec lequel je me laiſſai retomber
-3 6384 1032 6583 par terre.
