4266 7826
2305 544 2779 723 .
1260 752 4266 983 Cette occupation remplit ma journée
1060 964 4266 1165 entière. Fatigué; mais reſtauré, du moins,
1060 1156 4266 1352 mon réveil fut égayé par des ſonges, la
718 1344 4267 1746 oue, u jeevoouoe la anſeus le
1064 1728 4268 1931 corde faire leurs gambades. Je prenois,
1060 1917 4268 2117 en main, le balancier, & je ſautois plus
1060 2109 4269 2316 haut qu'eux. Tout le monde m'applaudiſ-
1067 2298 4269 2500 ſoit; mais ce qu'il y avoit de plus agréable,
1075 2493 4269 2686 c'eſt que, dans un grenier, au-deſſus du
1067 2679 4270 2878 théâtre, dont la trappe étoit ouverte, je
1064 2870 4270 3069 voyois, à chaque élévation, que je me
1056 3066 4271 3255 procurois par mes ſauts, je voyois, dis-
1064 3247 4271 3443 je, une table délicieuſement ſervie, en-
1067 3428 4271 3640 tourée des plus jolies filles. A force de
1067 3634 4272 3825 ſauter, je m'accrochois à ce que je ren-
1075 3810 4272 4031 controis; je parvenois à monter dans le
1071 4012 4273 4221 grenier. Je ſoupois avec les jolies filles,
864 4200 4273 4390 qui toutes me careſſoient à l'envi. Je fai-
1075 4380 4273 4578 ſois une chère délicieuſe, enſuite je jettois
1079 4569 4274 4766 le mouchoir, & je paſſois le reſte de la
1083 4761 4274 4978 nuit dans des plaiſirs, terminés par mon
1079 4954 1506 5089 réveil.
1179 5138 4275 5343 Le lendemain, je parvins preſqu'aiſé-
1083 5330 4276 5531 ment à boire & à manger; mais ce n'é-
1083 5523 4276 5738 toit pas encore aſſez pour moi. Je ne
1091 5711 4276 5915 voyois paroître perſonne. Je ne ſavois ſi,
1087 5899 4277 6106 mes proviſions finies, on m'en fourniroit
1091 6084 4277 6298 d'autres. D'ailleurs, je voulois ſortir d'eſ-
3478 6291 4278 6499 clavage.
