4266 7900
1559 709 2050 883 A
312 929 3308 1134 clavage. Il falloit enfoncer la trappe, en
308 1115 3312 1320 me tenant aux cordes qui ſoutenoient le
316 1316 3320 1521 pain ou l'eau. J'y touchois; mais, dans
327 1509 3328 1710 cet état, ſuſpendu moi-même, quel coup
319 1702 3324 1907 pouvois-je donner pour faire ſauter une
327 1895 3328 2093 trappe, &, peut-être, une ſerrure? Heu-
323 2080 3324 2273 reuſement que ces objets mobiles n'é-
331 2269 3331 2472 toient point ſuſpendus à la trappe; car
335 2462 3327 2666 ils l'auroient rendu trop peſante. Je vins
339 2655 3339 2806 à bout de m'élever au-deſſus de la cruche
343 2848 3335 3053 qui, ſe trouvant entre mes deux cuiſſes,
346 3042 3335 3244 me ſoutint & me ſervit preſque de ſiége;
350 3235 3737 3440 mais j'étois écraſé ſous la voûte, parce
350 3424 3343 3621 que la corde qui ſoutenoit le vaſe étoit
358 3617 3343 3814 fort courte; je paſſai mon dos ſous la
362 3806 3428 4007 trappe, & je la frappai, de mes deux
370 4003 3351 4208 épaules, avec précaution cependant, de
358 4196 3358 4389 peur que la cruche, mon appui, ne ſe
366 4381 3131 4580 caſsât & ne fondît entre mes cuiſſes.
451 4567 3362 4768 Enfin, je vins à bout de faire voler,
385 4768 3671 4965 en éclats, la trappe attachée par un ver-
385 4961 3358 5196 rouil, & je ſortis de ce gîte maudit. Je
157 5150 3358 5351 ne tardai pas à voir paroître des hommes
165 5341 3351 5551 armés, qui crioient ſtop, ſtop. (Arrête,
404 5532 3358 5733 arrête. J'en prévins un qui vouloit fondre
408 5717 3366 5918 ſur moi; je fondis moi-même ſur lui. Je
416 5910 3374 6127 lui arrachai ſon fuſil, & l'en bourrai de
424 6108 3382 6312 manière à le faire décamper. Les bourrades
428 6301 3385 6484 me réuſſirent pareillement à l'égard des
1281 6480 1501 6579 y
651 6490 1354 6652 Tome Il.
