4266 8117
2155 642 2654 880 oo
859 878 3941 1093 autres, & je vis bientôt fuir cette canaille.
740 1076 3945 1292 Alors parurent d'autres hommes qui me
855 1275 3953 1489 tendirent les bras. „Hé! venez, me dit-
847 1477 3953 1684 “on, cher Perlencour, brave Céſar, ve-
851 1679 3953 1829 “nez vous divertir avec vos amis. Nous
847 1877 3949 2079 “avons appris la manière indigne dont
847 2075 3949 2277 “on vous a traité, & nous venions pour
851 2269 3961 2475 “vous délivrer; mais vous avez prévenu
854 2463 3953 2671 “nos efforts; vous n'avez pas beſoin des
855 2661 3949 2875 “ſecours de perſonne; vous avez ſu vous
858 2863 2958 3010 “délivrer vous même.“
1057 3057 4004 3262 Je fus juſtement ſurpris d'un accueil
518 3255 3949 3458 ſi oppoſé au premier, de la part de ces
859 3453 3953 3659 nouveaux venus; mais leur politeſſe pou-
863 3654 3949 3862 voit cacher quelque piége. „Meſſieurs,
862 3850 3945 4048 “leur dis-je, oſerois-je vous demander qui
863 4052 3949 4263 “vous êtes, & comment vous me con-
866 4242 3953 4444 „noiſſez?“ -- „Mon bon ami, répondit
866 4444 3941 4646 “le chef, la queſtion nous étonne peu;
866 4638 3945 4840 “elle eſt naturelle de votre part. Il faut
866 4836 3941 5034 “vous raſſurer d'un mot. Nous ſommes
867 5030 3937 5276 “des députés de la Société ſouterreine,
866 5228 3933 5431 “qui brule de vous admettre dans ſon
862 5426 3925 5630 “ſein. Nous vous avons cherché de tous
862 5628 3929 5827 “côtés; nous avons appris l'accident
859 5811 3925 6025 “fâcheux qui vous étoit arrivé. Nous
855 6021 3921 6223 “avons ſuivi vos traces chez le Juge
859 6219 3913 6421 “de paix. Nous avons appris qu'on
851 6413 3913 6639 “avoit violé les loix protectrices de l'An-
