4266 8261
2005 534 2631 720 §
514 770 3945 987 Elles chanterent auſſi ma valeur; elles y
803 977 3949 1193 joignirent ce qu'elles voulurent bien ap-
807 1176 3953 1396 peller mes graces, & m'embraſſerent
811 1387 3961 1595 toutes l'une après l'autre. Ces nouveaux
811 1586 3957 1802 embraſſemens me firent beaucoup plus de
799 1796 2597 2005 plaiſir que les premiers.
1018 1972 3961 2205 Enſuite chacun s'empara de ſa chacune.
811 2203 3969 2406 Il y en avoit deux deſtinées pour moi,
818 2406 3973 2601 & dont on me donnoit le choix; je par-
815 2605 3982 2817 tageai mes amitiés entr'elles deux. On ſe
790 2812 3978 3015 mit à table; moi au milieu de mon couple
815 3015 3982 3220 femelle, tous les autres chacun auprès de
795 3218 3978 3423 leur maîtreſſe. On fit une chère déli-
827 3417 3986 3624 cieuſe, qui fut égayée par les propos les
827 3624 4002 4039 pa iiſit
823 4030 4002 4237 s'être raſſemblée chez nous, ſous la terre,
827 4229 3986 4440 & nous repréſentoit parfaitement la gaîté
807 4439 1522 4644 françoiſe.
1034 4616 3998 4847 Après le repas, le chef m'accoſta. Il
831 4838 3990 5050 étoit d'une figure agréable & ſpirituelle.„
835 5041 3986 5249 “Hé bien, mon cher ami, me dit-il,
843 5244 3990 5449 “comment ſe porte la petite Levrette?“
839 5443 3994 5657 -- „Fort bien, lui répondis-je; mais je
823 5650 3998 5865 “ſuis étonné de voir que vous me con-
823 5851 3998 6056 „noiſſiez ſi bien. Qui a pu vous révéler
815 6052 3998 6268 “tant de choſes ſur mon compte? C'eſt,
835 6259 3994 6474 “ſans doute, Camargo...“ -- „Je vous
