<PcGts xmlns="http://schema.primaresearch.org/PAGE/gts/pagecontent/2017-07-15" xmlns:xsi="http://www.w3.org/2001/XMLSchema-instance" xsi:schemaLocation="http://schema.primaresearch.org/PAGE/gts/pagecontent/2017-07-15 http://schema.primaresearch.org/PAGE/gts/pagecontent/2017-07-15/pagecontent.xsd"><Metadata><Creator>User123</Creator><Created>2020-10-17T17:12:54</Created><LastChange>2020-10-17T17:12:54</LastChange></Metadata><Page imageFilename="0066.png" imageHeight="8169" imageWidth="4266"><TextRegion id="r0" type="paragraph" orientation="0.125"><Coords points="1,1 4264,1 4264,8167 1,8167"/><TextLine id="r0_l001"><Coords points="-16,1 797,-1 797,158 -16,160"/><TextEquiv index="1"><Unicode>--.-</Unicode></TextEquiv></TextLine><TextLine id="r0_l002"><Coords points="1532,624 2248,622 2248,857 1532,859"/><TextEquiv index="1"><Unicode>.</Unicode></TextEquiv></TextLine><TextLine id="r0_l003"><Coords points="1261,1070 1260,1069 1260,1067 1260,1067 -14,1070 -15,1069 -15,859 -15,859 -5,859 -4,858 14,858 15,858 15,860 15,861 864,859 865,860 2422,856 2425,854 2425,853 2425,852 2426,852 2427,851 2683,851 2685,849 2685,848 2685,848 2886,847 2889,850 2889,851 2889,851 3070,851 3073,853 3073,854 3073,855 3074,855 3077,857 3077,858 3077,859 3094,859 3095,860 3314,859 3315,860 3316,860 3317,861 3317,862 3318,863 3322,863 3323,864 3324,864 3325,865 3325,866 3326,867 3330,867 3331,868 3332,868 3333,869 3333,874 3336,876 3337,876 3337,877 3337,911 3338,911 3351,911 3352,912 3353,912 3353,913 3353,914 3356,916 3357,916 3357,917 3357,930 3360,932 3361,932 3361,933 3361,974 3364,976 3365,976 3365,977 3365,991 3365,991 3364,991 3361,994 3361,999 3360,1000 3347,1000 3345,1002 3345,1003 3344,1004 2801,1006 2799,1008 2790,1008 2789,1008 2789,1058 2789,1059 2113,1060 2112,1061 2112,1065 2112,1065 1269,1067 1268,1067 1268,1069 1268,1070"/><TextEquiv index="1"><Unicode>“connois avant elle, reprit le chef. C'eſt</Unicode></TextEquiv></TextLine><TextLine id="r0_l004"><Coords points="2261,1263 2260,1261 2260,1214 2259,1214 876,1217 876,1217 876,1261 873,1264 1,1266 0,1267 -14,1267 -14,1266 -15,1070 -14,1070 1,1070 1,1070 1,1072 1,1073 1613,1069 1614,1068 2104,1067 2104,1067 2104,1066 2105,1065 2767,1064 2769,1061 2769,1060 2770,1060 2771,1060 2773,1058 2909,1057 2910,1056 2912,1056 2913,1055 3254,1055 3255,1056 3256,1056 3256,1056 3257,1057 3257,1058 3258,1059 3259,1059 3260,1060 3265,1060 3265,1060 3266,1112 3266,1113 3339,1112 3341,1114 3341,1115 3341,1115 3342,1115 3343,1116 3347,1116 3353,1122 3353,1127 3353,1127 3354,1127 3357,1130 3357,1143 3357,1143 3358,1143 3361,1146 3361,1151 3359,1152 3358,1152 3357,1154 3357,1187 3355,1188 3354,1188 3353,1189 3353,1190 3353,1191 3351,1192 3350,1192 3350,1193 3349,1194 3349,1195 3347,1196 3346,1196 3346,1197 3345,1198 3345,1199 3343,1200 3342,1200 3341,1202 3341,1203 3339,1204 3284,1204 3284,1205 3284,1257 3283,1257 2284,1260 2284,1260 2284,1262 2283,1263"/><TextEquiv index="1"><Unicode>“moi qui lui ai donné la commiſſion de</Unicode></TextEquiv></TextLine><TextLine id="r0_l005"><Coords points="1794,1468 1792,1466 1792,1465 1791,1464 1790,1464 1788,1462 1788,1436 1788,1436 1670,1436 1668,1435 1668,1416 1668,1415 1,1419 1,1419 1,1466 1,1467 0,1467 -1,1468 -13,1468 -14,1467 -14,1267 -14,1267 0,1267 1,1267 1,1324 1,1325 1379,1322 1380,1321 1380,1277 1382,1275 1383,1275 1384,1274 1384,1273 1385,1272 1390,1272 1392,1270 1392,1269 1393,1268 2261,1266 2262,1265 2262,1263 2262,1263 3113,1261 3114,1260 3115,1260 3117,1258 3117,1257 3118,1256 3139,1256 3141,1258 3284,1257 3285,1258 3285,1259 3286,1260 3287,1260 3289,1262 3289,1312 3289,1312 3355,1312 3357,1314 3357,1315 3358,1316 3359,1316 3361,1318 3361,1319 3362,1320 3363,1320 3365,1322 3365,1383 3364,1384 3363,1384 3361,1386 3361,1391 3360,1392 3359,1392 3357,1394 3357,1451 3356,1452 3355,1452 3353,1454 3342,1454 3341,1454 3341,1450 3341,1449 2297,1452 2296,1452 2296,1460 2296,1461 1905,1461 1904,1462 1904,1466 1904,1466 1832,1467 1831,1468"/><TextEquiv index="1"><Unicode>“vous raccrocher, parce que je voulois</Unicode></TextEquiv></TextLine><TextLine id="r0_l006"><Coords points="-13,1667 -13,1666 -14,1474 -14,1468 -13,1468 -1,1468 0,1467 2285,1462 2286,1461 2793,1460 2793,1459 2793,1457 2795,1456 3353,1454 3353,1455 3353,1508 3354,1508 3364,1508 3365,1510 3365,1511 3367,1512 3368,1512 3369,1513 3369,1514 3369,1515 3371,1516 3372,1516 3373,1518 3373,1527 3372,1528 3371,1528 3369,1530 3369,1531 3368,1532 3369,1567 3367,1568 3366,1568 3365,1570 3365,1583 3363,1584 3362,1584 3361,1586 3361,1587 3359,1588 3358,1588 3357,1590 3357,1595 3355,1596 3346,1596 3345,1598 3345,1599 3343,1600 2817,1601 2815,1604 2814,1604 2813,1605 2813,1606 2811,1608 2806,1608 2805,1609 2805,1610 2803,1612 2569,1612 2569,1613 2569,1659 2568,1659 2552,1659 2552,1659 2552,1610 2551,1609 916,1613 916,1613 916,1614 914,1616 499,1617 499,1617 499,1658 497,1660 496,1660 496,1660 496,1661 493,1664 1,1665 1,1665 1,1666 0,1667"/><TextEquiv index="1"><Unicode>“que vous fuſſiez des nôtres. Je vous</Unicode></TextEquiv></TextLine><TextLine id="r0_l007"><Coords points="-12,1863 -13,1862 -13,1667 -13,1667 2223,1662 2225,1660 2972,1658 2974,1656 2975,1656 2977,1655 2977,1654 2978,1652 2987,1652 2989,1654 2989,1704 2989,1704 3139,1704 3141,1705 3141,1706 3142,1708 3239,1708 3240,1709 3351,1708 3353,1710 3353,1711 3354,1712 3355,1712 3357,1714 3357,1715 3358,1716 3359,1716 3361,1718 3361,1767 3362,1768 3363,1768 3365,1770 3365,1771 3366,1772 3367,1772 3369,1774 3369,1787 3367,1788 3366,1788 3365,1790 3365,1791 3364,1792 3363,1792 3361,1794 3361,1795 3360,1796 3355,1796 3353,1798 3353,1799 3352,1800 2818,1801 2817,1802 2817,1842 2816,1844 2815,1844 2813,1845 2813,1846 2812,1848 2811,1848 2809,1849 2809,1850 2808,1852 2783,1852 2773,1842 2773,1811 2773,1811 2182,1812 2181,1811 2181,1810 2179,1808 2178,1808 2176,1806 1,1811 1,1811 1,1862 1,1863"/><TextEquiv index="1"><Unicode>“connoiſſois en France. J'étois prévenu</Unicode></TextEquiv></TextLine><TextLine id="r0_l008"><Coords points="-12,2060 -12,2059 -13,1863 -12,1863 1,1863 1,1863 1,1864 1,1865 1416,1862 1418,1860 1419,1860 1419,1859 1420,1858 1420,1857 1422,1856 1435,1856 1436,1854 1436,1853 1438,1852 1443,1851 1444,1852 1463,1852 1465,1854 2371,1852 2373,1855 2373,1856 2374,1856 2375,1856 2377,1859 2377,1865 2378,1865 3060,1864 3061,1865 3061,1866 3063,1868 3272,1868 3273,1869 3273,1870 3275,1872 3276,1871 3276,1872 3276,1873 3277,1874 3277,1879 3279,1880 3280,1880 3281,1882 3281,1900 3282,1900 3340,1900 3341,1902 3341,1903 3343,1904 3356,1904 3357,1906 3357,1907 3359,1908 3360,1908 3361,1910 3361,1911 3363,1912 3364,1912 3365,1914 3365,1923 3367,1924 3368,1924 3369,1926 3369,1972 3369,1972 3368,1972 3363,1977 3362,1977 3361,1978 3361,1983 3359,1985 3358,1985 3357,1986 3357,1987 3355,1989 3354,1989 3353,1990 3353,1991 3352,1992 3327,1992 3326,1993 3326,1994 3325,1995 3325,1996 3325,1996 3274,1997 3273,1997 3273,2002 3271,2005 3270,2005 3269,2005 3269,2015 3268,2016 3268,2018 3266,2021 3265,2021 3265,2021 3265,2030 3263,2032 3258,2032 3257,2033 3257,2034 3254,2037 3253,2037 3253,2037 3253,2038 3250,2041 3249,2041 3249,2041 3249,2042 3247,2044 2953,2044 2953,2045 2953,2050 2952,2050 1492,2053 1492,2054 1492,2055 1491,2055 1162,2056 1161,2057"/><TextEquiv index="1"><Unicode>“ſur votre paſſage en Angleterre; &amp; je</Unicode></TextEquiv></TextLine><TextLine id="r0_l009"><Coords points="-11,2257 -12,2256 -12,2060 -12,2060 1040,2057 1041,2056 1046,2056 1048,2055 1048,2054 1049,2052 1057,2052 1060,2055 1060,2056 1060,2056 1492,2055 1493,2056 1498,2056 1500,2058 1500,2105 1500,2105 2932,2102 2933,2102 2933,2062 2934,2060 2935,2060 2937,2059 2937,2058 2938,2056 2939,2056 2941,2055 2941,2054 2942,2052 2947,2052 2949,2050 3176,2050 3178,2048 3203,2048 3205,2049 3205,2050 3205,2051 3207,2053 3208,2053 3209,2053 3209,2055 3209,2056 3251,2056 3253,2057 3253,2058 3255,2060 3255,2061 3256,2061 3257,2061 3257,2062 3258,2064 3263,2064 3265,2065 3265,2070 3267,2073 3268,2073 3269,2073 3269,2074 3271,2077 3272,2077 3273,2077 3273,2078 3275,2081 3276,2080 3277,2081 3277,2087 3279,2089 3280,2089 3281,2090 3281,2091 3283,2093 3284,2093 3285,2094 3285,2104 3285,2104 3355,2104 3357,2106 3357,2107 3357,2107 3359,2109 3360,2109 3361,2110 3361,2111 3363,2113 3364,2113 3365,2114 3365,2168 3364,2168 3363,2168 3362,2169 3361,2169 3361,2170 3361,2180 3360,2180 3359,2180 3355,2184 3351,2184 3343,2192 3342,2192 3341,2193 1872,2197 1872,2197 1872,2239 1871,2240 1870,2240 1870,2240 1868,2242 1868,2243 1867,2244 1866,2244 1864,2246 1864,2247 1863,2248 1842,2248 1841,2249 1278,2250 1278,2250 1278,2252 1278,2253 1,2256 1,2257"/><TextEquiv index="1"><Unicode>“vous ai fait épier, pour vous avoir dès</Unicode></TextEquiv></TextLine><TextLine id="r0_l010"><Coords points="-11,2454 -12,2453 -12,2257 -11,2257 1092,2254 1093,2253 1279,2253 1280,2254 2159,2252 2160,2253 2160,2254 2162,2256 2163,2256 2164,2257 2164,2272 2165,2273 2723,2272 2725,2274 2725,2275 2726,2276 2727,2276 2729,2278 2729,2283 2730,2284 2731,2284 2733,2286 2733,2296 2734,2297 2943,2296 2945,2299 2945,2300 2946,2300 3167,2300 3168,2301 3169,2301 3169,2301 3169,2302 3171,2304 3277,2303 3278,2304 3367,2304 3368,2305 3369,2305 3369,2306 3369,2311 3372,2313 3373,2313 3373,2314 3373,2324 3373,2324 3372,2324 3369,2327 3369,2372 3369,2372 3368,2372 3365,2375 3365,2376 3365,2376 3364,2376 3361,2379 3361,2380 3361,2380 3360,2380 3357,2383 3357,2384 3357,2384 3356,2384 3355,2385 3339,2385 3337,2387 3337,2388 3337,2388 3336,2388 3335,2389 3295,2389 3293,2391 3293,2392 3293,2392 3292,2392 3291,2393 2802,2395 2801,2395 2801,2430 2799,2433 2798,2433 2797,2433 2797,2438 2795,2441 2752,2441 2751,2440 2750,2440 2749,2439 2749,2438 2747,2436 2746,2436 2745,2435 2745,2389 2745,2389 1432,2392 1431,2392 1431,2442 1431,2443 858,2444 857,2444 857,2448 857,2449 1,2451 1,2451 1,2453 1,2454"/><TextEquiv index="1"><Unicode>“votre arrivée.“ -- „Tout ce que vous</Unicode></TextEquiv></TextLine><TextLine id="r0_l011"><Coords points="3264,2649 3264,2648 3264,2593 3263,2593 3069,2593 3069,2593 3069,2635 3067,2637 3066,2637 3066,2637 3065,2638 3065,2639 3064,2640 3063,2640 3062,2641 3054,2641 3053,2642 3053,2643 3052,2644 3051,2644 3050,2645 3038,2645 3037,2644 3037,2643 3035,2641 3018,2641 3017,2640 2594,2641 2593,2639 2593,2591 2592,2591 1,2597 1,2597 1,2651 0,2652 -11,2652 -11,2651 -12,2454 -11,2454 787,2452 788,2450 788,2449 789,2449 790,2449 791,2448 799,2448 799,2447 799,2446 801,2445 1423,2444 1424,2443 1431,2443 1432,2442 1433,2443 2012,2441 2012,2442 2012,2443 2014,2444 2018,2444 2019,2445 2020,2445 2020,2446 2020,2450 2021,2450 3207,2448 3216,2457 3217,2457 3217,2457 3218,2499 3218,2500 3266,2500 3271,2505 3282,2504 3287,2509 3288,2509 3289,2510 3289,2532 3289,2532 3361,2532 3362,2533 3364,2533 3365,2534 3365,2535 3366,2536 3367,2537 3368,2537 3369,2538 3369,2548 3368,2548 3367,2548 3365,2551 3365,2556 3363,2557 3289,2557 3289,2558 3289,2576 3288,2576 3287,2576 3285,2579 3285,2584 3284,2584 3283,2584 3281,2587 3281,2588 3280,2588 3279,2588 3278,2589 3273,2590 3273,2590 3273,2591 3272,2592 3271,2592 3270,2593 3266,2593 3266,2593 3266,2648 3265,2649"/><TextEquiv index="1"><Unicode>“me dites m'étonne beaucoup, repris-</Unicode></TextEquiv></TextLine><TextLine id="r0_l012"><Coords points="401,2853 399,2851 399,2849 399,2849 -10,2850 -11,2849 -11,2652 -11,2652 0,2652 1,2652 1,2661 1,2662 1211,2659 1212,2659 1212,2654 1212,2653 1213,2653 1216,2650 1216,2649 1216,2649 1354,2649 1356,2650 1356,2696 1356,2697 1410,2697 1411,2698 2279,2696 2280,2695 2280,2650 2281,2649 2282,2649 2285,2646 2285,2645 2285,2645 2290,2645 2293,2642 2293,2641 2293,2641 2307,2641 2308,2641 2308,2642 2310,2645 2311,2645 2312,2645 2312,2646 2313,2647 2313,2696 2313,2697 2343,2697 2344,2698 3240,2696 3241,2695 3241,2678 3243,2676 3244,2676 3245,2675 3245,2674 3247,2672 3248,2672 3249,2671 3249,2658 3251,2656 3252,2656 3253,2655 3253,2654 3254,2653 3259,2653 3261,2651 3261,2650 3262,2649 3267,2649 3269,2650 3269,2651 3269,2652 3270,2652 3273,2654 3273,2711 3274,2712 3275,2712 3277,2714 3277,2715 3281,2719 3281,2724 3282,2724 3283,2724 3285,2727 3285,2733 3286,2733 3364,2733 3369,2739 3369,2748 3368,2749 3367,2749 3365,2751 3365,2756 3364,2757 3363,2757 3362,2758 3361,2759 3361,2760 3360,2761 3286,2761 3285,2762 3285,2772 3284,2773 3283,2773 3281,2775 3281,2776 3280,2777 3274,2778 3273,2778 3273,2779 3272,2781 3271,2781 3269,2782 3269,2783 3268,2785 3255,2785 3253,2786 3253,2787 3252,2789 3050,2789 3049,2789 3049,2795 3048,2797 3047,2797 3045,2799 3045,2804 3045,2804 3044,2804 3043,2805 3041,2807 3041,2808 3041,2808 3040,2808 3037,2811 3037,2812 3036,2813 3031,2813 3029,2815 3029,2816 3028,2817 3023,2817 3021,2819 3021,2820 3020,2821 3007,2821 3005,2820 3005,2790 3005,2789 2949,2789 2948,2790 2948,2846 2948,2846 2935,2846 2934,2846 2934,2790 2934,2789 2843,2789 2842,2788 1721,2791 1719,2793 1706,2793 1705,2792 436,2795 435,2795 435,2807 434,2809 433,2809 431,2810 431,2815 430,2817 429,2817 427,2818 427,2827 426,2829 425,2829 423,2830 423,2835 422,2837 421,2837 419,2838 419,2839 418,2841 417,2841 415,2842 415,2847 414,2849 413,2849 411,2850 411,2851 410,2853"/><TextEquiv index="1"><Unicode>“je.“ -- „Vous verrez chez nous, ré-</Unicode></TextEquiv></TextLine><TextLine id="r0_l013"><Coords points="-10,3048 -10,3047 -11,2850 -10,2850 1,2850 1,2850 1,2965 1,2966 270,2965 271,2965 270,2939 271,2938 271,2935 273,2933 274,2933 275,2932 275,2919 277,2917 314,2917 315,2915 315,2914 317,2913 322,2913 323,2911 323,2910 325,2909 426,2909 427,2907 427,2906 429,2905 529,2904 530,2905 732,2905 732,2905 732,2858 733,2857 734,2857 736,2855 736,2854 737,2853 738,2853 740,2851 740,2850 741,2849 979,2849 980,2850 980,2901 981,2902 1216,2901 1216,2900 1216,2854 1222,2849 1227,2849 1227,2848 1227,2847 1230,2845 1431,2845 1432,2843 1432,2842 1434,2841 1445,2840 1446,2841 1451,2841 1452,2843 1452,2844 1454,2845 1459,2845 1460,2846 1653,2846 1654,2845 1667,2845 1668,2847 1668,2848 1670,2849 1711,2849 1712,2850 1712,2851 1714,2853 1719,2853 1720,2854 1720,2859 1722,2861 1723,2861 1724,2862 1724,2867 1725,2868 1726,2868 1727,2869 1728,2869 1728,2869 1728,2896 1729,2897 1920,2896 1920,2896 1920,2895 1922,2893 1932,2893 1932,2894 1932,2897 1933,2897 2296,2897 2296,2896 2296,2851 2297,2850 2297,2849 2298,2849 2299,2849 2301,2846 2301,2845 2302,2845 2307,2845 2308,2843 2308,2842 2310,2841 2312,2841 2313,2842 2313,2843 2315,2845 2324,2845 2325,2846 2519,2845 2521,2843 2521,2842 2522,2841 2527,2841 2529,2839 2529,2838 2530,2837 2548,2837 2548,2838 2548,2839 2549,2839 2551,2841 2552,2841 2552,2842 2552,2843 2555,2845 2556,2845 2557,2847 2557,2897 2558,2897 2929,2896 2929,2896 2929,2851 2934,2846 2949,2846 2949,2847 2949,2848 2951,2849 2952,2849 2953,2851 2953,2852 2955,2853 2956,2853 2957,2855 2957,2905 2958,2905 3278,2904 3279,2905 3360,2905 3361,2907 3361,2908 3363,2909 3364,2909 3365,2911 3365,2928 3364,2929 3363,2929 3360,2932 3361,2972 3359,2973 3358,2973 3357,2975 3357,2984 3355,2985 3350,2985 3349,2987 3349,2988 3347,2989 3269,2990 3269,2990 3269,2991 3267,2993 3066,2993 3065,2991 3065,2990 3063,2989 2821,2989 2821,2990 2821,3035 2819,3036 2818,3037 2817,3038 2816,3039 2816,3040 2815,3041 2778,3041 2777,3039 2777,3038 2776,3038 2775,3037 2774,3037 2773,3035 2773,2989 2772,2989 2570,2989 2568,2987 2568,2986 2567,2985 2373,2985 2372,2984 2137,2985 2137,2985 2137,2986 2134,2989 2057,2989 2057,2989 2057,2988 2054,2985 1796,2986 1796,2986 1796,2987 1794,2989 1532,2989 1532,2990 1532,3000 1530,3001 1529,3001 1529,3002 1528,3003 1528,3004 1526,3005 1525,3005 1525,3006 1524,3007 1524,3008 1522,3009 1521,3009 1520,3011 1520,3012 1518,3013 1513,3013 1512,3015 1512,3016 1510,3017 1509,3017 1508,3019 1508,3020 1506,3021 1489,3021 1488,3020 1488,3019 1486,3017 1485,3017 1484,3016 1484,2989 1483,2988 1044,2989 1044,2990 1044,2991 1043,2992 1043,2993 1042,2993 1029,2993 1028,2992 749,2993 747,2991 747,2990 746,2989 455,2990 455,2990 455,3039 453,3041 452,3041 451,3042 451,3043 449,3045 416,3045 415,3043 415,2981 414,2981 136,2981 135,2983 135,2984 133,2985 132,2985 131,2987 131,2988 129,2989 1,2990 1,2990 1,3047 0,3048"/><TextEquiv index="1"><Unicode>“pondit le chef, d'autres choſes qui vous</Unicode></TextEquiv></TextLine><TextLine id="r0_l014"><Coords points="2903,3246 2902,3246 2902,3195 2902,3194 2254,3196 2253,3196 2253,3234 2247,3241 2126,3241 2125,3242 2125,3245 2125,3245 1996,3245 1995,3246 1978,3246 1977,3246 1977,3241 1977,3240 636,3243 635,3244 635,3247 635,3247 621,3247 620,3246 -9,3248 -10,3247 -10,3048 -10,3048 0,3048 1,3048 1,3049 1,3050 1327,3047 1329,3045 1334,3045 1336,3046 1336,3047 1336,3048 2595,3045 2596,3045 2596,3046 2597,3048 2598,3049 2599,3049 2601,3050 2601,3097 2601,3098 2963,3097 2965,3099 2965,3100 2966,3101 3099,3101 3101,3102 3101,3103 3102,3105 3239,3105 3241,3106 3241,3107 3242,3109 3278,3108 3279,3109 3287,3109 3289,3111 3289,3116 3290,3117 3291,3117 3293,3119 3293,3133 3293,3133 3359,3133 3361,3135 3361,3136 3362,3137 3363,3137 3365,3139 3365,3156 3363,3157 3358,3157 3357,3159 3357,3160 3355,3161 3309,3161 3309,3162 3309,3188 3308,3189 3307,3189 3306,3190 3305,3191 3305,3192 3304,3193 2913,3194 2912,3195 2912,3246 2912,3246"/><TextEquiv index="1"><Unicode>“étonneront davantage, quand vous con-</Unicode></TextEquiv></TextLine><TextLine id="r0_l015"><Coords points="2760,3445 2760,3444 2759,3389 2759,3389 1256,3392 1255,3393 1,3396 1,3396 1,3397 0,3398 1,3422 0,3423 -2,3423 -3,3424 -4,3424 -5,3425 -7,3425 -8,3426 -9,3426 -9,3425 -10,3248 -9,3248 1,3248 1,3249 635,3247 635,3248 635,3249 636,3249 2113,3246 2114,3245 2331,3245 2333,3242 2333,3241 2334,3241 2340,3241 2340,3240 2340,3239 2341,3238 2341,3237 2342,3237 2363,3236 2363,3237 2363,3238 2369,3244 2369,3247 2370,3247 2913,3246 2913,3247 2913,3248 2915,3249 2916,3249 2917,3251 2917,3252 2919,3253 2920,3253 2921,3255 2921,3256 2923,3257 2924,3257 2925,3259 2925,3301 2926,3301 3092,3301 3093,3302 3093,3303 3095,3305 3100,3305 3101,3306 3101,3307 3103,3309 3104,3309 3105,3310 3105,3311 3107,3313 3108,3313 3109,3314 3109,3317 3110,3318 3316,3317 3317,3319 3317,3320 3319,3321 3324,3321 3325,3323 3325,3324 3326,3324 3327,3325 3328,3325 3329,3327 3329,3332 3331,3333 3332,3333 3333,3335 3333,3360 3332,3361 3331,3361 3330,3362 3329,3363 3329,3364 3328,3365 3327,3365 3325,3367 3325,3368 3324,3369 3324,3369 3323,3369 3321,3371 3321,3372 3321,3372 3320,3373 3319,3373 3317,3375 3317,3376 3316,3377 3307,3377 3305,3379 3305,3380 3304,3381 3150,3382 3149,3382 3149,3387 3148,3389 3083,3389 3079,3393 2789,3394 2788,3394 2789,3439 2787,3441 2774,3441 2773,3442 2773,3443 2771,3445"/><TextEquiv index="1"><Unicode>“noîtrez notre Société ſouterreine.“</Unicode></TextEquiv></TextLine><TextLine id="r0_l016"><Coords points="2666,3641 2665,3640 2665,3639 2663,3637 2658,3637 2657,3636 2657,3634 2656,3633 2656,3583 2655,3583 1244,3586 1244,3586 1244,3631 1243,3633 1242,3633 1240,3634 1240,3635 1239,3637 1197,3637 1196,3637 1196,3636 1194,3634 1194,3633 1193,3633 1192,3633 1192,3628 1192,3627 365,3629 363,3627 363,3626 361,3625 352,3625 351,3623 351,3622 349,3621 344,3621 343,3619 343,3618 341,3617 -2,3618 -3,3617 -4,3617 -5,3616 -6,3616 -7,3615 -8,3615 -9,3613 -9,3426 -9,3426 -8,3426 -7,3425 -5,3425 -4,3424 -3,3424 -2,3423 0,3423 1,3423 1,3446 1,3447 1896,3443 1897,3442 1897,3441 1897,3441 2199,3440 2202,3437 2214,3437 2217,3439 2217,3440 2217,3441 2218,3441 2221,3443 2221,3444 2221,3445 2222,3445 2223,3446 2761,3445 2762,3445 2762,3493 2762,3494 3235,3493 3237,3494 3237,3495 3238,3497 3243,3497 3245,3498 3245,3499 3246,3501 3247,3501 3248,3502 3323,3501 3325,3503 3325,3504 3326,3505 3327,3505 3329,3507 3329,3508 3330,3509 3335,3509 3337,3511 3337,3516 3338,3517 3339,3517 3341,3519 3341,3520 3341,3520 3342,3521 3343,3521 3345,3523 3345,3524 3346,3525 3347,3525 3349,3527 3349,3544 3346,3546 3345,3546 3345,3547 3345,3576 3343,3577 3338,3577 3337,3579 3337,3584 3334,3586 3333,3586 3333,3587 3333,3588 3331,3589 3326,3589 3325,3591 3325,3592 3323,3593 2809,3595 2807,3597 2705,3597 2705,3597 2705,3635 2704,3637 2671,3637 2669,3638 2669,3639 2668,3641"/><TextEquiv index="1"><Unicode>Qu'eſt - ce que c'étoit donc que cette</Unicode></TextEquiv></TextLine><TextLine id="r0_l017"><Coords points="2824,3842 2821,3840 2821,3839 2821,3838 1553,3841 1552,3841 1552,3840 1551,3838 1,3842 1,3842 1,3845 1,3846 -8,3846 -9,3845 -9,3614 -9,3614 -8,3615 -7,3615 -6,3616 -5,3616 -4,3617 -3,3617 -2,3618 0,3618 1,3618 1,3646 1,3647 1954,3642 1955,3641 1960,3641 1960,3641 1960,3640 1963,3637 2271,3637 2272,3638 2531,3637 2533,3640 2533,3641 2534,3641 2579,3641 2581,3644 2581,3645 2582,3645 2583,3645 2584,3646 3188,3645 3189,3646 3189,3647 3190,3648 3192,3650 3193,3650 3193,3650 3193,3651 3196,3654 3197,3654 3197,3654 3197,3704 3198,3705 3232,3705 3233,3706 3336,3705 3337,3707 3337,3708 3338,3708 3340,3710 3341,3710 3341,3711 3341,3712 3344,3714 3345,3714 3345,3715 3345,3716 3348,3718 3349,3718 3349,3719 3349,3724 3351,3725 3352,3725 3353,3727 3353,3776 3355,3777 3360,3777 3361,3779 3361,3789 3361,3789 3360,3789 3358,3791 3357,3792 3357,3793 3357,3793 3355,3793 3354,3794 2870,3795 2869,3796 2869,3832 2867,3834 2866,3834 2865,3835 2865,3836 2863,3838 2862,3838 2861,3839 2861,3840 2860,3841 2859,3841 2858,3842"/><TextEquiv index="1"><Unicode>Société? Camargo m'avoit dit que ſon</Unicode></TextEquiv></TextLine><TextLine id="r0_l018"><Coords points="485,4046 484,4045 -8,4046 -8,4045 -9,3846 -8,3846 1312,3843 1313,3842 1314,3842 1315,3841 2390,3838 2391,3837 2403,3837 2405,3840 2406,3889 2406,3889 2450,3889 2453,3892 2453,3893 2453,3893 2670,3893 2673,3895 2673,3896 2673,3897 2702,3897 2703,3898 2934,3897 2937,3900 2937,3901 2937,3901 3262,3901 3263,3902 3264,3902 3265,3902 3265,3903 3266,3905 3270,3905 3271,3906 3326,3905 3327,3906 3328,3906 3329,3907 3329,3908 3330,3909 3350,3909 3351,3910 3352,3910 3353,3911 3353,3912 3355,3914 3356,3914 3357,3915 3357,3977 3356,3977 3355,3977 3355,3978 3353,3980 3353,3981 3352,3981 3351,3981 3349,3984 3349,3985 3348,3985 3347,3985 3345,3988 3345,3989 3344,3989 3343,3989 3342,3990 3334,3990 3333,3992 3333,3993 3332,3993 3331,3993 3330,3994 2849,3995 2849,3996 2849,4008 2846,4010 2845,4010 2845,4011 2845,4020 2842,4022 2841,4022 2841,4023 2841,4028 2838,4030 2837,4030 2837,4031 2837,4036 2834,4038 2823,4038 2822,4037 2371,4038 2371,4038 2371,4017 2370,4016 528,4020 528,4021 528,4037 527,4038 527,4040 526,4041 525,4041 523,4043 523,4044 521,4046"/><TextEquiv index="1"><Unicode>empire s'étendoit ſur tous les royaumes</Unicode></TextEquiv></TextLine><TextLine id="r0_l019"><Coords points="1939,4238 1932,4232 1932,4231 1932,4230 1931,4230 1928,4228 1928,4193 1928,4192 1,4197 1,4197 1,4239 1,4240 -7,4240 -8,4239 -8,4046 -8,4046 294,4045 295,4045 295,4043 295,4042 296,4042 297,4041 336,4041 337,4042 338,4042 339,4043 2387,4038 2388,4039 2388,4040 2389,4041 2613,4041 2614,4042 2615,4042 2617,4043 2617,4044 2617,4045 2618,4045 2619,4046 2922,4045 2925,4048 2925,4049 2925,4049 2926,4049 2929,4052 2929,4053 2929,4053 2930,4053 2933,4056 2933,4061 2933,4061 2934,4061 2937,4064 2937,4069 2937,4069 2938,4069 2941,4072 2941,4081 2941,4081 2942,4081 2945,4084 2945,4085 2946,4085 2947,4085 2949,4088 2949,4097 2950,4097 3070,4097 3071,4098 3072,4098 3073,4099 3073,4100 3074,4101 3271,4101 3272,4102 3273,4102 3273,4102 3273,4105 3274,4106 3335,4105 3336,4106 3337,4106 3337,4107 3337,4108 3340,4110 3345,4110 3345,4111 3345,4112 3348,4114 3349,4114 3349,4115 3349,4177 3349,4177 3348,4177 3345,4180 3345,4181 3345,4181 3344,4181 3343,4182 3339,4182 3337,4184 3337,4185 3337,4185 3336,4185 3333,4188 3333,4193 3332,4194 1985,4197 1984,4198 1984,4229 1983,4230 1982,4230 1980,4232 1980,4233 1979,4234 1946,4234 1944,4236 1944,4237 1943,4238"/><TextEquiv index="1"><Unicode>de la terre. Je ne comprenois rien à tous</Unicode></TextEquiv></TextLine><TextLine id="r0_l020"><Coords points="-7,4461 -7,4460 -8,4240 -7,4240 1,4240 1,4240 1,4242 1,4243 820,4241 821,4242 823,4242 823,4242 823,4243 826,4246 899,4246 899,4246 899,4247 902,4250 903,4250 904,4251 904,4256 906,4258 907,4258 907,4258 907,4259 910,4262 911,4262 912,4263 912,4268 914,4270 915,4270 916,4271 916,4276 918,4278 919,4278 919,4278 919,4279 922,4282 923,4282 924,4283 924,4294 925,4295 1143,4294 1144,4296 1144,4301 1146,4302 1147,4302 1148,4304 1149,4346 1149,4346 1174,4346 1176,4348 1176,4349 1177,4350 1182,4350 1184,4352 1184,4353 1184,4353 1185,4354 1186,4354 1188,4356 1188,4376 1181,4382 1173,4382 1172,4384 1172,4385 1170,4386 715,4387 715,4388 715,4389 713,4390 712,4390 712,4391 712,4395 711,4396 711,4397 709,4398 708,4398 708,4399 708,4407 707,4408 707,4409 705,4410 704,4410 704,4411 704,4415 703,4416 703,4417 701,4418 700,4418 700,4419 700,4423 699,4424 699,4425 697,4426 696,4426 696,4427 696,4428 693,4430 688,4430 688,4431 688,4432 685,4434 1,4436 1,4436 1,4460 0,4461"/><TextEquiv index="1"><Unicode>ces myſtères.</Unicode></TextEquiv></TextLine><TextLine id="r0_l021"><Coords points="2919,4643 2918,4643 2918,4638 2918,4637 1938,4639 1937,4639 1937,4635 1937,4634 327,4638 326,4637 327,4636 327,4635 329,4634 1491,4631 1491,4631 1491,4630 1490,4630 1488,4629 1488,4585 1488,4584 617,4586 615,4585 615,4584 614,4582 545,4582 544,4581 461,4582 460,4581 460,4580 455,4575 455,4455 456,4454 457,4454 458,4453 459,4452 459,4451 460,4450 505,4450 507,4448 507,4447 508,4446 1023,4444 1024,4444 1024,4443 1024,4442 1029,4442 1032,4440 1032,4439 1032,4438 1050,4438 1051,4439 1666,4438 1668,4440 2567,4438 2568,4439 2568,4440 2570,4442 2575,4442 2576,4443 2576,4444 2576,4444 2578,4446 2579,4446 2581,4448 2581,4495 2581,4495 2843,4494 2845,4496 2845,4497 2846,4498 3191,4498 3193,4499 3193,4500 3194,4502 3247,4502 3249,4503 3249,4504 3250,4506 3259,4506 3261,4507 3261,4508 3262,4510 3267,4510 3269,4511 3269,4512 3270,4513 3270,4514 3271,4514 3273,4515 3273,4534 3273,4535 3355,4534 3357,4536 3357,4537 3358,4538 3359,4538 3361,4540 3361,4557 3360,4558 3351,4558 3349,4560 3349,4561 3348,4562 3274,4563 3273,4563 3273,4580 3272,4582 3271,4582 3269,4583 3269,4584 3269,4585 3268,4586 3267,4586 3265,4587 3265,4588 3264,4590 3263,4590 3261,4591 3261,4592 3260,4594 2925,4594 2924,4595 2924,4643 2924,4643"/><TextEquiv index="1"><Unicode>Le chef me quitta, &amp; moi, me re-</Unicode></TextEquiv></TextLine><TextLine id="r0_l022"><Coords points="2504,4837 2504,4837 2504,4830 2503,4829 2249,4830 2249,4829 2249,4828 2246,4826 2245,4826 2245,4825 2245,4824 2244,4823 2244,4810 2243,4810 2125,4810 2125,4810 2125,4809 2122,4806 2121,4806 2120,4805 2120,4779 2119,4778 2021,4778 2020,4777 1577,4778 1576,4777 1,4781 1,4781 1,4832 0,4833 -6,4833 -6,4832 -7,4605 -6,4605 1,4605 1,4605 1,4638 1,4639 343,4638 344,4639 823,4638 824,4639 2565,4635 2566,4634 2588,4634 2588,4635 2588,4636 2591,4638 2592,4638 2592,4638 2592,4639 2595,4642 2596,4642 2596,4642 2596,4643 2597,4644 2925,4643 2925,4644 2925,4645 2927,4646 2928,4646 2929,4648 2929,4653 2931,4654 2932,4654 2933,4656 2933,4694 2934,4694 3096,4694 3097,4695 3097,4700 3099,4702 3282,4701 3283,4702 3340,4702 3341,4704 3341,4705 3343,4706 3344,4706 3345,4708 3345,4709 3347,4710 3360,4710 3361,4712 3361,4713 3363,4714 3364,4714 3365,4716 3366,4778 3366,4778 3367,4778 3369,4780 3369,4785 3367,4786 3366,4786 3365,4788 3365,4789 3363,4790 3350,4790 3349,4792 3349,4793 3347,4794 3277,4795 3277,4795 3277,4796 3275,4798 2517,4799 2517,4800 2517,4837 2516,4837"/><TextEquiv index="1"><Unicode>tirant ſeul dans un coin, j'obſervois tout</Unicode></TextEquiv></TextLine><TextLine id="r0_l023"><Coords points="1257,5036 1256,5035 1256,4978 1255,4978 1173,4978 1172,4980 1172,4981 1170,4982 1165,4982 1164,4984 1164,4985 1162,4986 1149,4986 1148,4988 1148,4989 1146,4990 1137,4990 1133,4986 1024,4986 1024,4986 1024,4985 1021,4982 1016,4982 1016,4982 1016,4981 1012,4977 828,4978 828,4977 828,4976 825,4974 503,4975 503,4975 503,5013 503,5014 497,5014 495,5012 495,5011 494,5010 493,5010 491,5008 491,5003 489,5002 488,5002 488,5001 487,5000 487,4999 485,4998 480,4998 479,4996 479,4966 478,4966 320,4966 320,4966 320,4967 317,4970 300,4970 299,4969 299,4968 297,4966 296,4966 295,4965 295,4964 293,4962 284,4962 283,4961 283,4960 281,4958 280,4958 279,4957 279,4952 277,4950 276,4950 275,4949 275,4944 273,4942 272,4942 271,4941 271,4919 270,4918 111,4918 111,4919 111,5005 110,5006 105,5006 103,5008 103,5014 103,5014 1,5015 1,5015 1,5027 1,5028 -5,5028 -6,5027 -6,4833 -6,4833 0,4833 1,4833 1,4902 1,4903 277,4902 279,4901 279,4900 280,4898 281,4898 283,4897 283,4896 284,4894 285,4894 286,4894 287,4893 287,4892 288,4890 289,4890 291,4889 291,4888 292,4886 293,4886 295,4885 295,4884 296,4882 321,4882 323,4883 323,4884 324,4886 542,4885 544,4884 544,4883 544,4882 545,4882 547,4881 547,4873 548,4872 548,4871 548,4870 549,4870 551,4869 551,4865 552,4864 552,4863 552,4862 553,4862 555,4861 555,4857 556,4856 556,4855 556,4854 557,4854 560,4852 560,4851 560,4850 561,4850 563,4849 563,4845 564,4844 564,4843 564,4842 565,4842 568,4840 568,4839 568,4838 577,4838 580,4836 580,4835 580,4834 589,4834 591,4833 591,4832 592,4830 654,4830 655,4831 655,4833 656,4834 656,4886 656,4886 898,4886 899,4886 899,4887 900,4888 900,4889 900,4890 974,4890 975,4890 975,4891 976,4892 976,4893 976,4894 1143,4893 1144,4893 1144,4844 1145,4842 1146,4842 1148,4841 1148,4840 1149,4838 1202,4838 1204,4840 1204,4841 1204,4841 1205,4842 1206,4842 1207,4843 1207,4844 1207,4844 1209,4846 1210,4846 1212,4848 1212,4890 1212,4890 1266,4890 1268,4891 1268,4892 1269,4894 1483,4893 1484,4893 1484,4892 1485,4890 1498,4890 1500,4889 1500,4888 1501,4886 1506,4886 1508,4888 1508,4889 1509,4890 1514,4890 1516,4892 1516,4893 1517,4894 1727,4894 1728,4893 1728,4847 1729,4846 1730,4846 1731,4845 1732,4844 1732,4843 1733,4842 1734,4842 1735,4841 1736,4840 1736,4839 1737,4838 1750,4838 1752,4839 1752,4852 1753,4854 1754,4854 1756,4855 1756,4893 1756,4894 1967,4893 1968,4893 1968,4844 1969,4842 1970,4842 1972,4841 1972,4840 1973,4838 1998,4838 2000,4840 2000,4841 2001,4842 2002,4842 2004,4844 2004,4890 2004,4890 2286,4890 2288,4891 2288,4892 2289,4894 2366,4893 2367,4894 2487,4894 2488,4894 2488,4869 2490,4866 2491,4866 2492,4866 2492,4857 2494,4854 2495,4854 2496,4854 2496,4849 2498,4846 2499,4846 2500,4846 2500,4845 2501,4844 2501,4840 2502,4838 2503,4838 2504,4837 2517,4837 2525,4845 2525,4849 2526,4850 2527,4850 2528,4851 2528,4852 2529,4853 2529,4861 2533,4865 2533,4894 2533,4894 2555,4894 2556,4894 2556,4893 2557,4892 2557,4891 2557,4890 2559,4890 2561,4892 2561,4893 2562,4894 2900,4893 2901,4893 2901,4892 2902,4890 2903,4890 2905,4889 2905,4876 2906,4874 2907,4874 2909,4873 2909,4872 2910,4870 2911,4870 2913,4869 2913,4868 2914,4866 2915,4866 2917,4865 2917,4864 2918,4862 2943,4862 2945,4864 2945,4865 2946,4866 2947,4866 2949,4868 2949,4869 2950,4870 2951,4870 2953,4872 2953,4873 2954,4874 2955,4874 2957,4876 2957,4877 2958,4878 2959,4878 2961,4880 2961,4894 2961,4894 3172,4894 3173,4893 3173,4855 3174,4854 3175,4854 3176,4853 3177,4852 3177,4851 3178,4850 3183,4850 3185,4848 3185,4847 3186,4846 3195,4846 3197,4847 3197,4848 3198,4850 3203,4850 3205,4851 3205,4852 3206,4854 3207,4854 3209,4855 3209,4901 3209,4902 3275,4902 3276,4903 3339,4902 3341,4904 3341,4905 3342,4906 3347,4906 3349,4908 3349,4909 3350,4910 3351,4910 3353,4912 3353,4913 3354,4914 3355,4914 3357,4916 3357,4957 3358,4958 3359,4958 3361,4960 3361,4973 3359,4974 3358,4974 3357,4976 3357,4981 3355,4982 3354,4982 3353,4984 3353,4985 3351,4986 3346,4986 3345,4988 3345,4989 3343,4990 3342,4990 3341,4992 3341,4993 3339,4994 3318,4994 3317,4993 3254,4994 3253,4992 3253,4991 3251,4990 3190,4990 3189,4988 3189,4987 3187,4986 2998,4986 2997,4988 2997,4989 2995,4990 2978,4990 2977,4989 2977,4988 2975,4986 2910,4986 2909,4985 2909,4984 2907,4982 2902,4982 2901,4981 2561,4982 2561,4982 2561,4981 2558,4978 2389,4978 2388,4977 2138,4978 2136,4980 2136,4981 2135,4982 2121,4982 2120,4981 2120,4980 2118,4978 1985,4978 1984,4977 1585,4978 1584,4980 1584,4993 1582,4994 1581,4994 1580,4996 1580,5001 1579,5002 1578,5002 1576,5004 1576,5009 1575,5010 1574,5010 1572,5012 1572,5017 1571,5018 1570,5018 1568,5020 1568,5021 1567,5022 1566,5022 1564,5024 1564,5025 1563,5026 1550,5026 1548,5025 1548,5024 1547,5022 1546,5022 1544,5021 1544,4982 1543,4981 1401,4982 1400,4980 1400,4979 1398,4978 1263,4978 1263,4978 1263,5035 1263,5036"/><TextEquiv index="1"><Unicode>en ſilence. Je voyois des maîtres &amp; des</Unicode></TextEquiv></TextLine><TextLine id="r0_l024"><Coords points="3234,5234 3233,5232 3233,5230 3232,5230 2656,5231 2655,5230 2653,5230 2653,5229 2652,5228 2652,5228 958,5232 958,5232 958,5234 957,5235 941,5235 941,5234 940,5226 940,5226 -5,5228 -6,5227 -6,5028 -5,5028 388,5027 389,5026 410,5026 411,5027 411,5028 413,5030 414,5030 415,5031 415,5031 415,5032 417,5034 498,5034 499,5035 499,5036 501,5038 1264,5036 1268,5040 1999,5038 2000,5039 2539,5038 2541,5041 2541,5042 2542,5042 2825,5041 2826,5042 2828,5042 2829,5044 2829,5049 2832,5051 2833,5051 2833,5052 2833,5066 2834,5066 3264,5066 3265,5067 3265,5068 3267,5070 3268,5070 3269,5071 3269,5072 3271,5074 3272,5074 3273,5075 3273,5106 3274,5107 3340,5106 3341,5108 3341,5109 3343,5110 3348,5110 3349,5112 3349,5113 3351,5114 3352,5114 3353,5116 3353,5117 3355,5118 3356,5118 3357,5120 3357,5125 3359,5126 3360,5126 3361,5128 3361,5129 3363,5130 3364,5130 3365,5132 3365,5173 3363,5175 3362,5175 3361,5176 3361,5177 3359,5179 3358,5179 3357,5180 3357,5181 3348,5190 3327,5190 3325,5192 3325,5193 3324,5194 3266,5195 3265,5195 3265,5204 3263,5207 3262,5207 3261,5207 3261,5216 3259,5219 3258,5219 3257,5219 3257,5223 3254,5227 3253,5227 3252,5227 3252,5228 3250,5231 3249,5231 3249,5231 3249,5232 3247,5234"/><TextEquiv index="1"><Unicode>eſclaves; mais, parmi ces derniers, je</Unicode></TextEquiv></TextLine><TextLine id="r0_l025"><Coords points="2802,5439 2802,5438 2802,5435 2801,5435 2390,5435 2390,5435 2390,5431 2389,5430 1400,5433 1399,5432 952,5433 952,5432 952,5427 951,5427 666,5427 665,5426 664,5426 663,5425 663,5424 661,5422 660,5422 659,5421 -5,5423 -5,5422 -6,5228 -5,5228 304,5227 305,5226 338,5226 339,5227 379,5227 380,5228 380,5229 381,5230 385,5230 386,5231 387,5233 387,5234 533,5233 535,5235 1209,5234 1210,5235 1558,5234 1559,5235 2142,5234 2144,5235 2144,5236 2145,5238 2146,5238 2148,5239 2148,5241 2148,5242 2367,5241 2368,5242 2698,5242 2701,5244 2701,5249 2701,5250 2703,5250 2705,5251 2705,5262 2705,5263 3267,5262 3269,5263 3269,5264 3269,5265 3271,5267 3272,5267 3273,5267 3273,5302 3273,5303 3339,5302 3341,5304 3341,5305 3341,5305 3343,5307 3344,5307 3345,5308 3345,5309 3347,5311 3348,5311 3349,5312 3349,5313 3351,5315 3352,5315 3353,5316 3353,5317 3355,5319 3356,5319 3357,5320 3357,5321 3359,5323 3360,5323 3361,5324 3361,5333 3362,5334 3363,5334 3365,5336 3365,5338 3364,5338 3363,5338 3361,5341 3361,5366 3360,5366 3359,5366 3357,5369 3357,5382 3356,5382 3355,5382 3353,5385 3353,5386 3352,5386 3350,5386 3349,5387 3338,5387 3331,5394 3330,5394 3329,5395 3265,5396 3265,5396 3265,5408 3262,5411 3261,5411 3261,5411 3261,5420 3258,5423 3257,5423 3257,5423 3257,5429 3256,5430 3255,5430 3250,5435 3242,5435 3241,5436 3241,5437 3240,5438"/><TextEquiv index="1"><Unicode>diſtinguois des figures de Lords que je</Unicode></TextEquiv></TextLine><TextLine id="r0_l026"><Coords points="2447,5635 2445,5634 2445,5633 2444,5631 2439,5631 2437,5630 2437,5629 2436,5627 2431,5627 2429,5626 2429,5625 2428,5623 2427,5623 2426,5623 2425,5622 2425,5621 2424,5619 2423,5619 2421,5618 2421,5617 2420,5616 2420,5579 2420,5578 2227,5579 2226,5578 1982,5578 1980,5576 572,5579 571,5580 571,5582 571,5582 570,5582 569,5583 561,5583 560,5584 560,5585 558,5587 1,5589 1,5589 1,5618 1,5619 -4,5619 -5,5618 -5,5423 -5,5423 0,5423 1,5423 1,5427 1,5428 861,5426 864,5428 864,5429 864,5430 865,5430 868,5433 1994,5430 1996,5432 1996,5433 1997,5434 1998,5435 1999,5435 2000,5436 2395,5435 2397,5437 2397,5438 2397,5438 2398,5438 2399,5439 2819,5439 2821,5440 2821,5442 2821,5442 3186,5442 3187,5443 3188,5443 3189,5443 3189,5444 3190,5446 3194,5446 3195,5447 3196,5447 3197,5447 3197,5448 3199,5451 3200,5451 3201,5451 3201,5497 3202,5498 3271,5498 3272,5499 3273,5499 3273,5499 3273,5500 3276,5503 3343,5502 3344,5503 3345,5503 3345,5504 3345,5505 3348,5507 3349,5507 3349,5508 3349,5513 3352,5515 3353,5515 3353,5516 3353,5517 3355,5518 3356,5518 3357,5520 3357,5578 3357,5578 3356,5578 3353,5581 3353,5582 3353,5582 3352,5582 3349,5585 3349,5586 3349,5586 3348,5586 3345,5589 3345,5590 3345,5590 3344,5590 3343,5591 2506,5593 2505,5594 2505,5601 2503,5603 2502,5603 2501,5604 2501,5613 2499,5615 2498,5615 2497,5616 2497,5617 2495,5619 2494,5619 2493,5620 2493,5621 2491,5623 2490,5623 2489,5624 2489,5625 2487,5627 2482,5627 2481,5628 2481,5629 2479,5631 2470,5631 2469,5632 2469,5633 2467,5635"/><TextEquiv index="1"><Unicode>connoiſſois. C'étoient des Dignitaires des</Unicode></TextEquiv></TextLine><TextLine id="r0_l027"><Coords points="3092,5843 3091,5842 3076,5842 3076,5841 3076,5835 3075,5835 2292,5837 2291,5836 2281,5836 2281,5835 2281,5826 2280,5826 1874,5827 1872,5824 1872,5823 1871,5823 1858,5823 1857,5822 -4,5826 -4,5825 -5,5619 -4,5619 1,5619 1,5619 1,5628 1,5629 1154,5626 1156,5629 1156,5630 1157,5630 1158,5630 1159,5631 1722,5630 1723,5631 1724,5631 1724,5631 1724,5632 1731,5639 1732,5639 1733,5640 2084,5639 2085,5640 2708,5639 2709,5640 2709,5641 2710,5642 2711,5642 2713,5644 2713,5653 2714,5654 2715,5654 2717,5656 2718,5689 2718,5690 2781,5690 2782,5691 2937,5690 2938,5691 2939,5691 2941,5693 2941,5694 2941,5694 3186,5694 3190,5698 3270,5698 3271,5699 3342,5698 3343,5699 3344,5699 3345,5700 3345,5701 3346,5702 3350,5702 3351,5703 3352,5703 3353,5704 3353,5705 3354,5706 3355,5707 3356,5707 3357,5708 3357,5770 3356,5770 3355,5770 3353,5773 3353,5778 3352,5778 3351,5778 3349,5780 3349,5781 3349,5782 3347,5783 3342,5783 3341,5785 3341,5786 3339,5787 3097,5788 3097,5788 3097,5842 3096,5843"/><TextEquiv index="1"><Unicode>rangs les plus diſtingués, &amp; de toutes</Unicode></TextEquiv></TextLine><TextLine id="r0_l028"><Coords points="2691,6031 2689,6029 2689,6028 2688,6027 2687,6027 2686,6026 2119,6027 2116,6025 2116,6024 2116,6023 1698,6024 1697,6023 1697,6013 1697,6013 537,6015 536,6014 514,6015 511,6012 511,6011 511,6011 510,6011 507,6008 507,5989 507,5989 -3,5990 -4,5989 -4,5826 -4,5826 274,5825 275,5825 275,5821 276,5819 285,5819 287,5818 287,5817 288,5815 289,5815 290,5814 291,5814 292,5815 294,5815 295,5816 295,5817 297,5819 298,5819 299,5820 1328,5818 1329,5819 1330,5819 1332,5820 1332,5829 1332,5830 1360,5830 1361,5831 1451,5830 1452,5831 1470,5831 1472,5833 1472,5834 1473,5835 1478,5835 1480,5837 2291,5836 2292,5837 2296,5837 2298,5839 2299,5839 2300,5840 2803,5839 2804,5840 2979,5839 2981,5841 2981,5842 2981,5842 3091,5842 3092,5843 3096,5843 3097,5843 3097,5845 3097,5846 3098,5846 3101,5848 3101,5894 3101,5895 3159,5895 3160,5896 3319,5895 3321,5897 3321,5898 3321,5898 3322,5898 3323,5899 3327,5899 3329,5901 3329,5902 3330,5903 3347,5903 3353,5909 3353,5982 3352,5983 3351,5983 3350,5984 3349,5985 3349,5986 3348,5987 3347,5987 3346,5988 3345,5989 3345,5990 3344,5991 2722,5993 2721,5993 2721,6025 2720,6027 2719,6027 2715,6031"/><TextEquiv index="1"><Unicode>les parties de l'Europe, qui rempliſſoient</Unicode></TextEquiv></TextLine><TextLine id="r0_l029"><Coords points="2926,6235 2925,6234 2925,6233 2924,6232 2448,6233 2447,6232 2432,6232 2432,6232 2432,6229 2431,6228 2204,6229 2204,6228 2204,6218 2203,6218 1453,6219 1452,6218 1445,6219 1444,6217 1444,6215 1443,6215 608,6216 607,6215 537,6215 536,6214 528,6215 528,6214 528,6213 527,6212 527,6184 526,6184 -3,6185 -3,6184 -4,5990 -3,5990 1,5990 1,5990 1,6011 1,6012 302,6011 307,6016 307,6020 308,6021 1071,6019 1072,6021 1072,6024 1073,6024 1567,6023 1568,6024 1704,6024 1704,6024 1704,6025 1705,6026 1706,6026 1708,6028 1980,6027 1980,6028 1980,6029 1984,6033 1984,6035 1985,6035 2256,6035 2257,6036 2720,6035 2721,6036 2721,6037 2723,6039 2728,6039 2729,6040 2729,6048 2730,6049 3340,6047 3341,6049 3341,6050 3343,6051 3344,6051 3345,6053 3345,6095 3346,6095 3348,6095 3349,6097 3349,6123 3350,6123 3417,6123 3417,6124 3417,6130 3419,6131 3421,6131 3421,6132 3421,6143 3422,6143 3427,6143 3438,6154 3438,6155 3438,6155 3439,6155 3443,6159 3444,6159 3445,6160 3445,6162 3443,6163 3357,6163 3357,6164 3357,6182 3355,6183 3354,6183 3353,6185 3353,6186 3351,6187 2969,6188 2969,6189 2969,6230 2967,6231 2966,6231 2965,6233 2965,6234 2963,6235"/><TextEquiv index="1"><Unicode>les plus vils emplois. Je vis auſſi, parmi</Unicode></TextEquiv></TextLine><TextLine id="r0_l030"><Coords points="1293,6439 1292,6438 1292,6437 1291,6436 1291,6435 1291,6435 1286,6435 1284,6433 1284,6432 1283,6431 -2,6434 -3,6433 -3,6185 -3,6185 0,6185 1,6185 1,6207 1,6208 305,6207 307,6208 307,6209 308,6211 309,6211 311,6212 311,6216 311,6217 626,6216 629,6219 630,6219 631,6220 631,6222 632,6223 632,6229 632,6229 1798,6227 1800,6228 1800,6229 1800,6230 2208,6229 2210,6231 2215,6231 2216,6232 2551,6231 2553,6233 2553,6234 2554,6235 2671,6235 2672,6235 2672,6236 2674,6239 2675,6239 2677,6240 2677,6243 2677,6244 3199,6243 3201,6244 3201,6245 3202,6247 3203,6247 3205,6248 3205,6294 3205,6295 3263,6295 3265,6296 3265,6297 3266,6299 3271,6299 3272,6300 3347,6299 3349,6301 3349,6330 3347,6331 3346,6331 3345,6333 3345,6370 3343,6371 3342,6371 3341,6373 3341,6374 3340,6375 3339,6375 3337,6377 3337,6378 3336,6379 3335,6379 3333,6381 3333,6382 3332,6383 3331,6383 3329,6385 3329,6402 3328,6403 3026,6404 3025,6405 3025,6410 3024,6411 3023,6411 3022,6412 3021,6413 3021,6414 3020,6415 3019,6415 3018,6416 3017,6417 3017,6418 3016,6419 3011,6419 3009,6421 3009,6422 3008,6423 3007,6423 3006,6424 3005,6425 3005,6426 3004,6427 2999,6427 2997,6426 2997,6425 2996,6424 2996,6423 2995,6423 2993,6422 2993,6421 2992,6420 2992,6419 2991,6419 2989,6418 2989,6388 2989,6387 1301,6391 1300,6391 1300,6433 1299,6435 1298,6435 1296,6436 1296,6437 1295,6439"/><TextEquiv index="1"><Unicode>les ſervantes, des Beautés célèbres, des</Unicode></TextEquiv></TextLine><TextLine id="r0_l031"><Coords points="2449,6436 2706,6435 2706,6583 2449,6584"/><TextEquiv index="1"><Unicode>Cv</Unicode></TextEquiv></TextLine></TextRegion></Page></PcGts>