4266 8344
2132 438 2639 625 o
796 677 3986 887 “raſſer ceux qui vouloient vous y re-
673 883 3978 1095 “plonger. Voilà de la valeur, de l'in-
800 1088 3970 1299 “duſtrie, de la force & de la prudence.“
800 1294 3986 1506 -- „Et d'où ſavez-vous tout cela, m'é-
805 1499 4035 1712 “criai-je?“ -- „N'importe comment,
800 1701 4241 1939 “répondit - il, mais je le ſais de ſcience
796 1916 1931 2071 “certaine.“
846 2085 4241 2326 Il me vient une idée ſingulière, mon
809 2313 4241 2530 cher Dumoulin. Ces gens diſent qu'ils
809 2518 4241 2734 m'ont éprouvé, & ſavent, au juſte, tout
813 2732 4241 2934 ce qui m'eſt arrivé. Peut-être que ces ac-
809 2923 4241 3144 cidens ſont leurs épreuves & leur ouvrage.
809 3136 4241 3340 Peut-être ce ſont eux qui m'ont attaqué
813 3340 4241 3548 dans Londres, qui m'ont conduit chez un
813 3540 4241 3753 homme qu'ils nomment prétendu Juge
817 3748 4011 3953 de paix, qui ont fait les brigands, les
562 3908 4007 4160 Watch-men, les Juges, qui mont jeté
599 4155 4003 4368 dans un cachot. Tout cela s'eſt paſſé dans
644 4360 4003 4571 une maiſon à eux, qui conduit à leur
662 4566 4007 4771 chemin ſouterrein. Ah! les brigands! ſi j'en
805 4763 4011 4970 étois sûr! Ils diſent qu'il y a un complot
821 4964 3999 5175 contre moi; ce ſont eux qui le trament.
820 5170 3999 5378 Ils m'attaquent d'une main, me défendent
829 5375 4003 5587 de l'autre. Mais pourquoi jouer tant de
829 5576 4003 5788 rôles & de ſtratagêmes, pour faire l'ac-
837 5782 3995 5997 quiſition de ma perſonne? Les drôles!
837 5963 4003 6198 ils veulent des gens qui aient de la ré-
833 6189 4003 6403 ſolution, du courage, des reſſources. Ils
837 6395 3995 6629 m'ont découvert ces qualités, dans les
