4266 8113
1592 539 2096 765 n
264 763 3390 998 épreuves qu'ils ont faites de moi, ſans que
312 969 1849 1172 je m'en ſois apperçu.
489 1160 3382 1366 Je démandai, au chef, ce que ſigni-
162 1338 3382 1562 fioient tous ces Lords & autres Digni-
312 1560 3382 1786 taires de tout pays, que je voyois em-
300 1750 3374 1952 ployés à nous ſervir. „Mon bon ami,
300 1944 3382 2143 “répondit-il, ceci eſt la cour de Pluton;
296 2142 3378 2329 “nous avons ici Minos, Eaque & Rha-
304 2332 3382 2532 “damante. Nous exerçons cette juſtice
304 2530 3382 2729 “de l'autre monde qui punit les cou-
312 2724 3370 2929 “pables, après leur mort; car, s'ils ne
225 2919 3374 3121 “ſont pas réellement morts ici, ils paſſent
313 3118 1418 3320 “pour l'être.“
186 3494 3173 3664 “La vérité terrible eſt du Ciel deſcendue,
313 3708 3379 3883 “Et du fond des tombeaux, la vengeance eſt venue.
498 4048 3370 4258 „Nous puniſſons ici tous les crimes que
300 4248 3370 4452 “la juſtice humaine ne pourſuit pas. Tous
189 4440 3367 4639 “les malheureux, que tu vois ici, te-
312 4634 3363 4840 “noient les premiers rangs parmi les
312 4828 3378 5036 “hommes; ils jouiſſoient de la fortune,
217 5026 3366 5231 “des honneurs, des dignités, tandis qu'ils
324 5224 3371 5430 “n'étoient pas dignes de ſiéger parmi les
324 5422 3366 5621 “valets, ni de manger le pain des for-
320 5612 3359 5817 “çats. La plupart étoient ſans aucun ta-
324 5807 3374 6013 “lent, ſans aucune vertu, pêtris de vices,
332 5997 3354 6206 “de défauts, d'imbécillité; loin de rien
340 6191 3695 6429 “faire ſur la terre pour le bien de leurs
