4266 7989
2303 640 3116 872 .
904 850 4064 1080 “ſemblables, ils vexoient, ils tourmen-
904 1075 4056 1265 “toient tous ceux qui avoient des re-
1052 1262 4052 1463 “lations avec eux, leurs femmes, leurs
1056 1452 4052 1657 “enfants, leurs maîtreſſes, leurs créan-
1052 1647 4056 1851 “ciers, léurs rivaux ou concurrens. Ils
1064 1833 4060 2045 “diſſipoient indignement leurs richeſſes,
1064 2035 4052 2238 “fruſtroient les pauvres gens de leur dû..
912 2225 4064 2427 “En un mot, ils étoient les fléaux de la
731 2393 4056 2620 “ſociété. Ils ſont ici punis diverſement,
1064 2610 4068 2813 “d'une manière analogue aux forfaits de
1071 2805 4075 3005 “chacun d'eux. Les moins coupables ſont
1075 2979 4075 3198 “punis par la bourſe. Quand nous pa-
761 3189 4071 3387 “roiſſons les voler, nous ne faiſons
757 3383 4071 3582 “qu'exécuter une ſentençe que nous avons
1072 3578 4075 3776 “prononcée contr'eux, par laquelle nous
1048 3772 4068 3968 “les avons condamnés à une amende pro-
1054 3962 4072 4163 “portionnée à leurs fautes. Nous ſommes
1075 4161 4071 4357 „ainſi les vengeurs publics; & nous vou-
1071 4351 4071 4543 “lons que tous les hommes ſoient ſoumis
1079 4538 4064 4731 „à la juſtice ſouterreine. Je veux étendre
955 4724 4071 4923 “au loin ma puiſſance, ſous terre. Les
1067 4922 4064 5127 “hommes auront leurs juges & leurs ven-
1072 5113 4060 5311 “geurs ſous leurs pieds. J'établis des co-
1075 5309 4056 5514 “lonies ſecrettes, dans tous les Empires,
1079 5497 4056 5709 “& je ſerai, peut-être, par la ſuite, ſans
1075 5690 4052 5894 “qu'on s'en doute, le plus grand Mo-
1072 5889 4048 6092 “narque du monde. Que penſez-vous de
1087 6096 2323 6275 “mon projet?“
1219 6274 4021 6488 „Il eſt grand, répondis-je; mais je crains
