4266 7951
283 864 3319 1074 l'avoir dans ma Société. J'ai ſu qu'il s'étoit
62 1076 3330 1284 réfugié en Angleterre pour un duel. J'ai
282 1273 3330 1475 apoſté une fille pour l'amorcer. Elle en
70 1466 3326 1671 eſt venue aiſément à bout. J'ai voulu
70 1660 3330 1860 voir s'il avoit du courage, de la diſcré-
278 1855 3338 2054 tion, des reſſources dans l'eſprit & le
282 2052 3479 2244 caractère. Je l'ai ſoumis, ſans qu'il s'en
282 2236 3688 2434 doutât, à pluſieurs épreuves. Je l'ai fait
196 2425 3338 2631 d'abord attaquer par ſix poliſſons; il les
192 2622 3393 2825 a roſſés, preuve de courage. Je l'ai fait-
282 2823 3401 3031 conduire chez un prétendu Juge de paix,
298 3015 3346 3217 où on lui a fait ſubir un interrogatoire ſur
302 3212 3397 3409 la Société ſouterreine; toutes ſes réponſes
306 3400 3346 3603 ont été très-ſages, très-méſurées, preuve
89 3593 3346 3793 de diſcrétion. Enfin je l'ai fait jeter dans
121 3790 3397 3994 un cachot. Il s'eſt défendu comme un lion.
121 3969 3353 4191 Ce gîte obſcur avoit plus de douze pieds
125 4183 3357 4378 de haut. Il y avoit un pain & une cruche
132 4376 3405 4571 pendus très-haut à la voûte. Il a ſu ſauter
97 4568 3361 4777 aſſez haut pour boire, manger, forcer
309 4757 3365 4962 une trappe & ſe ſauver. Je l'ai fait encore
317 4954 3361 5164 aſſaillir par pluſieurs hommes, il les a
133 5152 3369 5501 ulitaſe ſouea euu le lt suulit uou
317 5540 3377 5733 l'avons fêté comme nous le devions; mais
325 5728 3377 5946 le petit bon-homme ne ſe forme pas du
333 5925 3377 6134 côté de la morale. Il a encore les pré-
337 6114 3377 6334 jugés de l'enfance. Il ne ſe regarde pas
345 6318 3381 6496 comme un de nos membres, & nous ne
161 6793 413 6909 “
