4266 8272
2146 644 2662 840 o
820 877 3992 1118 pouvons, par conſéquent, l'employer,
828 1093 3984 1298 ni lui donner notre confiance. Il y a un
485 1293 3984 1518 autre grief contre lui. Il débauche les
824 1497 3988 1698 maîtreſſes de tout le monde, & tout le
501 1698 3996 1918 monde lui en veut. Il eſt gentil, le petit
497 1903 4000 2119 Monſieur; mais-ce n'eſt pas de ſa figure
843 2110 4005 2329 que nous avons beſoin, & tous nos braves
836 2310 4004 2531 ſont piqués de voir un petit blanc-bec de
836 2509 4013 2731 cette eſpèce, leur enlever leurs maîtreſſes
832 2722 4013 2934 ſous la mouſtache. Je ſuis obligé, pour
832 2922 4017 3168 contenter ces héros, de punir le petit
848 3124 4017 3335 Adonis. Il eſt à préſent en lieu de sureté
844 3335 2522 3539 juſqu'à nouvel ordre.
1056 3535 4021 3739 Hé bien, ma petite Levrette, veux-
852 3730 4017 3943 tu venir partager mon trône? Tu ſeras
848 3935 4025 4139 notre reine; tu ſeras la Proſerpine, la
852 4139 4017 4303 Junon des ſombres bords. Je t'attends les
843 4351 4017 4555 bras ouverts; mais, que tu viennes ou non,
851 4542 4021 4756 quand tu auras beſoin d'argent, fais le
860 4747 4021 4957 moi ſavoir, & ſois sûre que tu ne tar-
620 4947 4025 5156 deras pas à recevoir tout ce que tu de-
856 5147 4025 5358 ſireras. Adieu, ma reine, ma divinité. Je
855 5348 4021 5561 t'embraſſe un million de fois, & ſuis tout
860 5559 1678 5751 à toi, &c.
2248 6217 2775 6426 l
