4266 8023
1344 657 1828 846 L.
-13 1391 2909 1671 Céſar de Perlencour, à Dumoulin.
2211 1845 2787 1965 Douvres.
-12 2215 3125 2434 our te continuer ma déplorable hiſ-
-11 2414 3121 2623 toire, mon cher ami, je me trouvai
-11 2603 3109 2854 d'abord enſeveli dans d'épaiſſes ténèbres.
-11 2793 3113 3016 J'eus tout le temps de refléchir, avant
-10 2999 3117 3204 qu'elles fuſſent diſſipées. Je ſentois que
-10 3199 3117 3400 tous les brigands étoient piqués contre
-9 3387 3117 3595 moi, parce que je n'adoptois pas leur
-9 3579 3121 3787 morale, & que leurs maîtreſſes paroiſ-
-8 3775 3125 3982 ſoient me préférer à eux. Si, avant de
-8 3967 3121 4174 m'en vouloir, dans le temps qu'ils deſi-
-8 4164 3125 4367 roient de me gagner, ſi, dis-je, ils m'ont
-7 4364 3117 4561 it ſouffrir, ſeulement pour m'éprouver,
-7 4556 3125 4753 une ſi cruelle priſon, combien ne doivent
-6 4751 3125 4954 ils pas être plus cruels, à préſent qu'ils
-6 4944 3113 5151 ſont furieux contre moi? car, je le vois,
-6 5142 3125 5337 mon cher ami, tout ce que j'ai ſouffert
-5 5334 3121 5551 précédemment étoit leur ouvrage. Il y
-5 5532 3129 5729 avoit là de quoi faire mille réflexions de
-4 5713 3313 5929 la teinte la plus noire. Je fus long-temps
-4 5913 2632 6178 plongé dans ces ſombres penſées.
-3 6117 3125 6313 Cependant je ſentois que j'étois dans
-3 6285 3136 6518 leau, & qu'elle augmentoit lentement,
