4266 8239
-15 1013 3340 1266 je deſcendis. Je me croyois déjà ſauvé;
-14 1223 3332 1440 mais voilà, tout-à-coup, qu'un tigre fu-
-14 1426 3340 1642 rieux, que des Bohémiens promenoient
-13 1625 3340 1844 pour gagner leur vie, s'étoit échappé. Je
-13 1825 3344 2030 le vois entrer dans la cour où je ſuis,
-13 2024 3340 2237 & venir droit à moi, la gueule béante,
-12 2224 3348 2461 pour me dévorer. Je ne m'oublie pas dans
-12 2414 3356 2629 ce moment. Je lui enfonce, juſqu'au go-
-11 2615 3352 2829 ſier, une de mes barres de fer, & je
-11 2808 3356 3036 le tiens fixé contre la muraille. J'appelle
-10 3018 3360 3229 du ſecours; perſonne n'oſe approcher;
-10 3219 3368 3473 mais je vois pluſieurs têtes paroître à dif-
-10 3424 3364 3618 férentes fenêtres; on m'encourage à tenir
-9 3601 3368 3846 bon, promettant qu'on va me ſecourir.
-9 3814 3368 4026 L'animal ſe débatoit horriblement, & il
-8 4016 3372 4237 me falloit une force plus qu'humaine pour
-8 4221 3368 4423 le contenir. Je ne pouvois ſoutenir,
-7 4419 3372 4627 quatre minutes, un pareil effort, &, ſi
-7 4615 3073 4889 je le lâchois, c'étoit fait de moi.
305 4816 3372 5027 Bientôt je vois paroître aux fenêtres
-6 4989 3376 5430 ln nenet e ai, s, dbise a teses ſe
-5 5413 3376 5627 couſſes, de me remuer continuellement,
-5 5609 3388 6029 laublois li ppaeer on qulqn ffon, les
-4 6007 3388 6218 coups avec mon corps, ce qui n'étoit sûre-
-3 6203 3388 6419 ment pas mon intention. Les tireurs n'y re-
-3 6401 3388 6634 gardoient pas de ſi près. Leur but étoit
-3 6604 3396 6854 de tuer le tigre; &, ſi je me mettois au-
2591 6830 2886 7025 Di
