4266 8192
2153 819 2778 1051 Le.
862 1044 3708 1247 devant des coups, tant pis pour moi.
1060 1242 3902 1440 Cependant je vis la bête s'affoiblir; elle
858 1440 3902 1642 avoit reçu pluſieurs lingots; elle perdoit
504 1639 3902 1840 ſon ſang. On me jeta une épée & un
569 1827 3902 2026 ſabre, & je l'achevai, avec ces deux inſ-
858 2033 3902 2232 trumens. Alors, tout le monde accourut
862 2231 3902 2430 à mon ſecours. Je remerciai de la bonne
862 2425 3901 2627 volonté qu'on me témoignoit, & l'on me
850 2623 3894 2821 félicita d'une manière très-bruyante; mais,
854 2817 3898 3016 tout à-coup, je vois fondre, ſur moi, des
858 3015 3898 3214 hommes furieux. „Ah gueux! s'écrioient-
862 3213 3898 3409 “ils, tu nous as tué notre animal nourri-
850 3409 3902 3607 “cier, notre gagne-pain, tu nous le paye-
862 3605 3894 3805 “ras“. On me force d'aller chez le Juge de
862 3799 3894 4001 paix, qui, pour cette fois, étoit un véritable
862 3996 3890 4198 Juge. Les Bohémiens expoſent leurs rai-
866 4194 3886 4392 ſons; je fais ma réponſe. On me demande
867 4393 3883 4785 i artoure oumnnene ele ſu ehp
870 4784 3870 4982 de la priſon des voleurs, & du ſéjour
699 4974 3866 5185 de la Société ſouterreine. „Ah! me dit le
699 5175 3866 5377 “Magiſtrat, vous étiez de cette Société.
470 5370 3862 5566 “Nous ſommes bien charmés d'avoir ren-
850 5564 3862 5771 “contré un de ſes membres; nous nous
854 5765 3862 5956 “flattons que vous voudrez bien nous
866 5948 3870 6162 “donner des lumières ſur ce corps myſ-
854 6158 3870 6362 “térieux, que nous cherchons à con-
850 6344 3862 6558 „noître.“ Je répondis que je n'étois point
846 6553 3862 6755 de la Société; mais que je dirois tout ce
