4266 8475
1216 546 2193 835 .
123 818 3314 1042 que j'en ſavois. Pour me remercier de
120 1043 3319 1238 cette bonne volonté, on m'envoya en
111 1245 3322 1458 priſon; & je peſtai fort de m'y voir en-
115 1447 3318 1656 fermé; mais je me flattai de l'eſpérance
111 1654 3318 1870 d'en ſortir bientôt, parce que, ſelon les
98 1861 3488 2073 loix d'Angleterre, quand un homme eſt
94 2064 3318 2271 arrêté, il faut, ſous vingt-quatre heures,
90 2267 3314 2473 l'interroger, & le mettre hors de priſon
94 2473 3310 2677 s'il n'eſt pas coupable. Or, j'étois aſſuré
102 2672 3314 2879 de ma parfaite innocence, & je comptois
106 2863 3310 3095 fermement devoir être mis promptement
108 3091 869 3253 en liberté.
106 3289 3306 3509 On m'interrogea, en effet, juridi-
111 3504 3302 3703 quement, ſous vingt-quatre heures. Je
82 3703 3302 3911 tacontai, avec le plus grand détail & la
103 3906 3289 4116 plus grande franchiſe, toute mon hiſtoire
102 4115 3289 4317 avec cette Société. On me fit avouer que
90 4315 3289 4518 j'étois un fugitif de France, que j'avois
94 4522 3293 4733 quitté ma patrie pour un duel. On me
98 4721 3306 4936 dit qu'on ne me trouvoit pas parſaite-
102 4929 3297 5143 ment innocent, qu'on voyoit une récep-
111 5131 3289 5352 tion dans la Société des voleurs; que
106 5342 3289 5553 j'avois participé à leur gain, &, par con-
119 5536 3289 5769 ſéquent, à leurs vols; qu'un, fugitif & un
123 5743 3281 5963 duelliſte ne méritoit pas d'être renvoyé
119 5942 3285 6177 ſans examen, & d'en être cru ſur ſa pa-
123 6157 3277 6381 role. D'ailleurs j'avois un procès à ſou-
119 6364 3281 6588 tenir contre les Bohémiens, qui, ſe plai-
123 6575 3264 6778 gnant que je leur avois ôté leur état, &
2330 6787 2698 6998 Dii
