4266 8242
1001 772 4265 997 demandoient, contre moi, des dommages
1017 997 4266 1206 conſidérables, outre le prix de leur tigre.
1219 1199 4266 1406 On m'envoya priſonnier à la tour de
1009 1401 4267 1613 Londres. J'étois entre les mains de la
1017 1599 4267 1813 Cour; elle pouvoit me remettre à celle
1005 1803 4267 2019 de France, ſi celle-ci me pourſuivoit pour
1013 2007 4268 2213 mon duel. Je fus encore interrogé; & je
1017 2211 4268 2425 m'apperçus, très-aiſément, par les queſtions
1021 2410 4269 2623 qu'on me faiſoit, qu'on me ſoupçonnoit
1013 2613 4269 2829 d'être un eſpion. Le Magiſtrat liſoit, de
1029 2816 4270 3029 temps en temps, une lettre qui, ſans doute,
1029 3024 4270 3232 contenoit cette accuſation contre moi;
1029 3223 4270 3430 & cette lettre venoit probablement des
1033 3420 4271 3632 coquins même à qui je venois d'échapper.
1029 3623 4271 3832 Je communiquai cette réflexion au Ma-
1037 3822 4272 4035 giſtrat. „C'eſt la Société ſouterreine, lui
1033 4021 4272 4239 “dis-je, qui m'accuſe probablement d'être
1033 4211 4273 4440 “un eſpion, pour ſe venger de moi, &
1037 4424 4273 4642 “me faire empriſonner.“ Il ne le nia
1041 4624 4274 4842 pas. „Cette Société voit bien mal, dit-
1041 4827 4274 5033 “il; car enfin, elle devoit bien penſer
1041 5029 4274 5231 “que, ſi vous tombiez dans nos mains,
1049 5230 4275 5443 “nous vous queſtionnerions ſur ſon
1045 5426 4275 5635 “compte. Sauriez-vous, continua le Ma-
1053 5630 4276 5846 “giſtrat, conduire du monde chez ces
1057 5829 4276 6053 „voleurs?“ -- „Cela doit être bien
1058 6029 4277 6255 “aiſé, répondis-je. On ſait l'endroit où
1074 6227 4277 6456 “l'on m'a arrêté, & où j'avois été attaqué
1066 6428 4278 6662 “par un tigre. C'eſt dans cette maiſon
