4266 8150
234 796 3314 1059 “qu'étoit la priſon d'où je me ſuis échappé.
103 1011 3302 1224 “Jereconnoîtrai facilementla fenêtre d'où
230 1222 3322 1423 “j'ai arraché des barreaux. Nous entrerons
226 1405 3326 1617 “par cette fenêtre. Nous ſortirons par la
214 1608 3330 1817 “porte du cachot; & alors nous ſerons chez
102 1808 3338 2020 “les voleurs, & nous reconnoîtrons le che-
118 2013 3003 2211 “min qui conduit à leur ſouterrein.“
393 2202 3322 2405 Le Magiſtrat trouva mes raiſons plau-
123 2397 3318 2585 ſibles. Le lendemain, on me donna
226 2600 3318 2809 pluſieurs hommes pour m'accompagner.
230 2803 3318 3012 Nous cherchâmes la maiſon où j'avois
230 3001 3322 3209 été arrêté. Nous en trouvâmes une tout-
234 3198 3322 3406 à-fait ſemblable. Nous y entrâmes; mais
234 3397 3322 3602 nous n'y vîmes aucune fenêtre, qui parût
234 3595 3322 3801 avoir été grillée. Il n'y en avoit pas même
238 3780 3322 3999 dans l'endroit, où je comptois trouver celles
234 3983 3322 4197 de ma priſon. D'ailleurs il n'y avoit, à ce
238 4190 3326 4441 premier étage, aucune ombre de priſon.
238 4377 3318 4578 Nous le viſitames exactement; il étoit ha-
254 4568 3338 4788 bité par des gens connus pour de très-hon-
246 4772 3338 4988 nêtes gens. „Il y avoit, nous dit-on,
258 4975 3318 5193 “l'une à côté de l'autre, deux maiſons
262 5186 3318 5391 “exactement pareilles, quant à l'exté-
226 5373 3321 5588 “rieur.“ On décida qu'il falloit chercher
210 5560 3322 5789 dans l'autre maiſon; mais il ſe trouva
266 5763 3326 5985 qu'elle venoit d'être incendiée. On fouilla
266 5959 3318 6187 dans les débris; on ne trouva aucune
282 6178 3322 6381 trace de chemin ſouterrein, qui pût con-
274 6345 3326 6565 duire chez les voleurs. On me recon-
2382 6581 2713 6733 Div
