4266 8179
1608 601 2094 788 i
345 831 3414 1046 qui venoit probablement encore de la So-
349 1010 3418 1246 ciété ſouterreine. Je ſuppliai le Docteur
353 1229 3422 1404 de m'examiner ſérieuſement, de me
354 1437 3419 1632 queſtionner ſur pluſieurs ſujets; „& je
341 1639 3426 1830 „me flatte, lui dis-je, que vous me trou-
341 1822 3430 2025 “verez parfaitement jouiſſant de mon
345 2021 3422 2222 „bon ſens.“ -- „Je n'ai pas le temps,
98 2216 3430 2416 “me dit le Docteur; d'ailleurs pluſieurs
349 2411 3430 2612 “fous raiſonnent très-bien, ſur preſque
337 2610 3430 2805 “tous les points, & ne déraiſonnent que
350 2810 3431 3005 „ſur un objet particulier, qui eſt la cauſe
350 3005 1592 3152 “de leur folie.“
541 3200 3427 3395 Je fus juſtement indigné de me voir
134 3398 3438 3597 traiter de cette manière, ſans aucune
349 3585 3442 3797 cauſe, ſans aucun motif, uniquement ſur
246 3788 3438 3989 l'avis que donnoient les ſcélérats de la
361 3987 3442 4131 Société ſouterreine. Cela étoit manifeſte.
358 4187 3443 4382 Mon ſang s'alluma & pétilla dans mes
358 4382 3459 4577 veines. Je roſſai les Geoliers qui me re-
365 4576 3450 4779 tenoient, & je voulus ſortir, par force,
361 4771 3450 4985 de la priſon. Il n'en fallut pas davantage
166 4970 3462 5189 pour établir très-clairement & très-décidé-
369 5165 3458 5375 ment, que j'étois fou, archifou. Les
369 5364 3462 5567 hommes ne manquoient pas. On en lâcha
365 5559 3458 5759 un grand nombre ſur moi; j'en terraſſai
373 5758 3470 5961 pluſieurs; mais on vint à bout de me gar-
377 5945 3466 6172 rotter, & je fus renfermé plus rigoureu-
370 6149 2038 6344 ſement que jamais.
983 6348 2834 6543 Fin de la première liaſſe.
2555 6559 2866 6711 Dv
