4266 8215
434 716 3573 934 flatté de cette déclaration. „Et vous, dis-
430 917 3565 1127 „je à mon guide, me croyez-vous fou?“
361 1123 3573 1329 -- „Je n'en ſais trop rien, me dit-il;
430 1324 3577 1532 “il peut ſe faire que vous le ſoyez beau-
430 1530 3569 1732 „coup moins qu'on ne croit. Vous ne
422 1727 3569 1925 „ſeriez pas le premier homme, contre le-
434 1921 3577 2130 “quel j'aurois vu produire une fauſſe in-
430 2122 3573 2324 “culpation de cette eſpèce, dans l'unique
426 2320 2280 2521 “deſſein de le perdre.“
627 2521 3573 2723 A Douvres, j'allois monter ſur un pa-
446 2718 3573 2926 quebot Hollandois, pour paſſer en France.
357 2920 3569 3123 Tout-à-coup je vois fondre, ſur moi,
450 3121 3577 3324 une très-jolie fille, qui me ſerre dans ſes
221 3323 3573 3520 bras, & qui me dit: „Non, Prince
439 3521 3590 3719 “cruel, tu n'auras pas la dureté de m'aban-
451 3719 3586 3916 “donner. Il y a dix ans que tu me fuis,
446 3915 3585 4121 “après les ſermens les plus ſolemnels.
446 4116 3597 4324 “J'attendois, chaque jour, tes Ambaſ-
446 4318 3601 4517 “ſadeurs. Hélas! tu viens toi-même, &
446 4517 3605 4717 “tu ne daignes pas me regarder. Qu'ai-
450 4713 3601 4923 “je fait pour mériter ta haine, après
450 4918 3609 5128 “les marques du plus tendre amour, que
454 5116 3605 5328 “tu m'avois ſi naïvement prodiguées?
462 5317 3625 5523 “Je ſais que je ne ſuis pas d'une naiſ-
462 5519 3625 5724 “ſance égale à la tienne; mais, ſi le bon-
470 5716 3633 5922 “heur eſt d'être aimé, peux-tu trouver
466 5913 3633 6125 “une Princeſſe capable de t'aimer comme
486 6115 3633 6321 “moi? Ah! dans un rang ſi élevé, trouve-
498 6316 3629 6526 “t-on ces ſentimens naïfs & bourgeois
2687 6523 3026 6720 Dv
