4266 8209
929 635 4108 869 “qui paroiſſoient te charmer chez moi?
990 862 4116 1059 “Crois-tu qu'unie avec toi, je n'aurois
998 1058 4120 1281 “pas fait tous mes efforts pour te ſe-
990 1261 4124 1465 “conder, en rendant notre peuple heu-
990 1465 4120 1669 “reux? O mon cher ami, je t'en con-
986 1662 4124 1874 “jure, vois ton Eliſe, à tes genoux, qui
1014 1863 4124 2066 “fond en larmes, qui te conjure de ne
994 2065 4128 2272 “pas l'abandonner ſur le bord de la
1006 2264 4128 2469 “tombe, où elle deſcendra, ſur - le-
1002 2466 4132 2664 “champ, ſi tu as la cruauté de lui fermer
991 2722 2047 2831 “ton cœur.“
1220 2862 4140 3070 C'étoit une plaiſante choſe que de voir
711 3064 4136 3263 cette folle infortunée, ſe jeter à mes
982 3267 4136 3481 pieds, embraſſer mes genoux, & me
990 3469 4193 3671 tendre ſes bras. Mais je ne pus m'em-
1002 3671 4132 3875 pêcher de ſourire avec tout le monde,
1022 3869 4132 4074 quand j'examinai la chère enfant qui me
1002 4067 4136 4269 faiſoit une ſi douce violence. Elle avoir
1010 4269 4136 4481 le timbre de voix le plus touchant, &
994 4468 4136 4674 ſa figure ſi jolie, jointe à un pareil or-
1002 4666 4140 4870 gane, lui gagnoit tous les cœurs. Je vis
1014 4864 4144 5075 un nombre aſſez conſidérable de gens
1002 5062 4132 5278 s'eſſuyer les yeux. Cependant le peuple
998 5264 4128 5466 avoit demandé qui j'étois. On lui avoit
982 5463 4128 5665 répondu que j'étois un inſenſé, & tout
986 5661 4120 5868 le monde diſoit: „A merveille! les fous
994 5868 4128 6080 “s'entre-connoiſſent; voyez comme celle-
990 6065 4116 6274 “ci ſaute au cou de ce jeune imbécille
893 6271 4116 6490 “qu'elle n'a jamais vu; elle en fait un
