4266 8233
985 745 4112 957 tenois; car, pour peu que j'euſſe éclaté
1001 952 4095 1158 contre l'abſurdité avec laquelle on me
1001 1150 4100 1361 perſécutoit, on auroit dit que c'étoit un
1005 1353 4099 1557 accès de folie. Je laiſſai partir mon con-
1005 1552 4091 1764 ducteur, ſans le remercier, & bientôt un
1005 1759 4091 1958 Exempt vint me chercher. Sentant que
1009 1962 4091 2162 l'erreur ne devoit pas durer long - temps
1005 2157 4087 2367 ſur mon compte, je me laiſſai conduire
1009 2363 4091 2568 paiſiblement, & je dis, à mon nouveau
1009 2558 4091 2761 conducteur, que j'allois écrire à Monſieur
1001 2761 4087 2968 le Lieutenant de Police, & lui expoſer
1009 2964 4095 3163 le fait tel qu'il étoit, comptant qu'il me
1013 3166 4100 3365 rendroit juſtice. Je racontai mon hiſtoire
1017 3361 4100 3568 à cet Exempt. Il m'aſſura que, ſi je lui
1009 3568 4100 3772 avois dit la vérité, on ne tarderoit pas
1013 3767 4099 3974 à me rendre la liberté; que le rapport
1013 3969 4100 4173 des Médecins, qui m'examineroient, in-
1013 4168 4103 4376 flueroit probablement ſur la déciſion qu'on
1017 4371 4107 4578 prendroit à mon égard. Nous arrivâmes
1017 4570 4104 4752 à Charenton; on m'enferma dans une
1017 4764 4104 4968 chambre, & l'Exempt me ſouhaita le
1013 4967 4100 5177 bon ſoir, en me promettant de rendre
1021 5166 3706 5373 compte de ce que je lui avois dit.
1141 5365 4104 5577 Sur-le-champ, j'écrivis à Monſieur le
1005 5568 4091 5779 Lieutenant de Police. Je lui fis ſentir que
1005 5765 4104 5979 ce n'étoit point l'Angleterre qui m'avoit
997 5961 4108 6168 jugé fou; qu'elle m'avoit cru reclamé
1005 6172 4108 6385 comme tel par la France; & que,
1001 6366 4112 6582 puiſque celle-ci ne me reconnoiſſoit pas
