4266 8344
1618 517 2128 710 o
291 759 3468 969 & de la charmante Aurore. „Hélas! me
295 965 3468 1179 “répondit-elle, ces deux chères perſonnes
295 1172 3464 1384 “ont été bien maltraitées; ta Frédégonde
295 1380 3464 1586 “& ton Chévalier Marqué ſont de bien
295 1582 3472 1793 “indignes ſcélérats. Je ne ſais pas, au
278 1787 3472 1999 “juſte, le détail des indignités qu'on a
279 1992 3477 2145 “exercé contre tes deux charmantes maî-
274 2190 3472 2403 “treſſes. On a voulu les proſtituer; ſi
274 2395 3477 2608 “l'on a exécuté cet infâme projet, il
258 2593 3472 2807 “faut qu'on leur ait fait violence. J'ai eu
278 2798 3477 3012 “la douloureuſe ſatisfaction de les voir
287 3004 3476 3218 “quelquefois; elles m'ont fait ſaigner le
287 3212 3477 3468 “cœur. J'ai fait pluſieurs tentatives pour
291 3411 3472 3619 “les arracher du criminel ſéjour ou on
48 3612 3472 3821 “les retenoit; je n'ai jamais pu en venir
48 3814 3464 4024 “à bout. J'apprends que Mademoiſelle
258 4019 3456 4230 “Laure a eu le bonheur de s'échapper;
266 4220 3481 4433 “j'ignore ſi ce bruit eſt vrai; mais qu'a-
56 4426 3477 4632 “t-elle pu devenir? n'eſt-elle point tombée
258 4627 3477 4835 “dans un autre repaire auſſi déteſtable? Elle
270 4829 3468 5048 “porte, dans ſon ſein, un fruit de ton
143 5038 3476 5245 “amour; dans cet état fatal, où elle ſe
278 5244 3477 5429 “trouve entre la vie & la mort, le cha-
126 5448 3468 5656 “grin, les beſoins urgens ne pourront-
52 5650 3464 5857 “ils point précipiter ſa fin? Ah pauvre
287 5844 3460 6065 “Laure! Ah! plus malheureuſe Aurore
287 6065 3468 6272 “peut-être! car enfin cette dernière eſt
295 6267 3481 6476 “encore ſous la main redoutable de l'in-
287 6465 3473 6683 “digne Frédégonde. Une fille auſſi céleſte
