4266 8225
905 751 4265 983 “que cela! C'eſt un Ange tombé dans
909 971 4266 1181 “les Enfers, au pouvoir des Démons.“
893 1173 4266 1389 J'eus le cœur ſerré de tout ce que ve-
921 1364 4266 1588 noit de m'apprendre la chère Levrette.
921 1575 4267 1789 Je vomis des imprécations contre les deux
921 1778 4267 1989 ſcélérats qui avoient ſacrifié ces inno-
925 1969 4268 2188 centes Beautés. „Je les ai rencontrés à
913 2179 4268 2389 “Calais, continuai - je; qu'alloient - ils
928 2377 4269 2588 “faire dans cette ville?“ -- „Je l'i-
925 2570 4269 2790 “gnore, répondit Levrette. Ils en ſont
929 2781 4270 2985 “arrivés hier au ſoir.“ -- „Je ſauverai
695 2984 4270 3187 “leurs victimes, oui, m'écriai - je, je
913 3182 4270 3405 vais voler au ſecours de ces chères per-
933 3383 1778 3536 “ſonnes.“
990 3563 4271 3793 Nous arrivâmes chez Levrette, qui
925 3788 4272 3993 étoit logée comme une reine. Je lui ra-
941 3988 4272 4190 contai mon hiſtoire, depuis mon départ de
941 4185 4273 4390 Paris, juſqu'à mon retour. L'adorable cour-
941 4387 4273 4588 tiſane m'embraſſa plus de mille fois, me
945 4585 4273 4788 ſerra contre ſon cœur, & verſa de douces
945 4783 4274 4991 larmes. „Ah! mon cher ami, que tu as
949 4977 4274 5188 “ſouffert, me dit-elle, tandis que j'étois
949 5184 4275 5413 “dans la jouiſſance de tous les biens de
945 5382 4275 5602 “la terre! Je m'en veux d'avoir joui,
945 5584 4276 5809 “tandis que mon petit Céſar étoit dans
945 5782 4276 6029 “les ſouffrances. J'ai fait, en conſcience,
731 5984 4277 6201 “tous mes efforts pour t'en délivrer;
733 6182 4277 6407 “mais ta mauvaiſe étoile t'empêche de
965 6385 4277 6597 “profiter de mes démarches. Je n'ai ja-
