4266 8309
1059 953 4213 1191 Levrette me recommanda à ſa protection,
1062 1173 4213 1393 le priant de s'intéreſſer en ma faveur,
887 1382 4188 1595 pour me placer & me procurer un état.
1067 1586 4197 1800 „Il paroît joli garçon, dit-il; je m'occu-
1067 1784 4188 2000 “perai de lui.“ A ces mots Son Excel-
1067 1992 4188 2200 lence me congédia, & il fallut me retirer
1055 2191 4180 2403 bien reſpectueuſement, le laiſſant paiſible
1067 2399 4197 2808 eſeois de laane a deles
1075 2807 4192 3007 amie courut après moi. „A propos, me
1070 3006 4192 3212 „dit-elle, tu ne dois pas avoir d'argent,
1091 3206 4197 3412 “mon bon ami;“ & elle me gliſſa, dans
1087 3406 4197 3614 la poche, un rouleau de cent louis, qu'elle
1075 3605 4192 3818 ne me laiſſa pas le temps de refuſer, &
1075 3813 2057 4017 elle diſparut.
1152 4009 4196 4222 Je me rendis chez mon Banquier; il
1083 4218 4193 4430 m'apprit que le Chevalier Marqué avoit
1091 4429 4200 4629 toujours touché mes revenus. Je m'en
1099 4620 4200 4827 étois douté. Le ſcélérat avoit mangé mon
1087 4812 4197 5028 bien, ſans m'en faire paſſer la moindre
1095 5019 4197 5228 parcelle. Je priai le Banquier de ne lui
1087 5223 4188 5433 plus rien donner. „C'eſt un ſcélérat,
1095 5427 4192 5635 “repris - je. Il m'a forcé de vous écrire
1087 5627 4192 5837 “en ſa faveur; mais il eſt temps enfin
1083 5825 4193 6040 “que je m'affranchiſſe de l'eſclavage qui
1087 6029 4192 6244 “m'a trop long-temps enchaîné ſous ſon
1095 6226 4192 6443 “joug; & que je ceſſe d'être la dupe de
1095 6436 3088 6631 “ce miſérable.“
1107 6629 4197 6845 Je courus dans la maiſon où j'avois
