4266 8122
1384 483 1974 670 ii
146 705 3197 917 “qui m'a été très-utile, puiſque, ſans
142 912 3201 1121 “doute, votre approche a contribué à
138 1111 3201 1307 “faire ſauver l'ennemi. Je remercie auſſi,
134 1315 3209 1517 “du fond de mon cœur, ce brave gentil-
131 1510 3496 1714 “homme, qui m'a été ſi ſecourable.“
123 1690 3493 1916 Le Guet, voyant qu'elle ne demandoit
115 1901 3221 2109 rien, lui a ſouhaité le bon ſoir. La ſcé-
110 2096 3209 2302 lérate! quelle préſence d'eſprit! Devois-
79 2296 3201 2497 je la démentir, pour me faire conduire
130 2491 3205 2723 chez le Commiſſaire? J'étois plus preſſé
126 2690 3213 2895 de voir mon Aurore. „Hé bien! mal-
123 2886 3205 3094 “heureuſe, lui dis-je, quand nous fûmes
134 3081 3201 3302 “ſeuls, me feras-tu voir ta victime? me
135 3269 3205 3484 “diras-tu où elle eſt logée?“ -- „Que
134 3477 3197 3684 “ſais-je moi, répoudit - elle? cherchez
134 3675 3205 3890 “dans la maiſon, depuis le grenier juſ-
130 3879 1451 4066 “qu'à la cave.“
154 4062 3205 4283 Je voyois beaucoup de monde ſur l'eſ-
134 4266 3201 4457 alier; tous les locataires étoient ſortis
138 4461 3209 4669 de leurs appartemens, à l'occaſion du tu-
134 4660 3197 4882 multe qui venoit de mettre tout le monde
138 4856 3201 5079 en l'air. Je montai juſqu'au grenier. Tout-
142 5057 3201 5259 à-coup j'entends un cri de femme, &
150 5251 3197 5473 apperçois, qui, grand Dieu? ma chère
146 5442 3193 5673 Aurore. Nous nous précipitons dans les
158 5649 3193 5869 tas l'un de l'autre. Mon Dieu, qu'elle
151 5840 3185 6075 étoit belle! qu'elle étoit tendre! qu'elle
146 6034 3193 6264 étoit céleſte! „Ah! papa, maman, s'é-
142 6238 3177 6431 “cria-t-elle, c'eſt lui même.“ La mère
2285 6468 2584 6663 E ii
