4266 7762
266 834 3163 1038 cette grace. Nous fîmes un ſouper dé-
262 1030 3367 1228 licieux. Je ne me ſouvenois plus d'avoir
259 1218 3167 1414 jamais été malheureux, de ma vie. Aurore
258 1402 3167 1583 étoit adorable. Je l'aimois, je l'adorois.
258 1594 3171 1786 On me fit raconter mes aventures; toutes
198 1771 3171 1986 les paſſions ſe peignoient ſur le viſage
236 1959 3175 2144 enchanteur de ma belle amie. Ce viſage
251 2144 3167 2340 eſt ſi délicat, ſi tranſparent, ſi céleſte,
251 2332 3167 2524 qu'il laiſſe voir ſon ame preſqu'à découvert.
259 2520 3167 2710 Quel intérêt tendre en ma faveur! que
262 2710 3163 2898 j'étois heureux! Comment pourrai - je
258 2896 2938 3089 jamais mériter un ſi grand bonheur?
420 3084 3167 3270 Alors j'ai prié ma chère Aurore de me
259 3270 3167 3457 raconter réciproquement ſon hiſtoire &
266 3453 3171 3647 celle de ſes chers parens, pendant mon
262 3637 3175 3784 abſence. Ici les larmes ont recommencé à
266 3825 3171 4018 couler, des yeux de la fille & de la mère.
258 4013 3167 4206 Le père pouſſoit des ſoupirs, & levoit la
270 4205 3171 4390 vue au Ciel. „Ah! mon cher ami, reprit
270 4390 3171 4574 “Aurore, diſpenſez - nous aujourd'hui
243 4570 3167 4766 “d'un ſi triſte récit. Encore un coup, ne
243 4754 3175 4951 “mêlons aucune ombre de douleur à la
270 4951 3167 5147 “pure joie que nous cauſe votre retour.
285 5131 3163 5334 “Demain ſera conſacré au deuil. Ah! ſi
293 5330 3167 5516 “nous pouvions effacer, de notre mé-
304 5511 3167 5680 “moire, tous ces faits douloureux! ſi rien
292 5703 3186 5895 “ne nous les rappelloit jamais...!“ J'em-
304 5861 3171 6088 braſſai ma belle Aurore, & je me ſoumis
300 6062 3167 6275 à ce qu'elle exigeoit, prévoyant, avec
2392 6273 2655 6414 Eiv
