4266 8097
2217 595 2815 785 r
994 816 4056 1036 douleur, qu'elle auroit de bien cruelles
998 1026 4055 1229 épreuves à me raconter pour le lendemain.
1006 1227 4048 1423 Ce qui m'étonna, c'eſt que je n'apperçus
998 1418 4040 1621 pas, dans tout ce que me dirent ces
982 1617 4040 1821 bonnes gens, que Frédégonde m'eût trahi,
1006 1815 4044 2015 quant à mon état. Elle leur avoir laiſſé
1006 2013 4044 2213 croire que j'étois réellement un jeune gra-
1010 2208 4036 2408 veur, vivant du travail de ſes mains.
1010 2402 4032 2608 J'ignore d'où venoit le motif de cette
641 2600 4036 2801 diſcrétion. Aurore me montra des gra-
1018 2798 4032 2997 vures qu'elle avoit finies pendant mon ab-
669 2993 4028 3193 ſence. La chère enfant avoit fait, ſans
1014 3187 4024 3388 guide, des progrès conſidérables. Elle
1015 3389 4021 3581 commençoit déjà à gagner joliment avec
1014 3583 4016 3783 ce talent. Elle m'en rendoit grace de tout
1014 3778 4012 3977 ſon cœur, comme au premier auteur de
1006 3972 4012 4171 la fortune qu'elle eſpéroit. Je me retirai
1010 4166 4008 4374 aſſez tard, ne ſachant pas trop, au fond,
653 4361 4000 4567 où aller coucher. Je rencontrai la grande
1018 4559 4000 4754 la Voirie, bonne-fille, à qui l'on avoit donné
1014 4761 3992 4961 ce nom peu flatteur, corrompant le ſien,
990 4952 3984 5157 qui étoit la Voiſerie; elle étoit un peu froide
975 5154 3988 5348 mais douce comme un agneau. Elle me con
1014 5347 3984 5552 duiſit chez elle, & me plaça dans une très-
1014 5546 3984 5947 lbon ſoon 'ue oinapeput tre, uonn
1026 5939 3988 6143 que je ne paſſai pas, chez cette fille, une
1026 6137 2934 6338 nuit ſi ſage que je le dis.
1224 6332 4008 6534 Le lendemain, je courus chez ma
