4266 8241
1254 474 2209 671 o5J
308 701 3470 931 chère Aurore; mais Dieu! je ne la trouvai
10 908 3470 1157 plus au logis, ni elle, ni ſes parens. Les
10 1111 3823 1337 voiſins ne purent me rendre raiſon de ce
299 1314 3466 1582 qu'étoit devenue cette chère famille. On
287 1517 3458 1737 etoit venu les chercher, tous les trois,
287 1716 3474 1933 en voiture. On avoit eu bien de la peine
11 1915 3462 2136 à faire deſcendre le père. Il falloit qu'il
287 2122 3474 2325 y eût eu de la violence; ſans cela, com-
283 2321 3474 2530 ment ce bon père, perclus de tous ſes
283 2520 3463 2732 membres, ſe ſeroit-il réfolu à ſortir? Les
287 2727 3458 2933 avoit-on entraînés, hors de chez eux, pour
283 2930 3470 3136 les enfermer dans quelque priſon? à pro-
11 3129 3450 3385 pos de quoi? qu'avoient - ils fait? Il y
11 3332 3450 3542 avoit là encore de la Frédégonde. Je
247 3531 3458 3744 deſcendis chez elle. On me dit qu'elle
283 3734 3466 3945 avoit déménagé dès le matin. „La ſcé-
279 3937 3446 4145 “lérate m'a échappé, m'ecriai-je furieux.
279 4136 3430 4348 “Courons chez le Chevalier Marqué.“
283 4339 3592 4547 Il n'avoit point de logement. Le cher-
279 4542 3454 4753 cher à l'hôtel d'Angleterre, c'étoit peine
279 4740 3458 4947 perdue; il ne devoit plus oſer y mettre le
267 4939 3458 5162 pied. Je repaſſai, par haſard, chez la
153 5146 3434 5351 Voirie, qu'il nommoit Roſe-à-Tout-ve-
283 5349 3450 5559 nant. Je l'y trouvai. Il ſe recommandoit
295 5552 3454 5763 à ſa protection, pour appaiſer le courroux
294 5755 3462 5963 que j'avois contre lui. Il pâlit à mon aſ-
291 5958 3435 6168 pect; cependant, il prit un air riant.“
295 6157 3450 6380 “Ahl mon cher Chevalier, dit - il, je
299 6368 3442 6547 “vous cherchois. J'ai mille choſes à vous
2382 6571 2635 6731 Ev
