4266 8255
1632 436 2266 626 i.
-16 629 3543 894 heureux Marqué, qui s'enfuit, & courut
-15 889 1959 1113 très-vîte ſans voiture.
379 1077 3551 1289 J'entrai dans le malheureux repaire;
-6 1285 3543 1519 je frémis en penſant que de ſi honnêtes
-14 1489 3563 1748 gens ſe trouvoient confondus avec la plus
-5 1693 3792 1930 vile canaille. J'appercus bientôt, dans un
-13 1893 3535 2106 coin obſcur, un groupe de trois perſonnes,
-12 2098 3539 2313 un homme & deux femmes, couchés ſur
-12 2298 3539 2513 de la paille, les bras entrelacés, abîmés
-12 2502 3560 2724 dans leurs douleurs. C'étoient mes amis.
-11 2706 3535 2914 „Ah! chère Aurore, m'écriai-je, & vous,
-11 2914 3543 3114 “ſon père & ſa mère, eſt-ce vous?“ Ils
-10 3104 3551 3337 ſouleverent leurs yeux appeſantis. Un
-6 3317 3547 3519 rayon de joie y perça. Je tombai dans
-9 3483 1299 3735 leurs bras.
558 3718 3551 3976 Nous reſtâmes quelque temps dans cette
-8 3923 3547 4138 attitude, le cœur ſerré, ſans pouvoir nous
-8 4127 3547 4335 dire un ſeul mot. Enfin, je leur demandai,
-8 4331 3923 4541 en ſoupirant, quel étoit l'infâme juif
203 4531 3564 4748 qui avoit pu les faire arrêter. „Hélas!
-7 4735 3572 4975 “me répondit le père, Madame Frédé-
-6 4938 3564 5158 “gonde a prétendu nous obliger; mais
-6 5135 3576 5348 “elle nous a fait ſigner des reconnoiſ-
-4 5346 3577 5557 “ſances de tout ce qu'elle nous a donné.
302 5551 3573 5751 “Armée de ces titres, elle a, ſans doute,
387 5756 3588 5967 “fait des pourſuites contre nous. Elle nous
387 5960 3588 6164 “a ſoufflé les aſſignations. Elle a obtenu
64 6172 3584 6378 “Sentence contre nous, ſans que nous
85 6372 3588 6605 “puſſions nous en douter. Elle tenoit
2865 6585 3177 6786 Ev
