4266 8193
2122 448 2729 635 o
856 690 4279 896 “cette arme toute prête, pour nous ac-
856 885 4279 1122 “cabler quand elle le voudroit; &, ce
864 1091 4278 1289 “matin, au moment où nous nous y
860 1281 4278 1501 “attendions le moins, on eſt venu nous
856 1490 4278 1700 “arrêter à ſa requête.“ -- „O la monſ-
860 1693 4277 1904 “trueuſe femme, m'écriai-je! que de bon
610 1896 4277 2107 “cœur je laverois, dans ſon ſang, toutes
868 2098 4276 2311 “ſes indignités! mais vous devez être
868 2298 4276 2512 “arrêtés pour peu de choſe.“ -- „Je
864 2500 4275 2712 “crois, me répondit la mère, que cela
872 2704 4275 2916 “ne va pas à plus de douze ou ſeize
856 2903 4275 3133 “louis, avec les frais.“ -- „Ah! je
864 3101 4274 3317 “reſpire, lui répondis-je; c'eſt une ba-
860 3303 4274 3509 “gatelle qu'il m'eſt trop aiſé de débourſer.
864 3491 4273 3743 “Il eſt affreux d'être obligé de jeter cet
856 3703 4273 3915 “argent à la tête de l'infâme Frédégonde;
852 3910 4272 4141 “mais quel plaiſir de pouvoir faire un ſi
848 4108 4266 4314 “léger ſacrifice pour vous rendre la liberté!
852 4298 4272 4545 “que n'en puis-je faire un mille fois plus
852 4512 1706 4707 “grand!“
1054 4703 4271 4924 La fille & la mère ſe précipiterent à
848 4923 4270 5124 mes genoux, pour me remercier. Je les
840 5111 4270 5374 relevai, avec la même précipitation, &
836 5309 4269 5534 je les embraſſai. Je fis venir à dîner, &
731 5515 4269 5721 je demandai au geolier le nom & la de-
848 5713 4268 5951 meure de l'Huiſſier, qui avoit fait arrêter
666 5916 4268 6130 mes amis; il me l'apprit, & je promis,
828 6114 4268 6334 à ces bonnes gens, d'y paſſer, & de les
832 6316 4267 6543 délivrer le jour même. Nous dînâmes avec
800 6510 4267 6766 aſſez d'appétit, malgré la triſteſſe de leur
