4266 7975
1408 542 1985 722 oo.
104 752 3244 965 ſituation. Je les priai de me raconter tous
202 962 3244 1157 les malheurs qui les avoient pourſuivis
248 1153 3252 1350 pendant mon abſence.“ Hélas! me dit
170 1344 3252 1544 “Aurore, cet affreux récit convient
241 1539 3248 1734 “au lieu douloureux où nous nous trou-
233 1731 3275 1927 “vons pour le préſent; mais comment ſe
241 1922 3252 2117 “rappeller des atrocités ſi infâmes? Notre
92 2113 3252 2308 “vie a été, pendant votre abſence, ce
241 2308 3256 2502 “qu'elle eſt depuis votre retour. Pas un mo-
61 2499 3263 2698 “ment de repos; à chaque inſtant des per-
73 2691 3264 2891 “ſécutions cruelles, pour me ſoumettre à
221 2885 3263 3080 “des indignités; à chaque moment de
213 3080 3256 3279 “nouveaux perſonnages auxquels on me
260 3271 3271 3472 “vendoit, & dont aucun, grace au Ciel,
256 3466 3263 3663 “n'a pu ſe rendre maître de ſa victime.
256 3657 3267 3855 “Ah mon ami! peut-on croire qu'il y
260 3852 3260 4048 “ait, ſur la terre, des êtres ſi malfai-
252 4043 3267 4245 “ſans? Quoi cette Dame Frédégonde!
253 4238 3486 4410 “de ſi beaux traits, avec une ame ſi
264 4429 3509 4629 “infernale! Ah! ce n'eſt pas une femme,
116 4624 3271 4820 “c'eſt Satan lui-même qui a déguiſé ſon
272 4815 3271 5011 “horrible laideur, ſous cette belle fi-
261 5066 885 5209 “gure.“
448 5208 3275 5408 J'aurois bien voulu de plus grands dé-
295 5397 3267 5600 tails; mais la pudeur de cette belle vierge
159 5594 3267 5791 répugnoit à les tracer. Le père & la mère
159 5757 3287 5987 ſe félicitoient mutuellement ſur le compte
311 5974 3275 6188 de leur fille, & remercioient le Ciel
315 6165 3287 6352 de leur avoir donné une enfant, dont
