4266 7946
1629 501 2204 689 iie.
788 1525 2983 1685 r
812 1881 3025 2047 ROISIEME LIASSE.
1139 2377 2640 2566 Laure de Lyſange,
936 2696 2882 2851 à la Mère Saint-Amand.
2403 3028 3170 3187 (().
400 3192 3410 3518 AI! mon Dieu, ma bonne maman,
392 3507 3406 3702 que j'ai été coupable, puiſque Dieu a
392 3698 3414 3896 permis que je fuſſe ſi cruellement trompée;
162 3891 3410 4084 oui trompée, par le jeune homme le plus
119 4079 3410 4275 cher à mon cœur ſaignant! Je lui avois
388 4269 3406 4460 donné ma confiance. Inſenſée que j'étois!
384 4460 3414 4659 quand je connoiſſois ſa légèreté, ſon ex-
551 5078 3398 5247 (1) Note de l'Editeur. Nous avons cru
100 5230 3406 5382 devoir cacher le nom du lieu où Laure s'eſt
331 5388 3411 5554 retirée, par des conſidérations dont nous ne pou-
392 5553 3402 5709 vons ici rendre compte. Par la ſuite, nous ca-
400 5705 3624 5845 cherons auſſi les noms des lieux où la belle Aurore
400 5868 3402 6030 & Céſar de Perlencour ont ſouffert, & ce ſera
84 6027 3406 6356 les paas déſpner plus paraeeuilreeeenuu e von
