4266 7915
876 736 3853 935 travagance, moi fille de vingt & un ans,
875 928 3857 1120 je m'étois remiſe entre les mains d'un
879 1119 3853 1312 petit jeune homme de dix-huit ans, que
879 1308 3853 1510 j'appellois d'abord un jeune blanc-bec. Je
779 1505 3856 1683 lui avois confié mon honneur. Vous voyez
887 1690 3856 1887 le cas qu'il en a fait. Que je ſuis mal-
887 1883 3270 2085 heureuſe! que je ſuis coupable!
1076 2084 3864 2273 Auriez-vous cru qu'il auroit pu me me-
895 2269 3856 2416 ner dans une maiſon?.... Ah Ciel!
899 2462 3864 2660 quelle maiſon! Mon Dieu, je te demande
895 2652 3864 2852 pardon d'avoir vu de pareilles horreurs.
1088 2845 3868 3039 Cette Frédégonde eſt bien abominable;
891 3039 3868 3235 mais ne parlons plus de ces exécrations.
895 3219 3872 3428 J'ai eu le bonheur d'échapper à de ſi af-
899 3416 3876 3622 freux dangers; mais que ſuis-je à préſent?
524 3613 3887 3810 Comme le crime humilie! Moi fille de con-
902 3802 3884 4001 dition, dans le cas de prétendre à des partis
875 3999 4065 4196 honnêtes, à préſent déshonorée d'une ma-
899 4184 3880 4383 nière viſible, dont je porte les traces les
902 4378 3880 4567 plus manifeſtes; que dis-je déshonorée!
906 4571 3884 4761 avilie, couverte d'opprobres, puiſque je
903 4756 3884 4953 me ſuis vue expoſée aux plus abominables
910 4953 3887 5151 attaques, dans une maiſon publique de
914 5146 3887 5339 proſtitution! & je n'en ſuis pas morte
910 5331 3891 5528 d'horreur! O Philoſophie abſurde! inſufſi-
906 5528 3887 5721 ſante, comme tu t'es jouée d'une femelle
613 5717 3891 5918 imbécille, qui vouloit afficher tes ſuperbes
918 5910 3891 6108 prétentions! Ma bonne maman, priez
922 6096 3891 6305 Dieu pour moi; il en faut toujours re-
