4266 7983
245 865 3240 1074 voix douce & paſtorale; Qu'elle me parut
245 1064 3240 1269 heureuſe! J'enviai ſon bonheur. Je m'ap-
241 1262 3244 1462 prochai d'elle. „Gentille Paſtourelle, lui
139 1457 3252 1653 “dis-je, m'apprendrez vous comment il
237 1645 3240 1840 “faut que je faſſe pour être heureuſe
229 1840 3256 2037 „comme vous?“ -- „Ah! Mademoi-
225 2031 3248 2230 “ſelle, répondit-elle, vous vous gauſſez
229 2222 3252 2417 “des pauvres gens; une grande belle
241 2417 3252 2612 “Demoiſelle comme vous, toute ha-
241 2608 3248 2799 “billée en ſoie, eſt bien plus heureuſe
245 2799 3248 3000 “que nous.“ -- „Hélas! repris je en
256 2994 3236 3194 “ſoupirant, je ſuis bien loin du bonheur;
253 3185 3244 3387 “mais vous, ma belle enfant, à votre
252 3380 3236 3581 “teint vermeil, à vos joues rebondies,
143 3571 3236 3763 “je vois bien que vous êtes ſans ſouci,
147 3761 3225 3969 “&, par conſéquent, ſans chagrin.“
248 3961 3244 4158 -- „Ah! pourça c'eſt bien vrai. Je n'a-
256 4156 3240 4348 “vons point de chagrin; mais c'eſt
252 4347 3244 4543 “parce qu'on ne nous en donne pas,
260 4538 3228 4730 “& que je n'en allons pas chercher.“
264 4730 3244 4933 -- „Mais comment faire pour n'en pas
276 4925 3248 5124 “avoir?“ -- „Mais je crois qu'il fau-
280 5116 3244 5311 “droit peut-être vivre comme nous. Au
292 5312 3245 5503 “reſte, ſi vous voulez, Mameſelle, je
291 5510 3248 5705 “vous menerai à mon pere, qui pourra
299 5697 3248 5898 “peut-être vous dire ça, ou bien plutôt
295 5888 3252 6093 “à M. le Curé, qui eſt encore plus
303 6071 3252 6291 “ſavant, qui ſait lire tout courant. Il
311 6270 3252 6481 “doit ſavoir ça, lui.“ -- „Votre père
