4266 8240
2313 604 2925 796 te
1044 845 4265 1068 vit, elle fit ſes efforts pour ſe lever. Je
1036 1052 4266 1268 la repouſſai dans ſon fauteuil, & je l'em-
1048 1248 4266 1466 braſſai. On me fit aſſeoir; on courut à la
1048 1455 4267 1673 cave; on m'apporta du vin bien frais,
1044 1659 4268 2079 aulee leſne nii, uns ſarriene, le
1044 2065 4268 2278 toile un peu groſſière, mais toute blanche.
1065 2264 4268 2478 „Dépêchez-vous donc, s'écrioit la maî-
1056 2471 4269 2672 “treſſe, voilà notre maître qui va venir
1052 2667 4269 2879 “ſouper. Que tout ſoit prêt. Il tarde
1055 2870 4270 3079 “bien.“ -- „C'eſt, répondit un homme
1052 3076 4270 3279 “de charrue, parce qu'il eſt allé conſoler
1056 3277 4271 3490 “c'te pauvre veuve malade, pour qui il
1052 3478 4271 3687 “a obtenu exemption. Il lui rendra auſſi,
1056 3680 4271 3893 „dans quelques jours, ſon fils qu'il a dé-
1052 3881 4272 4095 “gagé.“ Cependant nous entendions des
1040 4083 4272 4299 acclamations de joie; on crioit: „Vive
1040 4256 4273 4486 “Guillau.“ C'eſt lui, dit la maîtreſſe, il
1056 4486 4273 4699 “aura fait encore des ſiennes.“ Et nous
1064 4684 4274 4903 vîmes, en effet, arriver Guillau, qui
1065 4880 4274 5091 tenoit, dans ſes bras, une jolie fille. Il
1069 5087 4275 5304 étoit tout vermeil & rayonnant. „Et ra-
1061 5273 4275 5499 “nimez-vous donc, la belle, diſoit-il; &
1060 5487 4275 5702 “vous voilà en sûreté; vous êtes avec
1061 5688 4276 5905 “vos amis.“ -- „Ah! monſieur, s'écria
1056 5884 4276 6103 “la jeune fille, en s'échappant de ſes
1060 6085 4277 6312 “bras, pour ſe jeter à ſes genoux, que
1065 6283 4277 6507 “je vous ai d'obligation! ſi vous n'étiez
1065 6482 4278 6715 “accouru, les malheureux m'auroient
