4266 8089
1490 629 2238 862 .
-15 855 3342 1072 “aſſaſſinée, après m'avoir outragée de
-14 1059 3338 1264 “la manière la plus indigne.“ -- „Et
-14 1256 3342 1469 “ne parlez donc pas de ça, la jeune fille,
-14 1458 3342 1665 “dit Guillau.“ Et il ajouta, en éclatant
-13 1652 3350 1857 de rire: „J'avons bien fait ſonner notre
-13 1851 3342 2050 “gourdin ſur leurs épaules, toujours. Les
-12 2044 3350 2243 “bourreaux courent encore. Ils étoient
-12 2235 3370 2442 “deux coquins, qui vouloient faire vio-
-12 2438 3342 2637 “lence à c'te pauvre fille, dans le bois,
-11 2636 3350 2838 “derrière c'te roche; demandez-moi pour-
-11 2833 3342 3035 “quoi; il y en a tant de bonne volonté.
-10 3013 3346 3236 “Pourquoi vouloir prendre, par force,
-10 3228 3342 3427 “celles-là qui ne veulent point. Ah! les
-9 3421 3346 3624 “gueux! ils s'en ſentiront plus d'un jour.
-9 3616 3330 3819 “Allons, mes bons amis, ſoupons &
-8 3815 3334 4015 “vive la joiel ... Et c'eſt donc là c'te belle
-8 4014 3655 4219 “Demoiſelle, dont le compère Jean-
-8 4211 3326 4419 “David m'a parlé. Hé mon Dieu, que
-7 4404 3326 4611 “vous êtes belle, ma reine! que vous
-7 4598 3342 4805 êtes bonne de yenir chez de pauvres
-6 4796 3322 5018 ngens comme nous; & qu'eſt-ce que je
-6 4993 3318 5202 “pouvons faire pour votre ſervice?“ --
-5 5194 3318 5396 „Prenez moi au vôtre, m'écriai je, &
-5 5392 3314 5606 “donnez-moi un azile, pendant quelque
-5 5584 3330 5803 “temps,chez vous. Je vous payerai
-4 5780 3314 5999 “bien, mes honnêtes gens, je vous le
-4 5970 3310 6194 jure. Acceptez, pour commencer, tout
-3 6176 3318 6388 ce que j'ai.“ Alors je leur jettai, ſur
-3 6363 3647 6589 da table, ma bourſe, mes bijoux, ma
2442 6586 2664 6777 Fi
