<PcGts xmlns="http://schema.primaresearch.org/PAGE/gts/pagecontent/2017-07-15" xmlns:xsi="http://www.w3.org/2001/XMLSchema-instance" xsi:schemaLocation="http://schema.primaresearch.org/PAGE/gts/pagecontent/2017-07-15 http://schema.primaresearch.org/PAGE/gts/pagecontent/2017-07-15/pagecontent.xsd"><Metadata><Creator>User123</Creator><Created>2020-10-17T17:12:41</Created><LastChange>2020-10-17T17:12:41</LastChange></Metadata><Page imageFilename="0133.png" imageHeight="8221" imageWidth="4266"><TextRegion id="r0" type="paragraph" orientation="-0.125"><Coords points="1,1 4264,1 4264,8219 1,8219"/><TextLine id="r0_l001"><Coords points="2404,614 3028,615 3028,837 2404,836"/><TextEquiv index="1"><Unicode>ie.</Unicode></TextEquiv></TextLine><TextLine id="r0_l002"><Coords points="4263,1116 4263,1115 4263,1057 4262,1057 4093,1056 4092,1055 4092,1054 4090,1052 4037,1052 4036,1051 4035,1051 4035,1051 4035,1050 4033,1048 4005,1048 4004,1047 4003,1047 4003,1047 4003,1046 4002,1045 4002,1032 4001,1031 3946,1031 3946,1031 3946,1109 3945,1110 3943,1110 3942,1109 3931,1109 3931,1108 3931,1031 3930,1031 3780,1031 3780,1031 3780,1033 3778,1035 3777,1035 3776,1036 3776,1037 3774,1039 3727,1038 3726,1039 3672,1039 3671,1040 3614,1040 3614,1041 3614,1042 3612,1043 3611,1043 3610,1044 3468,1044 3468,1044 3468,1062 3466,1064 3465,1064 3464,1065 3464,1070 3462,1072 3461,1072 3460,1073 3460,1074 3458,1076 3457,1076 3456,1077 3456,1082 3454,1084 3449,1084 3448,1085 3448,1086 3446,1088 3441,1088 3440,1089 3440,1090 3438,1092 3400,1092 3400,1091 3400,1090 3387,1077 3387,1039 3386,1039 3355,1039 3355,1038 3355,1037 3353,1036 3101,1035 3100,1037 3100,1038 3098,1039 3096,1039 3096,1039 3096,1038 3093,1035 2861,1035 2861,1035 2861,1050 2860,1051 2859,1051 2842,1068 2833,1068 2833,1068 2833,1069 2830,1072 2826,1072 2824,1069 2824,1068 2823,1068 2822,1067 2821,1066 2820,1066 2820,1066 2820,1036 2819,1035 2558,1035 2557,1036 2415,1036 2414,1035 2412,1035 2412,1034 2412,1033 2410,1032 1905,1030 1904,1031 1652,1031 1651,1032 1651,1045 1649,1047 1648,1047 1647,1048 1647,1053 1644,1056 1643,1056 1643,1056 1643,1057 1640,1060 1639,1060 1639,1060 1639,1061 1636,1064 1631,1064 1630,1065 1630,1066 1628,1068 1620,1068 1618,1065 1618,1064 1617,1064 1616,1064 1614,1061 1614,1039 1613,1039 1387,1038 1386,1039 1174,1039 1173,1037 1173,1036 1172,1036 1171,1036 1169,1033 1169,972 1166,970 1165,970 1165,969 1165,934 1164,934 1133,934 1132,932 1132,923 1133,922 1135,922 1136,921 1136,916 1137,915 1137,914 1137,914 1139,914 1140,913 1140,895 1142,894 1188,894 1189,892 1189,890 1190,890 1193,890 1193,890 1193,891 1196,894 1201,894 1201,894 1201,913 1201,914 1357,914 1359,913 1359,908 1360,906 1365,906 1367,905 1367,904 1368,902 1406,902 1408,904 1408,905 1409,906 1414,906 1416,908 1416,913 1417,914 1418,914 1420,916 1420,929 1420,929 1491,930 1493,931 1493,932 1494,934 1495,934 1496,934 1496,935 1502,942 1527,942 1529,943 1529,944 1530,946 1531,946 1533,947 1533,948 1534,950 1539,950 1541,951 1541,952 1542,954 1543,954 1545,955 1545,956 1546,958 1547,958 1549,959 1549,960 1550,961 1550,973 1551,975 1552,975 1553,975 1553,976 1554,977 1554,1002 1554,1003 1718,1003 1719,1003 1719,961 1721,958 1722,958 1723,958 1723,957 1725,954 1726,954 1727,954 1727,953 1729,950 1730,950 1731,950 1731,949 1733,946 1734,946 1736,945 1736,944 1737,942 1741,942 1744,945 2131,946 2132,945 2132,928 2133,927 2133,926 2133,926 2134,926 2136,925 2136,917 2137,916 2137,915 2137,914 2138,914 2140,913 2140,896 2142,894 2143,894 2144,893 2144,889 2145,888 2145,887 2146,886 2147,886 2148,885 2159,885 2161,888 2161,889 2162,889 2163,889 2165,892 2165,938 2165,938 2207,938 2209,940 2209,942 2209,942 2338,942 2339,942 2339,899 2340,898 2341,898 2343,896 2343,891 2344,890 2345,890 2346,889 2357,889 2363,895 2364,895 2367,899 2367,941 2367,942 2540,942 2541,941 2541,895 2543,894 2548,894 2549,892 2549,891 2550,890 2551,890 2552,890 2553,889 2559,889 2560,890 2561,890 2561,890 2561,891 2564,894 2565,894 2565,894 2565,895 2566,896 2566,897 2567,898 2605,898 2606,900 2606,901 2607,902 2612,902 2614,904 2614,905 2614,905 2615,905 2618,908 2618,909 2618,909 2619,909 2622,912 2622,922 2622,922 2718,922 2719,923 2719,924 2720,925 2720,926 2720,926 2721,926 2723,928 2723,946 2723,946 2745,946 2748,949 2748,950 2748,950 2778,950 2780,952 2780,953 2780,953 3106,954 3108,953 3108,952 3109,950 3180,950 3181,950 3181,931 3181,930 3212,930 3213,930 3213,908 3215,905 3216,905 3217,905 3217,900 3219,898 3224,898 3225,897 3225,896 3227,894 3232,894 3233,893 3233,892 3235,890 3236,890 3237,889 3239,889 3240,890 3241,890 3241,891 3241,892 3242,893 3242,897 3243,897 3244,897 3246,900 3246,945 3246,945 3459,946 3460,945 3460,943 3461,942 3466,942 3468,943 3468,944 3469,946 3608,946 3610,948 3610,949 3611,950 3616,950 3618,952 3618,953 3619,954 3628,954 3630,956 3630,957 3632,959 3633,959 3634,960 3634,961 3636,963 3637,963 3638,964 3638,973 3640,975 3641,975 3642,976 3642,1007 3642,1007 3755,1008 3756,1007 3762,1007 3763,1006 3763,1005 3764,1004 3764,1003 3764,1003 3864,1003 3865,1002 3865,996 3866,995 3867,995 3869,993 3869,988 3871,986 3872,986 3873,985 3873,984 3875,982 3876,982 3877,981 3877,980 3879,978 3880,978 3881,977 3881,976 3883,974 3884,974 3885,973 3885,972 3887,970 4001,970 4002,970 4002,917 4003,916 4003,915 4003,914 4004,914 4007,912 4007,911 4007,910 4009,910 4011,912 4011,913 4012,914 4212,915 4213,914 4213,899 4216,897 4217,897 4217,896 4217,891 4219,890 4223,890 4224,889 4225,889 4225,888 4225,887 4228,885 4231,885 4232,886 4233,886 4233,886 4233,887 4236,890 4237,890 4237,890 4237,893 4238,894 4279,894 4279,894 4279,1115 4278,1116"/><TextEquiv index="1"><Unicode>boëte, mon étuit d'or, ma bague... „Hé!</Unicode></TextEquiv></TextLine><TextLine id="r0_l003"><Coords points="4264,1316 4263,1315 4263,1266 4263,1266 4207,1266 4205,1264 4205,1263 4205,1263 4170,1262 4169,1262 4169,1261 4167,1258 4142,1258 4140,1257 4140,1256 4139,1254 4069,1254 4068,1254 4068,1253 4067,1252 4067,1251 4067,1250 4037,1250 4035,1249 4035,1248 4034,1246 3887,1246 3885,1244 3885,1243 3884,1242 3638,1241 3637,1242 3237,1241 3236,1242 3158,1242 3157,1243 3157,1256 3151,1262 3146,1262 3145,1263 3145,1264 3143,1266 3138,1266 3137,1267 3137,1268 3135,1270 3122,1270 3120,1269 3120,1239 3120,1238 2960,1238 2958,1239 2958,1240 2957,1242 2820,1241 2819,1242 2790,1242 2788,1241 2788,1240 2787,1238 2429,1238 2373,1238 2371,1239 2371,1240 2370,1242 2369,1242 2367,1240 2367,1235 2367,1235 1905,1233 1904,1234 1855,1234 1853,1236 1853,1237 1852,1238 1522,1238 1521,1238 1521,1289 1521,1290 1520,1290 1519,1291 1510,1291 1509,1291 1509,1292 1508,1294 1507,1294 1506,1295 1505,1294 1490,1294 1489,1293 1489,1292 1487,1290 1486,1290 1485,1289 1485,1287 1484,1286 1484,1243 1484,1243 1430,1242 1428,1241 1428,1240 1427,1238 1325,1238 1323,1237 1323,1236 1322,1234 1163,1234 1161,1232 1161,1231 1159,1229 1158,1229 1157,1228 1157,1227 1155,1225 1154,1225 1153,1224 1153,1174 1155,1173 1164,1173 1165,1171 1165,1170 1167,1169 1216,1169 1217,1167 1217,1166 1219,1165 1327,1165 1327,1165 1327,1162 1328,1161 1329,1161 1333,1157 1342,1157 1343,1156 1343,1155 1345,1153 1587,1154 1588,1153 1730,1153 1731,1152 1731,1151 1733,1149 1943,1150 1944,1149 2013,1149 2022,1140 2025,1140 2026,1141 2027,1141 2027,1141 2027,1147 2028,1148 2029,1148 2030,1149 2258,1149 2258,1149 2258,1146 2259,1145 2266,1145 2267,1144 2268,1145 2269,1145 2270,1147 2270,1148 2271,1148 2272,1148 2272,1149 2274,1151 2274,1152 2275,1152 2523,1153 2524,1152 2525,1152 2525,1151 2525,1150 2528,1148 2529,1148 2529,1147 2529,1146 2531,1145 2532,1145 2533,1144 2534,1144 2535,1145 2537,1145 2537,1145 2537,1147 2538,1148 2591,1148 2592,1149 2759,1149 2759,1149 2760,1110 2761,1108 2762,1108 2764,1107 2764,1106 2765,1104 2770,1104 2772,1103 2772,1102 2773,1100 2869,1101 2870,1100 2883,1100 2885,1101 2885,1102 2886,1104 2887,1104 2890,1106 2890,1107 2890,1108 2891,1108 2893,1109 2892,1152 2893,1153 3014,1153 3015,1154 3015,1155 3017,1157 3224,1157 3225,1156 3225,1155 3227,1153 3237,1153 3237,1154 3237,1155 3239,1156 3265,1156 3265,1156 3266,1114 3267,1112 3268,1112 3270,1111 3270,1110 3271,1108 3343,1109 3344,1108 3345,1108 3347,1106 3347,1101 3348,1100 3357,1100 3359,1101 3359,1103 3359,1104 3547,1104 3549,1106 3549,1114 3549,1114 3727,1114 3729,1112 3734,1112 3735,1112 3735,1111 3738,1107 3782,1108 3783,1109 3983,1109 3984,1108 3992,1108 3994,1110 3994,1111 3995,1112 4037,1112 4039,1114 4039,1115 4040,1116 4041,1116 4043,1118 4042,1173 4043,1173 4262,1174 4262,1173 4263,1116 4263,1116 4278,1116 4279,1116 4278,1315 4278,1316"/><TextEquiv index="1"><Unicode>“reprenez tout votre bien, s'écria Guillau.</Unicode></TextEquiv></TextLine><TextLine id="r0_l004"><Coords points="4263,1516 4263,1515 4263,1461 4262,1461 4141,1460 4140,1459 4140,1458 4138,1456 4133,1456 4132,1455 4132,1454 4130,1452 4088,1452 4088,1452 4088,1451 4087,1450 4087,1449 4086,1448 3780,1448 3780,1448 3780,1491 3778,1493 3777,1493 3771,1499 3771,1500 3770,1501 3749,1501 3747,1498 3747,1497 3746,1497 3740,1497 3740,1496 3740,1495 3739,1494 3739,1445 3738,1444 3534,1444 3533,1443 3533,1442 3531,1440 3278,1439 3277,1440 2939,1440 2938,1441 2938,1442 2936,1444 2931,1444 2930,1442 2930,1441 2929,1441 2602,1440 2602,1441 2602,1459 2599,1461 2598,1461 2598,1462 2598,1471 2595,1473 2594,1473 2594,1474 2594,1479 2591,1481 2590,1481 2590,1481 2590,1482 2587,1485 2586,1485 2586,1485 2586,1486 2583,1489 2582,1489 2582,1489 2582,1490 2579,1493 2575,1493 2573,1490 2573,1489 2572,1489 2571,1489 2570,1487 2570,1473 2569,1473 2458,1473 2456,1470 2456,1469 2455,1469 2454,1469 2452,1466 2452,1441 2451,1441 2360,1440 2359,1439 2359,1438 2357,1436 2162,1436 2160,1439 2160,1440 2159,1440 2141,1440 2141,1440 2141,1439 2138,1436 1943,1436 1942,1437 1942,1438 1940,1440 1763,1439 1762,1440 1538,1440 1538,1440 1538,1441 1537,1442 1537,1443 1536,1444 1534,1444 1533,1442 1533,1441 1532,1441 1340,1440 1339,1442 1339,1443 1337,1444 1315,1444 1315,1444 1315,1435 1314,1434 1314,1433 1313,1432 1154,1432 1152,1429 1152,1428 1151,1428 1150,1428 1149,1426 1149,1397 1147,1396 1146,1396 1145,1394 1145,1389 1142,1387 1141,1387 1141,1386 1141,1385 1139,1384 1138,1384 1137,1382 1137,1380 1138,1379 1139,1379 1140,1378 1140,1377 1142,1375 1155,1375 1157,1373 1157,1372 1158,1371 1200,1371 1201,1370 1201,1369 1203,1367 1313,1367 1314,1367 1314,1310 1315,1309 1315,1308 1316,1307 1317,1307 1318,1306 1330,1306 1331,1305 1331,1304 1332,1303 1333,1303 1334,1302 1446,1302 1447,1301 1448,1302 1448,1301 1448,1299 1449,1299 1450,1299 1451,1298 1871,1298 1872,1299 1873,1299 1873,1300 1873,1309 1874,1309 1911,1310 1912,1311 1913,1311 1914,1312 1914,1350 1915,1351 2197,1351 2197,1351 2197,1305 2200,1302 2201,1302 2201,1302 2201,1301 2204,1298 2205,1298 2205,1298 2205,1297 2208,1294 2216,1294 2217,1296 2217,1297 2219,1298 2220,1298 2221,1300 2221,1301 2222,1302 2222,1350 2223,1350 2390,1351 2392,1353 2392,1354 2393,1355 2394,1355 2396,1357 2396,1358 2397,1359 2398,1359 2399,1360 2577,1360 2578,1359 2578,1319 2579,1319 2584,1319 2586,1316 2586,1315 2587,1315 2601,1315 2602,1317 2602,1318 2603,1318 2604,1318 2606,1321 2606,1322 2607,1322 2608,1322 2609,1323 2610,1323 2610,1324 2610,1347 2611,1347 2670,1347 2671,1349 2671,1350 2673,1351 2678,1351 2679,1353 2679,1354 2680,1354 2929,1355 2930,1353 2930,1352 2932,1351 3071,1351 3071,1351 3071,1334 3072,1333 3072,1332 3073,1331 3074,1331 3075,1330 3075,1322 3076,1321 3076,1320 3077,1319 3078,1319 3080,1317 3080,1316 3081,1315 3086,1315 3088,1313 3088,1312 3089,1311 3090,1311 3092,1309 3092,1304 3093,1303 3094,1303 3095,1302 3103,1302 3104,1301 3104,1300 3105,1299 3106,1299 3107,1298 3118,1298 3119,1299 3120,1299 3120,1300 3120,1301 3123,1303 3124,1303 3124,1304 3124,1355 3125,1355 3159,1355 3162,1358 3528,1359 3529,1358 3529,1357 3531,1355 3625,1355 3626,1357 3626,1358 3627,1358 3840,1359 3841,1357 3841,1356 3843,1355 3844,1355 3844,1354 3844,1353 3847,1351 3852,1351 3853,1352 3853,1362 3853,1363 4082,1363 4083,1363 4083,1318 4084,1317 4084,1316 4085,1315 4278,1316 4278,1316 4278,1515 4277,1516"/><TextEquiv index="1"><Unicode>“Ma belle reine, je ne ſommes pas des</Unicode></TextEquiv></TextLine><TextLine id="r0_l005"><Coords points="4264,1714 4263,1713 4263,1664 4263,1664 4187,1663 4184,1661 4184,1660 4184,1659 4179,1659 4177,1658 4177,1657 4176,1655 4130,1655 4128,1654 4128,1653 4127,1651 4021,1651 4019,1649 2912,1647 2911,1646 1773,1643 1772,1644 1772,1701 1772,1701 1757,1701 1756,1701 1756,1644 1756,1643 1435,1642 1434,1643 1340,1643 1339,1644 1339,1646 1339,1646 1338,1646 1337,1647 1330,1647 1329,1646 1328,1646 1327,1646 1327,1637 1326,1635 1152,1635 1151,1634 1150,1634 1149,1633 1149,1632 1147,1630 1146,1630 1145,1629 1145,1628 1143,1626 1142,1626 1141,1625 1141,1623 1143,1621 1144,1585 1145,1584 1145,1582 1145,1582 1146,1582 1149,1579 1149,1578 1149,1578 1162,1578 1165,1575 1165,1574 1165,1574 1195,1574 1197,1572 1197,1571 1198,1570 1285,1570 1286,1570 1286,1568 1288,1565 1289,1565 1290,1565 1290,1564 1291,1562 1292,1562 1293,1561 1410,1561 1412,1560 1412,1559 1412,1558 1413,1558 1414,1557 1475,1558 1476,1557 1476,1511 1477,1510 1477,1509 1477,1509 1478,1509 1481,1506 1481,1505 1481,1505 1487,1505 1488,1504 1488,1503 1489,1502 1489,1501 1489,1501 2031,1502 2032,1501 2033,1501 2035,1499 2035,1498 2036,1497 2046,1497 2047,1497 2047,1498 2047,1499 3244,1501 3245,1502 3245,1503 3245,1503 4025,1505 4027,1507 4027,1515 4027,1515 4277,1516 4278,1516 4277,1713 4277,1714"/><TextEquiv index="1"><Unicode>“voleurs. Si vous voulez bien nous faire</Unicode></TextEquiv></TextLine><TextLine id="r0_l006"><Coords points="4263,1914 4263,1913 4263,1875 4262,1875 3546,1873 3545,1872 3545,1871 3543,1869 3538,1869 3537,1868 3537,1851 3536,1850 2862,1849 2860,1847 1727,1844 1726,1845 1574,1845 1574,1845 1574,1899 1571,1902 1535,1902 1533,1899 1533,1898 1532,1898 1531,1898 1529,1895 1529,1850 1528,1850 1311,1849 1311,1849 1311,1848 1306,1843 1306,1838 1305,1837 1146,1837 1144,1834 1144,1833 1143,1833 1142,1833 1141,1831 1141,1830 1140,1829 1140,1793 1139,1792 1138,1792 1137,1791 1137,1789 1139,1788 1140,1788 1140,1787 1140,1786 1143,1784 1144,1784 1144,1783 1144,1782 1147,1780 1160,1780 1161,1778 1161,1777 1163,1776 1196,1776 1198,1773 1198,1772 1199,1772 1306,1772 1306,1772 1306,1727 1307,1726 1307,1725 1308,1724 1309,1724 1311,1722 1311,1721 1313,1719 1314,1719 1315,1718 1315,1717 1317,1715 1318,1715 1319,1714 1319,1713 1321,1711 1618,1712 1618,1711 1618,1709 1621,1707 1626,1707 1626,1706 1626,1705 1629,1703 1756,1703 1756,1703 1756,1702 1757,1701 1845,1701 1847,1699 1852,1699 1853,1698 1853,1697 1855,1695 1864,1695 1866,1697 2406,1699 2408,1701 2408,1706 2409,1707 2410,1707 2412,1709 2412,1754 2413,1755 3723,1757 3723,1757 3723,1713 3725,1711 3726,1711 3730,1707 3736,1707 3737,1706 3746,1707 3748,1709 3748,1710 3749,1711 4017,1711 4019,1713 4277,1714 4277,1714 4277,1913 4276,1914"/><TextEquiv index="1"><Unicode>“le plaiſir de vivre avec nous, de vivre</Unicode></TextEquiv></TextLine><TextLine id="r0_l007"><Coords points="4264,2115 4263,2114 4263,2061 4263,2061 4068,2060 4067,2061 4067,2103 4066,2104 4037,2104 4035,2103 4035,2102 4034,2100 4033,2100 4031,2099 4031,2052 4031,2051 3857,2051 3856,2050 3856,2049 3855,2048 3505,2047 3504,2048 3457,2048 3454,2051 3400,2051 3398,2049 3398,2048 3398,2048 3105,2047 3104,2048 3103,2048 3102,2047 3100,2047 3100,2047 3100,2046 3098,2044 2910,2044 2909,2045 2909,2046 2908,2047 2895,2047 2893,2048 2893,2050 2893,2051 2891,2051 2890,2050 2889,2050 2888,2049 2888,2048 2888,2048 2559,2047 2558,2047 2558,2056 2557,2057 2557,2058 2557,2059 2556,2059 2553,2061 2553,2074 2552,2076 2551,2076 2549,2077 2549,2078 2548,2080 2539,2080 2537,2081 2537,2082 2536,2084 2535,2084 2533,2082 2533,2081 2531,2079 2530,2079 2529,2078 2529,2076 2529,2076 2369,2076 2367,2074 2367,2073 2365,2071 2364,2071 2363,2070 2363,2048 2363,2047 2246,2047 2246,2047 2246,2046 2243,2043 1836,2042 1835,2043 1826,2043 1825,2045 1825,2046 1823,2047 1801,2047 1800,2046 1800,2045 1798,2043 1521,2043 1521,2043 1520,2104 1520,2105 1511,2105 1510,2104 1511,2043 1510,2043 1444,2042 1443,2043 1437,2043 1436,2045 1435,2047 1435,2047 1324,2047 1320,2043 1319,2043 1319,2043 1319,2042 1316,2039 1145,2039 1145,2038 1145,2037 1142,2035 1141,2035 1141,2034 1141,2033 1140,2032 1140,1995 1139,1995 1138,1995 1136,1992 1136,1989 1137,1988 1137,1987 1137,1987 1138,1987 1141,1984 1141,1983 1141,1983 1142,1983 1145,1980 1145,1979 1145,1979 1146,1979 1147,1978 1192,1978 1193,1977 1193,1976 1195,1974 1200,1974 1201,1973 1201,1972 1203,1970 1321,1970 1323,1969 1323,1968 1324,1966 1333,1966 1335,1965 1335,1964 1336,1962 1485,1963 1486,1962 1673,1962 1675,1960 1675,1959 1676,1958 1702,1958 1703,1958 1703,1920 1704,1918 1705,1918 1707,1917 1707,1916 1708,1914 1714,1914 1715,1915 1715,1916 1717,1918 1718,1918 1719,1919 1719,1920 1720,1921 1720,1958 1720,1958 1971,1959 1972,1958 2204,1958 2205,1958 2205,1957 2207,1954 2211,1954 2213,1956 2213,1957 2214,1958 2268,1958 2270,1960 2270,1961 2271,1962 2280,1962 2282,1964 2282,1969 2284,1971 2285,1971 2286,1972 2286,2014 2286,2014 2524,2015 2525,2014 2525,1971 2525,1971 2526,1971 2527,1970 2528,1970 2529,1969 2529,1931 2530,1930 2531,1930 2533,1928 2533,1927 2534,1926 2539,1926 2541,1924 2541,1923 2542,1922 2552,1922 2553,1922 2553,1923 2557,1927 2557,1928 2558,1929 2558,1960 2558,1961 2609,1961 2610,1961 2610,1960 2611,1958 2624,1958 2626,1960 2626,1961 2627,1962 2882,1963 2883,1962 2896,1962 2897,1961 2897,1960 2899,1958 2902,1960 2902,1961 2902,1962 2911,1962 2914,1964 2914,1965 2914,1966 3106,1966 3108,1965 3108,1964 3109,1962 3115,1962 3116,1962 3116,1912 3117,1910 3122,1910 3124,1909 3124,1908 3125,1906 3135,1906 3136,1907 3136,1908 3138,1910 3143,1910 3144,1911 3144,1916 3146,1918 3147,1918 3148,1919 3148,1921 3149,1922 3149,1962 3149,1962 3271,1962 3274,1965 3487,1966 3488,1965 3488,1964 3490,1962 3617,1962 3618,1962 3618,1912 3620,1909 3621,1909 3622,1909 3622,1908 3624,1905 3625,1905 3626,1905 3626,1904 3627,1902 3628,1902 3629,1901 3634,1901 3635,1902 3637,1902 3638,1903 3638,1904 3640,1906 3645,1906 3646,1907 3646,1961 3646,1961 3883,1962 3885,1963 3885,1964 3886,1966 4057,1966 4059,1968 4059,1969 4060,1970 4262,1971 4263,1970 4263,1914 4263,1914 4276,1914 4277,1914 4276,2114 4276,2115"/><TextEquiv index="1"><Unicode>“comme nous, je ne demandons que</Unicode></TextEquiv></TextLine><TextLine id="r0_l008"><Coords points="4263,2314 4263,2313 4263,2259 4263,2259 4012,2258 4011,2259 4011,2305 4009,2306 4008,2306 4007,2307 3993,2307 3992,2306 3991,2306 3990,2305 3990,2304 3989,2303 3976,2303 3974,2301 3974,2287 3973,2286 3813,2286 3812,2284 3812,2283 3811,2283 3810,2282 3809,2282 3808,2280 3808,2251 3808,2251 3523,2250 3520,2253 3520,2254 3520,2254 3450,2254 3448,2252 3448,2251 3447,2250 3229,2249 3228,2250 3186,2250 3185,2251 3185,2273 3184,2274 3183,2274 3181,2276 3181,2285 3179,2286 3178,2286 3177,2288 3177,2289 3175,2290 3174,2290 3173,2292 3173,2293 3171,2294 3170,2294 3169,2296 3169,2297 3167,2298 3162,2298 3160,2301 3160,2302 3159,2302 3154,2302 3152,2305 3152,2306 3151,2306 3150,2306 3149,2307 3123,2307 3122,2306 3121,2306 3120,2305 3120,2304 3119,2303 3118,2303 3117,2302 3113,2302 3112,2301 3112,2300 3111,2299 3110,2299 3108,2297 3108,2292 3106,2290 3105,2290 3104,2289 3104,2251 3104,2250 2755,2249 2754,2250 2572,2250 2569,2247 2569,2246 2569,2246 2303,2245 2302,2246 2302,2249 2301,2250 2293,2250 2292,2249 2291,2249 2290,2249 2290,2247 2290,2246 1889,2245 1888,2246 1810,2246 1809,2247 1809,2248 1807,2250 1799,2250 1796,2248 1796,2247 1796,2246 1789,2246 1788,2247 1788,2307 1787,2307 1780,2307 1780,2307 1780,2247 1780,2246 1432,2245 1431,2246 1405,2246 1404,2247 1404,2249 1403,2250 1313,2250 1310,2248 1310,2247 1310,2246 1309,2246 1306,2244 1306,2243 1306,2242 1147,2242 1145,2240 1145,2239 1144,2238 1144,2238 1143,2238 1141,2236 1141,2235 1140,2234 1140,2230 1140,2230 1139,2230 1137,2228 1137,2199 1136,2198 1136,2181 1136,2181 1118,2181 1117,2180 1117,2179 1115,2177 1110,2177 1108,2175 1108,2174 1110,2173 1111,2173 1112,2171 1112,2170 1114,2169 1124,2169 1124,2169 1124,2170 1127,2173 1306,2173 1306,2173 1306,2119 1309,2116 1310,2116 1310,2116 1310,2115 1313,2112 1314,2112 1314,2112 1314,2111 1317,2108 1326,2108 1326,2108 1326,2107 1329,2104 1521,2105 1521,2105 1521,2106 1523,2108 1524,2108 1525,2109 1525,2159 1526,2160 1804,2160 1805,2159 1805,2158 1806,2157 1807,2157 1808,2156 1857,2156 1857,2156 1857,2138 1859,2136 1860,2136 1868,2128 1876,2128 1877,2130 1877,2131 1879,2132 1880,2132 1881,2134 1881,2135 1882,2136 1882,2160 1883,2160 2092,2161 2092,2160 2092,2113 2094,2112 2095,2112 2096,2110 2096,2109 2098,2108 2123,2108 2124,2109 2124,2155 2125,2156 2182,2156 2183,2157 2184,2157 2184,2158 2185,2159 2185,2160 2187,2161 2388,2162 2389,2161 2533,2161 2533,2160 2533,2117 2535,2116 2536,2116 2537,2114 2537,2113 2539,2112 2560,2112 2561,2113 2561,2114 2562,2115 2562,2164 2563,2165 2829,2166 2830,2165 2949,2165 2950,2163 2950,2162 2952,2161 2962,2161 2962,2161 2962,2162 2965,2165 3287,2166 3288,2165 3378,2165 3379,2163 3379,2162 3381,2161 3391,2161 3391,2161 3391,2162 3394,2165 3658,2165 3658,2165 3658,2139 3661,2136 3662,2136 3662,2136 3662,2131 3665,2128 3666,2128 3666,2128 3666,2127 3669,2124 3670,2124 3670,2124 3670,2123 3673,2120 3678,2120 3679,2119 3679,2118 3681,2116 3690,2116 3691,2115 3691,2114 3693,2112 3753,2113 3754,2112 3755,2112 3755,2111 3755,2110 3758,2108 3767,2108 3768,2109 3768,2110 3770,2112 3771,2112 3772,2113 3772,2163 3774,2165 3775,2165 3776,2166 3776,2168 3777,2169 3989,2169 3991,2167 3991,2166 3992,2165 3993,2165 3995,2163 3995,2162 3996,2161 3998,2161 3999,2160 4112,2160 4112,2160 4112,2126 4114,2124 4115,2124 4116,2123 4116,2122 4118,2120 4263,2121 4263,2120 4263,2115 4264,2115 4276,2115 4276,2115 4276,2313 4275,2314"/><TextEquiv index="1"><Unicode>“l'honneur de vos bonnes graces. Si, après</Unicode></TextEquiv></TextLine><TextLine id="r0_l009"><Coords points="4264,2515 4263,2514 4263,2512 4262,2511 4263,2457 4262,2457 4096,2456 4096,2456 4096,2453 4095,2452 3735,2451 3734,2452 3635,2452 3634,2454 3634,2455 3632,2456 3623,2456 3622,2455 3622,2454 3620,2452 3276,2451 3275,2452 3182,2452 3181,2454 3181,2455 3179,2456 3064,2456 3063,2458 3063,2460 3062,2460 3061,2460 3059,2463 3059,2468 3058,2468 3057,2468 3057,2469 3055,2471 3055,2472 3054,2472 3053,2472 3051,2475 3051,2476 3050,2476 3049,2476 3048,2477 3044,2477 3043,2478 3043,2479 3042,2480 3041,2480 3040,2481 3036,2481 3035,2482 3035,2483 3034,2484 3033,2484 3032,2485 3017,2485 3016,2484 3015,2484 3015,2483 3015,2482 3014,2482 3013,2481 3012,2481 3011,2479 3011,2456 3010,2456 2951,2456 2950,2454 2950,2453 2949,2453 2741,2452 2739,2455 2739,2456 2738,2456 2724,2456 2723,2455 2723,2454 2721,2452 2651,2452 2651,2452 2651,2451 2648,2448 2485,2448 2485,2447 2485,2446 2482,2444 2285,2443 2284,2444 2279,2444 2278,2446 2278,2447 2276,2448 1902,2447 1901,2448 1858,2448 1857,2450 1857,2451 1855,2452 1850,2452 1849,2451 1849,2449 1848,2448 1554,2448 1554,2448 1554,2449 1553,2450 1553,2451 1552,2452 1551,2452 1550,2453 1550,2461 1549,2462 1549,2463 1548,2464 1547,2464 1545,2466 1545,2467 1544,2468 1543,2468 1543,2468 1541,2470 1541,2471 1540,2472 1539,2472 1537,2474 1537,2475 1536,2476 1535,2476 1534,2477 1530,2477 1529,2478 1529,2479 1528,2480 1527,2480 1526,2481 1361,2480 1359,2483 1359,2488 1358,2488 1357,2488 1355,2491 1355,2492 1354,2492 1353,2492 1351,2495 1351,2496 1350,2496 1349,2496 1347,2499 1347,2500 1345,2501 1340,2501 1339,2503 1339,2504 1337,2505 1336,2505 1335,2504 1335,2503 1333,2501 1328,2501 1327,2500 1327,2499 1325,2497 1324,2497 1323,2496 1323,2495 1321,2493 1320,2493 1319,2492 1319,2490 1318,2489 1318,2441 1317,2440 1137,2440 1137,2439 1137,2438 1136,2437 1136,2430 1137,2429 1137,2428 1137,2428 1138,2428 1140,2426 1140,2386 1141,2385 1141,2384 1142,2383 1155,2383 1157,2381 1157,2380 1158,2379 1199,2379 1201,2377 1201,2376 1202,2375 1317,2375 1319,2374 1319,2373 1320,2371 1325,2371 1327,2370 1327,2369 1328,2367 1337,2367 1339,2366 1339,2365 1340,2363 1361,2363 1363,2365 1363,2366 1364,2367 1610,2368 1611,2367 1612,2367 1614,2365 1614,2364 1615,2363 1779,2363 1780,2363 1780,2308 1780,2307 1787,2307 1788,2308 1788,2313 1790,2315 1791,2315 1792,2316 1792,2363 1792,2363 1901,2363 1902,2362 2034,2363 2035,2362 2035,2348 2036,2347 2037,2347 2039,2345 2039,2340 2040,2339 2041,2339 2043,2337 2043,2328 2044,2327 2045,2327 2047,2325 2047,2324 2048,2323 2049,2323 2051,2321 2051,2312 2053,2310 2054,2310 2055,2309 2055,2308 2057,2306 2061,2306 2064,2308 2064,2309 2064,2310 2065,2310 2068,2312 2068,2317 2069,2319 2070,2319 2072,2320 2072,2333 2073,2335 2082,2335 2084,2336 2084,2341 2085,2343 2086,2343 2088,2344 2088,2354 2088,2355 2131,2355 2132,2355 2132,2356 2133,2357 2133,2358 2133,2359 2219,2359 2222,2362 2410,2363 2411,2362 2411,2361 2413,2359 2426,2359 2428,2360 2428,2361 2429,2363 2644,2363 2647,2361 2647,2360 2647,2359 2653,2359 2654,2360 2654,2361 2656,2363 2873,2364 2874,2363 2875,2363 2877,2361 2877,2360 2878,2359 2883,2359 2885,2360 2885,2361 2886,2363 2960,2363 2962,2364 2962,2365 2963,2367 2972,2367 2975,2369 2975,2370 2975,2371 3260,2371 3262,2370 3262,2369 3263,2367 3275,2367 3276,2366 3329,2367 3330,2366 3330,2365 3332,2363 3333,2363 3334,2362 3334,2361 3336,2359 3341,2359 3342,2359 3342,2360 3344,2363 3589,2363 3590,2363 3590,2324 3591,2322 3592,2322 3594,2321 3594,2316 3594,2315 3595,2315 3596,2314 3604,2314 3606,2313 3606,2312 3606,2311 3607,2311 3608,2310 3611,2310 3612,2311 3613,2311 3614,2312 3614,2366 3614,2366 3972,2367 3974,2369 3974,2371 3974,2371 4262,2372 4263,2371 4263,2314 4263,2314 4275,2314 4276,2314 4275,2514 4275,2515"/><TextEquiv index="1"><Unicode>“ça, vous êtes contente, votre bon cœur</Unicode></TextEquiv></TextLine><TextLine id="r0_l010"><Coords points="4264,2720 4263,2719 4263,2668 4263,2668 4078,2667 4075,2665 4075,2664 4075,2663 4074,2663 4071,2661 4071,2660 4071,2659 4068,2659 4067,2660 4067,2717 4067,2717 4056,2717 4055,2717 4055,2660 4055,2659 3888,2659 3885,2656 3664,2655 3663,2656 3663,2657 3661,2659 3566,2659 3565,2660 3565,2711 3565,2711 3535,2711 3533,2710 3533,2709 3532,2707 3531,2707 3529,2706 3529,2656 3529,2655 3188,2654 3187,2655 2791,2654 2790,2655 2775,2655 2774,2654 2773,2654 2772,2654 2772,2653 2771,2651 2522,2651 2521,2651 2521,2652 2519,2655 2504,2655 2503,2654 2502,2654 2501,2653 2501,2652 2500,2651 2391,2651 2390,2651 2390,2711 2390,2712 2386,2712 2385,2711 2385,2651 2385,2651 2382,2651 2379,2648 2134,2647 2133,2647 2133,2648 2132,2650 2099,2650 2098,2651 1939,2651 1938,2651 1938,2697 1937,2699 1936,2699 1934,2700 1934,2701 1933,2703 1903,2702 1902,2702 1902,2700 1901,2699 1901,2648 1901,2647 1648,2647 1647,2647 1647,2648 1646,2650 1645,2650 1644,2651 1642,2651 1641,2650 1451,2650 1450,2651 1430,2650 1429,2651 1349,2651 1347,2653 1347,2654 1347,2654 1346,2654 1345,2655 1338,2655 1337,2654 1336,2654 1335,2654 1335,2644 1335,2643 1162,2643 1161,2642 1142,2642 1141,2641 1141,2640 1139,2638 1138,2638 1137,2637 1137,2636 1136,2635 1136,2586 1136,2586 1111,2586 1104,2579 1104,2575 1107,2573 1108,2573 1108,2572 1108,2571 1111,2569 1114,2569 1115,2570 1116,2570 1116,2570 1116,2571 1117,2572 1307,2572 1307,2572 1307,2571 1308,2570 1309,2570 1310,2569 1423,2569 1424,2568 1424,2567 1425,2566 1426,2566 1427,2565 1503,2566 1504,2565 1618,2565 1618,2564 1618,2518 1620,2517 1621,2517 1622,2515 1622,2514 1624,2513 1629,2513 1631,2510 1631,2509 1632,2509 1641,2509 1642,2507 1642,2505 1643,2505 1649,2505 1650,2506 1651,2506 1651,2506 1651,2511 1653,2513 1654,2513 1655,2514 1655,2560 1656,2561 1693,2561 1694,2562 1695,2562 1695,2563 1695,2564 1697,2565 1912,2566 1914,2563 1914,2562 1915,2562 1916,2562 1917,2561 2176,2561 2177,2560 2177,2559 2178,2558 2179,2558 2180,2557 2274,2557 2274,2557 2274,2547 2276,2545 2277,2545 2278,2544 2278,2535 2280,2533 2281,2533 2282,2532 2282,2519 2284,2517 2285,2517 2286,2516 2286,2511 2288,2509 2289,2509 2289,2509 2289,2507 2291,2505 2301,2505 2301,2506 2301,2507 2302,2507 2303,2507 2305,2509 2306,2509 2306,2510 2306,2515 2309,2517 2310,2517 2310,2518 2310,2519 2311,2520 2311,2525 2312,2525 2313,2525 2315,2528 2315,2533 2316,2533 2317,2533 2319,2536 2319,2537 2320,2537 2321,2537 2323,2540 2323,2541 2324,2541 2325,2541 2327,2544 2327,2560 2328,2560 2373,2561 2374,2562 2375,2562 2375,2562 2375,2563 2377,2565 2669,2565 2672,2568 2958,2569 2958,2568 2958,2567 2961,2565 2964,2565 2965,2566 2966,2566 2966,2566 2966,2567 2967,2568 3157,2568 3157,2568 3157,2567 3159,2565 3161,2565 3161,2565 3161,2551 3163,2549 3164,2549 3164,2549 3164,2548 3167,2545 3168,2545 3169,2544 3169,2539 3171,2537 3172,2537 3173,2536 3173,2531 3175,2529 3176,2529 3177,2528 3177,2523 3179,2521 3184,2521 3185,2520 3185,2519 3187,2517 3192,2517 3193,2519 3193,2520 3195,2521 3196,2521 3197,2523 3197,2568 3198,2568 3446,2569 3448,2571 3448,2572 3449,2573 3642,2573 3642,2573 3642,2572 3645,2569 3802,2570 3803,2569 3804,2569 3804,2568 3804,2567 3807,2565 3808,2565 3808,2564 3808,2547 3815,2541 3816,2541 3816,2540 3816,2531 3817,2530 3817,2529 3818,2529 3819,2529 3825,2522 3825,2521 3826,2521 3827,2521 3829,2518 3829,2517 3830,2517 3835,2517 3837,2514 3837,2513 3838,2513 3844,2513 3845,2514 3845,2515 3846,2516 3847,2517 3848,2517 3849,2518 3849,2564 3850,2565 4084,2565 4084,2565 4084,2522 4085,2521 4086,2521 4088,2519 4088,2518 4089,2517 4115,2517 4115,2517 4115,2516 4116,2515 4116,2514 4117,2513 4119,2513 4120,2514 4275,2515 4275,2515 4275,2719 4275,2720"/><TextEquiv index="1"><Unicode>“voudra peut-être nous récompenſer. Je</Unicode></TextEquiv></TextLine><TextLine id="r0_l011"><Coords points="3211,2914 3209,2912 3209,2911 3208,2910 3203,2910 3202,2909 3201,2909 3200,2908 1675,2905 1557,2905 1557,2905 1557,2910 1556,2911 1542,2911 1542,2910 1542,2858 1541,2858 1389,2857 1387,2855 1387,2854 1386,2853 1312,2853 1310,2851 1310,2850 1309,2849 1308,2849 1306,2847 1306,2842 1305,2841 1142,2841 1140,2838 1140,2837 1139,2837 1138,2837 1136,2834 1136,2831 1137,2830 1137,2829 1137,2829 1143,2829 1144,2828 1144,2795 1145,2794 1145,2793 1146,2792 1147,2792 1148,2791 1148,2790 1150,2788 1151,2788 1153,2786 1153,2785 1154,2784 1195,2784 1197,2782 1197,2781 1198,2780 1310,2780 1311,2780 1311,2753 1310,2752 1110,2752 1108,2749 1108,2748 1107,2748 1102,2748 1098,2744 1097,2744 1096,2742 1096,2740 1096,2740 1097,2740 1100,2737 1100,2736 1100,2736 1310,2736 1311,2736 1311,2721 1313,2719 1314,2719 1315,2718 1315,2717 1317,2715 1322,2715 1323,2714 1323,2713 1325,2711 1330,2711 1331,2710 1331,2709 1333,2707 1624,2708 1625,2707 2186,2708 2187,2707 2200,2707 2201,2709 2201,2710 2202,2710 2625,2711 2626,2712 3978,2715 3978,2715 3978,2714 3981,2711 3997,2711 3999,2714 3999,2715 4000,2715 4001,2715 4003,2717 4067,2717 4067,2718 4067,2719 4068,2719 4275,2720 4275,2720 4275,2915 4274,2916 4268,2916 4267,2917"/><TextEquiv index="1"><Unicode>“le ſerons déjà d'avoir pu vous faire</Unicode></TextEquiv></TextLine><TextLine id="r0_l012"><Coords points="1316,3124 1315,3124 1315,3123 1313,3120 1312,3120 1311,3120 1311,3116 1311,3115 1222,3115 1221,3114 1211,3114 1210,3113 1210,3044 1210,3044 1146,3044 1144,3045 1144,3046 1144,3047 1138,3047 1137,3046 1137,3045 1135,3043 1134,3043 1133,3042 1133,3041 1132,3040 1132,3036 1131,3035 1130,3035 1128,3033 1128,2986 1128,2986 1114,2986 1112,2984 1112,2983 1112,2983 1111,2983 1108,2980 1108,2979 1108,2979 1107,2979 1106,2978 1102,2978 1100,2976 1100,2975 1100,2975 1099,2975 1098,2974 1097,2974 1096,2973 1096,2971 1098,2970 1099,2970 1100,2968 1100,2967 1101,2967 1102,2967 1105,2963 1106,2962 1108,2960 1108,2959 1109,2958 1110,2958 1111,2958 1113,2960 1113,2961 1113,2962 1114,2962 1115,2963 1116,2963 1116,2963 1116,2971 1117,2972 1117,2973 1118,2974 1119,2974 1120,2975 1120,2977 1121,2978 1121,2981 1122,2982 1310,2982 1310,2982 1310,2978 1311,2977 1311,2976 1313,2974 1314,2974 1315,2973 1315,2972 1317,2970 1403,2970 1403,2970 1404,2923 1404,2922 1405,2922 1408,2920 1408,2919 1408,2918 1409,2918 1412,2916 1412,2915 1412,2914 1414,2914 1415,2913 1422,2913 1424,2912 1424,2911 1424,2910 1630,2911 1631,2910 1632,2910 1633,2909 1651,2909 1652,2910 1653,2910 1655,2911 1655,2912 1656,2914 1661,2914 1663,2915 1662,2965 1663,2966 1722,2966 1724,2969 1724,2970 1725,2970 1726,2970 1728,2973 1728,2978 1729,2978 1831,2978 1834,2981 1908,2982 1910,2984 1910,2985 1911,2986 1912,2986 1914,2988 1914,2989 1915,2990 1916,2990 1918,2992 1918,2993 1919,2994 2008,2994 2009,2995 2179,2995 2180,2994 2258,2994 2258,2994 2258,2992 2259,2991 2260,2991 2261,2990 2262,2989 2262,2988 2263,2987 2264,2987 2265,2986 2269,2986 2270,2985 2270,2984 2271,2983 2272,2983 2273,2982 2424,2983 2424,2982 2424,2971 2426,2970 2427,2970 2427,2969 2428,2959 2429,2958 2430,2958 2432,2956 2432,2951 2433,2950 2434,2950 2436,2948 2436,2943 2437,2942 2438,2942 2440,2940 2440,2939 2441,2938 2442,2938 2444,2936 2444,2935 2445,2934 2446,2934 2448,2932 2448,2931 2449,2930 2454,2930 2456,2928 2456,2927 2457,2926 2458,2926 2460,2924 2460,2923 2461,2922 2470,2922 2472,2920 2472,2919 2473,2918 2604,2918 2606,2920 2606,2922 2606,2922 2762,2922 2764,2924 2764,2925 2765,2926 2766,2926 2768,2928 2768,2929 2769,2930 2770,2930 2772,2932 2771,2966 2772,2967 2772,2969 2773,2969 3237,2970 3237,2970 3238,2927 3238,2926 3239,2926 3240,2926 3242,2924 3242,2923 3242,2922 3247,2922 3250,2920 3250,2919 3250,2918 3264,2918 3266,2920 3265,2973 3266,2973 3447,2974 3448,2972 3448,2971 3450,2970 3451,2970 3452,2971 3452,2973 3453,2974 3733,2974 3734,2973 3868,2974 3869,2972 3869,2971 3871,2970 4262,2971 4262,2970 4263,2917 4263,2917 4267,2917 4268,2916 4274,2916 4275,2916 4274,3123 4274,3124 4264,3124 4263,3123 4263,3093 4263,3093 4142,3092 4140,3091 4140,3056 4140,3055 3952,3055 3950,3056 3950,3058 3950,3059 3911,3059 3910,3059 3910,3076 3909,3077 3909,3078 3908,3080 3907,3080 3906,3080 3906,3088 3905,3089 3905,3090 3904,3092 3903,3092 3902,3092 3901,3093 3901,3094 3900,3096 3899,3096 3898,3096 3897,3097 3897,3098 3896,3100 3895,3100 3893,3101 3893,3102 3892,3104 3891,3104 3889,3105 3889,3106 3888,3108 3887,3108 3885,3109 3885,3110 3884,3112 3863,3112 3861,3113 3861,3114 3860,3116 3855,3116 3853,3114 3853,3113 3852,3112 3839,3112 3836,3109 3836,3108 3836,3108 3835,3108 3832,3105 3832,3088 3832,3088 3831,3088 3828,3085 3828,3065 3828,3065 3656,3064 3654,3066 3654,3067 3654,3067 3653,3067 3652,3068 3646,3068 3645,3067 3644,3067 3642,3066 3642,3065 3641,3063 3636,3063 3634,3062 3634,3061 3634,3060 3633,3060 3632,3059 3275,3058 3274,3059 3037,3059 3035,3057 3035,3056 3034,3055 2768,3054 2767,3055 2766,3055 2764,3057 2764,3058 2763,3059 2753,3059 2752,3059 2752,3058 2750,3055 2507,3055 2505,3056 2505,3057 2504,3059 2486,3059 2485,3058 2485,3057 2483,3055 2466,3055 2464,3053 2464,3052 2464,3052 2463,3051 2462,3051 2460,3049 2460,3048 2460,3048 2328,3047 2327,3047 2327,3046 2325,3043 2320,3043 2319,3043 2319,3042 2317,3039 2272,3039 2270,3038 2270,3037 2270,3036 2269,3035 2268,3035 2266,3034 2266,3033 2266,3032 2265,3031 2264,3031 2262,3030 2262,3029 2261,3027 2260,3027 2258,3026 2258,3025 2257,3023 1920,3023 1918,3024 1918,3025 1917,3027 1916,3027 1914,3028 1914,3029 1913,3031 1912,3031 1909,3033 1909,3034 1909,3035 1904,3034 1901,3037 1901,3038 1900,3039 1859,3039 1857,3041 1857,3042 1856,3043 1777,3043 1776,3044 1776,3046 1775,3047 1774,3047 1772,3049 1772,3050 1770,3052 1769,3052 1768,3053 1768,3054 1767,3055 1762,3055 1760,3057 1760,3059 1760,3059 1757,3059 1756,3059 1756,3058 1754,3055 1749,3055 1748,3055 1748,3052 1748,3051 1733,3051 1732,3052 1732,3111 1732,3111 1724,3111 1723,3111 1723,3052 1723,3051 1549,3051 1548,3051 1548,3112 1548,3113 1539,3113 1538,3112 1538,3051 1538,3051 1440,3050 1439,3051 1414,3051 1412,3053 1412,3054 1411,3055 1352,3055 1351,3056 1351,3111 1350,3112 1337,3112 1335,3114 1335,3115 1334,3116 1320,3116 1319,3117 1319,3123 1318,3124"/><TextEquiv index="1"><Unicode>“plaiſir.“ -- „Oh! mes bonnes gens,</Unicode></TextEquiv></TextLine><TextLine id="r0_l013"><Coords points="4263,3319 4263,3318 4263,3259 4262,3259 3845,3258 3845,3258 3845,3259 3842,3262 3733,3261 3732,3262 3380,3262 3379,3260 3379,3259 3378,3259 3044,3258 3043,3259 3043,3260 3041,3262 3008,3262 3007,3260 3007,3259 3005,3258 2811,3257 2810,3258 2805,3258 2804,3260 2804,3261 2802,3262 2583,3262 2582,3260 2582,3259 2580,3258 2575,3258 2573,3255 2573,3254 2572,3254 2333,3253 2332,3254 2331,3254 2331,3255 2331,3256 2328,3258 2323,3258 2323,3259 2323,3260 2320,3262 2189,3262 2189,3263 2189,3269 2187,3270 2186,3270 2185,3272 2185,3277 2183,3278 2182,3278 2182,3279 2181,3280 2181,3281 2179,3282 2178,3282 2177,3284 2177,3285 2175,3286 2170,3286 2169,3288 2169,3289 2167,3290 1987,3290 1987,3290 1987,3291 1986,3292 1986,3293 1985,3294 1984,3294 1982,3296 1982,3297 1981,3298 1980,3298 1980,3298 1978,3300 1978,3301 1977,3302 1976,3302 1974,3304 1974,3305 1973,3306 1967,3306 1966,3304 1966,3303 1965,3303 1964,3302 1963,3302 1962,3300 1962,3255 1961,3255 1534,3254 1533,3255 1533,3256 1531,3258 1431,3257 1430,3258 1308,3258 1306,3256 1306,3255 1305,3254 1304,3254 1302,3252 1302,3251 1301,3250 1150,3250 1149,3248 1149,3247 1147,3246 1146,3245 1145,3245 1145,3244 1145,3243 1142,3241 1141,3241 1141,3240 1141,3239 1140,3238 1140,3197 1139,3197 1097,3197 1096,3195 1096,3186 1098,3185 1099,3185 1100,3183 1100,3178 1102,3177 1107,3177 1112,3182 1112,3184 1113,3185 1205,3185 1205,3184 1205,3125 1207,3124 1208,3124 1209,3122 1209,3114 1210,3114 1221,3114 1222,3115 1233,3115 1233,3116 1233,3185 1234,3185 1302,3185 1302,3185 1302,3184 1303,3183 1303,3182 1304,3181 1305,3181 1307,3179 1307,3178 1308,3177 1350,3177 1351,3176 1351,3175 1353,3173 1448,3174 1448,3173 1448,3125 1450,3124 1451,3124 1452,3122 1453,3121 1453,3120 1454,3120 1536,3120 1537,3118 1537,3113 1538,3113 1721,3113 1723,3111 1733,3111 1734,3112 1860,3112 1862,3115 1862,3116 1863,3116 1864,3116 1865,3118 1865,3119 1867,3120 1868,3120 1869,3122 1869,3127 1871,3128 1872,3128 1873,3130 1873,3131 1874,3131 2002,3132 2003,3133 2003,3139 2004,3140 2005,3140 2007,3142 2007,3168 2008,3169 2067,3169 2067,3169 2067,3170 2070,3173 2075,3173 2076,3174 2076,3175 2078,3177 2079,3177 2080,3178 2080,3179 2082,3181 2083,3181 2084,3182 2084,3191 2085,3193 2086,3193 2088,3194 2088,3228 2088,3229 2277,3229 2278,3229 2278,3207 2279,3205 2280,3205 2282,3204 2282,3195 2283,3193 2284,3193 2286,3192 2286,3191 2288,3189 2289,3189 2290,3188 2290,3187 2292,3185 2293,3185 2294,3184 2294,3183 2296,3181 2297,3181 2298,3180 2298,3179 2300,3177 2301,3177 2302,3176 2302,3175 2304,3173 2372,3174 2373,3173 2505,3173 2505,3172 2505,3129 2507,3128 2508,3128 2509,3126 2509,3125 2511,3124 2516,3124 2517,3122 2517,3121 2519,3120 2524,3120 2525,3118 2525,3117 2527,3116 2532,3116 2533,3117 2533,3118 2534,3119 2535,3120 2536,3120 2537,3121 2537,3172 2538,3173 2800,3173 2800,3174 2800,3175 2802,3176 2986,3177 2986,3176 2986,3126 2989,3124 2994,3124 2994,3123 2994,3122 2997,3120 3010,3120 3011,3121 3011,3172 3012,3173 3233,3173 3233,3173 3233,3171 3235,3169 3236,3169 3237,3168 3237,3159 3240,3156 3241,3156 3241,3156 3241,3151 3244,3148 3245,3148 3245,3148 3245,3144 3246,3143 3246,3142 3248,3140 3249,3140 3250,3139 3250,3138 3252,3136 3253,3136 3254,3135 3254,3134 3256,3132 3261,3132 3262,3131 3262,3130 3264,3128 3269,3128 3270,3127 3270,3126 3272,3124 3274,3124 3275,3123 3309,3124 3311,3121 3311,3120 3312,3120 3318,3120 3318,3119 3318,3118 3319,3117 3319,3116 3320,3116 3326,3116 3326,3115 3326,3114 3327,3113 3327,3112 3328,3112 3330,3112 3331,3113 3331,3114 3333,3116 3346,3116 3347,3117 3347,3118 3349,3120 3350,3120 3351,3121 3351,3172 3352,3173 3654,3173 3654,3174 3654,3175 3656,3176 3982,3177 3982,3177 3982,3127 3987,3122 3987,3121 3988,3120 3997,3120 3999,3123 3999,3124 4000,3124 4030,3124 4031,3126 4031,3127 4033,3128 4034,3128 4035,3130 4035,3131 4037,3132 4038,3132 4039,3134 4039,3173 4040,3173 4263,3174 4263,3173 4263,3124 4264,3124 4274,3124 4274,3124 4274,3318 4273,3319"/><TextEquiv index="1"><Unicode>„m'écriai-je, en les embraſſant tous l'un</Unicode></TextEquiv></TextLine><TextLine id="r0_l014"><Coords points="1386,3517 1383,3515 1383,3514 1383,3513 1382,3513 1379,3511 1379,3461 1379,3460 1321,3460 1318,3458 1318,3457 1318,3456 1313,3456 1309,3452 1183,3452 1181,3450 1181,3448 1181,3448 1122,3448 1121,3447 1121,3446 1120,3445 1121,3406 1120,3405 1120,3404 1119,3404 1118,3404 1116,3401 1116,3385 1117,3384 1117,3383 1117,3383 1325,3383 1327,3382 1327,3381 1328,3379 1333,3379 1335,3378 1335,3377 1336,3375 1398,3375 1399,3375 1399,3374 1400,3373 1400,3372 1400,3371 1485,3372 1486,3371 1548,3371 1549,3370 1549,3320 1551,3318 1563,3318 1564,3319 1753,3319 1754,3318 1758,3318 1760,3317 1760,3316 1760,3315 1761,3315 1762,3314 1769,3314 1770,3315 1771,3315 1772,3316 1772,3317 1774,3319 1775,3319 1776,3320 1776,3322 1776,3322 1814,3322 1817,3325 1817,3326 1817,3326 1822,3326 1825,3329 1825,3370 1825,3370 2021,3371 2023,3369 2023,3368 2024,3367 2025,3367 2027,3365 2027,3364 2028,3363 2029,3363 2032,3365 2032,3366 2032,3367 2033,3367 2035,3368 2035,3370 2035,3371 2187,3371 2189,3373 2189,3374 2190,3375 2195,3375 2196,3376 2383,3377 2384,3376 2384,3375 2384,3375 2390,3375 2391,3374 2391,3373 2392,3372 2392,3371 2392,3371 2397,3371 2400,3373 2400,3374 2400,3375 2706,3375 2707,3375 2707,3345 2708,3343 2709,3343 2711,3342 2711,3341 2712,3339 2717,3339 2719,3338 2719,3337 2720,3335 2721,3335 2722,3334 2755,3334 2756,3334 2756,3332 2757,3330 2762,3330 2764,3329 2764,3328 2764,3327 2765,3327 2766,3326 2882,3327 2883,3326 2884,3326 2885,3325 2885,3324 2887,3322 3073,3322 3076,3325 3076,3375 3076,3375 3313,3376 3314,3375 3314,3332 3316,3330 3317,3330 3318,3329 3318,3328 3320,3326 3321,3326 3322,3325 3322,3324 3324,3322 3552,3322 3553,3322 3553,3321 3555,3318 3563,3318 3565,3320 3565,3321 3566,3322 3575,3322 3577,3324 3577,3325 3578,3326 3578,3330 3578,3330 3579,3330 3582,3333 3582,3379 3582,3379 3783,3380 3784,3379 3784,3327 3784,3327 3785,3327 3786,3326 3805,3326 3806,3327 3807,3327 3808,3327 3808,3332 3810,3335 3811,3335 3812,3335 3812,3374 3812,3375 4262,3376 4263,3375 4263,3319 4263,3319 4273,3319 4274,3319 4273,3522 4273,3523 4264,3523 4263,3522 4263,3461 4263,3461 3883,3460 3881,3461 3881,3462 3880,3464 3867,3464 3865,3465 3865,3466 3864,3468 3859,3468 3856,3465 3856,3464 3856,3464 3626,3463 3625,3464 3425,3464 3424,3464 3424,3519 3424,3520 3408,3520 3407,3519 3407,3518 3407,3518 3236,3517 3233,3515 3233,3514 3233,3513 3228,3513 3225,3511 3225,3465 3225,3464 3126,3464 3124,3463 3124,3462 3123,3460 2855,3460 2853,3461 2853,3462 2852,3464 2816,3463 2815,3464 2729,3464 2728,3465 2728,3474 2727,3475 2727,3476 2727,3476 2726,3476 2723,3479 2723,3488 2723,3488 2722,3488 2719,3491 2719,3496 2719,3496 2718,3496 2715,3499 2715,3504 2714,3505 2713,3505 2711,3507 2711,3508 2710,3509 2701,3509 2699,3508 2699,3465 2699,3464 2441,3464 2440,3464 2440,3507 2439,3509 2434,3509 2432,3510 2432,3511 2431,3513 2406,3513 2403,3510 2403,3509 2403,3509 2397,3509 2396,3508 2396,3507 2395,3506 2395,3494 2395,3494 2253,3493 2252,3492 2251,3492 2250,3492 2250,3461 2250,3460 2167,3460 2164,3458 2164,3457 2164,3456 1900,3455 1899,3456 1428,3455 1427,3456 1425,3456 1424,3457 1424,3508 1423,3509 1422,3509 1419,3512 1419,3513 1419,3513 1409,3513 1408,3514 1408,3515 1406,3517"/><TextEquiv index="1"><Unicode>“après l'autre, que j'ai de plaiſir de ten-</Unicode></TextEquiv></TextLine><TextLine id="r0_l015"><Coords points="2007,3721 2007,3720 2007,3659 2006,3659 1794,3658 1793,3659 1422,3658 1421,3659 1408,3659 1408,3660 1408,3661 1405,3663 1398,3663 1397,3662 1396,3662 1396,3662 1396,3661 1394,3659 1131,3659 1130,3658 1129,3658 1128,3656 1128,3655 1126,3654 1121,3654 1120,3652 1120,3651 1119,3650 1118,3650 1116,3648 1116,3586 1116,3586 1095,3586 1094,3585 1093,3585 1092,3584 1092,3578 1092,3578 1087,3578 1086,3577 1085,3577 1084,3576 1084,3570 1085,3570 1086,3570 1087,3569 1094,3569 1095,3570 1096,3570 1096,3570 1096,3571 1098,3573 1503,3574 1504,3573 1557,3573 1557,3572 1557,3571 1560,3569 1938,3570 1938,3569 1938,3522 1940,3521 1941,3521 1941,3520 1942,3519 1942,3518 1944,3517 1966,3517 1966,3517 1966,3526 1969,3529 1970,3529 1970,3529 1970,3572 1971,3573 2212,3573 2213,3575 2213,3576 2214,3576 2439,3577 2440,3575 2440,3574 2441,3574 2442,3574 2443,3573 2462,3573 2463,3574 2464,3574 2464,3574 2464,3575 2466,3577 2658,3577 2658,3577 2658,3569 2659,3568 2659,3567 2661,3565 2662,3565 2663,3564 2663,3555 2665,3553 2666,3553 2667,3552 2667,3551 2669,3549 2670,3549 2671,3548 2671,3543 2673,3541 2674,3541 2675,3540 2675,3539 2677,3537 2678,3537 2679,3536 2679,3531 2681,3529 2686,3529 2687,3528 2687,3527 2689,3525 2694,3525 2695,3524 2695,3523 2697,3521 2702,3521 2703,3520 2703,3519 2705,3517 2723,3517 2723,3518 2723,3519 2724,3519 2726,3521 2727,3521 2727,3522 2727,3524 2728,3524 2848,3525 2849,3526 2849,3577 2850,3578 3027,3578 3027,3578 3027,3579 3029,3581 3205,3581 3205,3581 3205,3571 3207,3569 3208,3569 3209,3568 3209,3559 3210,3558 3211,3558 3213,3556 3213,3543 3215,3541 3216,3541 3217,3540 3217,3535 3219,3533 3220,3533 3221,3532 3221,3531 3223,3529 3237,3529 3237,3530 3237,3531 3242,3536 3242,3541 3243,3541 3244,3541 3246,3544 3246,3549 3247,3549 3248,3549 3250,3552 3250,3553 3251,3553 3252,3553 3254,3556 3254,3557 3255,3557 3256,3557 3258,3560 3258,3572 3259,3572 3300,3573 3301,3574 3302,3574 3302,3574 3302,3575 3304,3577 3407,3577 3407,3576 3407,3520 3408,3520 3424,3520 3424,3520 3424,3576 3425,3577 3525,3577 3525,3577 3525,3547 3527,3545 3528,3545 3529,3544 3529,3543 3531,3541 3703,3541 3703,3541 3703,3539 3705,3537 3706,3537 3706,3537 3707,3536 3707,3535 3709,3533 3710,3533 3710,3533 3711,3532 3711,3531 3713,3529 3793,3530 3794,3529 3803,3529 3804,3527 3804,3526 3806,3525 3811,3525 3816,3530 3816,3536 3817,3537 3945,3537 3946,3538 3946,3572 3947,3573 4263,3574 4263,3573 4263,3523 4264,3523 4273,3523 4273,3523 4273,3716 4272,3717 4263,3717 4263,3716 4263,3680 4262,3680 4073,3679 4071,3677 4071,3668 4070,3667 3693,3666 3692,3667 3542,3667 3541,3669 3541,3670 3540,3670 3539,3670 3538,3671 3535,3671 3534,3670 3533,3670 3533,3670 3533,3669 3531,3667 3244,3666 3243,3667 3231,3667 3229,3665 3229,3664 3228,3663 2959,3663 2958,3664 2958,3665 2956,3667 2826,3667 2823,3664 2248,3662 2247,3663 2181,3663 2181,3664 2181,3710 2179,3711 2166,3711 2165,3710 2165,3705 2164,3704 2163,3704 2162,3703 2161,3703 2161,3703 2161,3694 2160,3693 2160,3664 2159,3663 2019,3663 2019,3663 2019,3720 2018,3721"/><TextEquiv index="1"><Unicode>“contrer des ames ſi honnêtes! Ah! re-</Unicode></TextEquiv></TextLine><TextLine id="r0_l016"><Coords points="3919,3927 3918,3926 3742,3926 3739,3923 3726,3922 3723,3920 3723,3919 3723,3918 3718,3918 3715,3916 3715,3915 3715,3914 3714,3914 3711,3912 3711,3911 3711,3910 3710,3910 3707,3908 3708,3870 3707,3869 3505,3869 3505,3869 3504,3883 3501,3886 3501,3891 3500,3893 3499,3893 3496,3895 3496,3896 3496,3897 3495,3897 3492,3899 3492,3900 3492,3901 3479,3901 3476,3903 3476,3904 3476,3905 3474,3905 3472,3903 3472,3902 3472,3902 3471,3901 3470,3901 3468,3899 3469,3869 3468,3869 3249,3868 3248,3869 3145,3869 3145,3870 3145,3871 3142,3873 3137,3873 3136,3872 3136,3871 3134,3869 3008,3869 3007,3867 3007,3866 3005,3865 2803,3864 2802,3865 2789,3865 2788,3867 2788,3868 2786,3869 2676,3869 2675,3868 2675,3867 2673,3865 2265,3864 2264,3865 2259,3865 2258,3867 2258,3868 2256,3869 2247,3869 2245,3867 2245,3866 2244,3865 2206,3865 2205,3864 2205,3863 2203,3861 1955,3861 1954,3862 1954,3863 1952,3865 1939,3865 1938,3863 1938,3862 1937,3862 1566,3861 1566,3861 1566,3862 1565,3863 1565,3864 1564,3865 1477,3865 1477,3865 1477,3866 1476,3867 1476,3868 1475,3869 1469,3869 1469,3868 1469,3867 1467,3866 1315,3865 1315,3865 1315,3864 1314,3863 1314,3862 1313,3861 1122,3861 1116,3854 1116,3849 1115,3849 1114,3849 1108,3842 1108,3838 1109,3837 1110,3837 1112,3835 1112,3801 1113,3800 1114,3800 1121,3793 1121,3792 1121,3792 1122,3792 1125,3789 1125,3788 1125,3788 1296,3788 1299,3786 1299,3785 1299,3784 1309,3784 1310,3784 1310,3783 1311,3782 1311,3781 1311,3780 1321,3780 1322,3780 1322,3779 1323,3778 1323,3777 1323,3776 1549,3777 1550,3776 1555,3776 1557,3774 1557,3773 1558,3772 1576,3772 1578,3773 1578,3774 1579,3776 1938,3777 1939,3776 2002,3776 2003,3775 2003,3724 2004,3723 2005,3723 2007,3721 2018,3721 2019,3721 2019,3725 2020,3727 2021,3727 2023,3728 2023,3774 2024,3776 2143,3776 2145,3778 2145,3779 2146,3780 2359,3780 2360,3779 2500,3780 2501,3779 2501,3728 2502,3727 2503,3727 2505,3725 2505,3724 2506,3723 2616,3723 2618,3725 2618,3726 2619,3727 2620,3727 2622,3729 2622,3730 2623,3731 2624,3731 2626,3733 2626,3780 2626,3780 2929,3781 2930,3780 2930,3732 2931,3731 2932,3731 2934,3729 2934,3728 2935,3727 2956,3727 2958,3728 2958,3729 2959,3731 2960,3731 2962,3732 2962,3779 2962,3780 3025,3780 3027,3781 3027,3782 3028,3784 3294,3785 3295,3784 3336,3784 3339,3781 3339,3780 3339,3780 3604,3780 3606,3782 3606,3783 3606,3783 3981,3784 3982,3784 3982,3730 3984,3727 3985,3727 3986,3727 3986,3726 3988,3723 3996,3723 3999,3726 3999,3727 3999,3727 4000,3727 4003,3730 4003,3772 4003,3772 4053,3772 4055,3774 4055,3775 4055,3775 4056,3775 4057,3776 4262,3777 4263,3776 4263,3717 4263,3717 4272,3717 4273,3717 4272,3921 4272,3922 4264,3922 4263,3921 4263,3887 4262,3886 4263,3858 4262,3858 4048,3857 4047,3859 4047,3860 4045,3861 3971,3861 3970,3863 3970,3864 3968,3865 3925,3865 3925,3865 3924,3926 3924,3927"/><TextEquiv index="1"><Unicode>“cevez-moi au milieu de vous, regardez-</Unicode></TextEquiv></TextLine><TextLine id="r0_l017"><Coords points="3222,4120 3221,4119 3221,4101 3221,4100 3106,4100 3104,4099 3104,4098 3102,4095 3101,4095 3100,4095 3100,4072 3100,4071 2996,4071 2995,4070 2995,4069 2994,4068 2641,4067 2638,4070 2638,4071 2638,4071 2628,4071 2626,4070 2626,4069 2625,4067 2339,4066 2338,4067 2337,4067 2336,4068 2335,4069 2335,4070 2334,4071 2146,4071 2145,4071 2145,4070 2143,4067 1988,4067 1987,4066 1987,4065 1986,4064 1787,4063 1784,4066 1784,4067 1784,4067 1685,4067 1683,4066 1683,4065 1682,4063 1491,4063 1489,4064 1489,4065 1488,4067 1420,4066 1419,4067 1284,4067 1282,4066 1282,4064 1282,4063 1130,4063 1129,4062 1129,4061 1127,4059 1118,4059 1116,4057 1116,4056 1115,4055 1110,4055 1108,4053 1108,4052 1107,4051 1107,4051 1106,4051 1104,4049 1104,4048 1106,4047 1107,4047 1108,4045 1108,3996 1111,3994 1124,3994 1124,3993 1124,3992 1127,3990 1290,3990 1290,3990 1290,3989 1293,3986 1338,3986 1339,3985 1339,3984 1341,3982 1466,3983 1467,3982 1529,3982 1529,3981 1529,3931 1531,3930 1532,3930 1533,3928 1533,3927 1535,3926 1553,3926 1553,3926 1553,3927 1556,3930 1561,3930 1562,3931 1562,3977 1563,3978 1888,3978 1891,3981 2175,3982 2178,3985 2415,3986 2416,3984 2416,3983 2418,3982 2480,3982 2480,3981 2480,3980 2483,3978 2484,3978 2484,3977 2484,3976 2487,3974 2495,3974 2497,3976 2497,3981 2498,3982 2772,3982 2772,3982 2772,3964 2774,3962 2775,3962 2776,3961 2776,3952 2778,3950 2779,3950 2780,3949 2780,3944 2782,3942 2783,3942 2784,3941 2784,3940 2786,3938 2787,3938 2787,3938 2788,3937 2788,3936 2790,3934 2791,3934 2792,3933 2792,3932 2794,3930 2799,3930 2800,3929 2800,3928 2802,3926 2814,3926 2815,3925 2884,3926 2885,3924 2885,3923 2887,3922 2889,3922 2889,3922 2889,3923 2892,3926 2941,3926 2942,3927 2942,3981 2943,3982 3009,3982 3011,3984 3011,3985 3012,3986 3017,3986 3026,3995 3027,3995 3027,3995 3027,4005 3028,4006 3029,4006 3031,4008 3031,4046 3032,4047 3221,4047 3221,4047 3221,3997 3224,3994 3225,3994 3225,3994 3225,3952 3227,3950 3228,3950 3228,3950 3230,3948 3230,3947 3231,3946 3274,3946 3274,3946 3274,3943 3276,3941 3277,3941 3278,3940 3278,3940 3278,3939 3280,3938 3293,3938 3294,3939 3294,3940 3295,3941 3296,3941 3299,3944 3299,3945 3300,3946 3301,3946 3302,3947 3302,3981 3303,3982 3366,3982 3367,3983 3367,3984 3369,3986 3418,3986 3420,3988 3420,3989 3421,3990 3617,3990 3618,3989 3618,3988 3619,3987 3620,3987 3621,3986 3733,3986 3734,3985 3804,3986 3804,3985 3804,3984 3807,3982 3913,3982 3913,3981 3913,3932 3914,3931 3914,3930 3915,3930 3916,3930 3919,3927 3924,3927 3925,3926 4049,3926 4050,3925 4051,3925 4051,3925 4051,3924 4052,3923 4053,3922 4054,3922 4055,3921 4061,3921 4062,3922 4063,3922 4063,3923 4063,3970 4064,3970 4263,3971 4263,3970 4263,3922 4264,3922 4272,3922 4272,3922 4272,4120 4271,4121 4263,4121 4263,4120 4263,4064 4263,4064 4130,4063 4129,4062 3942,4062 3941,4063 3896,4063 3893,4065 3893,4066 3893,4067 3742,4067 3739,4069 3739,4070 3739,4071 3737,4071 3736,4071 3701,4071 3700,4072 3699,4072 3698,4071 3607,4071 3606,4071 3606,4070 3604,4067 3361,4067 3359,4068 3359,4069 3358,4071 3251,4070 3250,4071 3250,4086 3248,4088 3247,4088 3246,4089 3246,4094 3244,4096 3243,4096 3242,4097 3242,4110 3239,4112 3238,4112 3238,4113 3238,4114 3235,4116 3234,4116 3234,4117 3234,4118 3231,4120"/><TextEquiv index="1"><Unicode>“moi comme votre fille, j'en aurai les</Unicode></TextEquiv></TextLine><TextLine id="r0_l018"><Coords points="4225,4321 4225,4320 4225,4263 4224,4263 4023,4262 4023,4263 4023,4264 4020,4266 3975,4266 3974,4268 3974,4269 3972,4270 3722,4269 3721,4270 3663,4270 3663,4271 3663,4272 3660,4274 3179,4273 3178,4274 3134,4274 3130,4270 2943,4270 2942,4271 2942,4272 2940,4274 2911,4274 2908,4271 2381,4270 2379,4267 2379,4255 2378,4255 2182,4254 2174,4262 2051,4262 2051,4262 2051,4264 2049,4266 2048,4266 2048,4266 2047,4267 2047,4268 2045,4270 2044,4270 2043,4271 2043,4272 2041,4274 2037,4274 2033,4270 1827,4269 1826,4270 1821,4270 1821,4271 1821,4272 1818,4274 1814,4274 1812,4272 1812,4271 1811,4270 1390,4269 1389,4270 1279,4270 1278,4269 1278,4268 1274,4264 1274,4263 1273,4262 1118,4262 1116,4259 1116,4258 1115,4258 1090,4258 1089,4257 1088,4257 1088,4256 1088,4255 1085,4253 1084,4253 1084,4252 1084,4238 1084,4238 1085,4238 1088,4235 1088,4226 1089,4225 1111,4225 1112,4224 1112,4210 1113,4209 1114,4209 1117,4206 1117,4205 1117,4205 1118,4205 1120,4203 1120,4166 1122,4164 1127,4164 1128,4163 1128,4162 1130,4160 1131,4160 1132,4159 1132,4158 1134,4156 1297,4156 1298,4156 1298,4155 1300,4152 1301,4152 1302,4152 1302,4147 1304,4144 1305,4144 1306,4144 1306,4143 1308,4140 1309,4140 1310,4140 1310,4139 1312,4136 1313,4136 1314,4136 1314,4135 1316,4132 1321,4132 1323,4131 1323,4130 1324,4128 1349,4128 1351,4130 1351,4131 1352,4132 1353,4132 1355,4134 1355,4135 1356,4136 1357,4136 1359,4138 1359,4181 1359,4181 1525,4182 1527,4180 1528,4180 1529,4179 1529,4178 1530,4177 1531,4177 1532,4176 1577,4176 1578,4175 1578,4137 1579,4136 1580,4136 1582,4134 1582,4133 1583,4132 1584,4132 1586,4130 1586,4129 1587,4128 1600,4128 1602,4129 1602,4130 1603,4132 1604,4132 1606,4133 1606,4179 1606,4180 1647,4180 1648,4181 1879,4181 1880,4180 1985,4181 1986,4180 1987,4180 1988,4181 1989,4181 1991,4182 1991,4183 1992,4185 2001,4185 2003,4186 2003,4187 2003,4188 2004,4189 2005,4189 2007,4190 2007,4191 2007,4192 2008,4193 2009,4193 2011,4194 2011,4200 2011,4201 2207,4201 2209,4200 2209,4199 2210,4197 2382,4198 2383,4197 2383,4134 2388,4129 2388,4128 2388,4128 2450,4128 2452,4129 2452,4130 2453,4132 2495,4132 2496,4132 2496,4133 2497,4134 2497,4184 2497,4185 2848,4186 2849,4185 2849,4141 2850,4140 2851,4140 2852,4139 2853,4138 2853,4137 2854,4136 2859,4136 2861,4134 2861,4133 2862,4132 2863,4132 2865,4133 2865,4134 2866,4136 2871,4136 2873,4137 2873,4138 2874,4140 2875,4140 2877,4141 2877,4146 2878,4148 2879,4148 2881,4149 2881,4185 2881,4186 2917,4186 2918,4185 2936,4185 2938,4186 2938,4187 2939,4189 3119,4189 3120,4189 3120,4142 3121,4140 3122,4140 3124,4139 3124,4138 3125,4136 3130,4136 3132,4135 3132,4134 3133,4132 3142,4132 3145,4135 3145,4136 3145,4136 3146,4136 3148,4138 3148,4139 3149,4140 3149,4185 3149,4185 3374,4186 3375,4185 3375,4174 3377,4172 3378,4172 3379,4171 3379,4162 3381,4160 3382,4160 3383,4159 3383,4154 3385,4152 3386,4152 3387,4151 3387,4150 3389,4148 3390,4148 3391,4147 3391,4146 3397,4140 3402,4140 3403,4139 3403,4138 3405,4136 3414,4136 3415,4135 3415,4134 3417,4132 3442,4132 3444,4130 3444,4129 3445,4128 3450,4128 3452,4126 3452,4125 3453,4124 3478,4124 3481,4126 3481,4127 3481,4128 3486,4128 3489,4130 3489,4131 3489,4132 3490,4132 3493,4134 3493,4184 3493,4185 3788,4186 3790,4184 3791,4184 3792,4183 3792,4182 3793,4181 3951,4181 3952,4180 3953,4180 3954,4179 3954,4178 3955,4177 3955,4177 3956,4177 3957,4176 4123,4176 4124,4176 4124,4174 4124,4173 4125,4173 4126,4172 4262,4173 4263,4172 4263,4121 4263,4121 4271,4121 4272,4121 4272,4319 4271,4320 4233,4320 4232,4321"/><TextEquiv index="1"><Unicode>“ſentimens.“ Ils m'embraſſerent tous</Unicode></TextEquiv></TextLine><TextLine id="r0_l019"><Coords points="2425,4527 2424,4526 2424,4472 2424,4472 2283,4471 2282,4472 2280,4472 2278,4471 2278,4470 2277,4468 2069,4468 2068,4468 2068,4486 2067,4488 2066,4488 2065,4488 2063,4490 2063,4491 2063,4492 2062,4492 2059,4494 2059,4495 2059,4496 2054,4496 2051,4498 2051,4499 2051,4500 2050,4500 2049,4501 2041,4501 2039,4502 2039,4503 2039,4504 2038,4504 2037,4505 2033,4505 2031,4506 2031,4507 2031,4508 2030,4508 2029,4509 1931,4509 1930,4509 1930,4519 1930,4520 1929,4520 1928,4520 1926,4522 1926,4523 1925,4525 1924,4525 1922,4523 1922,4518 1921,4517 1920,4517 1918,4515 1918,4514 1916,4512 1915,4512 1914,4511 1914,4510 1913,4509 1912,4509 1910,4507 1910,4473 1910,4473 1681,4472 1679,4471 1679,4470 1678,4468 1483,4468 1480,4470 1480,4471 1480,4472 1380,4471 1379,4472 1187,4472 1185,4473 1185,4474 1184,4476 1126,4476 1125,4475 1125,4474 1123,4472 1122,4472 1120,4470 1120,4461 1119,4460 1118,4460 1116,4458 1116,4409 1119,4407 1120,4407 1120,4406 1120,4405 1123,4403 1128,4403 1128,4402 1128,4401 1131,4399 1132,4399 1132,4398 1132,4397 1135,4394 1136,4337 1137,4336 1137,4335 1137,4335 1138,4335 1139,4334 1143,4334 1145,4332 1145,4331 1146,4330 1305,4330 1306,4330 1306,4329 1308,4326 1311,4329 1311,4330 1311,4330 1312,4330 1315,4333 1315,4334 1315,4334 1316,4334 1319,4337 1319,4338 1319,4339 1319,4382 1320,4382 1915,4384 1916,4383 1921,4383 1921,4382 1921,4381 1922,4381 1924,4379 1925,4379 1926,4380 1926,4381 1928,4383 1957,4383 1958,4384 1958,4394 1959,4395 2193,4395 2193,4395 2193,4357 2195,4355 2196,4355 2196,4355 2197,4354 2197,4353 2200,4350 2201,4350 2201,4350 2201,4349 2203,4347 2208,4347 2209,4346 2209,4345 2210,4344 2211,4343 2212,4343 2213,4342 2227,4342 2228,4343 2229,4343 2229,4344 2229,4345 2232,4347 2237,4347 2238,4349 2238,4350 2240,4351 2241,4351 2242,4353 2242,4354 2244,4355 2245,4355 2246,4357 2246,4366 2248,4367 2249,4367 2250,4369 2250,4379 2251,4379 2314,4379 2314,4380 2314,4381 2316,4382 2771,4383 2772,4382 2772,4381 2773,4380 2774,4379 2775,4379 2776,4378 2776,4361 2778,4359 2779,4359 2780,4358 2780,4353 2783,4350 2784,4350 2784,4350 2784,4349 2787,4346 2787,4341 2790,4338 2791,4338 2792,4338 2792,4337 2794,4334 2795,4334 2796,4334 2796,4333 2798,4330 2803,4330 2804,4330 2804,4329 2806,4326 2813,4326 2814,4325 2826,4326 2829,4328 2829,4329 2829,4330 2830,4330 2833,4332 2833,4337 2833,4338 2834,4338 2835,4338 2836,4340 2836,4341 2837,4342 2837,4382 2838,4383 2856,4383 2857,4384 2857,4385 2859,4387 3275,4387 3276,4386 3362,4387 3363,4385 3363,4384 3365,4383 3525,4383 3525,4383 3525,4369 3527,4367 3528,4367 3529,4366 3529,4361 3531,4359 3532,4359 3533,4358 3533,4349 3536,4346 3537,4346 3537,4346 3537,4345 3538,4344 3538,4343 3539,4342 3540,4342 3540,4342 3540,4341 3543,4338 3544,4338 3545,4338 3545,4337 3547,4334 3548,4334 3549,4334 3549,4333 3551,4330 3568,4330 3569,4330 3569,4329 3571,4326 3575,4326 3578,4329 3578,4330 3578,4330 3583,4330 3586,4333 3586,4338 3586,4338 3587,4338 3589,4341 3589,4387 3590,4387 3745,4388 3746,4387 3747,4387 3747,4386 3747,4385 3750,4383 4014,4383 4014,4383 4014,4382 4017,4379 4116,4379 4116,4379 4116,4377 4118,4375 4119,4375 4120,4374 4120,4369 4122,4367 4224,4368 4224,4367 4225,4321 4225,4321 4262,4321 4263,4320 4271,4320 4272,4320 4271,4513 4271,4514 4264,4514 4263,4513 4263,4468 4263,4468 4231,4468 4229,4466 4229,4461 4229,4461 4029,4460 4027,4462 4027,4463 4026,4464 4025,4464 4024,4465 4023,4466 4023,4467 4022,4468 4016,4468 4015,4469 4015,4519 4013,4521 4008,4521 4007,4522 4007,4523 4007,4523 4006,4523 4005,4524 3995,4524 3994,4524 3994,4469 3994,4468 3883,4468 3882,4468 3882,4469 3881,4470 3881,4471 3881,4472 3711,4471 3710,4472 3266,4471 3265,4472 3070,4472 3067,4475 3067,4476 3067,4476 3065,4476 3063,4475 3063,4474 3062,4472 2867,4472 2865,4473 2865,4474 2864,4476 2855,4476 2853,4474 2853,4473 2852,4472 2843,4472 2840,4469 2624,4468 2622,4470 2622,4471 2621,4472 2437,4472 2436,4472 2436,4526 2436,4527"/><TextEquiv index="1"><Unicode>à leur tour, &amp; me ſerrerent fortement</Unicode></TextEquiv></TextLine><TextLine id="r0_l020"><Coords points="3419,4730 3419,4729 3419,4671 3418,4671 3347,4671 3347,4671 3347,4721 3345,4723 3332,4723 3330,4725 3330,4726 3329,4727 3319,4727 3319,4726 3319,4725 3316,4723 3307,4723 3306,4721 3306,4672 3305,4672 3185,4671 3185,4672 3185,4729 3184,4729 3177,4729 3177,4729 3177,4672 3176,4671 2924,4671 2923,4670 2922,4670 2922,4669 2922,4659 2921,4659 2675,4658 2675,4659 2675,4661 2673,4662 2672,4662 2672,4663 2671,4664 2671,4665 2669,4666 2668,4666 2667,4667 2588,4667 2587,4666 2586,4666 2586,4665 2586,4664 2583,4662 2385,4662 2384,4663 2316,4662 2314,4665 2314,4666 2313,4666 2312,4666 2311,4667 2100,4667 2100,4667 2100,4717 2098,4719 2097,4719 2097,4719 2096,4720 2096,4721 2094,4723 2085,4723 2084,4721 2084,4720 2082,4719 2056,4719 2056,4718 2056,4717 2055,4716 2055,4667 2054,4667 2035,4667 2035,4667 2035,4724 2034,4725 2031,4725 2031,4724 2031,4667 2030,4667 1883,4666 1882,4667 1777,4667 1776,4669 1776,4670 1775,4670 1774,4670 1773,4671 1758,4671 1757,4670 1756,4670 1756,4670 1756,4669 1754,4667 1558,4667 1557,4668 1557,4669 1556,4670 1555,4670 1554,4671 1430,4670 1429,4671 1424,4671 1424,4672 1424,4673 1421,4675 1138,4675 1137,4673 1137,4672 1135,4671 1118,4671 1116,4668 1116,4667 1115,4667 1114,4667 1112,4664 1112,4627 1113,4626 1114,4626 1116,4624 1116,4615 1117,4614 1118,4614 1120,4612 1120,4607 1121,4606 1126,4606 1129,4603 1129,4602 1129,4602 1130,4602 1133,4599 1133,4598 1133,4598 1138,4598 1141,4595 1141,4594 1141,4594 1142,4594 1143,4593 1151,4593 1153,4591 1153,4590 1153,4590 1154,4590 1155,4589 1301,4589 1302,4589 1302,4588 1304,4585 1358,4585 1359,4585 1359,4576 1363,4572 1363,4571 1364,4569 1365,4569 1367,4571 1367,4572 1368,4573 1368,4580 1368,4580 1466,4581 1469,4583 1469,4584 1469,4585 1674,4585 1675,4585 1675,4539 1677,4537 1678,4537 1679,4536 1679,4535 1681,4533 1690,4533 1691,4532 1691,4531 1693,4529 1698,4529 1707,4539 1707,4581 1707,4581 1914,4582 1915,4581 2237,4581 2238,4581 2238,4538 2239,4537 2240,4537 2242,4535 2242,4534 2243,4533 2420,4534 2420,4533 2420,4530 2424,4527 2436,4527 2438,4529 2439,4529 2440,4530 2440,4535 2442,4537 2443,4537 2444,4538 2444,4580 2444,4581 2611,4581 2612,4582 2613,4582 2614,4583 2614,4584 2616,4586 2617,4586 2618,4587 2618,4588 2620,4590 2621,4590 2622,4591 2622,4592 2624,4594 2625,4594 2626,4595 2626,4597 2626,4597 2820,4598 2821,4597 2957,4597 2958,4596 2958,4591 2960,4589 2961,4589 2962,4588 2962,4571 2964,4569 2965,4569 2966,4568 2966,4558 2967,4558 2968,4558 2970,4555 2970,4550 2972,4549 2973,4549 2974,4547 2974,4542 2976,4541 2977,4541 2978,4539 2978,4534 2980,4533 3083,4533 3084,4535 3084,4541 3085,4541 3208,4541 3209,4543 3209,4544 3211,4545 3212,4545 3213,4547 3213,4584 3213,4584 3536,4585 3537,4585 3537,4539 3539,4537 3544,4537 3545,4536 3545,4535 3547,4533 3552,4533 3553,4532 3553,4531 3555,4529 3561,4529 3561,4530 3561,4531 3564,4533 3662,4533 3662,4534 3662,4535 3663,4536 3663,4584 3663,4584 3830,4585 3833,4587 3833,4588 3833,4589 3838,4589 3841,4591 3841,4592 3841,4593 3985,4593 3986,4593 3986,4531 3988,4529 3989,4529 3991,4527 3991,4526 3992,4525 3993,4525 3994,4524 4005,4524 4006,4523 4055,4523 4057,4521 4225,4522 4225,4521 4225,4501 4226,4501 4227,4501 4228,4500 4229,4500 4229,4499 4229,4477 4231,4476 4232,4476 4236,4472 4240,4472 4241,4473 4241,4513 4242,4514 4271,4514 4271,4514 4271,4720 4270,4721 4233,4721 4233,4720 4233,4663 4232,4663 4032,4662 4031,4663 4019,4663 4019,4664 4019,4726 4018,4726 4006,4726 4006,4726 4006,4664 4005,4663 3942,4663 3942,4663 3942,4668 3939,4671 3938,4671 3938,4671 3938,4688 3923,4703 3911,4703 3909,4700 3909,4675 3908,4675 3725,4674 3724,4675 3567,4675 3565,4673 3565,4672 3564,4671 3436,4671 3436,4671 3436,4729 3435,4730"/><TextEquiv index="1"><Unicode>contre leur poitrine. „Ah! parbleu, dit</Unicode></TextEquiv></TextLine><TextLine id="r0_l021"><Coords points="1409,4930 1408,4930 1408,4869 1408,4868 1387,4868 1386,4869 1381,4869 1380,4870 1380,4871 1378,4873 1369,4873 1368,4874 1368,4875 1366,4877 1365,4877 1363,4876 1363,4875 1362,4873 1284,4873 1283,4873 1283,4872 1281,4869 1122,4869 1120,4867 1120,4866 1116,4862 1116,4825 1115,4824 1114,4824 1112,4822 1112,4813 1113,4813 1114,4813 1114,4812 1117,4809 1117,4808 1118,4808 1164,4808 1165,4806 1165,4805 1167,4804 1176,4804 1176,4803 1177,4773 1178,4772 1191,4772 1193,4770 1193,4769 1194,4768 1281,4768 1282,4768 1282,4738 1288,4731 1301,4731 1302,4731 1302,4730 1304,4727 1308,4727 1311,4730 1311,4731 1311,4731 1513,4732 1514,4731 1575,4731 1579,4735 1604,4735 1606,4736 1606,4779 1606,4780 1653,4780 1655,4781 1655,4783 1655,4784 1859,4784 1861,4783 1861,4782 1862,4780 2010,4781 2011,4780 2011,4732 2012,4731 2017,4731 2019,4729 2019,4728 2020,4727 2029,4727 2031,4725 2035,4725 2036,4725 2036,4726 2036,4727 2037,4727 2039,4728 2039,4775 2039,4776 2050,4776 2051,4776 2051,4777 2052,4778 2052,4779 2052,4780 2066,4780 2067,4780 2067,4781 2069,4784 2309,4784 2310,4784 2310,4770 2312,4767 2315,4770 2315,4771 2316,4772 2317,4772 2319,4774 2319,4779 2319,4779 2548,4780 2549,4780 2549,4781 2555,4788 2560,4788 2561,4788 2561,4789 2562,4790 2563,4792 2564,4792 2565,4792 2565,4793 2566,4794 2565,4798 2567,4800 2568,4800 2570,4802 2570,4807 2571,4808 2572,4808 2574,4810 2574,4839 2575,4840 2771,4840 2771,4840 2771,4798 2773,4796 2774,4796 2776,4795 2776,4757 2776,4756 2777,4756 2790,4743 2794,4743 2796,4745 2796,4746 2796,4746 2798,4748 2799,4748 2800,4749 2800,4750 2802,4752 2803,4752 2804,4753 2804,4783 2804,4783 2871,4784 2873,4785 2873,4786 2874,4788 3168,4788 3169,4788 3169,4741 3170,4739 3171,4739 3173,4738 3173,4733 3174,4731 3175,4731 3177,4729 3184,4729 3187,4732 3188,4732 3189,4733 3189,4734 3191,4736 3192,4736 3193,4737 3193,4784 3193,4784 3346,4785 3347,4784 3347,4780 3347,4780 3381,4780 3383,4778 3383,4765 3385,4763 3386,4763 3387,4762 3387,4753 3389,4751 3390,4751 3391,4750 3391,4749 3393,4747 3394,4747 3395,4746 3395,4741 3397,4739 3398,4739 3399,4738 3399,4737 3401,4735 3406,4735 3407,4734 3407,4733 3409,4731 3418,4731 3419,4730 3436,4730 3437,4731 3442,4731 3444,4732 3444,4783 3444,4784 3470,4784 3473,4786 3473,4787 3473,4788 3633,4788 3634,4788 3634,4766 3636,4763 3637,4763 3638,4763 3638,4754 3640,4751 3648,4751 3650,4753 3650,4783 3650,4783 3754,4784 3755,4784 3755,4785 3757,4788 3929,4788 3930,4787 3930,4740 3931,4739 3932,4739 3934,4737 3934,4736 3935,4735 3936,4735 3938,4733 3938,4732 3939,4731 4001,4731 4002,4731 4002,4730 4004,4727 4005,4727 4006,4726 4018,4726 4019,4727 4019,4730 4021,4732 4022,4732 4023,4733 4023,4771 4023,4771 4216,4772 4217,4771 4217,4765 4219,4763 4220,4763 4221,4762 4221,4761 4223,4759 4224,4759 4225,4758 4225,4757 4227,4755 4228,4755 4229,4754 4229,4724 4230,4723 4232,4723 4233,4722 4233,4721 4233,4721 4270,4721 4271,4721 4270,4919 4270,4920 4242,4920 4241,4921 4234,4921 4233,4920 4233,4906 4233,4906 4232,4906 4229,4903 4229,4862 4229,4862 4016,4861 4015,4862 4015,4863 4013,4865 3980,4865 3978,4867 3978,4868 3977,4869 3757,4869 3756,4869 3756,4870 3754,4873 3660,4872 3659,4873 3659,4923 3658,4924 3658,4925 3658,4925 3657,4925 3656,4926 3654,4928 3654,4929 3653,4930 3621,4930 3620,4929 3619,4929 3618,4929 3618,4928 3616,4925 3615,4925 3614,4925 3614,4874 3614,4873 3535,4873 3533,4872 3533,4871 3532,4869 3253,4868 3252,4869 3243,4869 3242,4870 3242,4871 3240,4873 3236,4873 3233,4871 3233,4870 3233,4869 3084,4869 3037,4869 3035,4870 3035,4871 3034,4873 2797,4872 2796,4873 2796,4896 2790,4902 2789,4902 2788,4903 2788,4908 2778,4918 2777,4918 2776,4919 2776,4920 2774,4922 2771,4922 2770,4921 2769,4921 2768,4921 2768,4898 2768,4897 2640,4897 2638,4896 2638,4870 2638,4869 2539,4869 2538,4869 2538,4928 2538,4929 2530,4929 2529,4928 2529,4869 2529,4869 2523,4869 2521,4867 2521,4866 2520,4865 2327,4864 2326,4865 1893,4864 1892,4865 1883,4865 1881,4867 1881,4868 1880,4869 1782,4869 1780,4868 1780,4867 1779,4865 1563,4865 1562,4865 1562,4866 1560,4869 1421,4868 1420,4869 1420,4930 1420,4930"/><TextEquiv index="1"><Unicode>“le brave homme, je vais ſouper bien</Unicode></TextEquiv></TextLine><TextLine id="r0_l022"><Coords points="3250,5129 3250,5129 3250,5071 3249,5070 3229,5070 3228,5071 2870,5071 2869,5072 2869,5073 2867,5075 2858,5075 2857,5073 2857,5072 2856,5072 2458,5071 2456,5073 2456,5074 2455,5075 2350,5074 2349,5075 2344,5075 2343,5077 2343,5078 2341,5079 2340,5079 2339,5081 2339,5082 2337,5083 2315,5083 2315,5083 2315,5082 2312,5079 2307,5079 2306,5078 2306,5072 2305,5071 1991,5071 1991,5070 1991,5069 1989,5068 1781,5067 1780,5069 1780,5070 1778,5071 1648,5071 1646,5073 1646,5074 1645,5075 1464,5075 1464,5075 1464,5078 1463,5079 1462,5079 1460,5081 1460,5090 1459,5091 1458,5091 1456,5093 1456,5102 1454,5104 1453,5104 1452,5105 1452,5110 1450,5112 1449,5112 1448,5113 1448,5118 1446,5120 1445,5120 1444,5121 1444,5122 1442,5123 1437,5123 1436,5124 1429,5124 1428,5123 1428,5121 1427,5120 1283,5120 1282,5119 1282,5068 1281,5067 1125,5067 1125,5066 1125,5065 1122,5063 1117,5063 1116,5061 1116,5052 1117,5051 1119,5051 1120,5050 1120,5012 1123,5010 1124,5010 1124,5009 1124,5008 1127,5006 1172,5006 1173,5004 1173,5003 1174,5003 1175,5003 1176,5002 1282,5002 1282,5002 1282,4997 1285,4994 1286,4994 1286,4994 1286,4948 1288,4946 1289,4946 1290,4945 1290,4944 1292,4942 1297,4942 1299,4940 1299,4939 1300,4938 1301,4938 1302,4937 1408,4937 1408,4937 1408,4931 1409,4930 1420,4930 1420,4931 1420,4933 1421,4933 1422,4933 1424,4936 1424,4986 1425,4986 1535,4987 1536,4986 1682,4986 1683,4985 1683,4984 1685,4982 1686,4982 1687,4981 1687,4968 1689,4966 1690,4966 1691,4965 1691,4960 1693,4958 1694,4958 1695,4957 1695,4952 1697,4950 1698,4950 1699,4949 1699,4948 1701,4946 1702,4946 1703,4945 1703,4944 1705,4942 1706,4942 1707,4941 1707,4936 1709,4934 1710,4934 1711,4933 1711,4932 1713,4930 1714,4930 1715,4929 1719,4929 1719,4929 1719,4928 1721,4926 1722,4926 1723,4925 1746,4925 1748,4928 1748,4929 1749,4929 1750,4929 1752,4932 1752,4982 1753,4982 1962,4983 1962,4982 1962,4963 1964,4962 1965,4962 1967,4959 1967,4958 1968,4958 1969,4958 1971,4955 1971,4954 1972,4954 1982,4954 1982,4954 1982,4955 1983,4956 1983,4964 1985,4966 1986,4966 1986,4966 1986,4967 1987,4968 1987,4981 1988,4982 2152,4982 2152,4982 2152,4981 2155,4978 2164,4978 2164,4979 2164,4980 2165,4980 2323,4980 2323,4980 2323,4935 2325,4933 2326,4933 2327,4932 2327,4931 2328,4930 2329,4930 2330,4929 2383,4930 2384,4929 2703,4929 2703,4929 2703,4928 2706,4925 2713,4925 2714,4926 2715,4926 2715,4927 2715,4928 2717,4929 2721,4929 2722,4930 2723,4930 2723,4931 2723,4933 2724,4933 2977,4934 2978,4933 3045,4933 3046,4934 3047,4934 3047,4934 3047,4935 3050,4938 3055,4938 3055,4939 3055,4944 3058,4946 3059,4946 3059,4947 3059,4956 3062,4958 3063,4958 3063,4959 3063,4964 3064,4965 3064,4966 3065,4966 3066,4966 3068,4969 3068,4986 3069,4986 3269,4986 3270,4985 3270,4983 3272,4981 3517,4982 3517,4982 3517,4939 3518,4938 3519,4938 3525,4932 3525,4931 3526,4930 3527,4930 3528,4929 3539,4929 3540,4930 3541,4930 3541,4931 3541,4932 3544,4934 3545,4934 3545,4935 3545,4986 3546,4986 3729,4986 3730,4985 3921,4986 3921,4985 3921,4984 3924,4982 4038,4982 4039,4981 4039,4980 4041,4978 4074,4978 4078,4974 4233,4975 4233,4974 4233,4921 4234,4921 4263,4921 4264,4920 4270,4920 4270,4920 4270,5125 4268,5127 4237,5127 4237,5126 4237,5117 4233,5113 4233,5060 4232,5060 4051,5059 4051,5060 4051,5128 4050,5128 4035,5128 4035,5128 4035,5063 4034,5062 4033,5063 3943,5063 3942,5064 3942,5065 3940,5067 3927,5067 3926,5068 3926,5069 3924,5071 3666,5070 3665,5071 3428,5071 3428,5071 3428,5129 3427,5130"/><TextEquiv index="1"><Unicode>“joyeuſement. J'ai fait là une bonne re-</Unicode></TextEquiv></TextLine><TextLine id="r0_l023"><Coords points="4267,5332 4266,5331 4264,5331 4263,5330 4234,5330 4233,5329 4233,5291 4233,5291 4106,5290 4104,5289 4104,5271 4104,5270 3838,5270 3837,5270 3837,5271 3835,5274 3690,5273 3689,5274 3676,5274 3675,5275 3675,5276 3673,5278 3669,5278 3667,5277 3667,5276 3666,5274 3265,5273 3264,5274 3029,5274 3027,5275 3027,5276 3027,5277 3026,5277 3025,5278 2838,5278 2837,5278 2837,5287 2824,5300 2824,5301 2824,5302 2818,5301 2817,5302 2817,5303 2812,5308 2812,5309 2811,5310 2802,5310 2800,5309 2800,5308 2799,5306 2798,5306 2796,5305 2796,5275 2796,5274 2446,5274 2444,5272 2444,5271 2443,5270 2442,5269 2441,5269 2440,5268 2440,5258 2440,5258 2439,5258 2438,5257 2436,5257 2435,5256 2436,5246 2435,5246 2248,5245 2247,5247 2246,5264 2244,5266 2243,5266 2242,5267 2242,5268 2240,5270 2187,5270 2185,5272 2185,5273 2184,5274 2138,5274 2136,5276 2136,5277 2135,5278 2049,5278 2047,5279 2047,5280 2046,5282 2045,5282 2043,5283 2043,5300 2042,5302 2041,5302 2039,5303 2039,5312 2038,5314 2037,5314 2036,5314 2036,5315 2033,5319 2032,5319 2031,5319 2031,5320 2030,5322 2017,5322 2015,5320 2015,5315 2015,5315 2014,5315 2013,5314 2012,5314 2011,5313 2011,5274 2011,5274 1824,5273 1823,5274 1608,5274 1606,5275 1606,5276 1605,5278 1359,5277 1358,5278 1297,5278 1294,5276 1294,5275 1294,5274 1289,5274 1286,5272 1286,5271 1286,5270 1111,5270 1108,5267 1108,5266 1108,5266 1107,5266 1104,5263 1104,5258 1104,5258 1103,5258 1102,5257 1101,5257 1100,5256 1101,5220 1100,5219 1100,5210 1101,5209 1102,5209 1104,5207 1104,5206 1105,5205 1110,5205 1112,5203 1112,5202 1113,5201 1285,5201 1286,5201 1286,5199 1287,5197 1300,5197 1303,5195 1303,5194 1303,5193 1308,5193 1311,5191 1311,5190 1311,5189 1365,5189 1366,5188 1739,5189 1740,5189 1740,5182 1740,5181 1741,5181 1744,5179 1744,5166 1745,5164 1746,5164 1748,5163 1748,5154 1749,5152 1750,5152 1752,5151 1752,5138 1753,5136 1754,5136 1756,5135 1756,5134 1757,5132 1914,5133 1915,5132 1924,5132 1926,5130 1926,5129 1927,5128 1952,5128 1955,5130 1955,5131 1955,5132 1956,5132 1959,5134 1959,5135 1959,5136 1960,5136 1962,5137 1962,5183 1962,5184 2137,5184 2138,5185 2184,5185 2185,5186 2185,5187 2186,5188 2523,5189 2524,5188 2710,5188 2711,5188 2711,5187 2712,5185 2713,5185 2714,5184 2716,5184 2717,5185 2718,5185 2719,5186 2719,5187 2721,5189 2726,5189 2727,5190 2727,5191 2729,5193 2734,5193 2735,5194 2735,5195 2737,5197 2738,5197 2739,5198 2739,5199 2740,5200 2740,5244 2740,5244 2965,5245 2966,5244 2966,5210 2967,5209 2968,5209 2970,5207 2970,5206 2971,5205 2972,5205 2974,5203 2974,5202 2975,5201 2980,5201 2983,5198 2983,5197 2983,5197 2985,5197 2986,5196 2986,5138 2991,5133 2991,5132 2991,5132 3001,5132 3002,5132 3002,5133 3004,5136 3005,5136 3007,5137 3007,5142 3008,5144 3009,5144 3011,5145 3011,5155 3011,5156 3012,5156 3015,5158 3015,5167 3015,5168 3016,5168 3019,5170 3019,5179 3019,5180 3020,5180 3023,5182 3023,5192 3023,5193 3178,5193 3181,5191 3181,5190 3181,5189 3228,5189 3229,5189 3229,5175 3231,5172 3232,5172 3233,5172 3233,5163 3235,5160 3236,5160 3237,5160 3237,5159 3239,5156 3240,5156 3241,5156 3241,5147 3243,5144 3244,5144 3245,5144 3245,5135 3247,5132 3248,5132 3249,5132 3249,5131 3250,5129 3427,5130 3429,5132 3612,5132 3614,5134 3614,5135 3615,5136 3615,5136 3616,5136 3618,5138 3618,5189 3618,5189 3840,5190 3841,5189 3842,5189 3843,5188 3981,5188 3982,5188 3982,5187 3982,5186 3983,5185 3984,5185 3985,5184 4033,5184 4035,5183 4035,5129 4035,5128 4233,5129 4234,5128 4235,5128 4236,5127 4238,5127 4239,5126 4269,5126 4270,5126 4269,5331 4269,5332"/><TextEquiv index="1"><Unicode>“crue. Aſſeyez - vous, à côté de moi,</Unicode></TextEquiv></TextLine><TextLine id="r0_l024"><Coords points="4263,5527 4263,5526 4263,5512 4262,5512 4238,5512 4237,5510 4237,5509 4236,5509 4235,5509 4233,5506 4233,5489 4232,5489 4104,5488 4104,5488 4104,5478 4104,5477 3153,5475 3152,5476 3098,5476 3096,5478 3096,5479 3095,5480 2915,5480 2914,5479 2914,5478 2914,5478 1849,5475 1848,5476 1539,5476 1538,5476 1538,5477 1536,5480 1467,5480 1464,5482 1464,5483 1464,5484 1454,5484 1452,5482 1452,5481 1452,5481 1276,5480 1274,5479 1274,5478 1273,5476 1102,5476 1100,5474 1100,5441 1098,5439 1097,5439 1096,5438 1096,5424 1097,5424 1098,5424 1099,5423 1100,5423 1100,5422 1100,5416 1101,5416 1102,5416 1107,5411 1273,5411 1274,5410 1274,5405 1275,5404 1276,5404 1278,5402 1278,5401 1280,5399 1285,5399 1287,5397 1287,5396 1288,5395 1445,5396 1446,5395 1459,5395 1461,5392 1461,5391 1462,5391 1654,5391 1654,5390 1654,5342 1655,5341 1655,5339 1657,5338 1658,5338 1659,5336 1659,5331 1661,5330 2477,5332 2479,5330 2532,5330 2533,5328 2533,5327 2534,5327 2535,5326 2536,5326 2537,5327 2537,5328 2539,5330 2540,5330 2541,5331 2541,5332 2542,5333 3466,5335 3467,5334 3472,5334 3472,5333 3472,5331 3474,5330 3988,5331 3989,5330 3990,5330 3990,5330 3990,5329 3993,5326 4005,5326 4008,5329 4241,5330 4242,5331 4266,5331 4267,5332 4269,5332 4269,5332 4269,5526 4268,5527"/><TextEquiv index="1"><Unicode>“mes deux nouvelles filles.“ Il nous fit,</Unicode></TextEquiv></TextLine><TextLine id="r0_l025"><Coords points="1667,5743 1666,5742 1667,5683 1666,5683 1477,5683 1477,5683 1477,5684 1474,5687 1418,5686 1417,5687 1416,5687 1416,5688 1416,5689 1413,5691 1401,5691 1400,5690 1400,5689 1398,5687 1203,5687 1137,5687 1137,5687 1137,5688 1134,5691 1114,5691 1112,5688 1112,5687 1111,5687 1110,5687 1108,5684 1108,5683 1107,5683 1093,5683 1092,5681 1092,5667 1091,5667 1090,5667 1088,5664 1088,5623 1089,5622 1090,5622 1092,5620 1092,5619 1093,5618 1098,5618 1100,5616 1100,5615 1101,5614 1106,5614 1108,5612 1108,5611 1109,5610 1114,5610 1116,5608 1116,5607 1116,5607 1117,5606 1118,5606 1119,5605 1131,5605 1132,5604 1132,5603 1133,5602 1134,5602 1135,5601 1293,5601 1294,5601 1294,5596 1296,5593 1463,5594 1464,5593 1464,5579 1466,5577 1467,5577 1468,5576 1468,5571 1470,5569 1471,5569 1472,5568 1472,5563 1474,5561 1475,5561 1476,5560 1476,5559 1478,5557 1479,5557 1480,5556 1480,5555 1482,5553 1487,5553 1488,5552 1488,5551 1490,5549 1527,5549 1529,5547 1529,5542 1530,5541 1539,5541 1541,5539 1541,5538 1542,5537 1568,5537 1570,5538 1570,5543 1571,5545 1572,5545 1574,5546 1574,5584 1574,5585 1652,5585 1655,5587 1655,5592 1655,5593 1676,5593 1677,5594 1678,5594 1679,5595 1679,5654 1679,5654 1880,5654 1881,5654 1881,5620 1882,5618 1883,5618 1885,5617 1885,5612 1886,5610 1887,5610 1888,5610 1889,5609 1889,5608 1890,5606 1891,5606 1892,5606 1894,5604 1894,5603 1896,5600 1900,5600 1902,5599 1902,5598 1902,5598 1903,5598 1904,5597 1908,5597 1910,5595 1910,5594 1911,5593 1977,5593 1978,5592 1978,5579 1980,5577 1981,5577 1982,5576 1982,5568 1983,5567 1983,5566 1983,5566 1984,5565 1985,5565 1986,5564 1986,5563 1988,5561 1989,5561 1990,5560 1990,5559 1991,5558 1991,5554 1992,5553 1993,5553 1994,5552 1994,5551 2000,5545 2005,5545 2007,5543 2007,5542 2008,5541 2045,5541 2047,5539 2047,5538 2048,5537 2049,5537 2051,5535 2051,5534 2052,5533 2061,5533 2064,5530 2064,5529 2064,5529 2086,5529 2088,5530 2088,5531 2089,5533 2272,5533 2274,5535 2274,5589 2274,5589 2316,5589 2319,5592 2319,5593 2319,5593 2512,5594 2513,5593 2513,5537 2513,5537 2527,5537 2529,5538 2529,5539 2530,5541 2531,5541 2533,5542 2533,5545 2533,5546 2711,5546 2712,5545 2713,5545 2715,5544 2715,5543 2716,5541 2717,5541 2719,5540 2719,5539 2720,5537 2725,5537 2727,5536 2727,5535 2728,5533 2750,5533 2752,5535 2752,5536 2753,5537 2754,5537 2756,5539 2756,5544 2757,5545 2758,5545 2760,5547 2760,5592 2760,5592 3074,5593 3075,5593 3075,5572 3077,5569 3078,5569 3079,5569 3079,5568 3080,5567 3080,5563 3081,5561 3082,5561 3083,5561 3083,5560 3084,5559 3084,5555 3085,5553 3086,5553 3087,5553 3087,5552 3089,5549 3090,5549 3092,5548 3092,5538 3092,5537 3098,5537 3100,5539 3100,5540 3100,5540 3276,5541 3278,5542 3278,5592 3278,5593 3340,5593 3343,5595 3343,5596 3343,5597 3344,5597 3347,5599 3347,5641 3347,5642 3593,5642 3594,5642 3594,5546 3594,5545 3595,5545 3599,5541 3604,5541 3606,5540 3606,5539 3607,5537 3616,5537 3618,5539 3618,5540 3619,5541 3620,5541 3622,5543 3622,5593 3622,5593 3835,5594 3836,5593 3836,5555 3842,5549 3855,5549 3857,5550 3857,5551 3858,5552 3858,5553 3859,5553 3861,5554 3861,5592 3861,5593 3892,5593 3893,5592 3893,5591 3895,5589 3904,5589 3905,5588 3905,5587 3907,5585 3993,5585 3994,5585 3994,5584 3996,5581 4094,5581 4096,5580 4096,5579 4097,5577 4098,5577 4099,5577 4100,5576 4100,5575 4101,5573 4232,5574 4233,5573 4233,5542 4234,5541 4235,5541 4237,5539 4237,5538 4238,5537 4262,5537 4263,5536 4263,5527 4263,5527 4268,5527 4269,5527 4268,5719 4268,5720 4263,5720 4262,5719 4263,5663 4262,5663 4004,5662 4002,5665 4002,5666 4001,5666 3972,5666 3970,5669 3970,5670 3969,5670 3915,5670 3913,5672 3913,5673 3912,5674 3911,5674 3910,5675 3849,5675 3849,5675 3849,5692 3846,5695 3845,5695 3845,5695 3845,5704 3842,5707 3841,5707 3841,5707 3841,5708 3838,5711 3837,5711 3837,5711 3837,5712 3834,5715 3826,5715 3824,5712 3824,5679 3823,5679 3624,5678 3623,5679 3452,5679 3452,5679 3452,5681 3451,5682 3450,5682 3449,5683 3448,5683 3448,5683 3448,5689 3447,5690 3446,5690 3445,5691 3440,5691 3440,5691 3440,5692 3433,5699 3416,5699 3416,5699 3416,5700 3413,5703 3405,5703 3403,5700 3403,5699 3402,5699 3401,5699 3399,5696 3399,5680 3398,5680 3249,5679 3249,5680 3248,5740 3248,5740 3240,5740 3239,5740 3240,5680 3239,5679 3019,5679 3019,5679 3019,5680 3016,5683 3013,5683 3012,5682 3011,5682 3011,5681 3011,5680 3009,5679 2790,5678 2789,5679 2762,5679 2761,5678 2760,5678 2760,5678 2760,5677 2758,5675 2615,5675 2615,5676 2614,5737 2614,5737 2599,5737 2598,5737 2599,5676 2598,5675 2340,5674 2339,5675 2113,5675 2112,5676 2112,5677 2111,5678 2110,5678 2109,5679 2098,5679 2097,5678 2096,5678 2096,5677 2096,5676 2094,5675 2094,5675 2093,5734 2093,5735 2084,5735 2083,5734 2084,5675 2083,5675 1910,5675 1910,5675 1910,5676 1908,5678 1907,5678 1906,5679 1784,5678 1784,5679 1784,5694 1782,5695 1781,5695 1780,5697 1780,5698 1778,5699 1777,5699 1776,5701 1776,5702 1774,5703 1773,5703 1772,5705 1772,5706 1770,5707 1765,5707 1764,5709 1764,5710 1762,5711 1761,5711 1760,5713 1759,5715 1759,5715 1750,5715 1749,5714 1748,5714 1747,5714 1748,5713 1746,5711 1745,5711 1744,5710 1744,5684 1743,5683 1677,5683 1677,5684 1676,5743 1676,5743"/><TextEquiv index="1"><Unicode>en effet, aſſeoir à ſes côtés, la jeune</Unicode></TextEquiv></TextLine><TextLine id="r0_l026"><Coords points="1050,5950 1050,5949 1050,5808 1050,5808 1049,5808 1048,5807 1048,5806 1047,5805 1047,5802 1048,5801 1048,5800 1049,5800 1059,5800 1059,5799 1059,5782 1060,5781 1060,5780 1061,5780 1062,5780 1063,5778 1063,5773 1065,5772 1106,5772 1107,5771 1108,5771 1108,5770 1108,5769 1111,5767 1112,5767 1112,5766 1112,5765 1115,5763 1116,5763 1116,5762 1116,5761 1119,5759 1120,5759 1120,5758 1120,5757 1123,5755 1128,5755 1128,5754 1128,5753 1131,5751 1209,5751 1209,5750 1209,5749 1212,5747 1217,5747 1217,5747 1217,5746 1220,5743 1664,5744 1665,5743 1719,5743 1719,5743 1719,5742 1722,5739 1727,5739 1727,5739 1727,5738 1730,5735 2081,5736 2082,5735 2289,5735 2290,5734 2290,5733 2292,5731 2313,5731 2315,5734 2315,5735 2316,5735 2317,5735 2318,5736 3846,5740 3847,5739 3848,5739 3848,5738 3849,5737 3849,5736 3851,5735 3852,5735 3852,5734 3853,5733 3853,5732 3855,5731 3860,5731 3861,5729 3861,5728 3863,5727 3872,5727 3873,5725 3873,5724 3875,5723 4263,5724 4263,5723 4263,5720 4264,5720 4268,5720 4268,5720 4268,5920 4268,5921 3101,5918 3100,5919 3100,5940 3098,5942 3086,5942 3084,5941 3084,5889 3084,5888 1514,5885 1513,5885 1513,5936 1513,5937 1512,5937 1511,5938 1474,5938 1473,5938 1473,5939 1471,5942 1467,5942 1464,5939 1464,5938 1464,5938 1463,5938 1460,5935 1460,5902 1460,5902 1146,5901 1145,5900 1145,5889 1145,5889 1086,5889 1084,5887 1084,5886 1083,5885 1082,5885 1080,5883 1080,5808 1080,5808 1058,5808 1057,5808 1057,5949 1056,5950"/><TextEquiv index="1"><Unicode>fille qu'il avoit ſauvée &amp; moi. Nous fîmes</Unicode></TextEquiv></TextLine><TextLine id="r0_l027"><Coords points="2307,6144 2307,6144 2307,6143 2302,6138 2302,6133 2301,6132 2300,6132 2298,6130 2298,6099 2297,6098 1107,6096 1106,6095 1105,6095 1104,6093 1104,6092 1102,6091 1093,6091 1092,6089 1092,6084 1090,6083 1089,6083 1088,6081 1088,6076 1086,6075 1085,6075 1084,6073 1084,6064 1082,6063 1081,6063 1080,6061 1080,6024 1077,6022 1076,6022 1076,6021 1076,6007 1077,6006 1078,6006 1080,6004 1080,6003 1081,6002 1434,6002 1435,6001 1479,6002 1480,6001 1480,6000 1482,5998 1658,5998 1659,5997 1659,5975 1658,5975 1052,5974 1051,5972 1051,5966 1050,5966 1049,5966 1047,5963 1047,5952 1048,5951 1048,5950 1048,5950 1658,5951 1659,5950 1659,5946 1659,5946 1668,5946 1671,5943 1671,5942 1672,5942 1673,5942 1674,5941 1727,5941 1728,5940 1728,5939 1729,5938 1730,5938 1731,5937 2090,5938 2091,5937 2099,5937 2100,5935 2100,5934 2101,5934 2102,5934 2103,5933 2110,5933 2111,5934 2112,5934 2112,5934 2112,5935 2114,5937 2118,5937 2119,5938 4263,5943 4263,5942 4263,5921 4264,5921 4268,5921 4268,5921 4268,6117 4267,6118 4076,6117 4076,6118 4076,6123 4075,6123 4067,6123 4066,6124 3306,6123 3306,6123 3306,6126 3304,6128 3299,6128 3298,6129 3298,6130 3296,6132 3295,6132 3294,6133 3294,6134 3292,6136 3279,6136 3278,6137 3278,6138 3276,6140 3268,6139 3267,6140 2803,6139 2803,6140 2803,6145 2802,6145"/><TextEquiv index="1"><Unicode>un excellent ſouper. Je mangeai avec un</Unicode></TextEquiv></TextLine><TextLine id="r0_l028"><Coords points="1188,6355 1187,6354 1174,6354 1173,6353 1173,6352 1172,6351 1168,6351 1167,6350 1166,6350 1165,6349 1165,6348 1163,6346 1162,6346 1161,6345 1161,6298 1161,6298 1139,6298 1136,6295 1136,6294 1136,6294 1077,6294 1076,6293 1076,6290 1077,6290 1078,6290 1079,6289 1080,6289 1080,6288 1080,6230 1082,6229 1083,6229 1084,6227 1084,6226 1085,6226 1086,6225 1087,6225 1088,6223 1088,6222 1090,6221 1091,6221 1092,6219 1092,6218 1094,6217 1095,6217 1096,6215 1096,6214 1098,6213 1107,6213 1108,6211 1108,6210 1110,6209 1286,6209 1286,6209 1286,6199 1289,6196 1290,6196 1290,6196 1290,6191 1293,6188 1294,6147 1295,6146 1295,6145 1295,6144 1296,6144 1298,6143 1298,6142 1299,6140 1310,6140 1311,6140 1311,6137 1311,6136 1317,6136 1318,6137 1318,6138 1320,6140 1325,6140 1327,6142 1327,6143 1328,6144 1329,6144 1331,6146 1331,6148 1331,6148 1422,6148 1424,6150 1424,6151 1425,6152 1426,6152 1428,6154 1428,6159 1429,6160 1430,6160 1432,6162 1431,6204 1432,6204 1621,6205 1621,6204 1622,6153 1623,6152 1628,6152 1631,6149 1631,6148 1631,6148 1637,6148 1638,6147 1638,6146 1639,6145 1639,6144 1639,6144 1645,6144 1646,6144 1646,6145 1648,6148 1649,6148 1650,6148 1650,6149 1651,6150 1651,6154 1652,6156 1653,6156 1655,6157 1654,6200 1655,6201 1884,6201 1885,6200 2140,6201 2140,6201 2140,6175 2141,6174 2141,6173 2142,6172 2143,6172 2144,6172 2144,6171 2146,6168 2147,6168 2148,6168 2148,6167 2150,6164 2151,6164 2153,6166 2152,6173 2153,6174 2153,6180 2154,6180 2159,6180 2161,6183 2161,6192 2162,6192 2346,6192 2346,6192 2347,6158 2348,6156 2349,6156 2351,6155 2351,6154 2352,6153 2352,6152 2352,6151 2397,6152 2401,6156 2402,6156 2403,6156 2403,6157 2404,6158 2403,6200 2404,6201 2791,6201 2791,6201 2792,6150 2793,6148 2794,6148 2796,6147 2796,6146 2796,6145 2803,6145 2805,6147 2805,6148 2805,6148 2806,6148 2809,6151 2810,6151 2813,6154 2813,6155 2813,6155 2814,6155 2817,6158 2816,6196 2817,6196 2853,6197 2853,6197 2853,6199 2854,6200 3050,6200 3050,6200 3051,6162 3052,6160 3053,6160 3055,6159 3055,6155 3056,6154 3056,6153 3056,6152 3057,6152 3058,6152 3060,6150 3060,6149 3060,6148 3065,6148 3068,6151 3068,6152 3068,6152 3073,6152 3076,6155 3076,6156 3076,6156 3077,6156 3080,6159 3079,6200 3080,6200 3132,6200 3132,6200 3132,6199 3134,6197 3135,6197 3136,6196 3140,6196 3140,6196 3140,6183 3143,6180 3147,6180 3148,6182 3148,6183 3150,6184 3155,6184 3157,6187 3157,6192 3158,6192 3208,6192 3209,6194 3209,6201 3210,6201 3400,6202 3401,6201 3434,6201 3436,6198 3436,6197 3437,6197 3439,6197 3440,6196 3564,6196 3564,6196 3565,6154 3566,6152 3567,6152 3574,6146 3574,6145 3574,6144 3584,6144 3585,6145 3585,6146 3587,6148 3588,6148 3589,6149 3589,6150 3591,6152 3592,6152 3593,6153 3593,6154 3594,6155 3593,6196 3594,6196 3791,6197 3791,6196 3792,6145 3793,6144 3794,6144 3796,6142 3796,6141 3797,6140 3799,6140 3800,6140 3800,6141 3801,6142 3801,6143 3801,6144 3814,6144 3816,6145 3816,6154 3817,6156 3968,6156 3970,6158 3970,6159 3971,6160 4058,6160 4059,6160 4059,6125 4059,6124 4066,6124 4067,6123 4262,6124 4263,6123 4263,6118 4263,6118 4267,6118 4268,6118 4267,6318 4267,6319 4129,6318 4128,6319 4121,6319 4120,6320 4113,6320 4112,6320 4112,6258 4112,6257 3935,6257 3934,6257 3934,6259 3933,6261 3932,6261 3931,6261 3930,6262 3930,6263 3929,6265 3928,6265 3927,6266 3879,6266 3877,6267 3877,6268 3877,6269 3876,6269 3875,6270 3846,6270 3845,6270 3845,6271 3843,6274 3838,6274 3837,6274 3837,6275 3835,6278 3718,6277 3717,6278 3709,6278 3707,6280 3707,6281 3706,6282 3599,6282 3598,6283 3598,6284 3596,6286 3453,6286 3452,6286 3452,6324 3451,6326 3450,6326 3448,6327 3448,6328 3447,6330 3438,6330 3436,6328 3436,6327 3435,6326 3421,6326 3420,6325 3420,6323 3419,6322 3419,6314 3419,6314 3276,6314 3274,6312 3274,6287 3274,6286 2960,6286 2958,6287 2958,6288 2957,6290 2948,6290 2946,6288 2946,6287 2946,6287 2737,6286 2736,6287 2736,6288 2734,6290 2640,6290 2639,6291 2639,6292 2637,6294 2636,6294 2634,6293 2634,6292 2630,6288 2630,6287 2630,6286 2352,6285 2351,6286 2082,6286 2080,6287 2080,6288 2079,6290 1993,6290 1991,6288 1991,6287 1991,6287 1782,6286 1780,6288 1780,6289 1779,6290 1538,6290 1537,6290 1537,6352 1537,6353 1449,6353 1448,6354 1437,6353 1436,6353 1436,6294 1436,6293 1375,6293 1374,6294 1312,6294 1311,6295 1311,6296 1309,6298 1206,6298 1205,6298 1205,6345 1205,6346 1204,6346 1201,6348 1201,6349 1201,6350 1196,6350 1193,6352 1193,6353 1193,6354 1192,6354 1191,6355"/><TextEquiv index="1"><Unicode>apétit charmant. Le voiturier, qui m'avoit</Unicode></TextEquiv></TextLine><TextLine id="r0_l029"><Coords points="1623,6554 1623,6553 1623,6496 1622,6496 1358,6495 1357,6496 1356,6496 1355,6498 1355,6499 1353,6500 1336,6500 1335,6499 1335,6498 1333,6496 1101,6496 1100,6494 1100,6493 1098,6492 1089,6492 1088,6490 1088,6489 1086,6488 1085,6488 1084,6486 1084,6485 1083,6484 1082,6484 1081,6484 1080,6482 1080,6424 1081,6423 1082,6423 1084,6421 1084,6420 1085,6419 1090,6419 1092,6417 1092,6416 1093,6415 1098,6415 1100,6413 1100,6412 1101,6411 1131,6411 1132,6410 1132,6408 1133,6407 1135,6407 1136,6407 1136,6408 1138,6411 1357,6411 1359,6410 1359,6409 1360,6407 1361,6407 1362,6407 1363,6406 1363,6405 1364,6403 1373,6403 1376,6406 1435,6406 1436,6406 1436,6354 1437,6353 1525,6354 1526,6353 1538,6353 1540,6355 1541,6355 1541,6355 1541,6357 1542,6358 1542,6406 1542,6407 1600,6407 1602,6408 1602,6409 1603,6411 1795,6411 1796,6411 1796,6410 1800,6406 1800,6402 1801,6401 1801,6400 1802,6399 1803,6399 1804,6398 1804,6382 1805,6381 1805,6380 1806,6379 1807,6379 1808,6378 1808,6374 1809,6373 1809,6372 1810,6371 1811,6371 1813,6369 1813,6368 1814,6367 1815,6367 1817,6365 1817,6364 1818,6363 1819,6363 1821,6361 1821,6360 1822,6359 1823,6359 1825,6357 1825,6356 1826,6355 1827,6355 1829,6353 1829,6352 1830,6351 1831,6351 1833,6349 1833,6348 1835,6346 1851,6346 1852,6347 1853,6347 1853,6348 1853,6349 1855,6350 1859,6350 1860,6351 1861,6351 1861,6352 1861,6362 1862,6362 1982,6363 1983,6364 1983,6365 1984,6366 1985,6367 1986,6367 1987,6368 1987,6385 1989,6387 1990,6387 1991,6388 1991,6402 1991,6403 2061,6403 2065,6407 2326,6407 2327,6407 2327,6392 2328,6391 2329,6391 2331,6389 2331,6388 2332,6387 2334,6387 2335,6389 2335,6398 2337,6399 2338,6399 2339,6401 2339,6402 2339,6402 2812,6403 2813,6402 2840,6403 2841,6402 2841,6387 2842,6387 2848,6387 2849,6388 2849,6390 2850,6391 3161,6391 3161,6391 3161,6352 3163,6350 3168,6350 3169,6349 3169,6348 3171,6346 3249,6346 3250,6345 3250,6344 3252,6342 3260,6342 3263,6345 3430,6346 3431,6347 3620,6347 3622,6345 3622,6344 3624,6342 3625,6342 3626,6344 3626,6345 3628,6346 3637,6346 3638,6348 3638,6391 3639,6391 3793,6392 3794,6391 3799,6391 3800,6389 3800,6388 3802,6387 3904,6387 3905,6385 3905,6384 3907,6383 3953,6383 3954,6381 3954,6380 3956,6379 4005,6379 4006,6378 4006,6358 4007,6357 4007,6356 4008,6355 4009,6355 4011,6353 4011,6344 4013,6342 4014,6342 4015,6341 4015,6340 4017,6338 4018,6338 4019,6337 4019,6336 4021,6334 4022,6334 4023,6333 4023,6332 4025,6330 4030,6330 4031,6329 4031,6328 4033,6326 4063,6326 4063,6326 4063,6320 4065,6318 4070,6318 4072,6316 4072,6315 4073,6314 4099,6314 4100,6316 4100,6318 4101,6318 4267,6319 4267,6319 4267,6516 4266,6517 4263,6517 4263,6516 4263,6453 4262,6453 4072,6452 4071,6454 4071,6455 4069,6456 4028,6456 4024,6460 4015,6460 4015,6461 4015,6462 4012,6464 3967,6464 3966,6466 3966,6467 3964,6468 3890,6468 3889,6469 3889,6470 3887,6472 3816,6472 3816,6472 3816,6523 3814,6525 3813,6525 3812,6526 3812,6527 3811,6528 3810,6528 3809,6529 3778,6529 3777,6528 3776,6528 3776,6527 3776,6526 3774,6525 3773,6525 3772,6523 3772,6485 3771,6485 3566,6484 3566,6485 3566,6486 3563,6488 3392,6488 3391,6486 3391,6485 3390,6485 3198,6484 3197,6486 3197,6487 3195,6488 2907,6488 2905,6490 2905,6491 2904,6492 2898,6492 2898,6491 2898,6490 2896,6489 2494,6488 2492,6490 2492,6491 2491,6492 2404,6492 2404,6491 2404,6490 2402,6489 2080,6488 2080,6488 2080,6539 2078,6541 2077,6541 2073,6545 2040,6545 2039,6546 2039,6547 2037,6549 2032,6549 2031,6547 2031,6493 2030,6493 1707,6492 1707,6493 1707,6504 1706,6504 1705,6504 1703,6507 1703,6516 1702,6516 1701,6516 1699,6519 1699,6520 1698,6520 1697,6520 1696,6521 1685,6521 1683,6519 1683,6518 1682,6517 1681,6517 1676,6512 1675,6512 1675,6512 1675,6497 1674,6496 1638,6496 1638,6496 1638,6553 1637,6554"/><TextEquiv index="1"><Unicode>amenée, ſoupa avec nous. Il étoit preſſé</Unicode></TextEquiv></TextLine><TextLine id="r0_l030"><Coords points="1335,6768 1334,6767 1332,6767 1331,6767 1331,6766 1321,6755 1320,6755 1319,6755 1319,6700 1319,6699 1079,6699 1078,6698 1077,6698 1076,6697 1076,6696 1074,6694 1073,6694 1072,6693 1072,6668 1070,6666 1069,6666 1068,6665 1068,6647 1070,6646 1071,6646 1072,6644 1072,6635 1079,6629 1079,6628 1079,6628 1082,6625 1083,6625 1084,6624 1084,6618 1084,6618 1085,6618 1094,6609 1111,6609 1112,6608 1112,6607 1114,6605 1115,6605 1116,6604 1116,6603 1118,6601 1119,6601 1120,6600 1120,6558 1121,6557 1122,6557 1123,6556 1125,6554 1125,6553 1125,6553 1130,6553 1133,6550 1133,6549 1133,6549 1147,6549 1149,6550 1149,6551 1150,6553 1151,6553 1153,6554 1153,6604 1153,6605 1215,6605 1216,6606 1350,6606 1351,6607 1351,6608 1351,6608 1564,6609 1566,6607 1566,6606 1567,6605 1617,6605 1618,6604 1618,6558 1619,6557 1620,6557 1622,6555 1622,6554 1622,6554 1637,6554 1640,6557 1906,6558 1910,6554 1910,6553 1910,6553 1916,6553 1917,6552 1917,6551 1919,6549 1928,6549 1930,6550 1930,6551 1931,6553 1932,6553 1934,6554 1934,6604 1934,6605 2089,6605 2090,6606 2091,6606 2092,6606 2092,6607 2093,6609 2333,6609 2335,6608 2335,6607 2335,6606 2336,6606 2337,6605 2350,6605 2351,6604 2491,6605 2492,6604 2492,6603 2494,6601 2662,6601 2663,6601 2663,6559 2671,6551 2671,6550 2671,6549 2681,6549 2683,6551 2683,6552 2684,6553 2685,6553 2687,6555 2687,6597 2687,6597 2790,6597 2792,6599 2792,6600 2794,6602 2795,6602 2796,6603 2796,6604 2798,6606 2799,6606 2800,6607 2800,6608 2800,6608 3098,6609 3100,6608 3100,6607 3101,6605 3143,6605 3144,6605 3144,6604 3146,6601 3147,6601 3148,6601 3148,6600 3150,6597 3153,6600 3354,6601 3355,6600 3355,6598 3356,6597 3361,6597 3363,6595 3363,6594 3364,6593 3512,6593 3513,6593 3513,6555 3518,6549 3531,6549 3532,6549 3532,6548 3533,6547 3533,6546 3533,6545 3536,6545 3537,6546 3537,6547 3538,6548 3538,6549 3538,6549 3539,6549 3541,6551 3541,6600 3541,6600 3738,6601 3739,6600 3739,6599 3740,6598 3741,6597 3742,6597 3743,6596 3743,6583 3745,6581 3746,6581 3747,6580 3747,6571 3749,6569 3750,6569 3751,6568 3751,6559 3752,6558 3752,6557 3752,6557 3753,6557 3756,6554 3756,6549 3756,6549 3761,6549 3764,6546 3764,6545 3764,6545 3765,6545 3768,6542 3768,6541 3768,6541 3773,6541 3776,6538 3776,6537 3776,6537 3794,6537 3802,6545 3807,6545 3808,6545 3808,6546 3810,6549 3811,6549 3812,6549 3812,6584 3812,6585 4001,6585 4002,6585 4002,6584 4004,6581 4009,6581 4010,6581 4010,6580 4012,6577 4026,6577 4027,6577 4027,6526 4027,6525 4028,6525 4031,6523 4031,6522 4031,6521 4032,6521 4033,6520 4037,6520 4039,6519 4039,6518 4039,6517 4040,6517 4041,6516 4044,6516 4045,6517 4046,6517 4047,6518 4047,6519 4047,6519 4049,6521 4050,6521 4051,6522 4051,6565 4051,6565 4262,6566 4263,6565 4263,6517 4263,6517 4266,6517 4267,6517 4266,6741 4266,6742 4264,6742 4263,6741 4263,6659 4263,6659 4048,6658 4047,6659 4047,6661 4046,6662 4021,6662 4019,6664 4019,6665 4018,6666 3915,6666 3914,6666 3914,6671 3913,6672 3913,6673 3913,6674 3892,6674 3889,6676 3889,6677 3889,6678 3801,6678 3800,6678 3800,6685 3800,6686 3799,6686 3798,6687 3621,6686 3620,6687 3619,6687 3618,6688 3618,6689 3616,6691 3518,6691 3517,6692 3517,6693 3516,6694 3386,6694 3385,6695 3232,6694 3229,6697 3229,6698 3228,6699 3121,6699 3120,6700 3120,6702 3120,6702 3119,6702 3118,6703 3115,6703 3114,6702 3113,6702 3112,6702 3112,6701 3111,6699 3110,6698 3109,6698 3108,6698 3108,6696 3108,6695 2891,6695 2889,6696 2889,6697 2888,6699 2800,6698 2799,6699 2554,6699 2553,6699 2553,6741 2548,6747 2543,6747 2541,6748 2541,6749 2540,6751 2531,6751 2529,6752 2529,6753 2528,6755 2523,6755 2521,6753 2521,6752 2520,6751 2520,6751 2519,6751 2517,6749 2517,6748 2516,6747 2516,6747 2515,6747 2513,6745 2513,6744 2512,6743 2503,6743 2499,6739 2498,6739 2497,6738 2497,6696 2497,6696 2045,6695 2043,6696 2043,6697 2043,6698 2042,6698 2041,6699 1866,6698 1865,6699 1865,6702 1864,6703 1584,6703 1582,6701 1582,6700 1581,6699 1372,6698 1371,6699 1371,6747 1371,6747 1357,6747 1355,6749 1355,6750 1354,6751 1349,6751 1347,6753 1347,6758 1345,6760 1344,6760 1343,6761 1343,6762 1341,6764 1340,6764 1339,6765 1339,6766 1338,6767 1337,6767 1336,6768"/><TextEquiv index="1"><Unicode>de partir. Il nous quitta avant la fin du</Unicode></TextEquiv></TextLine></TextRegion></Page></PcGts>