4266 8221
1436 473 2035 674 r.
238 687 3383 938 repas. Je voulus le payer. „Vous vous
238 918 3319 1141 “moquez, me dit-il, Mameſelle, vous
230 1120 3318 1344 “m'avez régalé ſur toute la route. Nous
234 1311 3314 1519 “avons bu d'excellent vin. C'eſt moi qui
217 1513 3318 1732 “vous ai obligation.“ Je l'embraſſai auſſi,
209 1731 2485 1941 en le remerciant, & il partit.
400 1918 3697 2142 „Il faut, dit Guillau, faire un peu de
213 2128 3493 2339 “réjouiſſance, pour célébrer l'heureuſe ac-
218 2322 3327 2541 “quiſition que je venons de faire. Il faut
213 2529 3323 2744 “qu'on boive du vin des fêtes carillon-
217 2731 3315 2938 “nées, qu'on chante la mère Gaudichon,
221 2934 3319 3147 “& que toute notre jeuneſſe danſe. Et
217 3137 2526 3339 “vive la joie, mes amis!“
306 3332 3311 3551 On a fait tout ce qu'avoit dit le maître,
141 3533 3319 3745 & je n'ai jamais vu de joie plus vive &
214 3743 3327 3950 plus naïve. Que les hommes ſont bêtes,
213 3942 3311 4152 à la ville, de faire tant de frais pour ſe
209 4144 3327 4355 divertir, & de n'en pas venir à bout!
205 4351 3327 4560 Après le repas, on danſa, ou plutôt on
205 4541 3323 4764 ſauta. Je ne pus prendre part à ce diver-
153 4745 3311 4963 tiſſement, & on ne l'exigea pas même,
154 4945 3298 5157 parce que j'étois fatiguée; mais il fallut
169 5152 3294 5369 au moins danſer un menuer avec le
169 5344 3290 5569 maître, qui ne s'en tira point mal. Je
213 5541 3306 5773 fus applaudie à tout rompre; on trouva
217 5755 3287 5977 que je danſois mieux qu'une Reine, &
141 5945 2719 6148 l'on n'avoit jamais vu de Reine.
161 6148 3290 6375 On ſentit enfin que j'avois beſoin de
218 6358 3278 6584 tepos. On me conduiſit à un petit lit,
2549 6581 2833 6784 Fi
