4266 8368
1487 495 2098 692 ai.
263 733 3709 960 étoit un peu dure; mais heureuſement
255 943 3421 1162 j'y ſuis faite, parce que j'ai couſu beau-
255 1148 3408 1368 coup de chemiſes pour des pauvres. J'ai
250 1351 3408 1572 voulu conduire le troupeau de Nicette.
246 1561 3408 1777 Que j'avois de plaiſir dans cette douce
226 1767 3404 1983 fonction! La tête pleine de toutes les
230 1965 3404 2160 P'oéſies Paſtorales, & de l'Aſtrée de Durfé,
238 2171 3408 2390 je voyois la campagne avec le priſme
234 2380 3507 2589 de l'imagination; & j'ai goûté, dans ce
238 2588 3408 2798 doux paſſe - temps, au milieu des fleurs
238 2794 3408 3004 & de leurs parfums, des délices dont on
90 3004 3412 3223 ne pourroit donner une idée, qu'en pre-
242 3206 3400 3417 nant le ton poëtique, ſi peu naturel,
238 3417 2328 3614 peut-être, dans une lettre.
369 3614 3400 3829 Le premier dimanche, je parus à E-
218 3820 3404 4032 gliſe, & tous les yeux furent fixés ſur
230 4026 3400 4238 moi, pendant tout l'Office. J'avois prié
221 4204 3408 4443 les gens de la maiſon de ne point dire
217 4439 3400 4637 qui j'étois. On me voyoit vêtue en
217 4641 3396 4864 payſanne; on me prenoit pour telle.
217 4847 3404 5066 Le fils du Seigneur entra dans l'Egliſe,
105 5061 3401 5272 pour lorgner les filles. Il m'apperçut. Il
226 5255 3404 5474 braqua, ſur moi, ſa lorgnette, & me
217 5457 3392 5680 fixa impitoyablement. Je dus rougir, ce
143 5667 3392 5890 qui le fit ſourire. Il queſtionna beaucoup
143 5873 3400 6099 Guillau ſur mon compte. Ce payſan, qui
205 6074 3392 6294 n'étoit pas ruſtre, ſut éluder toutes ſes
208 6273 3392 6508 queſtions, & ne lui rien apprendre, en
209 6475 3396 6682 paroiſſant lui dire beaucoup de choſes.
2559 6718 2869 6873 Fiv
