<PcGts xmlns="http://schema.primaresearch.org/PAGE/gts/pagecontent/2017-07-15" xmlns:xsi="http://www.w3.org/2001/XMLSchema-instance" xsi:schemaLocation="http://schema.primaresearch.org/PAGE/gts/pagecontent/2017-07-15 http://schema.primaresearch.org/PAGE/gts/pagecontent/2017-07-15/pagecontent.xsd"><Metadata><Creator>User123</Creator><Created>2020-10-17T17:12:44</Created><LastChange>2020-10-17T17:12:44</LastChange></Metadata><Page imageFilename="0138.png" imageHeight="8345" imageWidth="4266"><TextRegion id="r0" type="paragraph" orientation="-0.0"><Coords points="1,1 4264,1 4264,8343 1,8343"/><TextLine id="r0_l001"><Coords points="1353,560 1962,560 1962,760 1353,760"/><TextEquiv index="1"><Unicode></Unicode></TextEquiv></TextLine><TextLine id="r0_l002"><Coords points="496,1033 494,1031 335,1031 334,1031 334,973 334,972 168,972 167,973 167,974 165,976 136,976 134,975 134,974 133,972 132,972 130,971 130,970 129,968 128,968 126,967 126,901 122,897 122,896 121,895 121,850 121,849 119,849 118,849 118,848 117,847 117,836 118,835 118,834 119,833 124,833 126,831 126,830 127,829 128,829 130,827 130,822 131,821 132,821 133,820 148,820 149,821 150,821 150,822 150,823 153,825 154,825 154,826 154,882 155,882 501,882 502,884 502,886 503,886 737,886 739,884 739,875 740,874 741,874 743,872 743,867 744,866 745,866 747,864 747,851 749,849 750,849 751,848 751,843 753,841 754,841 755,840 755,839 757,837 758,837 759,836 759,835 761,833 762,833 763,832 763,831 765,829 766,829 767,828 767,827 769,825 770,825 771,824 791,824 792,823 792,822 793,821 794,821 795,820 798,820 799,821 800,821 800,822 800,832 801,832 802,832 804,835 804,878 805,878 1192,878 1192,878 1192,827 1194,825 1195,825 1196,824 1196,823 1199,820 1208,820 1209,819 1209,818 1211,816 1219,816 1220,817 1221,817 1221,818 1221,824 1222,824 1223,824 1224,825 1225,825 1225,826 1225,874 1226,874 1449,874 1450,873 1588,873 1589,872 1589,871 1590,870 1591,870 1592,869 1879,869 1879,869 1879,867 1880,866 1881,866 1883,864 1883,847 1885,845 1886,845 1887,844 1887,839 1889,837 1890,837 1891,836 1891,831 1893,829 1894,829 1894,829 1895,828 1895,827 1898,824 1899,824 1899,824 1899,823 1902,820 1903,820 1903,820 1903,819 1906,816 1907,816 1907,816 1907,812 1908,811 1908,810 1910,808 1911,808 1911,808 1911,807 1914,804 1915,804 1915,804 1916,803 1916,802 1918,800 1919,800 1920,799 1920,794 1922,792 1932,792 1932,793 1932,808 1933,808 2139,808 2141,811 2141,812 2142,812 2143,812 2145,815 2145,816 2146,816 2147,816 2149,819 2149,820 2150,820 2151,820 2153,823 2153,836 2155,837 2156,837 2157,839 2157,840 2159,841 2160,841 2161,843 2161,844 2163,845 2164,845 2165,847 2165,856 2167,857 2168,857 2169,859 2169,861 2170,861 2410,861 2410,861 2410,843 2412,841 2413,841 2414,840 2414,835 2416,833 2417,833 2418,832 2418,823 2421,820 2422,820 2422,820 2422,815 2423,814 2425,812 2426,812 2426,812 2426,811 2429,808 2434,808 2435,807 2435,806 2437,804 2462,804 2464,807 2464,808 2465,808 2466,808 2468,811 2468,861 2469,861 2680,861 2680,861 2680,839 2682,837 2683,837 2684,836 2684,827 2687,824 2688,824 2688,824 2688,810 2689,809 2690,809 2693,806 2693,805 2694,804 2822,804 2823,806 2823,807 2825,808 2826,808 2827,810 2827,857 2828,857 3191,857 3191,857 3191,818 3193,816 3198,816 3199,815 3199,814 3201,812 3214,812 3215,814 3215,815 3217,816 3222,816 3224,819 3224,820 3225,820 3242,820 3243,821 3244,821 3244,822 3244,828 3245,828 3246,828 3248,831 3248,861 3249,861 3251,861 3252,863 3252,885 3251,886 3250,886 3248,888 3248,889 3247,890 3245,890 3244,891 3244,946 3243,947 3242,947 3240,949 3240,954 3239,955 3238,955 3236,957 3236,958 3234,960 3233,960 3232,961 3232,962 3230,964 3225,964 3224,965 3224,966 3222,968 3209,968 3207,970 3207,971 3206,972 3201,972 3199,974 3199,975 3198,976 3197,976 3195,975 3195,974 3194,972 3193,972 3191,971 3191,956 3191,955 2985,955 2983,957 2983,958 2982,959 2980,959 2978,958 2978,957 2977,955 2599,955 2598,956 2598,1008 2597,1009 2596,1009 2595,1010 2594,1011 2594,1012 2594,1012 2593,1012 2592,1013 2560,1013 2557,1011 2557,1010 2557,1009 2553,1009 2552,1008 2551,1008 2549,1007 2549,956 2549,955 2159,955 2157,957 2157,958 2156,959 2155,959 2154,960 1970,960 1969,961 1969,1011 1967,1013 1935,1013 1934,1012 1933,1012 1932,1012 1932,961 1932,960 1308,960 1307,961 1307,962 1305,964 1272,964 1270,966 1270,967 1270,967 1269,967 1268,968 1091,968 1090,969 1090,979 1089,980 1088,980 1086,982 1086,987 1085,988 1084,988 1082,990 1082,991 1081,992 1076,992 1074,994 1074,995 1073,996 1072,996 1070,998 1070,999 1069,1000 1060,1000 1057,1003 1057,1004 1057,1004 1056,1004 1055,1005 1053,1005 1052,1004 1051,1004 1049,1003 1049,998 1048,996 1047,996 1045,995 1045,969 1045,968 851,968 849,970 849,971 848,972 687,972 686,973 686,974 684,976 683,976 682,977 682,982 680,984 679,984 678,985 678,998 677,999 677,1000 677,1000 676,1000 673,1003 673,1016 672,1017 671,1017 669,1019 669,1020 668,1021 663,1021 661,1023 661,1024 660,1025 520,1025 518,1027 518,1028 517,1029 516,1029 514,1031 514,1032 513,1033"/><TextEquiv index="1"><Unicode>bons payſans, dans une ſphère ſupérieure,</Unicode></TextEquiv></TextLine><TextLine id="r0_l003"><Coords points="617,1235 616,1235 616,1177 616,1176 442,1176 441,1177 441,1178 440,1179 440,1180 440,1180 438,1180 436,1179 436,1178 435,1176 234,1176 232,1178 232,1179 231,1180 222,1180 220,1182 220,1187 219,1188 200,1188 199,1189 199,1221 199,1221 193,1221 191,1223 191,1224 190,1225 177,1225 175,1227 175,1228 174,1229 160,1229 158,1228 158,1189 158,1188 156,1188 154,1187 154,1173 154,1172 140,1172 138,1171 138,1170 137,1168 136,1168 134,1167 134,1162 133,1160 132,1160 130,1159 130,1158 128,1155 127,1155 126,1155 126,1154 124,1151 123,1151 122,1151 122,1142 120,1139 119,1139 118,1139 118,1138 117,1137 117,1133 116,1131 115,1131 114,1131 114,1130 113,1129 113,1126 114,1125 114,1124 115,1123 116,1123 117,1122 117,1114 118,1113 118,1112 119,1111 120,1111 122,1109 122,1108 123,1107 124,1107 126,1105 126,1104 127,1103 128,1103 130,1101 130,1100 131,1099 132,1099 134,1097 134,1096 136,1094 137,1094 138,1093 138,1092 140,1090 162,1090 162,1090 162,1089 165,1086 285,1086 285,1086 285,1047 286,1046 287,1046 287,1046 290,1043 290,1042 291,1041 329,1041 330,1040 330,1035 332,1033 333,1033 335,1031 387,1031 389,1029 395,1029 395,1030 395,1031 400,1036 400,1090 401,1090 624,1090 624,1090 624,1048 627,1045 628,1045 628,1045 628,1044 631,1041 639,1041 641,1044 641,1045 642,1045 643,1045 645,1048 645,1049 646,1049 647,1049 649,1052 649,1057 650,1057 651,1057 653,1060 653,1090 654,1090 861,1090 861,1090 861,1089 862,1088 862,1087 863,1086 927,1086 927,1086 927,1039 929,1037 930,1037 931,1036 931,1035 933,1033 946,1033 947,1035 947,1036 949,1037 950,1037 951,1039 951,1082 952,1082 1167,1082 1167,1082 1167,1081 1170,1078 1171,1078 1172,1080 1172,1081 1174,1082 1175,1082 1176,1084 1176,1085 1178,1086 1262,1086 1262,1086 1262,1059 1264,1057 1265,1057 1266,1056 1266,1051 1267,1050 1268,1050 1268,1050 1270,1048 1270,1047 1271,1046 1272,1046 1274,1044 1274,1043 1276,1041 1281,1041 1282,1043 1282,1044 1284,1045 1285,1045 1286,1047 1286,1048 1288,1049 1289,1049 1290,1051 1290,1052 1291,1053 1291,1086 1292,1086 1404,1086 1405,1085 1405,1084 1407,1082 1576,1082 1576,1082 1576,1081 1577,1080 1577,1079 1578,1078 1621,1078 1621,1078 1621,1032 1622,1031 1622,1030 1623,1029 1624,1029 1626,1027 1626,1026 1627,1025 1628,1025 1630,1023 1630,1022 1631,1021 1641,1021 1642,1023 1642,1024 1644,1025 1649,1025 1650,1027 1650,1082 1651,1082 1841,1082 1842,1081 1842,1080 1844,1078 2282,1078 2284,1076 2284,1075 2285,1074 2455,1074 2455,1074 2455,1023 2457,1021 2516,1021 2516,1022 2516,1023 2519,1025 2520,1025 2520,1026 2520,1027 2521,1028 2521,1078 2522,1078 2716,1078 2716,1078 2716,1077 2719,1074 2891,1074 2892,1073 2892,1072 2894,1070 2896,1070 2897,1072 2897,1073 2899,1074 2904,1074 2905,1076 2905,1077 2907,1078 3235,1078 3236,1077 3236,1063 3237,1062 3238,1062 3239,1061 3254,1061 3255,1062 3256,1062 3256,1063 3256,1064 3258,1065 3262,1065 3263,1066 3264,1066 3264,1067 3264,1069 3263,1070 3262,1070 3260,1072 3260,1073 3259,1074 3257,1074 3256,1075 3256,1138 3252,1142 3252,1143 3252,1143 3167,1143 3166,1144 3166,1163 3165,1164 2821,1164 2819,1166 2819,1167 2818,1168 2805,1168 2802,1166 2802,1165 2802,1164 2575,1164 2574,1165 2574,1166 2572,1168 2482,1168 2479,1171 2479,1172 2479,1172 2473,1172 2472,1173 2472,1174 2471,1175 2471,1176 2471,1176 2457,1176 2455,1175 2455,1174 2454,1172 2453,1172 2452,1172 2451,1171 2451,1170 2450,1168 2290,1168 2288,1167 2288,1166 2287,1164 1701,1164 1699,1166 1699,1167 1698,1168 1333,1168 1331,1170 1331,1171 1330,1172 1287,1172 1286,1173 1286,1179 1285,1180 1284,1180 1283,1181 1283,1182 1282,1183 1282,1200 1282,1200 1281,1200 1278,1203 1278,1208 1277,1209 1276,1209 1274,1211 1274,1212 1273,1213 1272,1213 1270,1215 1270,1216 1269,1217 1268,1217 1266,1219 1266,1220 1265,1221 1260,1221 1258,1220 1258,1173 1258,1172 973,1172 972,1173 972,1175 971,1176 625,1176 624,1177 624,1235 624,1235"/><TextEquiv index="1"><Unicode>qu'ils n'avoient jamais connue. Je recom-</Unicode></TextEquiv></TextLine><TextLine id="r0_l004"><Coords points="3205,1421 3203,1420 3203,1419 3202,1418 3202,1417 3201,1417 3199,1416 3199,1373 3199,1372 2514,1372 2513,1372 2513,1371 2511,1368 2318,1368 2317,1369 2317,1370 2315,1372 2236,1372 2235,1372 2235,1371 2233,1368 1710,1368 1707,1371 1707,1372 1707,1372 1186,1372 1185,1373 1185,1374 1183,1376 1108,1376 1107,1376 1107,1375 1105,1372 911,1372 910,1373 910,1384 909,1385 908,1385 906,1387 906,1388 906,1388 905,1388 904,1389 901,1389 898,1387 898,1386 898,1385 897,1385 894,1383 894,1382 894,1381 893,1381 892,1380 316,1380 315,1381 282,1381 281,1382 281,1396 280,1397 278,1397 277,1398 277,1404 276,1405 275,1405 274,1406 273,1407 273,1408 272,1409 271,1409 268,1407 268,1406 268,1405 267,1405 265,1404 265,1403 264,1401 255,1401 252,1399 252,1398 252,1397 246,1397 244,1396 244,1394 244,1393 165,1393 162,1391 162,1390 162,1389 157,1389 154,1387 154,1381 154,1380 131,1380 130,1380 130,1379 129,1378 128,1376 127,1376 126,1376 126,1300 127,1299 128,1299 128,1299 130,1297 130,1296 131,1295 132,1295 133,1294 137,1294 138,1293 138,1292 139,1291 140,1291 141,1290 291,1290 292,1291 293,1291 293,1292 293,1293 295,1294 473,1294 473,1294 473,1243 474,1242 475,1242 476,1241 611,1241 612,1240 612,1239 613,1238 614,1238 617,1235 813,1235 815,1233 819,1233 821,1236 821,1237 822,1237 823,1237 825,1240 825,1241 826,1241 827,1241 829,1244 829,1286 830,1286 889,1286 890,1288 890,1289 892,1290 1094,1290 1094,1290 1094,1244 1097,1241 1098,1241 1098,1241 1098,1240 1101,1237 1106,1237 1106,1237 1106,1236 1109,1233 1118,1233 1119,1235 1119,1241 1120,1241 1121,1241 1123,1244 1123,1286 1124,1286 1318,1286 1319,1285 1319,1284 1320,1283 1321,1283 1323,1281 1323,1264 1325,1262 1326,1262 1327,1261 1327,1256 1329,1254 1330,1254 1331,1253 1331,1252 1333,1250 1334,1250 1335,1249 1335,1244 1338,1241 1339,1241 1339,1241 1339,1240 1342,1237 1343,1237 1343,1237 1343,1236 1346,1233 1347,1233 1348,1232 1348,1231 1350,1229 1355,1229 1356,1228 1356,1227 1358,1225 1375,1225 1376,1227 1376,1228 1378,1229 1379,1229 1381,1232 1381,1233 1382,1233 1383,1233 1383,1234 1384,1235 1384,1236 1386,1237 1567,1237 1568,1239 1568,1240 1570,1241 1571,1241 1572,1243 1572,1272 1573,1273 1573,1278 1574,1278 1826,1278 1826,1278 1826,1231 1828,1229 1829,1229 1830,1228 1830,1227 1832,1225 1837,1225 1838,1227 1838,1228 1840,1229 1841,1229 1842,1231 1842,1236 1844,1237 1845,1237 1846,1239 1846,1244 1849,1246 1850,1246 1850,1247 1850,1248 1853,1250 1854,1250 1854,1251 1854,1252 1855,1253 1855,1265 1857,1266 1858,1266 1858,1267 1858,1268 1859,1269 1859,1278 1860,1278 2226,1278 2226,1278 2226,1277 2227,1276 2227,1275 2228,1274 2308,1274 2308,1274 2308,1243 2309,1242 2310,1242 2325,1227 2325,1226 2326,1225 2442,1225 2443,1227 2443,1228 2445,1229 2446,1229 2447,1231 2447,1282 2448,1282 2639,1282 2639,1282 2639,1276 2641,1274 2642,1274 2643,1273 2643,1260 2645,1258 2646,1258 2647,1257 2647,1252 2650,1249 2651,1249 2651,1249 2651,1244 2654,1241 2655,1241 2655,1241 2655,1240 2658,1237 2659,1237 2659,1237 2659,1236 2662,1233 2663,1233 2663,1233 2663,1232 2666,1229 2667,1229 2668,1228 2668,1227 2670,1225 2675,1225 2676,1224 2676,1223 2678,1221 2691,1221 2692,1223 2692,1224 2694,1225 2703,1225 2705,1228 2705,1229 2706,1229 2707,1229 2709,1232 2709,1282 2710,1282 2925,1282 2925,1282 2925,1236 2930,1231 2930,1230 2931,1229 2981,1229 2983,1227 2983,1226 2984,1225 3051,1225 3052,1227 3052,1228 3054,1229 3055,1229 3056,1231 3056,1278 3057,1278 3226,1278 3228,1281 3228,1282 3229,1282 3234,1282 3236,1285 3236,1286 3237,1286 3238,1286 3240,1289 3240,1331 3241,1331 3247,1331 3248,1333 3248,1338 3250,1339 3251,1339 3252,1341 3252,1351 3251,1352 3250,1352 3248,1354 3248,1379 3246,1381 3245,1381 3244,1382 3244,1392 3244,1392 3243,1392 3242,1393 3241,1393 3240,1394 3240,1400 3240,1400 3239,1400 3232,1407 3232,1416 3231,1417 3209,1417 3208,1418 3208,1419 3207,1420 3207,1421 3207,1421"/><TextEquiv index="1"><Unicode>mandai bien le ſecret à toute la famille;</Unicode></TextEquiv></TextLine><TextLine id="r0_l005"><Coords points="1791,1634 1789,1633 1789,1590 1789,1589 282,1589 281,1590 281,1596 280,1597 267,1597 264,1595 264,1594 264,1593 160,1593 159,1593 159,1592 158,1591 158,1586 158,1585 153,1585 150,1583 150,1582 150,1581 145,1581 140,1576 139,1576 138,1576 138,1570 138,1569 137,1569 136,1568 135,1568 134,1568 134,1562 133,1560 132,1560 130,1559 130,1497 137,1490 138,1490 138,1490 138,1489 140,1487 141,1487 142,1486 207,1486 207,1486 207,1469 210,1466 211,1466 211,1466 211,1465 212,1464 212,1463 213,1462 494,1462 494,1462 494,1451 495,1450 496,1450 498,1448 498,1447 499,1446 504,1446 506,1444 506,1443 507,1442 512,1442 514,1440 514,1439 515,1438 1101,1438 1102,1437 1102,1436 1105,1433 1617,1433 1617,1433 1617,1432 1620,1429 2221,1429 2222,1431 2222,1432 2223,1432 2225,1434 2226,1434 2226,1435 2226,1436 2229,1438 2230,1438 2230,1439 2230,1440 2231,1441 2231,1478 2232,1478 2278,1478 2279,1480 2279,1481 2281,1482 2298,1482 2300,1485 2300,1486 2301,1486 2302,1486 2304,1489 2304,1490 2305,1490 2306,1490 2307,1491 2475,1491 2476,1493 2476,1494 2478,1495 2483,1495 2484,1497 2484,1498 2486,1499 2487,1499 2488,1501 2488,1531 2489,1531 2564,1531 2566,1534 2566,1535 2567,1536 2568,1536 2569,1536 2570,1538 2570,1539 2571,1540 2572,1540 2573,1540 2574,1542 2574,1551 2573,1552 2572,1552 2569,1555 2569,1556 2569,1556 2350,1556 2349,1557 2349,1563 2348,1564 2347,1564 2345,1566 2345,1567 2343,1569 2342,1569 2341,1570 2341,1571 2340,1572 2341,1572 2658,1572 2660,1575 2660,1576 2661,1576 2662,1576 2664,1579 2664,1592 2663,1593 2663,1596 2662,1597 2662,1599 2661,1600 2661,1601 2660,1602 2660,1604 2659,1605 2659,1606 2657,1608 2656,1608 2655,1609 1835,1609 1834,1610 1834,1633 1833,1634"/><TextEquiv index="1"><Unicode>tout le monde me le promit.</Unicode></TextEquiv></TextLine><TextLine id="r0_l006"><Coords points="540,1842 539,1842 539,1841 537,1838 536,1838 535,1838 535,1837 534,1836 534,1790 534,1789 319,1789 318,1790 318,1792 317,1793 307,1793 306,1793 306,1792 305,1791 305,1774 305,1773 165,1773 162,1771 162,1770 162,1769 157,1769 154,1767 154,1766 154,1765 153,1765 150,1763 150,1746 152,1744 309,1744 309,1744 309,1725 310,1724 310,1717 311,1716 312,1716 314,1714 314,1701 316,1699 317,1699 318,1698 318,1685 321,1682 322,1682 322,1682 322,1672 323,1671 324,1671 326,1669 326,1668 327,1667 328,1667 329,1666 334,1666 334,1666 334,1665 337,1662 342,1662 342,1662 342,1661 345,1658 350,1658 350,1658 350,1657 353,1654 358,1654 358,1654 358,1653 361,1650 378,1650 379,1649 379,1648 381,1646 411,1646 412,1648 412,1649 414,1650 435,1650 436,1652 436,1669 439,1671 440,1671 440,1672 440,1687 441,1688 441,1699 442,1699 664,1699 665,1698 665,1697 667,1695 837,1695 837,1695 837,1648 839,1646 840,1646 841,1645 841,1644 843,1642 848,1642 849,1641 849,1640 851,1638 861,1638 861,1639 861,1640 866,1645 866,1694 868,1695 1073,1695 1074,1694 1074,1693 1076,1691 1077,1691 1078,1690 1078,1689 1080,1687 1237,1687 1237,1687 1237,1644 1239,1642 1244,1642 1246,1640 1246,1639 1247,1638 1252,1638 1254,1636 1254,1635 1255,1634 1257,1634 1258,1636 1258,1637 1260,1638 1261,1638 1262,1640 1262,1642 1263,1642 1298,1642 1298,1643 1298,1644 1301,1646 1306,1646 1306,1647 1307,1648 1307,1649 1309,1650 1310,1650 1311,1652 1311,1691 1312,1691 1825,1691 1826,1693 1826,1695 1827,1695 2071,1695 2071,1695 2071,1693 2073,1691 2074,1691 2075,1690 2075,1689 2077,1687 2349,1687 2349,1687 2349,1640 2352,1637 2353,1637 2353,1637 2353,1636 2355,1634 2360,1634 2361,1633 2361,1632 2363,1630 2381,1630 2382,1632 2382,1687 2383,1687 2655,1687 2655,1687 2655,1609 2656,1608 2657,1608 2658,1607 2668,1607 2668,1608 2668,1687 2669,1687 2716,1687 2716,1687 2716,1686 2719,1683 2846,1683 2847,1682 2847,1681 2849,1679 2900,1679 2900,1679 2900,1630 2901,1629 2901,1627 2902,1626 2903,1626 2905,1624 2905,1623 2906,1622 2907,1622 2908,1621 2911,1621 2913,1624 2913,1625 2914,1625 2924,1625 2925,1627 2925,1683 2926,1683 3096,1683 3097,1685 3097,1686 3099,1687 3239,1687 3240,1689 3240,1690 3242,1691 3243,1691 3244,1693 3244,1694 3246,1695 3247,1695 3248,1697 3248,1698 3250,1699 3251,1699 3252,1701 3252,1714 3255,1716 3256,1716 3256,1717 3256,1744 3257,1744 3267,1744 3269,1747 3269,1748 3270,1748 3271,1748 3273,1751 3273,1773 3274,1773 3280,1773 3281,1775 3281,1792 3280,1793 3275,1793 3272,1796 3272,1797 3272,1797 3271,1797 3268,1800 3268,1801 3268,1801 3262,1801 3260,1800 3260,1778 3260,1777 3201,1777 3199,1776 3199,1775 3198,1773 2934,1773 2933,1774 2933,1788 2932,1789 2931,1789 2929,1791 2929,1797 2929,1797 2923,1797 2921,1799 2921,1800 2919,1802 2918,1802 2917,1803 2917,1804 2916,1805 2915,1805 2914,1806 2906,1806 2905,1807 2905,1808 2903,1810 2892,1810 2891,1809 2890,1809 2888,1808 2888,1778 2888,1777 2109,1777 2108,1778 2108,1829 2107,1830 2102,1830 2099,1833 2099,1834 2099,1834 2077,1834 2075,1833 2075,1832 2074,1830 2069,1830 2067,1829 2067,1810 2067,1809 1917,1809 1916,1809 1916,1808 1914,1805 1913,1805 1912,1805 1912,1804 1910,1801 1909,1801 1908,1801 1908,1800 1907,1799 1907,1778 1907,1777 1406,1777 1405,1778 1405,1784 1404,1785 1399,1785 1397,1784 1397,1782 1397,1781 1047,1781 1045,1783 1045,1784 1044,1785 1039,1785 1037,1787 1037,1788 1036,1789 956,1789 955,1790 955,1813 954,1814 952,1814 951,1815 951,1838 951,1838 950,1838 947,1841 920,1841 917,1838 912,1838 911,1838 911,1837 910,1836 910,1815 910,1814 905,1814 904,1813 903,1813 902,1813 902,1803 902,1802 901,1802 898,1800 898,1790 898,1789 580,1789 579,1790 579,1838 579,1838 578,1838 574,1842"/><TextEquiv index="1"><Unicode>Cependant l'amour, pardonnez, ma</Unicode></TextEquiv></TextLine><TextLine id="r0_l007"><Coords points="2395,2040 2394,2040 2394,1982 2394,1981 2212,1981 2210,1983 2210,1984 2209,1985 2207,1985 2206,1985 2206,1984 2205,1983 2205,1982 2205,1981 2142,1981 2140,1980 2140,1979 2139,1977 2093,1977 1885,1977 1883,1979 1883,1980 1882,1981 1807,1981 1806,1982 1806,2003 1805,2004 1805,2005 1804,2006 1803,2006 1801,2008 1801,2013 1800,2014 1799,2014 1797,2016 1797,2021 1796,2022 1795,2022 1793,2024 1793,2025 1792,2026 1791,2026 1789,2028 1789,2029 1788,2030 1787,2030 1785,2032 1785,2033 1784,2034 1778,2034 1777,2034 1777,1978 1777,1977 1554,1977 1552,1979 1552,1980 1551,1981 1407,1981 1405,1983 1405,1992 1403,1994 1402,1994 1401,1995 1401,1996 1399,1998 1394,1998 1393,1999 1393,2000 1391,2002 1390,2002 1389,2003 1389,2004 1387,2006 1354,2006 1352,2005 1352,2004 1350,2001 1349,2001 1348,2001 1348,2000 1347,1999 1347,1982 1347,1981 1132,1981 1131,1982 1131,2001 1130,2002 1129,2001 1128,2001 1127,2001 1127,2000 1125,1997 1124,1997 1123,1997 1123,1991 1123,1990 1122,1990 1121,1989 1118,1987 1118,1986 1118,1985 1002,1985 1000,1984 1000,1982 1000,1981 933,1981 733,1981 730,1984 730,1985 730,1985 654,1985 653,1986 653,1988 652,1989 651,1989 649,1991 649,1992 648,1993 463,1993 462,1994 460,1994 459,1993 184,1993 183,1994 183,1996 181,1998 180,1998 179,1999 179,2000 177,2002 157,2002 154,2000 154,1999 154,1998 153,1998 150,1996 150,1995 150,1994 149,1994 146,1992 146,1986 146,1985 136,1985 134,1984 134,1983 133,1981 127,1981 126,1981 126,1951 125,1949 124,1949 122,1948 122,1881 121,1880 121,1846 122,1845 122,1844 124,1842 125,1842 126,1841 126,1840 128,1838 149,1838 150,1840 150,1899 151,1899 415,1899 416,1898 416,1897 418,1895 489,1895 489,1895 489,1865 491,1863 492,1863 494,1861 494,1860 495,1859 496,1859 497,1858 504,1858 506,1861 506,1866 507,1866 508,1866 509,1867 517,1867 518,1869 518,1870 519,1870 520,1870 522,1873 522,1882 524,1883 525,1883 526,1885 526,1886 528,1887 529,1887 530,1889 530,1893 531,1894 531,1895 532,1895 726,1895 726,1895 726,1894 727,1893 727,1892 728,1891 730,1891 730,1892 730,1893 731,1894 731,1895 732,1895 919,1895 919,1895 919,1842 920,1841 946,1841 946,1842 946,1895 947,1895 1236,1895 1237,1897 1237,1898 1239,1899 1244,1899 1246,1902 1246,1907 1248,1908 1249,1908 1250,1910 1250,1944 1251,1944 1392,1944 1392,1944 1392,1858 1393,1857 1393,1856 1395,1854 1396,1854 1396,1854 1397,1853 1397,1852 1399,1850 1576,1850 1576,1850 1576,1849 1579,1846 1580,1846 1580,1846 1580,1845 1583,1842 1588,1842 1589,1841 1589,1840 1591,1838 1596,1838 1597,1837 1597,1836 1599,1834 1616,1834 1618,1837 1618,1838 1619,1838 1620,1838 1622,1841 1622,1842 1623,1842 1624,1842 1626,1845 1626,1850 1627,1850 1812,1850 1814,1853 1814,1862 1815,1862 1816,1862 1818,1865 1818,1899 1819,1899 1850,1899 1850,1899 1850,1898 1853,1895 2197,1895 2198,1894 2198,1893 2200,1891 2258,1891 2259,1890 2259,1889 2261,1887 2270,1887 2271,1889 2271,1891 2272,1891 2336,1891 2337,1893 2337,1895 2338,1895 2573,1895 2574,1894 2574,1893 2576,1891 2969,1891 2970,1890 2970,1885 2972,1883 2977,1883 2978,1882 2978,1881 2980,1879 3146,1879 3146,1879 3146,1844 3148,1842 3149,1842 3150,1841 3150,1840 3152,1838 3157,1838 3158,1837 3158,1836 3160,1834 3169,1834 3171,1837 3171,1838 3172,1838 3231,1838 3231,1839 3231,1840 3232,1841 3232,1842 3233,1842 3239,1842 3240,1844 3240,1845 3241,1845 3243,1847 3244,1847 3244,1848 3244,1849 3247,1851 3248,1851 3248,1852 3248,1853 3251,1855 3252,1855 3252,1856 3252,1870 3254,1871 3260,1871 3260,1872 3260,1873 3263,1875 3264,1875 3264,1876 3264,1878 3265,1879 3265,1948 3266,1948 3271,1948 3273,1951 3273,1967 3271,1969 3266,1969 3265,1970 3265,1971 3263,1973 3258,1973 3256,1975 3256,1976 3255,1977 2592,1977 2590,1979 2590,1980 2589,1981 2403,1981 2402,1982 2402,2040 2402,2040"/><TextEquiv index="1"><Unicode>bonne maman, ſi je mets ce mot là</Unicode></TextEquiv></TextLine><TextLine id="r0_l008"><Coords points="3230,2243 3229,2242 3105,2242 3104,2242 3104,2183 3104,2182 3101,2182 3100,2181 2731,2181 2730,2182 2252,2182 2251,2183 2251,2233 2249,2235 2244,2235 2243,2236 2243,2237 2241,2239 2217,2239 2212,2234 2211,2234 2210,2234 2210,2187 2210,2186 1680,2186 1679,2187 1679,2188 1677,2190 1676,2190 1675,2191 1675,2204 1673,2206 1672,2206 1671,2207 1671,2212 1670,2213 1670,2214 1670,2214 1669,2214 1666,2217 1666,2218 1666,2218 1665,2218 1662,2221 1662,2226 1662,2226 1648,2226 1646,2225 1646,2183 1646,2182 1410,2182 1409,2183 1409,2184 1407,2186 1222,2186 1221,2187 1221,2189 1220,2190 1219,2190 1217,2192 1217,2201 1216,2202 1215,2202 1212,2205 1212,2206 1212,2206 1211,2206 1208,2209 1208,2210 1208,2210 1203,2210 1200,2213 1200,2214 1200,2214 1186,2214 1185,2215 1185,2216 1184,2217 1184,2218 1184,2218 1182,2218 1180,2217 1180,2216 1179,2214 1174,2214 1172,2213 1172,2195 1172,2194 822,2194 821,2195 821,2196 819,2198 818,2198 816,2200 816,2205 815,2206 814,2206 812,2208 812,2217 810,2219 809,2219 808,2220 808,2230 808,2230 807,2230 804,2233 804,2234 804,2234 803,2234 802,2235 791,2235 790,2234 789,2234 788,2234 788,2233 786,2230 785,2230 784,2230 784,2195 784,2194 570,2194 566,2190 525,2190 524,2189 523,2189 522,2189 522,2188 521,2186 315,2186 314,2187 314,2188 312,2190 311,2190 310,2191 310,2192 308,2194 156,2194 155,2195 155,2196 154,2197 153,2198 152,2198 150,2197 150,2187 150,2186 125,2186 124,2185 123,2185 122,2185 122,2184 120,2181 119,2181 118,2181 118,2180 117,2179 117,2172 118,2171 118,2109 119,2108 120,2108 122,2106 122,2105 123,2104 124,2104 126,2102 126,2101 127,2100 128,2100 130,2098 130,2089 131,2088 132,2088 134,2086 134,2085 136,2083 137,2083 138,2082 138,2073 140,2071 141,2071 142,2070 142,2069 144,2067 145,2067 146,2066 146,2065 148,2063 153,2063 154,2062 154,2061 156,2059 157,2059 158,2058 158,2053 160,2051 161,2051 163,2049 163,2049 163,2048 164,2047 165,2047 166,2046 178,2046 179,2045 179,2044 180,2043 181,2043 182,2042 193,2042 194,2043 195,2043 195,2044 195,2045 198,2047 199,2047 199,2048 199,2095 200,2095 401,2095 402,2096 403,2096 404,2097 404,2098 404,2099 405,2099 636,2099 636,2099 636,2070 639,2067 640,2067 640,2067 640,2066 641,2065 641,2060 642,2059 648,2059 649,2061 649,2095 650,2095 869,2095 869,2095 869,2065 871,2063 873,2063 874,2065 874,2070 876,2071 881,2071 882,2073 882,2074 884,2075 885,2075 886,2077 886,2095 887,2095 1106,2095 1106,2095 1106,2070 1109,2067 1110,2067 1110,2067 1110,2066 1111,2065 1111,2060 1112,2059 1113,2059 1113,2059 1115,2057 1115,2056 1116,2055 1166,2055 1167,2054 1178,2054 1179,2055 1531,2055 1531,2055 1531,2054 1532,2053 1532,2052 1533,2051 1534,2051 1536,2049 1536,2048 1537,2047 1538,2047 1540,2045 1540,2044 1541,2043 1542,2043 1543,2042 1547,2042 1548,2041 1548,2040 1550,2038 1579,2038 1581,2041 1581,2042 1582,2042 1583,2042 1585,2045 1585,2055 1586,2055 1682,2055 1683,2057 1683,2058 1684,2059 1685,2059 1686,2059 1687,2061 1687,2095 1688,2095 1738,2095 1740,2098 1740,2099 1741,2099 2067,2099 2067,2099 2067,2098 2070,2095 2386,2095 2386,2095 2386,2048 2387,2047 2388,2047 2390,2045 2390,2044 2391,2043 2392,2043 2395,2040 2402,2040 2405,2043 2406,2043 2406,2044 2406,2045 2409,2047 2410,2047 2410,2048 2410,2094 2412,2095 2639,2095 2639,2095 2639,2045 2642,2042 2643,2042 2643,2042 2643,2041 2646,2038 2662,2038 2664,2041 2664,2042 2665,2042 2666,2042 2668,2045 2668,2091 2669,2091 2974,2091 2974,2091 2974,2077 2976,2075 2977,2075 2978,2074 2978,2069 2980,2067 2981,2067 2983,2065 2983,2064 2984,2063 2985,2063 2987,2061 2987,2060 2988,2059 2989,2059 2991,2057 2991,2052 2992,2051 2997,2051 2999,2049 2999,2048 3000,2047 3001,2047 3002,2046 3010,2046 3011,2045 3011,2044 3012,2043 3013,2043 3014,2042 3039,2042 3040,2041 3040,2040 3042,2038 3051,2038 3052,2037 3052,2036 3054,2034 3079,2034 3081,2037 3081,2038 3082,2038 3083,2038 3085,2041 3085,2087 3086,2087 3173,2087 3175,2090 3175,2091 3176,2091 3267,2091 3268,2093 3268,2094 3270,2095 3278,2095 3279,2096 3280,2096 3281,2098 3281,2124 3282,2124 3288,2124 3289,2126 3289,2127 3287,2129 3286,2129 3285,2130 3285,2131 3284,2132 3283,2132 3281,2134 3281,2139 3279,2141 3278,2141 3277,2142 3277,2143 3275,2145 3274,2145 3273,2146 3273,2159 3264,2168 3264,2173 3264,2173 3258,2173 3257,2174 3257,2175 3256,2176 3256,2177 3256,2177 3251,2177 3250,2178 3249,2178 3248,2179 3248,2180 3247,2181 3246,2181 3245,2182 3241,2182 3240,2183 3240,2242 3240,2242 3239,2242 3238,2243"/><TextEquiv index="1"><Unicode>ſous vos yeux, &amp; ſi je vous peins les effets</Unicode></TextEquiv></TextLine><TextLine id="r0_l009"><Coords points="1440,2443 1437,2441 1437,2440 1437,2439 1428,2439 1421,2433 1421,2387 1421,2386 883,2386 882,2387 882,2438 881,2439 875,2439 874,2440 874,2442 873,2443 871,2443 870,2443 870,2442 869,2441 869,2440 869,2439 839,2439 837,2438 837,2387 837,2386 508,2386 506,2388 506,2389 505,2390 504,2390 501,2388 501,2387 501,2386 492,2386 489,2384 489,2383 489,2382 303,2382 302,2383 302,2391 301,2392 301,2393 300,2394 209,2394 208,2395 208,2436 207,2437 207,2438 206,2439 201,2439 200,2439 200,2438 193,2430 192,2430 191,2430 191,2387 191,2386 181,2386 179,2385 179,2384 178,2382 161,2382 158,2380 158,2379 158,2378 153,2378 150,2376 150,2375 150,2374 149,2374 146,2372 146,2371 146,2370 145,2370 142,2368 142,2367 142,2366 141,2366 138,2364 138,2359 137,2357 136,2357 134,2356 134,2322 135,2321 136,2321 136,2321 138,2319 138,2318 140,2316 146,2316 146,2316 146,2310 148,2308 153,2308 155,2306 155,2305 156,2304 161,2304 163,2302 163,2301 164,2300 170,2300 170,2300 170,2299 171,2298 171,2297 172,2296 183,2296 183,2296 183,2249 185,2247 186,2247 187,2246 187,2245 189,2243 207,2243 207,2244 207,2245 208,2246 210,2247 211,2247 211,2248 211,2267 212,2267 251,2267 252,2269 252,2270 253,2271 253,2296 254,2296 280,2296 281,2298 281,2299 283,2300 554,2300 554,2300 554,2299 558,2295 559,2295 559,2295 559,2294 561,2292 566,2292 567,2294 567,2295 568,2295 569,2295 570,2296 1023,2296 1024,2295 1025,2295 1025,2295 1025,2285 1026,2284 1027,2284 1029,2282 1029,2277 1030,2276 1031,2276 1033,2274 1033,2265 1035,2263 1036,2263 1036,2263 1037,2262 1037,2261 1039,2259 1044,2259 1045,2258 1045,2257 1047,2255 1052,2255 1054,2253 1054,2252 1055,2251 1097,2251 1099,2249 1099,2248 1100,2247 1134,2247 1135,2249 1135,2250 1136,2250 1137,2251 1138,2251 1139,2253 1139,2258 1141,2259 1143,2259 1143,2260 1143,2300 1144,2300 1534,2300 1536,2298 1536,2297 1537,2296 1687,2296 1687,2296 1687,2294 1690,2291 1691,2291 1691,2291 1691,2273 1692,2272 1693,2272 1695,2270 1695,2269 1696,2268 1697,2267 1698,2267 1699,2266 1699,2261 1700,2260 1701,2259 1702,2259 1703,2258 1703,2257 1705,2255 1706,2255 1708,2253 1708,2252 1709,2251 1710,2251 1712,2249 1712,2248 1713,2247 1718,2247 1720,2245 1720,2244 1721,2243 1730,2243 1732,2241 1732,2240 1733,2239 1735,2239 1736,2238 1745,2238 1746,2239 1748,2239 1748,2240 1748,2241 1749,2241 1751,2243 1752,2243 1752,2244 1752,2245 1755,2247 1756,2247 1756,2248 1756,2250 1757,2251 1757,2296 1758,2296 1964,2296 1965,2298 1965,2299 1967,2300 1972,2300 1973,2302 1973,2303 1975,2304 2029,2304 2030,2306 2030,2307 2031,2307 2032,2308 2033,2308 2034,2309 2206,2309 2206,2309 2206,2253 2208,2251 2209,2251 2210,2250 2210,2249 2212,2247 2230,2247 2230,2248 2230,2249 2231,2250 2231,2251 2232,2251 2275,2251 2275,2252 2275,2253 2284,2262 2284,2300 2285,2300 2434,2300 2434,2300 2434,2299 2435,2298 2435,2297 2436,2296 2582,2296 2582,2296 2582,2293 2583,2292 2584,2292 2585,2291 2594,2291 2594,2291 2594,2290 2597,2287 2608,2287 2609,2288 2610,2288 2610,2289 2610,2290 2613,2292 2782,2292 2782,2293 2782,2353 2783,2353 2990,2353 2990,2353 2990,2332 2991,2331 2991,2330 2992,2329 2993,2329 2995,2327 2995,2326 2996,2325 2997,2325 2999,2323 2999,2318 3001,2316 3002,2316 3003,2315 3003,2310 3005,2308 3010,2308 3011,2307 3011,2306 3013,2304 3018,2304 3019,2303 3019,2302 3021,2300 3030,2300 3032,2298 3032,2297 3033,2296 3036,2296 3036,2296 3036,2248 3037,2247 3038,2247 3040,2245 3040,2244 3041,2243 3042,2243 3044,2241 3044,2240 3045,2239 3047,2239 3048,2238 3061,2238 3062,2239 3064,2239 3064,2240 3064,2241 3066,2242 3111,2242 3116,2247 3117,2247 3117,2248 3117,2296 3118,2296 3186,2296 3187,2298 3187,2299 3189,2300 3190,2300 3191,2302 3191,2307 3193,2308 3194,2308 3195,2310 3195,2324 3196,2324 3279,2324 3281,2327 3281,2332 3282,2332 3283,2332 3285,2335 3285,2344 3284,2345 3283,2345 3281,2347 3280,2348 3280,2349 3280,2349 3279,2349 3276,2352 3276,2353 3276,2353 3266,2353 3265,2354 3265,2355 3264,2356 3264,2357 3264,2357 3200,2357 3199,2358 3199,2377 3199,2377 3198,2377 3197,2378 3192,2378 3191,2379 3191,2380 3189,2382 3184,2382 3183,2383 3183,2384 3181,2386 3169,2386 3166,2384 3166,2383 3166,2382 2881,2382 2880,2383 2880,2393 2879,2394 2878,2394 2876,2396 2876,2401 2875,2402 2874,2402 2872,2404 2872,2405 2871,2406 2870,2406 2869,2407 2868,2408 2868,2409 2867,2410 2862,2410 2860,2412 2860,2413 2859,2414 2841,2414 2839,2413 2839,2383 2839,2382 2351,2382 2349,2384 2349,2385 2348,2386 2306,2386 2304,2385 2304,2384 2303,2382 2097,2382 2096,2383 2096,2392 2094,2394 2093,2394 2092,2395 2092,2400 2091,2401 2091,2402 2091,2402 2090,2402 2088,2404 2087,2405 2087,2406 2087,2406 2077,2406 2075,2408 2075,2409 2074,2410 2069,2410 2067,2412 2067,2413 2066,2414 2066,2414 2065,2414 2064,2415 2063,2415 2062,2414 2060,2414 2059,2414 2059,2413 2059,2412 2057,2410 2056,2410 2055,2410 2055,2387 2055,2386 1787,2386 1785,2385 1785,2384 1784,2382 1463,2382 1462,2383 1462,2438 1461,2439 1452,2439 1450,2441 1450,2442 1449,2443"/><TextEquiv index="1"><Unicode>de cette paſſion profane, l'amour, dis-</Unicode></TextEquiv></TextLine><TextLine id="r0_l010"><Coords points="3224,2649 3224,2587 3224,2586 2950,2586 2949,2587 2949,2649 2949,2649 2935,2649 2934,2649 2934,2587 2934,2586 2873,2586 2872,2587 2872,2601 2870,2603 2869,2603 2868,2604 2868,2610 2868,2610 2867,2610 2866,2611 2861,2611 2860,2612 2860,2613 2858,2615 2853,2615 2852,2616 2852,2617 2850,2619 2838,2619 2835,2617 2835,2583 2835,2582 2621,2582 2618,2585 2618,2586 2618,2586 2343,2586 2341,2585 2341,2584 2340,2582 1983,2582 1981,2584 1981,2585 1980,2586 1758,2586 1757,2587 1757,2588 1755,2590 1742,2590 1740,2589 1740,2588 1739,2586 1505,2586 1503,2588 1503,2589 1502,2590 1497,2590 1495,2589 1495,2588 1494,2586 958,2586 835,2586 833,2588 833,2589 832,2590 826,2590 825,2590 825,2589 824,2588 824,2587 824,2586 667,2586 665,2585 665,2584 664,2582 470,2582 469,2583 469,2589 468,2590 369,2590 367,2592 367,2597 366,2598 365,2598 363,2600 363,2601 362,2602 361,2602 359,2604 359,2605 358,2606 357,2606 355,2608 355,2609 353,2611 348,2611 346,2613 346,2614 345,2615 176,2615 175,2616 175,2621 173,2623 172,2623 171,2624 171,2633 170,2634 170,2635 170,2635 169,2635 166,2638 166,2639 166,2639 152,2639 150,2638 150,2621 152,2619 153,2619 154,2618 154,2617 156,2615 157,2615 158,2614 158,2539 157,2537 156,2537 155,2537 155,2536 154,2535 154,2522 154,2521 153,2521 150,2519 150,2518 150,2517 149,2517 148,2516 147,2516 146,2516 146,2514 147,2513 148,2513 150,2511 150,2466 153,2463 154,2463 154,2463 154,2462 157,2459 308,2459 310,2462 310,2463 311,2463 316,2463 318,2466 318,2512 319,2512 493,2512 493,2512 493,2511 496,2508 497,2508 498,2507 498,2506 500,2504 530,2504 530,2504 530,2503 533,2500 664,2500 665,2499 665,2498 667,2496 828,2496 828,2496 828,2495 829,2494 829,2493 830,2492 832,2492 833,2494 833,2495 835,2496 1097,2496 1099,2499 1099,2500 1100,2500 1630,2500 1630,2500 1630,2449 1632,2447 1633,2447 1633,2447 1633,2446 1636,2443 1649,2443 1650,2445 1650,2446 1651,2446 1652,2447 1653,2447 1654,2449 1654,2492 1655,2492 1698,2492 1700,2495 1700,2496 1701,2496 1702,2496 1703,2498 1703,2503 1705,2504 1879,2504 1879,2504 1879,2457 1881,2455 1882,2455 1882,2455 1883,2454 1883,2453 1885,2451 1911,2451 1911,2451 1911,2450 1914,2447 1964,2447 1965,2449 1965,2450 1967,2451 1980,2451 1981,2453 1981,2500 1982,2500 2267,2500 2267,2500 2267,2458 2272,2453 2272,2452 2273,2451 2475,2451 2475,2451 2475,2450 2478,2447 2483,2447 2484,2446 2484,2445 2486,2443 2491,2443 2492,2442 2492,2441 2494,2439 2512,2439 2512,2440 2512,2441 2513,2442 2513,2443 2514,2443 2687,2443 2688,2445 2688,2446 2690,2447 2695,2447 2696,2449 2696,2488 2697,2488 2740,2488 2742,2491 2742,2492 2743,2492 2744,2492 2745,2494 2745,2496 2746,2496 2765,2496 2766,2498 2766,2499 2768,2500 2769,2500 2770,2502 2770,2557 2771,2557 2999,2557 2999,2557 2999,2506 3001,2504 3002,2504 3003,2503 3003,2502 3005,2500 3006,2500 3007,2499 3007,2494 3009,2492 3010,2492 3011,2491 3011,2486 3013,2484 3014,2484 3015,2483 3015,2470 3018,2467 3019,2467 3019,2467 3019,2462 3030,2451 3035,2451 3035,2451 3035,2450 3038,2447 3039,2447 3039,2447 3039,2446 3042,2443 3067,2443 3068,2445 3068,2446 3070,2447 3071,2447 3072,2449 3072,2496 3073,2496 3271,2496 3273,2499 3273,2500 3274,2500 3284,2500 3285,2502 3285,2503 3287,2504 3288,2504 3289,2506 3289,2548 3288,2549 3287,2549 3285,2551 3285,2572 3272,2585 3272,2586 3272,2586 3239,2586 3238,2587 3238,2648 3238,2648 3226,2648 3225,2649"/><TextEquiv index="1"><Unicode>je, me tourmentoit. Il m'offroit, ſans</Unicode></TextEquiv></TextLine><TextLine id="r0_l011"><Coords points="406,2864 403,2862 403,2861 403,2860 398,2860 395,2858 395,2857 395,2856 394,2856 391,2854 391,2837 391,2836 390,2836 387,2834 387,2808 387,2807 353,2807 350,2805 350,2804 350,2803 337,2803 334,2801 334,2800 334,2799 333,2799 328,2794 184,2794 183,2794 183,2793 181,2790 168,2790 167,2790 167,2789 166,2788 166,2784 165,2782 164,2782 163,2782 163,2781 161,2778 160,2778 159,2778 159,2777 158,2776 158,2763 158,2762 156,2762 155,2762 155,2761 154,2760 154,2727 156,2725 157,2725 159,2723 159,2722 160,2721 161,2721 162,2720 162,2716 163,2715 163,2714 164,2713 165,2713 167,2711 167,2711 167,2710 168,2709 169,2709 170,2708 174,2708 175,2707 175,2706 176,2705 177,2705 178,2704 191,2704 191,2704 191,2703 194,2700 305,2700 305,2700 305,2687 308,2684 309,2684 309,2684 309,2683 312,2680 313,2680 313,2680 313,2679 314,2678 314,2673 315,2672 316,2672 317,2671 318,2671 318,2671 318,2665 319,2664 320,2664 322,2662 322,2661 323,2660 324,2660 325,2659 334,2659 334,2659 334,2658 337,2655 338,2655 338,2655 338,2654 341,2651 370,2651 371,2650 371,2649 373,2647 378,2647 379,2646 379,2645 381,2643 386,2643 388,2641 388,2640 389,2639 411,2639 411,2640 411,2641 414,2643 419,2643 420,2645 420,2700 421,2700 451,2700 453,2703 453,2704 454,2704 459,2704 461,2707 461,2712 463,2713 645,2713 645,2713 645,2637 647,2635 649,2635 649,2635 649,2612 650,2611 651,2611 652,2610 655,2610 656,2611 657,2611 657,2612 657,2618 658,2618 659,2618 661,2621 661,2626 662,2626 663,2626 664,2627 665,2627 665,2628 665,2642 667,2643 672,2643 673,2645 673,2646 675,2647 770,2647 771,2649 771,2654 773,2655 774,2655 776,2658 776,2668 777,2668 795,2668 796,2670 796,2671 797,2671 798,2671 800,2674 800,2700 801,2700 1111,2700 1111,2700 1111,2673 1112,2672 1113,2672 1113,2672 1115,2670 1115,2669 1116,2668 1245,2668 1245,2668 1245,2659 1246,2658 1246,2657 1248,2655 1311,2655 1311,2655 1311,2653 1313,2651 1314,2651 1314,2651 1315,2650 1315,2649 1317,2647 1338,2647 1340,2650 1340,2704 1341,2704 1556,2704 1556,2704 1556,2703 1559,2700 1567,2700 1568,2702 1568,2703 1570,2704 1793,2704 1793,2704 1793,2670 1795,2668 1801,2668 1801,2669 1801,2686 1802,2687 1802,2688 1803,2688 1804,2688 1805,2690 1805,2700 1806,2700 1866,2700 1867,2699 1867,2698 1869,2696 1997,2696 1997,2696 1997,2654 2000,2651 2005,2651 2006,2650 2006,2649 2008,2647 2021,2647 2022,2649 2022,2650 2025,2652 2026,2652 2026,2653 2026,2708 2027,2708 2177,2708 2177,2708 2177,2707 2180,2704 2197,2704 2198,2703 2198,2702 2200,2700 2225,2700 2226,2702 2226,2703 2227,2703 2369,2703 2372,2700 2380,2700 2382,2703 2382,2704 2383,2704 2496,2704 2496,2704 2496,2674 2498,2672 2499,2672 2500,2671 2500,2666 2502,2664 2541,2664 2541,2664 2541,2662 2544,2659 2545,2659 2545,2659 2545,2658 2548,2655 2560,2655 2561,2657 2561,2658 2564,2660 2565,2660 2566,2662 2566,2663 2568,2664 2569,2664 2570,2666 2570,2704 2571,2704 2925,2704 2925,2704 2925,2654 2928,2651 2933,2651 2933,2651 2933,2650 2934,2649 2950,2649 2950,2650 2950,2655 2951,2655 2952,2655 2954,2658 2954,2700 2955,2700 3009,2700 3010,2701 3011,2701 3011,2702 3011,2703 3013,2704 3146,2704 3146,2704 3146,2653 3147,2652 3148,2652 3150,2650 3150,2649 3152,2647 3165,2647 3166,2648 3239,2648 3243,2652 3244,2652 3244,2653 3244,2659 3245,2659 3246,2659 3255,2668 3264,2668 3264,2669 3264,2674 3267,2676 3268,2676 3268,2677 3268,2678 3269,2679 3269,2700 3270,2700 3271,2700 3273,2703 3273,2704 3274,2704 3275,2704 3277,2707 3277,2741 3278,2741 3287,2741 3288,2742 3289,2742 3289,2743 3289,2744 3292,2746 3293,2746 3293,2747 3293,2753 3293,2753 3292,2753 3291,2754 3290,2754 3289,2755 3289,2781 3288,2782 3287,2782 3286,2783 3285,2784 3285,2785 3284,2786 3271,2786 3268,2789 3268,2790 3268,2790 3217,2790 3215,2789 3215,2788 3214,2786 3014,2786 3013,2787 3012,2787 3011,2788 3011,2789 3010,2790 2980,2790 2978,2789 2978,2788 2977,2786 2801,2786 2798,2789 2798,2790 2798,2790 2744,2790 2741,2793 2741,2794 2741,2794 2739,2794 2738,2795 2729,2795 2728,2794 2727,2794 2723,2790 2518,2790 2517,2791 2517,2809 2515,2811 2514,2811 2513,2812 2513,2820 2512,2821 2512,2822 2511,2823 2510,2823 2509,2824 2509,2825 2508,2826 2508,2831 2508,2831 2507,2831 2506,2832 2500,2838 2500,2839 2500,2839 2489,2839 2488,2839 2488,2791 2488,2790 2240,2790 2239,2791 2239,2834 2238,2835 2237,2835 2234,2838 2234,2839 2234,2839 2199,2839 2198,2839 2198,2787 2198,2786 2004,2786 2002,2788 2002,2789 2001,2790 1938,2790 1936,2789 1936,2788 1935,2786 1755,2786 1752,2789 1752,2794 1752,2794 1749,2794 1748,2794 1748,2788 1747,2786 1682,2786 1681,2787 1681,2848 1681,2848 1678,2848 1677,2848 1677,2787 1677,2786 1436,2786 1433,2789 1433,2790 1433,2790 1432,2790 1430,2792 1430,2793 1429,2794 1427,2794 1425,2793 1425,2792 1424,2790 1197,2790 1196,2791 1196,2831 1196,2831 1089,2831 1088,2832 1087,2832 1086,2833 1086,2834 1085,2835 1080,2835 1078,2837 1078,2838 1077,2839 1072,2839 1070,2841 1070,2842 1069,2843 1068,2843 1067,2844 1040,2844 1037,2842 1037,2841 1037,2840 1036,2840 1033,2838 1033,2837 1033,2836 1032,2836 1029,2834 1029,2833 1029,2832 1028,2832 1025,2830 1025,2829 1024,2827 1014,2827 1013,2827 1013,2826 1012,2825 1012,2795 1012,2794 794,2794 793,2795 740,2795 739,2796 739,2797 737,2799 736,2799 735,2800 735,2801 733,2803 730,2801 730,2800 729,2798 728,2798 726,2797 726,2796 726,2795 714,2795 713,2794 712,2794 710,2793 710,2787 710,2786 609,2786 608,2787 608,2851 608,2851 425,2851 424,2852 424,2855 423,2856 418,2856 411,2863 411,2864 411,2864"/><TextEquiv index="1"><Unicode>ceſſe, l'image du mortel que j'aurois dû</Unicode></TextEquiv></TextLine><TextLine id="r0_l012"><Coords points="3053,3055 3052,3055 3052,2996 3052,2995 2911,2995 2909,2994 2909,2992 2909,2991 2747,2991 2745,2993 2745,2994 2744,2995 2739,2995 2737,2997 2737,2998 2736,2999 2666,2999 2664,2998 2664,2997 2663,2995 2392,2995 2390,2994 2390,2993 2389,2991 2366,2991 2365,2992 2365,3053 2365,3053 2347,3053 2346,3053 2346,2992 2346,2991 2016,2991 2014,2993 2014,2994 2013,2995 1917,2995 1916,2996 1916,3026 1914,3028 1913,3028 1912,3029 1912,3030 1911,3031 1910,3031 1908,3033 1908,3038 1906,3040 1905,3040 1904,3041 1904,3042 1902,3044 1848,3044 1846,3046 1846,3047 1845,3048 1828,3048 1826,3047 1826,3046 1825,3044 1816,3044 1814,3043 1814,3042 1813,3040 1812,3040 1809,3038 1809,2992 1809,2991 1627,2991 1626,2992 1626,2993 1624,2995 1605,2995 1604,2996 1604,3053 1604,3053 1595,3053 1594,3054 1593,3054 1593,2996 1593,2995 1508,2995 1507,2996 1507,3047 1506,3048 1505,3048 1503,3050 1503,3051 1502,3052 1497,3052 1495,3051 1495,3050 1494,3048 1473,3048 1470,3046 1470,3029 1470,3028 1348,3028 1347,3027 1345,3027 1344,3027 1344,3026 1342,3023 1341,3023 1340,3023 1340,3022 1339,3021 1339,2992 1339,2991 965,2991 964,2992 964,2997 962,2999 925,2999 922,2997 922,2996 922,2995 789,2995 788,2996 788,3051 788,3051 756,3051 755,3051 755,2992 755,2991 729,2991 726,2989 726,2988 726,2987 636,2987 589,2987 588,2988 588,2993 586,2995 581,2995 579,2997 579,2998 578,2999 516,2999 514,3001 514,3002 513,3003 429,3003 428,3004 428,3006 427,3007 426,3007 425,3006 424,3006 424,3005 423,3003 275,3003 273,3005 273,3006 272,3007 213,3007 212,3008 212,3055 212,3055 208,3055 207,3055 207,3008 207,3007 192,3007 191,3008 191,3022 190,3023 185,3023 183,3022 183,3017 182,3015 181,3015 179,3014 179,3009 178,3007 177,3007 175,3006 175,2996 175,2995 165,2995 162,2993 162,2992 162,2991 161,2991 158,2989 158,2988 158,2987 63,2987 60,2985 60,2980 59,2978 58,2978 56,2977 56,2964 58,2962 59,2962 60,2961 60,2948 62,2946 63,2946 64,2945 154,2945 154,2945 154,2858 156,2856 157,2856 158,2855 158,2854 160,2852 186,2852 187,2854 187,2905 188,2905 434,2905 434,2905 434,2852 435,2851 610,2851 612,2854 612,2901 613,2901 746,2901 747,2903 747,2904 749,2905 767,2905 767,2906 767,2907 770,2909 947,2909 947,2909 947,2858 949,2856 950,2856 951,2855 951,2854 953,2852 967,2852 968,2854 968,2855 970,2856 971,2856 972,2858 972,2859 973,2859 974,2860 975,2860 976,2862 976,2863 978,2864 979,2864 980,2866 980,2900 981,2900 1009,2900 1010,2901 1012,2901 1012,2902 1012,2903 1015,2905 1282,2905 1282,2906 1282,2911 1283,2912 1283,2913 1284,2913 1285,2913 1286,2915 1286,2916 1288,2917 1473,2917 1474,2916 1474,2911 1476,2909 1662,2909 1662,2909 1662,2858 1664,2856 1665,2856 1667,2854 1667,2853 1668,2852 1673,2852 1675,2850 1675,2849 1676,2848 1750,2848 1751,2847 1760,2847 1760,2847 1760,2846 1763,2843 1767,2843 1769,2846 1769,2847 1770,2847 1775,2847 1777,2850 1777,2851 1778,2851 1779,2851 1781,2854 1781,2859 1782,2859 1783,2859 1785,2862 1785,2905 1786,2905 1833,2905 1834,2907 1834,2908 1836,2909 1965,2909 1965,2909 1965,2861 1966,2860 2014,2860 2014,2860 2014,2858 2020,2852 2021,2852 2022,2851 2023,2851 2024,2852 2087,2852 2087,2853 2087,2887 2089,2888 2090,2888 2091,2890 2091,2909 2092,2909 2345,2909 2345,2909 2345,2862 2347,2860 2348,2860 2349,2859 2349,2858 2351,2856 2365,2856 2365,2857 2365,2858 2366,2858 2368,2860 2369,2860 2369,2861 2369,2866 2370,2867 2370,2868 2371,2868 2372,2868 2374,2871 2374,2909 2375,2909 2602,2909 2602,2909 2602,2899 2604,2897 2605,2897 2606,2896 2608,2896 2609,2897 2610,2897 2610,2898 2610,2899 2611,2900 2611,2905 2612,2905 2659,2905 2659,2905 2659,2859 2660,2858 2660,2857 2661,2856 2675,2856 2676,2858 2676,2859 2678,2860 2679,2860 2680,2862 2680,2863 2681,2863 2682,2863 2684,2866 2684,2905 2685,2905 2851,2905 2851,2905 2851,2896 2852,2895 2852,2894 2853,2893 2854,2893 2856,2891 2856,2882 2858,2880 2859,2880 2860,2879 2860,2874 2862,2872 2863,2872 2864,2871 2864,2866 2866,2864 2867,2864 2868,2863 2868,2862 2870,2860 2871,2860 2872,2859 2872,2858 2874,2856 2875,2856 2876,2855 2876,2854 2878,2852 2883,2852 2884,2851 2884,2850 2887,2847 2915,2847 2916,2848 3003,2848 3003,2849 3003,2851 3005,2852 3010,2852 3011,2854 3011,2855 3012,2855 3013,2855 3015,2858 3015,2892 3016,2892 3017,2892 3018,2893 3019,2893 3019,2894 3019,2905 3020,2905 3170,2905 3170,2905 3170,2858 3172,2856 3177,2856 3179,2854 3179,2853 3180,2852 3194,2852 3195,2854 3195,2905 3196,2905 3268,2905 3268,2906 3268,2907 3271,2909 3276,2909 3276,2910 3276,2911 3279,2913 3280,2913 3281,2915 3281,2916 3282,2917 3283,2917 3284,2917 3285,2919 3285,2920 3286,2920 3287,2921 3288,2921 3289,2923 3289,2924 3291,2925 3296,2925 3297,2927 3297,2928 3299,2929 3300,2929 3301,2931 3301,2937 3301,2937 3300,2937 3297,2940 3297,2973 3296,2974 3295,2974 3293,2976 3293,2977 3291,2979 3290,2979 3289,2980 3289,2985 3287,2987 3286,2987 3285,2988 3285,2989 3283,2991 3266,2991 3264,2993 3264,2994 3263,2995 3114,2995 3113,2996 3113,3051 3112,3052 3087,3052 3084,3055"/><TextEquiv index="1"><Unicode>le moin aimer, puiſqu'il m'avoit fait le</Unicode></TextEquiv></TextLine><TextLine id="r0_l013"><Coords points="2943,3259 2941,3258 2941,3196 2941,3195 2886,3195 2885,3196 2885,3197 2883,3199 2809,3199 2806,3202 2806,3203 2806,3203 2518,3203 2517,3203 2517,3202 2516,3201 2516,3200 2516,3199 1782,3199 1781,3200 1781,3218 1779,3220 1778,3220 1777,3221 1777,3226 1775,3228 1774,3228 1773,3229 1773,3234 1771,3236 1770,3236 1769,3237 1769,3238 1767,3240 1766,3240 1765,3241 1765,3246 1764,3247 1764,3248 1764,3248 1750,3248 1748,3247 1748,3200 1748,3199 1521,3199 1520,3199 1520,3198 1518,3195 1283,3195 1282,3196 1282,3199 1282,3199 1276,3199 1274,3201 1274,3202 1273,3203 1272,3203 1270,3202 1270,3201 1269,3199 1157,3199 1156,3199 1156,3198 1155,3197 1155,3196 1155,3195 854,3195 853,3196 853,3198 852,3199 851,3199 849,3201 849,3202 848,3203 847,3203 845,3205 845,3206 844,3207 839,3207 836,3205 836,3204 836,3203 835,3203 833,3202 833,3200 833,3199 832,3200 832,3253 832,3253 820,3253 819,3252 801,3252 800,3252 800,3200 800,3199 708,3199 706,3198 706,3197 705,3195 638,3195 637,3195 637,3194 636,3193 636,3192 636,3191 522,3191 521,3192 521,3253 521,3253 512,3253 511,3253 511,3192 511,3191 384,3191 383,3192 383,3202 382,3203 369,3203 367,3205 367,3206 366,3207 241,3207 240,3208 240,3254 239,3255 229,3255 228,3255 228,3208 228,3207 213,3207 212,3208 212,3246 211,3247 211,3248 211,3248 210,3248 207,3251 207,3252 207,3252 172,3252 171,3252 171,3237 172,3236 173,3236 175,3234 175,3128 173,3125 172,3125 171,3125 171,3111 173,3109 186,3109 187,3108 187,3107 189,3105 199,3105 199,3105 199,3058 201,3056 206,3056 207,3055 264,3055 267,3052 276,3052 277,3051 277,3050 279,3048 284,3048 285,3050 285,3083 288,3085 289,3085 289,3086 289,3105 290,3105 435,3105 436,3107 436,3108 438,3109 616,3109 616,3109 616,3058 618,3056 619,3056 620,3055 620,3054 622,3052 627,3052 629,3050 629,3049 630,3048 640,3048 640,3049 640,3050 642,3051 788,3051 788,3052 788,3113 789,3113 905,3113 907,3111 907,3110 908,3109 914,3109 914,3109 914,3108 919,3103 919,3102 920,3101 926,3101 927,3103 927,3104 929,3105 930,3105 930,3106 931,3107 931,3108 933,3109 1134,3109 1135,3108 1135,3107 1137,3105 1138,3105 1139,3104 1139,3103 1141,3101 1146,3101 1152,3108 1152,3109 1153,3109 1175,3109 1176,3111 1176,3116 1177,3116 1335,3116 1335,3116 1335,3059 1336,3058 1336,3057 1337,3056 1375,3056 1376,3055 1376,3054 1378,3052 1384,3052 1384,3053 1384,3054 1387,3056 1592,3056 1595,3053 1605,3053 1605,3054 1605,3055 1607,3056 1608,3056 1609,3058 1609,3068 1610,3068 1784,3068 1785,3070 1785,3075 1788,3077 1789,3077 1789,3078 1789,3109 1790,3109 1853,3109 1855,3112 1855,3113 1856,3113 2262,3113 2263,3112 2263,3111 2265,3109 2337,3109 2337,3109 2337,3066 2339,3064 2340,3064 2341,3063 2341,3058 2343,3056 2344,3056 2345,3055 2345,3054 2346,3053 2365,3053 2365,3054 2365,3109 2366,3109 2435,3109 2435,3109 2435,3086 2436,3085 2437,3085 2437,3085 2439,3083 2439,3082 2440,3081 2443,3081 2443,3082 2443,3083 2447,3087 2447,3096 2449,3097 2450,3097 2451,3099 2451,3108 2453,3109 2454,3109 2455,3111 2455,3113 2456,3113 2789,3113 2791,3111 2791,3110 2792,3109 2900,3109 2900,3110 2900,3111 2903,3113 3053,3113 3053,3113 3053,3056 3054,3055 3084,3055 3084,3056 3084,3113 3085,3113 3194,3113 3195,3112 3195,3111 3197,3109 3276,3109 3276,3110 3276,3111 3277,3112 3277,3113 3278,3113 3284,3113 3284,3114 3284,3115 3291,3121 3304,3121 3305,3123 3305,3149 3304,3150 3302,3150 3301,3151 3301,3178 3301,3178 3300,3178 3297,3181 3297,3186 3296,3187 3295,3187 3293,3189 3293,3190 3292,3191 3278,3191 3277,3192 3277,3193 3276,3194 3276,3195 3276,3195 3258,3195 3257,3196 3257,3197 3256,3198 3256,3199 3256,3199 3122,3199 3121,3200 3121,3252 3121,3252 3065,3252 3064,3253 3064,3258 3064,3258 2959,3258 2958,3259"/><TextEquiv index="1"><Unicode>plus de tort. Dois-je vous avouer que</Unicode></TextEquiv></TextLine><TextLine id="r0_l014"><Coords points="2562,3463 2561,3463 2561,3421 2561,3420 2445,3420 2443,3419 2443,3404 2443,3403 2334,3403 2332,3402 2332,3401 2331,3399 1447,3399 1446,3399 1446,3398 1444,3395 1215,3395 1213,3397 1213,3402 1212,3403 1211,3403 1209,3405 1209,3406 1208,3407 1207,3407 1206,3408 1204,3408 1203,3407 1202,3407 1201,3407 1201,3406 1199,3403 925,3403 923,3405 923,3406 922,3407 921,3407 920,3408 919,3409 919,3410 917,3412 914,3410 914,3409 913,3407 912,3407 910,3406 910,3400 910,3399 896,3399 894,3398 894,3397 893,3395 697,3395 696,3396 696,3457 696,3457 685,3457 684,3457 684,3396 684,3395 569,3395 568,3396 568,3397 567,3398 567,3399 567,3399 507,3399 506,3400 506,3406 504,3408 491,3408 490,3409 490,3410 488,3412 485,3410 485,3409 485,3408 209,3408 208,3409 208,3425 207,3426 207,3427 206,3428 205,3428 204,3429 204,3430 202,3432 201,3432 199,3434 199,3435 198,3436 197,3436 196,3437 195,3438 195,3439 194,3440 193,3440 191,3442 191,3443 190,3444 180,3444 179,3444 179,3430 181,3428 182,3428 183,3427 183,3426 185,3424 186,3424 187,3423 187,3331 187,3330 185,3330 183,3329 183,3328 182,3326 177,3326 175,3325 175,3274 177,3272 178,3272 179,3271 179,3266 180,3265 181,3265 183,3263 183,3262 185,3260 228,3260 228,3260 228,3256 229,3255 239,3255 240,3254 242,3256 243,3256 244,3258 244,3259 246,3260 247,3260 248,3262 248,3267 251,3269 252,3269 252,3270 252,3281 253,3282 253,3309 254,3309 481,3309 481,3309 481,3295 483,3293 485,3293 485,3293 485,3279 487,3277 493,3277 494,3276 501,3276 501,3276 501,3265 502,3264 502,3262 504,3260 505,3260 506,3259 506,3259 506,3258 508,3256 509,3256 510,3255 510,3254 511,3253 522,3253 522,3254 522,3255 524,3256 525,3256 526,3258 526,3263 528,3264 529,3264 530,3266 530,3268 531,3268 651,3268 653,3271 653,3309 654,3309 800,3309 800,3309 800,3253 801,3252 819,3252 820,3253 1010,3253 1011,3252 1024,3252 1025,3254 1025,3255 1027,3256 1032,3256 1033,3258 1033,3259 1036,3261 1037,3261 1037,3262 1037,3309 1038,3309 1278,3309 1278,3309 1278,3299 1280,3297 1281,3297 1283,3295 1283,3294 1284,3293 1285,3293 1286,3292 1286,3271 1289,3268 1290,3268 1290,3268 1290,3267 1293,3264 1306,3264 1307,3263 1307,3262 1308,3261 1309,3260 1310,3260 1311,3262 1311,3313 1312,3313 1645,3313 1646,3312 1646,3311 1647,3310 1648,3310 1649,3309 1657,3309 1658,3311 1658,3312 1660,3313 1940,3313 1940,3313 1940,3267 1943,3264 1944,3264 1944,3264 1944,3263 1947,3260 2106,3260 2108,3263 2108,3264 2109,3264 2110,3264 2112,3267 2112,3293 2113,3293 2230,3293 2230,3294 2230,3295 2231,3296 2231,3301 2232,3301 2233,3301 2235,3304 2235,3309 2236,3309 2237,3309 2239,3312 2239,3313 2240,3313 2413,3313 2415,3316 2415,3317 2416,3317 2486,3317 2488,3320 2488,3321 2489,3321 2490,3321 2491,3322 2495,3322 2504,3332 2504,3337 2506,3338 2507,3338 2508,3340 2508,3349 2510,3350 2511,3350 2513,3353 2513,3354 2514,3354 2515,3354 2516,3356 2516,3366 2517,3366 2737,3366 2737,3366 2737,3361 2740,3358 2741,3358 2741,3358 2741,3344 2743,3342 2744,3342 2746,3340 2746,3339 2747,3338 2748,3338 2749,3337 2749,3333 2750,3332 2750,3331 2751,3330 2752,3330 2754,3328 2754,3327 2755,3326 2760,3326 2762,3324 2762,3323 2763,3322 2768,3322 2770,3320 2770,3319 2771,3318 2772,3318 2773,3317 2782,3317 2782,3317 2782,3312 2786,3308 2786,3307 2788,3305 2789,3305 2791,3308 2791,3309 2792,3309 2793,3309 2794,3311 2794,3313 2795,3313 2937,3313 2937,3313 2937,3271 2940,3268 2941,3268 2942,3267 2942,3260 2943,3259 3052,3259 3053,3258 3064,3258 3064,3259 3064,3317 3065,3317 3178,3317 3179,3316 3179,3315 3181,3313 3268,3313 3268,3313 3268,3312 3271,3309 3273,3312 3273,3313 3274,3313 3303,3313 3304,3314 3305,3314 3305,3315 3305,3328 3308,3330 3309,3330 3309,3331 3309,3340 3310,3341 3310,3342 3311,3342 3312,3342 3314,3345 3314,3376 3313,3377 3313,3378 3312,3379 3311,3379 3310,3380 3310,3381 3308,3383 3307,3383 3305,3385 3305,3386 3304,3387 3299,3387 3297,3389 3297,3390 3296,3391 3295,3391 3293,3393 3293,3394 3292,3395 3287,3395 3285,3397 3285,3398 3284,3399 3056,3399 3055,3400 3055,3458 3055,3458 3037,3458 3036,3458 3036,3400 3036,3399 2920,3399 2919,3400 2918,3400 2917,3401 2917,3402 2916,3403 2828,3403 2827,3404 2827,3452 2827,3452 2826,3452 2825,3453 2808,3453 2807,3454 2807,3455 2805,3457 2793,3457 2790,3455 2790,3405 2790,3404 2786,3404 2785,3403 2784,3403 2783,3402 2603,3402 2602,3403 2602,3415 2601,3416 2600,3416 2598,3418 2598,3419 2597,3420 2596,3420 2594,3422 2594,3427 2593,3428 2588,3428 2586,3430 2586,3431 2585,3432 2567,3432 2566,3433 2566,3463 2566,3463"/><TextEquiv index="1"><Unicode>j'avois conſervé une miniature, qui me</Unicode></TextEquiv></TextLine><TextLine id="r0_l015"><Coords points="2751,3662 2750,3662 2750,3605 2750,3604 2711,3604 2709,3603 2709,3602 2708,3600 2444,3600 2443,3601 2443,3652 2443,3652 2442,3652 2441,3653 2436,3653 2435,3654 2435,3655 2433,3657 2409,3657 2406,3655 2406,3654 2406,3653 2401,3653 2400,3652 2399,3652 2398,3652 2398,3601 2398,3600 2207,3600 2206,3601 2206,3602 2204,3604 2200,3604 2198,3603 2198,3602 2197,3600 1762,3600 1760,3602 1760,3603 1759,3604 1755,3604 1752,3602 1752,3601 1752,3600 1545,3600 1544,3601 1544,3602 1542,3604 1534,3604 1532,3603 1532,3602 1531,3600 1051,3600 1050,3601 1050,3602 1048,3604 683,3604 682,3605 682,3606 680,3608 527,3608 526,3609 526,3660 525,3661 496,3661 493,3659 493,3658 493,3657 488,3657 485,3655 485,3609 485,3608 455,3608 453,3607 453,3606 452,3604 382,3604 381,3603 380,3603 379,3603 379,3602 378,3600 198,3600 195,3598 195,3597 195,3596 190,3596 187,3594 187,3593 187,3592 186,3592 183,3590 183,3585 184,3584 185,3583 190,3583 191,3582 191,3475 190,3473 189,3473 187,3472 187,3462 188,3461 189,3461 190,3460 195,3460 195,3460 195,3459 198,3456 210,3456 212,3459 212,3509 213,3509 266,3509 267,3510 268,3510 269,3512 269,3513 271,3514 501,3514 502,3513 503,3514 669,3514 669,3514 669,3492 672,3489 673,3489 673,3489 673,3484 674,3483 674,3482 675,3481 676,3481 677,3480 677,3467 679,3465 680,3465 681,3464 681,3460 682,3459 682,3458 683,3457 757,3457 758,3456 771,3456 771,3456 771,3455 774,3452 782,3452 784,3455 784,3456 785,3456 786,3456 788,3459 788,3460 789,3460 790,3460 792,3463 792,3473 793,3473 807,3473 809,3476 809,3477 810,3477 811,3477 812,3479 812,3514 813,3514 962,3514 964,3512 964,3511 965,3510 966,3510 967,3509 969,3509 970,3510 1106,3510 1106,3510 1106,3468 1107,3467 1107,3466 1108,3465 1109,3465 1111,3463 1111,3462 1112,3461 1113,3461 1114,3460 1298,3460 1299,3459 1299,3458 1300,3457 1301,3457 1302,3456 1325,3456 1326,3457 1327,3457 1327,3458 1327,3463 1330,3465 1331,3465 1331,3466 1331,3468 1332,3469 1332,3514 1333,3514 1671,3514 1671,3514 1671,3466 1673,3464 1674,3464 1675,3463 1675,3462 1676,3461 1677,3461 1678,3460 1682,3460 1683,3459 1683,3458 1684,3457 1685,3457 1686,3456 1689,3456 1691,3459 1691,3460 1692,3460 1697,3460 1698,3461 1699,3461 1699,3462 1699,3510 1700,3510 1817,3510 1818,3512 1818,3513 1820,3514 2132,3514 2132,3514 2132,3471 2134,3469 2135,3469 2136,3468 2137,3467 2137,3466 2138,3465 2139,3465 2141,3463 2141,3462 2142,3461 2143,3461 2144,3460 2146,3460 2147,3461 2148,3461 2149,3463 2149,3464 2151,3465 2152,3465 2153,3467 2153,3468 2155,3469 2156,3469 2157,3471 2157,3510 2158,3510 2270,3510 2271,3509 2272,3510 2279,3510 2279,3511 2279,3512 2282,3514 2291,3514 2292,3516 2292,3518 2293,3518 2553,3518 2553,3518 2553,3467 2555,3465 2560,3465 2562,3463 2566,3463 2568,3465 2569,3465 2570,3466 2570,3467 2570,3468 2572,3469 2831,3469 2831,3469 2831,3467 2833,3465 2834,3465 2835,3464 2835,3463 2837,3461 2838,3461 2839,3460 2841,3460 2842,3461 2843,3461 2843,3462 2843,3463 2846,3465 2847,3465 2847,3466 2847,3467 2848,3468 2848,3510 2849,3510 3031,3510 3031,3510 3031,3463 3033,3461 3034,3461 3037,3458 3056,3458 3059,3461 3060,3461 3060,3462 3060,3501 3061,3501 3173,3501 3174,3503 3174,3504 3175,3505 3175,3510 3176,3510 3284,3510 3285,3512 3285,3513 3286,3513 3310,3513 3311,3514 3313,3514 3313,3515 3313,3516 3316,3518 3317,3518 3317,3519 3317,3520 3318,3521 3318,3593 3317,3594 3317,3595 3317,3595 3316,3595 3315,3596 3311,3596 3309,3598 3309,3599 3309,3599 3308,3599 3307,3600 3303,3600 3301,3602 3301,3603 3301,3603 3300,3603 3299,3604 3296,3604 3295,3603 3294,3603 3293,3603 3293,3602 3292,3600 3084,3600 2984,3600 2982,3602 2982,3603 2981,3604 2754,3604 2753,3605 2753,3662 2753,3662"/><TextEquiv index="1"><Unicode>le repréſentoit ſous des traits qui n'étoient</Unicode></TextEquiv></TextLine><TextLine id="r0_l016"><Coords points="2505,3863 2504,3863 2504,3805 2504,3804 2421,3804 2418,3802 2418,3801 2418,3800 2284,3800 2283,3801 2283,3863 2283,3863 2273,3863 2272,3863 2272,3801 2272,3800 2200,3800 2194,3806 2194,3811 2193,3812 2191,3812 2190,3812 2190,3811 2185,3806 2185,3805 2185,3804 1910,3804 1907,3802 1907,3801 1907,3800 1672,3800 1671,3801 1671,3802 1669,3804 1493,3804 1491,3803 1491,3802 1490,3800 1292,3800 1291,3801 1291,3802 1289,3804 1023,3804 1021,3803 1021,3802 1020,3800 834,3800 833,3801 833,3856 832,3857 831,3857 828,3860 828,3861 828,3861 802,3861 800,3860 800,3859 799,3857 790,3857 788,3856 788,3817 788,3816 696,3816 693,3814 693,3813 693,3812 692,3812 690,3811 690,3809 690,3808 274,3808 273,3809 273,3852 272,3853 262,3853 261,3854 261,3855 260,3856 260,3857 260,3857 230,3857 228,3856 228,3855 227,3853 226,3853 224,3852 224,3801 224,3800 214,3800 211,3798 211,3797 211,3796 210,3796 207,3794 207,3793 207,3792 202,3792 199,3790 199,3789 199,3788 198,3788 195,3786 195,3785 195,3784 194,3784 191,3782 191,3777 190,3775 189,3775 187,3774 187,3740 188,3739 189,3739 194,3734 195,3734 195,3734 195,3728 196,3727 197,3727 208,3716 208,3715 209,3714 235,3714 236,3713 236,3712 238,3710 243,3710 244,3712 244,3713 246,3714 264,3714 265,3716 265,3718 266,3718 582,3718 584,3716 584,3715 585,3714 648,3714 649,3716 649,3718 650,3718 1003,3718 1005,3716 1005,3715 1006,3714 1143,3714 1143,3714 1143,3708 1145,3706 1146,3706 1147,3705 1147,3696 1150,3693 1151,3693 1151,3693 1151,3688 1154,3685 1155,3685 1155,3685 1155,3684 1158,3681 1159,3681 1160,3680 1160,3679 1162,3677 1163,3677 1164,3676 1164,3675 1165,3674 1166,3673 1167,3673 1168,3672 1168,3671 1170,3669 1175,3669 1176,3668 1176,3667 1178,3665 1212,3665 1212,3665 1212,3664 1215,3661 1220,3661 1221,3660 1221,3659 1223,3657 1236,3657 1237,3656 1237,3655 1239,3653 1253,3653 1254,3655 1254,3656 1256,3657 1257,3657 1258,3659 1258,3660 1260,3661 1261,3661 1262,3663 1262,3664 1264,3665 1265,3665 1266,3667 1266,3718 1267,3718 1466,3718 1466,3718 1466,3671 1468,3669 1469,3669 1471,3667 1471,3666 1472,3665 1473,3665 1475,3663 1475,3662 1476,3661 1579,3661 1581,3659 1581,3658 1582,3657 1584,3657 1585,3659 1585,3660 1587,3661 1592,3661 1593,3663 1593,3718 1594,3718 1804,3718 1806,3716 1806,3715 1807,3714 1895,3714 1895,3714 1895,3676 1900,3671 1900,3670 1901,3669 2074,3669 2075,3668 2075,3667 2077,3665 2103,3665 2104,3667 2104,3668 2106,3669 2131,3669 2133,3672 2133,3673 2134,3673 2135,3673 2136,3675 2136,3676 2137,3677 2137,3718 2138,3718 2344,3718 2344,3718 2344,3717 2347,3714 2484,3714 2484,3714 2484,3667 2486,3665 2487,3665 2488,3664 2488,3663 2490,3661 2651,3661 2652,3662 2754,3662 2754,3663 2754,3664 2756,3665 2761,3665 2762,3667 2762,3672 2764,3673 2765,3673 2766,3675 2766,3718 2767,3718 2830,3718 2831,3720 2831,3721 2833,3722 3071,3722 3073,3720 3073,3719 3074,3718 3174,3718 3174,3718 3174,3717 3175,3716 3175,3715 3176,3714 3177,3714 3178,3713 3178,3705 3179,3704 3179,3703 3180,3702 3181,3702 3183,3700 3183,3691 3184,3690 3185,3690 3186,3689 3187,3688 3187,3687 3189,3685 3190,3685 3190,3685 3191,3684 3191,3683 3193,3681 3199,3681 3199,3681 3199,3675 3201,3673 3206,3673 3207,3672 3207,3671 3209,3669 3251,3669 3252,3668 3252,3667 3254,3665 3259,3665 3260,3664 3260,3663 3262,3661 3284,3661 3285,3663 3285,3664 3287,3665 3304,3665 3305,3667 3305,3668 3307,3669 3313,3669 3313,3670 3313,3675 3314,3676 3314,3677 3315,3677 3317,3677 3317,3678 3317,3797 3318,3798 3316,3800 3315,3800 3314,3801 3314,3802 3312,3804 3013,3804 3011,3806 3011,3807 3010,3808 3005,3808 3003,3807 3003,3806 3002,3804 2629,3804 2627,3806 2627,3807 2626,3808 2584,3808 2582,3807 2582,3806 2581,3804 2509,3804 2508,3805 2508,3863 2508,3863"/><TextEquiv index="1"><Unicode>que trop reſſemblans? Je reliſois auſſi</Unicode></TextEquiv></TextLine><TextLine id="r0_l017"><Coords points="1089,4066 1088,4066 1088,4009 1088,4008 949,4008 947,4007 947,4006 946,4004 741,4004 739,4006 739,4007 738,4008 588,4008 587,4009 587,4057 587,4057 586,4057 583,4060 583,4061 583,4061 557,4061 555,4063 555,4064 554,4065 553,4065 552,4066 542,4066 541,4065 540,4065 539,4065 539,4064 538,4062 537,4062 534,4060 534,4009 534,4008 270,4008 269,4009 269,4052 268,4053 267,4053 265,4055 265,4056 264,4057 221,4057 220,4057 220,4056 218,4053 217,4053 216,4053 216,4051 215,4050 215,4005 215,4004 209,4004 208,4004 208,4003 206,4000 205,4000 204,4000 204,3999 202,3996 201,3996 200,3996 200,3995 198,3992 193,3992 191,3991 191,3990 190,3988 189,3988 187,3987 187,3982 185,3979 184,3979 183,3979 183,3949 185,3947 186,3947 187,3946 187,3937 190,3934 191,3934 191,3934 191,3933 194,3930 195,3930 195,3930 195,3929 198,3926 199,3926 199,3926 199,3925 202,3922 203,3922 203,3922 203,3921 206,3918 227,3918 228,3917 228,3916 230,3914 231,3914 232,3916 232,3917 234,3918 448,3918 448,3918 448,3877 449,3876 449,3875 451,3873 452,3873 453,3872 453,3867 455,3865 468,3865 469,3867 469,3868 471,3869 472,3869 473,3871 473,3922 474,3922 718,3922 718,3922 718,3921 721,3918 878,3918 878,3918 878,3875 880,3873 881,3873 882,3872 882,3867 884,3865 889,3865 890,3864 890,3863 892,3861 901,3861 902,3863 902,3918 903,3918 1580,3918 1580,3918 1580,3877 1581,3876 1581,3875 1583,3873 1584,3873 1585,3872 1585,3871 1587,3869 1634,3869 1634,3869 1634,3867 1636,3865 1690,3865 1691,3864 1691,3863 1693,3861 1698,3861 1699,3863 1699,3868 1701,3869 1702,3869 1703,3871 1703,3918 1704,3918 1824,3918 1825,3919 1826,3919 1826,3920 1826,3922 1827,3922 1952,3922 1952,3922 1952,3876 1955,3873 1956,3873 1956,3873 1957,3872 1957,3871 1959,3869 1968,3869 1968,3870 1968,3871 1971,3873 1975,3873 1976,3874 1977,3874 1977,3875 1977,3876 1980,3878 1981,3878 1981,3879 1981,3884 1984,3886 1985,3886 1985,3887 1985,3922 1986,3922 2205,3922 2206,3921 2206,3920 2208,3918 2263,3918 2263,3918 2263,3867 2265,3865 2270,3865 2272,3863 2284,3863 2284,3864 2284,3865 2285,3865 2286,3865 2288,3868 2288,3873 2289,3873 2290,3873 2291,3874 2292,3874 2292,3875 2292,3914 2293,3914 2484,3914 2484,3914 2484,3908 2486,3906 2487,3906 2488,3905 2488,3896 2490,3894 2491,3894 2492,3893 2492,3888 2495,3885 2496,3885 2496,3885 2496,3875 2497,3874 2498,3874 2499,3873 2500,3873 2500,3873 2500,3867 2502,3865 2503,3865 2505,3863 2509,3863 2509,3864 2509,3865 2510,3865 2511,3865 2511,3866 2512,3867 2512,3868 2514,3869 2699,3869 2700,3871 2700,3876 2702,3877 2703,3877 2704,3879 2704,3880 2705,3881 2705,3918 2706,3918 3035,3918 3035,3918 3035,3872 3038,3869 3051,3869 3052,3868 3052,3867 3054,3865 3055,3865 3056,3867 3056,3868 3058,3869 3063,3869 3064,3871 3064,3922 3065,3922 3280,3922 3281,3921 3281,3920 3283,3918 3304,3918 3305,3920 3305,3921 3307,3922 3316,3922 3318,3925 3318,3926 3319,3926 3320,3926 3322,3929 3322,3930 3323,3930 3324,3930 3326,3933 3326,3938 3327,3938 3328,3938 3330,3941 3330,3942 3329,3943 3328,3943 3326,3945 3326,3978 3324,3980 3323,3980 3322,3981 3322,3990 3320,3992 3319,3992 3318,3993 3318,3998 3317,3999 3317,4000 3317,4000 3316,4000 3313,4003 3313,4008 3313,4008 2760,4008 2758,4010 2758,4011 2757,4012 2620,4012 2619,4012 2619,4011 2617,4008 2338,4008 2337,4008 2337,4007 2336,4006 2336,4005 2336,4004 1860,4004 1859,4004 1859,4003 1857,4000 1550,4000 1548,4002 1548,4003 1547,4004 1471,4004 1470,4005 1470,4057 1470,4057 1431,4057 1429,4056 1429,4005 1429,4004 1248,4004 1245,4007 1245,4008 1245,4008 1098,4008 1097,4009 1097,4066 1097,4066"/><TextEquiv index="1"><Unicode>quelques lettres qu'il m'avoit écrites dans</Unicode></TextEquiv></TextLine><TextLine id="r0_l018"><Coords points="3089,4271 3088,4271 3088,4210 3088,4209 3062,4209 3060,4211 3060,4212 3060,4212 3059,4212 3058,4213 2894,4213 2893,4214 2893,4215 2891,4217 2888,4215 2888,4214 2888,4213 2379,4213 2378,4214 2378,4268 2376,4270 2343,4270 2341,4269 2341,4268 2340,4266 2339,4266 2337,4265 2337,4263 2336,4262 2336,4214 2336,4213 2192,4213 2191,4212 1982,4212 1981,4213 1981,4220 1980,4221 1979,4221 1977,4223 1977,4228 1976,4229 1975,4229 1973,4231 1973,4232 1972,4233 1971,4233 1969,4232 1969,4210 1969,4209 1607,4209 1605,4211 1605,4212 1604,4213 1603,4212 1602,4212 1601,4212 1601,4211 1595,4204 1301,4204 1299,4206 1299,4207 1298,4208 1297,4208 1296,4209 1108,4209 1107,4210 1107,4211 1105,4213 1102,4211 1102,4210 1102,4209 1085,4209 1082,4207 1082,4206 1082,4205 1081,4205 1080,4204 864,4204 861,4207 861,4208 861,4208 860,4208 859,4209 834,4209 833,4210 833,4215 827,4221 785,4221 784,4222 784,4252 783,4253 778,4253 775,4256 775,4257 775,4257 774,4257 773,4258 742,4258 741,4257 740,4257 739,4257 739,4210 739,4209 556,4209 555,4210 555,4211 553,4213 483,4213 481,4215 481,4216 480,4217 376,4217 375,4218 375,4224 374,4225 373,4225 371,4227 371,4228 370,4229 365,4229 363,4228 363,4227 362,4225 238,4225 236,4224 236,4214 236,4213 202,4213 199,4211 199,4210 199,4209 198,4209 195,4207 195,4202 194,4200 193,4200 191,4199 191,4141 190,4139 185,4139 183,4138 183,4133 182,4131 181,4131 179,4130 179,4120 180,4119 181,4119 182,4118 238,4118 239,4119 240,4119 240,4120 240,4121 242,4122 460,4122 461,4121 461,4120 462,4119 463,4119 464,4118 467,4118 468,4119 469,4119 469,4120 469,4122 470,4122 540,4122 541,4123 542,4123 542,4124 542,4125 545,4127 750,4127 751,4126 751,4125 753,4123 754,4123 755,4122 853,4122 853,4122 853,4121 856,4118 859,4118 860,4119 861,4119 861,4120 861,4121 864,4123 1082,4123 1082,4123 1082,4071 1083,4070 1084,4070 1088,4066 1231,4066 1232,4065 1290,4065 1290,4065 1290,4064 1293,4061 1297,4061 1299,4064 1299,4065 1300,4065 1301,4065 1303,4068 1303,4077 1304,4077 1482,4077 1482,4077 1482,4073 1483,4072 1483,4071 1484,4070 1485,4070 1486,4069 1490,4069 1491,4068 1491,4067 1493,4065 1501,4065 1502,4066 1503,4066 1503,4067 1503,4122 1504,4122 1809,4122 1809,4122 1809,4077 1810,4076 1810,4075 1811,4074 1812,4074 1813,4073 1813,4069 1814,4068 1814,4067 1816,4065 1828,4065 1829,4066 1830,4066 1830,4067 1830,4069 1831,4069 2075,4069 2075,4069 2075,4068 2078,4065 2082,4065 2083,4067 2083,4078 2084,4078 2222,4078 2222,4079 2222,4093 2224,4094 2225,4094 2226,4096 2226,4101 2228,4102 2229,4102 2230,4104 2230,4109 2232,4110 2233,4110 2235,4113 2235,4127 2236,4127 2437,4127 2439,4125 2439,4124 2440,4123 2443,4123 2443,4124 2443,4125 2446,4127 2668,4127 2668,4127 2668,4104 2670,4102 2671,4102 2672,4101 2672,4100 2673,4099 2674,4098 2675,4098 2676,4097 2676,4096 2678,4094 2679,4094 2680,4093 2680,4088 2682,4086 2683,4086 2684,4085 2684,4080 2687,4077 2688,4077 2688,4077 2688,4072 2691,4069 2702,4069 2703,4070 2704,4070 2704,4071 2704,4072 2707,4074 2708,4074 2709,4076 2709,4085 2711,4086 2712,4086 2713,4088 2713,4097 2715,4098 2716,4098 2717,4100 2717,4114 2718,4114 2854,4114 2856,4117 2856,4123 2857,4123 2896,4123 2896,4124 2896,4125 2899,4127 3105,4127 3105,4127 3105,4108 3106,4107 3107,4107 3109,4105 3109,4096 3111,4094 3112,4094 3113,4093 3113,4092 3115,4090 3116,4090 3117,4089 3117,4088 3119,4086 3120,4086 3122,4084 3122,4083 3123,4082 3124,4082 3126,4080 3126,4079 3127,4078 3132,4078 3134,4076 3134,4075 3135,4074 3136,4074 3137,4073 3223,4073 3223,4073 3223,4072 3225,4070 3227,4070 3228,4072 3228,4073 3230,4074 3231,4074 3232,4076 3232,4077 3234,4078 3235,4078 3236,4080 3236,4081 3237,4081 3238,4081 3240,4084 3240,4151 3241,4151 3316,4151 3318,4154 3318,4155 3319,4155 3332,4155 3333,4156 3334,4156 3334,4157 3334,4170 3324,4180 3249,4180 3248,4181 3248,4208 3248,4208 3247,4208 3246,4209 3116,4209 3115,4210 3115,4270 3115,4270 3091,4270 3090,4271"/><TextEquiv index="1"><Unicode>un-temps où il cherchoit à paroître eſti-</Unicode></TextEquiv></TextLine><TextLine id="r0_l019"><Coords points="896,4471 895,4471 895,4426 895,4425 389,4425 387,4424 387,4423 386,4421 377,4421 375,4420 375,4414 375,4413 185,4413 183,4412 183,4407 182,4405 181,4405 179,4404 179,4402 181,4400 182,4400 183,4399 183,4333 185,4331 186,4331 187,4330 187,4330 187,4329 189,4327 198,4327 199,4326 199,4325 201,4323 408,4323 408,4323 408,4283 409,4282 410,4282 414,4278 415,4278 416,4277 416,4276 418,4274 525,4274 526,4273 526,4272 528,4270 3117,4270 3117,4271 3117,4323 3118,4323 3333,4323 3334,4325 3334,4326 3336,4327 3337,4327 3338,4329 3338,4368 3339,4368 3345,4368 3346,4370 3346,4379 3345,4380 3344,4380 3342,4382 3342,4387 3341,4388 3339,4388 3338,4389 3338,4408 3337,4409 3336,4409 3334,4411 3334,4412 3333,4413 3217,4413 3216,4414 3216,4415 3214,4417 3033,4417 3032,4418 3032,4419 3030,4421 3029,4421 3028,4422 3028,4423 3027,4424 3027,4433 3027,4433 3026,4433 3023,4436 3023,4437 3023,4437 3022,4437 3019,4440 3019,4457 3018,4458 3017,4458 3015,4460 3015,4461 3014,4462 3013,4462 3011,4464 3011,4465 3010,4466 3010,4466 3009,4466 3007,4468 3007,4469 3006,4470 1146,4470 1145,4471"/><TextEquiv index="1"><Unicode>mable à mes yeux. Je ſoupirois; mes yeux</Unicode></TextEquiv></TextLine><TextLine id="r0_l020"><Coords points="2592,4674 2591,4674 2590,4673 2590,4663 2590,4662 2441,4662 2439,4661 2439,4651 2439,4650 781,4650 780,4651 780,4664 779,4665 779,4666 779,4666 778,4666 775,4669 775,4670 775,4670 391,4670 390,4671 377,4671 376,4671 376,4668 376,4667 105,4667 104,4666 103,4666 99,4662 98,4662 96,4660 95,4660 93,4659 93,4656 92,4654 91,4654 89,4653 89,4651 90,4650 376,4650 376,4650 376,4631 376,4630 375,4630 374,4629 373,4629 365,4621 278,4621 277,4621 277,4618 277,4617 201,4617 199,4616 199,4615 198,4613 185,4613 183,4612 183,4611 183,4610 182,4609 181,4609 179,4608 179,4603 182,4600 183,4600 183,4600 183,4533 185,4531 190,4531 191,4530 191,4529 193,4527 199,4527 199,4527 199,4505 201,4503 202,4503 203,4502 203,4497 206,4494 207,4494 207,4494 207,4493 210,4490 211,4490 211,4490 211,4489 214,4486 219,4486 220,4485 220,4484 221,4483 222,4482 223,4482 224,4481 224,4480 226,4478 235,4478 236,4477 236,4476 238,4474 848,4474 849,4473 849,4472 851,4470 1040,4470 1041,4469 1041,4468 1043,4466 1053,4466 1053,4467 1053,4468 1054,4469 1054,4470 1055,4470 1878,4470 1879,4472 1879,4473 1881,4474 3145,4474 3146,4476 3146,4477 3148,4478 3247,4478 3248,4480 3248,4481 3250,4482 3251,4482 3252,4484 3252,4527 3253,4527 3255,4527 3256,4529 3256,4531 3257,4531 3312,4531 3313,4533 3313,4534 3315,4535 3324,4535 3326,4538 3326,4539 3327,4539 3340,4539 3341,4540 3342,4540 3342,4541 3342,4596 3342,4596 3341,4596 3338,4599 3338,4604 3337,4605 3336,4605 3334,4607 3334,4608 3333,4609 3332,4609 3330,4611 3330,4612 3329,4613 3328,4613 3326,4615 3326,4616 3325,4617 3320,4617 3317,4620 3317,4621 3317,4621 2624,4621 2623,4622 2623,4636 2621,4638 2620,4638 2619,4639 2619,4648 2617,4650 2616,4650 2615,4651 2615,4660 2614,4661 2614,4662 2614,4662 2613,4662 2610,4665 2610,4666 2610,4666 2609,4666 2606,4669 2606,4670 2606,4670 2605,4670 2602,4673 2602,4674 2602,4674"/><TextEquiv index="1"><Unicode>ſe rempliſſoient de larmes; je n'oſois</Unicode></TextEquiv></TextLine><TextLine id="r0_l021"><Coords points="3083,4875 3080,4873 3080,4823 3080,4822 2575,4822 2574,4823 2574,4832 2572,4834 2571,4834 2570,4835 2570,4844 2569,4845 2569,4846 2569,4846 2568,4846 2566,4848 2566,4852 2565,4853 2565,4854 2565,4854 2564,4854 2561,4857 2561,4858 2561,4858 2560,4858 2557,4861 2557,4862 2557,4862 2556,4862 2553,4865 2553,4866 2553,4866 2552,4866 2551,4867 2547,4867 2545,4869 2545,4870 2545,4870 2544,4870 2543,4871 2540,4871 2539,4870 2538,4870 2537,4870 2537,4827 2537,4826 2380,4826 2378,4825 2378,4824 2377,4822 1923,4822 1922,4821 1921,4821 1920,4821 1920,4820 1919,4818 1846,4818 1845,4817 1778,4817 1777,4817 1777,4814 1777,4813 1496,4813 1495,4814 1495,4824 1493,4826 1492,4826 1491,4827 1491,4832 1489,4834 1488,4834 1487,4835 1487,4836 1485,4838 1484,4838 1483,4839 1483,4840 1481,4842 1480,4842 1479,4843 1479,4844 1477,4846 1472,4846 1471,4847 1471,4848 1469,4850 1460,4850 1458,4849 1458,4848 1458,4847 1457,4846 1456,4846 1454,4845 1454,4819 1454,4818 1245,4818 1244,4817 1243,4817 1242,4817 1241,4816 1241,4815 1241,4814 1201,4814 1200,4813 895,4813 894,4814 894,4870 894,4870 893,4870 892,4871 856,4871 853,4869 853,4868 853,4867 852,4867 849,4865 849,4814 849,4813 487,4813 486,4814 486,4874 486,4874 478,4874 477,4874 477,4814 477,4813 409,4813 408,4814 408,4824 406,4826 405,4826 404,4827 404,4828 402,4830 284,4830 283,4829 282,4829 281,4829 281,4814 281,4813 205,4813 203,4812 203,4725 202,4723 201,4723 199,4722 199,4692 199,4691 198,4691 194,4687 100,4687 99,4686 98,4686 97,4686 97,4685 91,4678 90,4678 89,4678 89,4668 91,4666 92,4666 93,4665 93,4660 94,4659 95,4660 96,4660 98,4662 99,4662 103,4666 215,4666 215,4667 215,4668 216,4669 216,4670 217,4670 222,4670 223,4671 466,4671 467,4670 484,4670 485,4672 485,4673 487,4674 492,4674 494,4677 494,4678 495,4678 685,4678 686,4677 686,4676 688,4674 704,4674 705,4675 706,4675 706,4676 706,4723 707,4723 876,4723 878,4726 878,4727 879,4727 1118,4727 1119,4726 1119,4725 1120,4724 1121,4724 1122,4723 1125,4723 1129,4727 1319,4727 1319,4727 1319,4685 1322,4682 1323,4682 1323,4682 1323,4681 1326,4678 1327,4678 1327,4678 1327,4677 1330,4674 1338,4674 1340,4677 1340,4678 1341,4678 1342,4678 1344,4681 1344,4727 1345,4727 1387,4727 1389,4730 1389,4731 1390,4731 1687,4731 1687,4731 1687,4684 1688,4683 1689,4683 1690,4682 1691,4681 1691,4680 1692,4679 1693,4679 1694,4678 1788,4678 1789,4677 1789,4676 1790,4675 1791,4675 1792,4674 1800,4674 1801,4676 1801,4677 1803,4678 1804,4678 1805,4680 1805,4731 1806,4731 2034,4731 2034,4731 2034,4689 2036,4687 2037,4687 2038,4686 2038,4685 2041,4682 2042,4682 2042,4682 2042,4681 2045,4678 2046,4678 2046,4678 2046,4677 2049,4674 2061,4674 2062,4675 2063,4675 2063,4676 2063,4703 2064,4703 2095,4703 2095,4704 2095,4705 2096,4706 2096,4711 2097,4711 2098,4711 2100,4714 2100,4723 2101,4723 2241,4723 2243,4726 2243,4727 2244,4727 2245,4727 2247,4730 2247,4731 2248,4731 2465,4731 2466,4732 2467,4732 2467,4733 2467,4734 2470,4736 2781,4736 2782,4735 2905,4735 2905,4735 2905,4684 2906,4683 2907,4683 2909,4681 2909,4680 2910,4679 2911,4679 2912,4678 2923,4678 2924,4679 2925,4679 2925,4680 2925,4681 2928,4683 2929,4683 2929,4684 2929,4695 2930,4695 3132,4695 3134,4693 3134,4692 3135,4691 3149,4691 3150,4693 3150,4694 3151,4695 3152,4695 3153,4695 3154,4697 3154,4698 3155,4699 3156,4699 3157,4699 3158,4701 3158,4706 3160,4707 3161,4707 3162,4709 3162,4736 3163,4736 3223,4736 3223,4737 3223,4738 3226,4740 3272,4740 3273,4742 3273,4743 3275,4744 3325,4744 3326,4746 3326,4751 3327,4751 3328,4752 3329,4752 3330,4754 3330,4755 3332,4756 3333,4756 3334,4758 3334,4759 3336,4760 3341,4760 3342,4762 3342,4763 3344,4764 3345,4764 3346,4766 3346,4805 3347,4805 3349,4805 3350,4807 3350,4817 3350,4817 3349,4817 3346,4820 3346,4821 3346,4821 3345,4821 3342,4824 3342,4825 3342,4825 3341,4825 3340,4826 3110,4826 3109,4827 3109,4849 3108,4850 3107,4850 3106,4851 3105,4852 3105,4853 3104,4854 3103,4854 3102,4855 3101,4856 3101,4857 3100,4858 3099,4858 3097,4860 3097,4869 3095,4871 3094,4871 3093,4872 3093,4873 3091,4875"/><TextEquiv index="1"><Unicode>baiſer le portrait, ni les lettres; mais j'en</Unicode></TextEquiv></TextLine><TextLine id="r0_l022"><Coords points="1019,5075 1017,5074 1017,5061 1015,5058 1014,5058 1013,5058 1013,5057 1012,5056 1012,5019 1012,5018 768,5018 767,5019 767,5046 767,5046 766,5046 763,5049 763,5054 763,5054 762,5054 759,5057 759,5058 759,5058 758,5058 755,5061 755,5062 755,5062 754,5062 753,5063 749,5063 742,5070 742,5071 742,5071 728,5071 727,5072 727,5073 725,5075 712,5075 710,5074 710,5073 709,5071 700,5071 698,5070 698,5069 697,5068 697,5067 696,5067 694,5066 694,5065 693,5063 692,5063 690,5062 690,5027 690,5026 512,5026 510,5025 510,5024 509,5022 286,5022 285,5023 285,5025 284,5026 283,5026 281,5028 281,5029 280,5030 263,5030 260,5028 260,5027 260,5026 258,5026 257,5026 257,5019 257,5018 222,5018 220,5017 220,5012 218,5009 217,5009 216,5009 216,4998 215,4997 215,4966 214,4964 213,4964 212,4964 212,4963 211,4962 211,4955 214,4952 215,4952 215,4952 215,4951 218,4948 219,4948 220,4947 220,4946 222,4944 223,4944 224,4943 224,4942 226,4940 231,4940 232,4939 232,4938 234,4936 239,4936 240,4935 240,4934 242,4932 469,4932 469,4932 469,4877 471,4875 476,4875 477,4874 487,4874 488,4875 489,4875 489,4876 489,4877 492,4879 493,4879 493,4880 493,4881 494,4882 494,4928 495,4928 840,4928 841,4930 841,4931 842,4931 843,4931 844,4932 1074,4932 1074,4932 1074,4880 1075,4879 1076,4879 1077,4878 1082,4878 1082,4878 1082,4877 1084,4875 1085,4875 1086,4874 1087,4875 1106,4875 1107,4877 1107,4887 1108,4887 1224,4887 1225,4889 1225,4890 1226,4890 1227,4891 1228,4891 1229,4893 1229,4932 1230,4932 1371,4932 1372,4934 1372,4935 1374,4936 1585,4936 1585,4936 1585,4889 1595,4879 1609,4879 1609,4880 1609,4886 1611,4887 1612,4887 1613,4889 1613,4932 1614,4932 1682,4932 1683,4934 1683,4935 1685,4936 1690,4936 1691,4938 1691,4939 1693,4940 1694,4940 1695,4942 1695,4947 1697,4948 1698,4948 1699,4950 1699,4951 1700,4952 1701,4952 1702,4952 1703,4954 1703,4959 1706,4961 1707,4961 1707,4962 1707,4964 1708,4965 1708,4993 1709,4993 1891,4993 1891,4993 1891,4885 1893,4883 1956,4883 1957,4885 1957,4936 1958,4936 2017,4936 2018,4938 2018,4939 2020,4940 2278,4940 2279,4939 2279,4938 2281,4936 2431,4936 2431,4936 2431,4889 2435,4885 2435,4884 2436,4883 2438,4883 2439,4885 2439,4886 2441,4887 2593,4887 2594,4889 2594,4890 2596,4891 2789,4891 2791,4889 2791,4888 2792,4887 2793,4887 2794,4886 2794,4885 2796,4883 2798,4883 2799,4885 2799,4886 2801,4887 2806,4887 2807,4888 2996,4888 3001,4883 3010,4883 3011,4885 3011,4886 3013,4887 3014,4887 3015,4888 3015,4889 3015,4890 3017,4891 3018,4891 3019,4893 3019,4936 3020,4936 3063,4936 3065,4939 3065,4940 3066,4940 3239,4940 3240,4942 3240,4943 3242,4944 3243,4944 3244,4946 3244,5001 3245,5001 3336,5001 3337,5002 3338,5002 3338,5003 3338,5004 3340,5005 3349,5005 3350,5007 3350,5008 3352,5009 3356,5009 3357,5010 3358,5010 3358,5011 3358,5038 3359,5039 3358,5040 3358,5042 3358,5042 3357,5042 3354,5045 3354,5050 3354,5050 3353,5050 3350,5053 3350,5054 3350,5054 3349,5054 3348,5055 3344,5055 3342,5057 3342,5058 3342,5058 3341,5058 3340,5059 3335,5059 3334,5060 3334,5061 3332,5063 3323,5063 3322,5064 3322,5065 3320,5067 3295,5067 3293,5066 3293,5031 3293,5030 3123,5030 3122,5030 3122,5029 3120,5026 2367,5026 2365,5028 2365,5029 2364,5030 2183,5030 2181,5029 2181,5028 2180,5026 1914,5026 1911,5029 1911,5030 1911,5030 1901,5030 1900,5031 1900,5032 1898,5034 1885,5034 1883,5033 1883,5032 1882,5030 1877,5030 1875,5029 1875,5028 1874,5026 1534,5026 1531,5024 1531,5023 1531,5022 1346,5022 1343,5020 1343,5019 1343,5018 1144,5018 1143,5019 1143,5021 1142,5022 1141,5022 1140,5023 1139,5024 1139,5025 1138,5026 1030,5026 1029,5027 1029,5074 1028,5075"/><TextEquiv index="1"><Unicode>avois grande envie. Je voulois imiter,</Unicode></TextEquiv></TextLine><TextLine id="r0_l023"><Coords points="3104,5287 3103,5287 3101,5286 3101,5285 3101,5284 3100,5284 3099,5283 3086,5283 3085,5283 3085,5282 3083,5279 3082,5279 3081,5279 3081,5278 3079,5275 3078,5275 3077,5275 3077,5274 3075,5271 3074,5271 3072,5270 3072,5244 3072,5243 2765,5243 2764,5242 2763,5242 2762,5242 2762,5241 2760,5238 2759,5238 2758,5238 2758,5237 2756,5234 2755,5234 2754,5234 2754,5233 2752,5230 1582,5230 1581,5231 1581,5253 1579,5255 1578,5255 1577,5256 1577,5261 1575,5263 1574,5263 1573,5264 1573,5265 1572,5266 1572,5270 1567,5275 1558,5275 1556,5277 1556,5278 1555,5279 1534,5279 1531,5282 1531,5283 1531,5283 1525,5283 1524,5283 1524,5282 1522,5279 1509,5279 1507,5278 1507,5277 1506,5275 1505,5275 1503,5274 1503,5273 1502,5271 1501,5271 1499,5270 1499,5256 1499,5255 827,5255 824,5253 824,5252 824,5251 823,5251 820,5249 820,5235 820,5234 420,5234 419,5235 419,5280 419,5280 406,5280 405,5280 405,5235 405,5234 238,5234 236,5233 236,5232 235,5230 234,5230 232,5229 232,5228 231,5226 230,5226 228,5225 228,5204 226,5201 225,5201 224,5201 224,5158 225,5157 226,5157 228,5155 228,5150 229,5149 230,5149 232,5147 232,5142 234,5140 235,5140 236,5139 236,5138 238,5136 239,5136 240,5135 240,5134 242,5132 247,5132 249,5130 249,5129 250,5128 342,5128 342,5128 342,5106 345,5103 346,5103 346,5103 346,5098 349,5095 968,5095 968,5095 968,5093 970,5091 971,5091 972,5090 972,5089 974,5087 979,5087 980,5086 980,5085 982,5083 991,5083 992,5082 992,5081 994,5079 996,5079 996,5080 996,5081 997,5082 997,5083 998,5083 2029,5083 2030,5085 2030,5087 2031,5087 2916,5087 2917,5089 2917,5090 2918,5091 2919,5091 2920,5091 2921,5093 2921,5140 2922,5140 2977,5140 2978,5142 2978,5143 2980,5144 3230,5144 3232,5147 3232,5148 3233,5148 3283,5148 3285,5151 3285,5152 3286,5152 3287,5152 3289,5155 3289,5156 3290,5156 3291,5156 3293,5159 3293,5164 3295,5165 3296,5165 3297,5167 3297,5177 3298,5177 3361,5177 3363,5180 3363,5181 3364,5181 3365,5181 3367,5184 3367,5187 3366,5188 3366,5189 3366,5189 3365,5189 3363,5191 3363,5195 3362,5196 3362,5197 3362,5197 3361,5197 3360,5198 3315,5198 3314,5199 3314,5228 3313,5229 3313,5230 3313,5230 3308,5230 3305,5233 3305,5234 3305,5234 3159,5234 3158,5235 3158,5254 3157,5255 3156,5255 3154,5257 3154,5262 3153,5263 3152,5263 3150,5265 3150,5270 3149,5271 3148,5271 3146,5273 3146,5274 3145,5275 3144,5275 3142,5277 3142,5278 3141,5279 3136,5279 3134,5281 3134,5282 3133,5283 3128,5283 3125,5286 3125,5287 3125,5287 3106,5287 3105,5288"/><TextEquiv index="1"><Unicode>en tout, les Bergères des Idilles. Je gra-</Unicode></TextEquiv></TextLine><TextLine id="r0_l024"><Coords points="3033,5494 3032,5493 2641,5493 2640,5493 2640,5440 2640,5439 2393,5439 2392,5438 2391,5438 2390,5438 2390,5437 2389,5435 1763,5435 1760,5433 1760,5432 1760,5431 585,5431 583,5433 583,5434 583,5434 582,5434 579,5437 579,5438 578,5439 577,5439 575,5441 575,5442 574,5443 573,5443 571,5445 571,5446 570,5447 569,5447 567,5449 567,5450 566,5451 545,5451 542,5449 542,5448 542,5447 541,5447 538,5445 538,5440 538,5439 329,5439 328,5438 327,5438 326,5438 326,5437 324,5434 323,5434 322,5434 322,5433 320,5430 319,5430 318,5430 318,5423 318,5422 262,5422 261,5422 261,5421 259,5418 258,5418 257,5418 257,5417 256,5416 256,5403 256,5402 255,5402 252,5400 252,5399 252,5398 251,5398 248,5396 248,5375 247,5373 246,5373 244,5372 244,5367 243,5365 242,5365 240,5364 240,5359 239,5357 238,5357 236,5356 236,5355 235,5353 230,5353 228,5352 228,5338 229,5337 230,5337 231,5336 399,5336 399,5336 399,5286 402,5283 403,5283 403,5283 403,5282 405,5280 765,5280 766,5279 771,5279 771,5279 771,5278 774,5275 783,5275 783,5276 783,5277 784,5278 784,5279 785,5279 791,5279 791,5280 791,5281 794,5283 1207,5283 1209,5286 1209,5287 1210,5287 2916,5287 2917,5289 2917,5290 2919,5291 3205,5291 3206,5292 3207,5292 3207,5293 3207,5315 3209,5316 3210,5316 3211,5318 3211,5323 3213,5324 3214,5324 3215,5326 3215,5344 3216,5344 3270,5344 3271,5345 3272,5345 3272,5346 3273,5347 3273,5348 3275,5349 3358,5349 3358,5350 3358,5351 3361,5353 3366,5353 3366,5354 3366,5355 3367,5355 3369,5357 3370,5357 3371,5359 3371,5393 3373,5394 3374,5394 3375,5396 3375,5400 3369,5406 3368,5406 3367,5407 3367,5420 3366,5421 3366,5422 3366,5422 3365,5422 3362,5425 3362,5426 3362,5426 3361,5426 3358,5429 3358,5430 3358,5430 3357,5430 3356,5431 3339,5431 3338,5432 3338,5433 3337,5434 3338,5434 3749,5434 3751,5437 3751,5438 3752,5438 3753,5438 3753,5439 3753,5445 3752,5446 3752,5451 3751,5452 3751,5455 3750,5456 3750,5459 3749,5460 3749,5462 3748,5463 3041,5463 3040,5464 3040,5494 3040,5494"/><TextEquiv index="1"><Unicode>vois, ſur l'écorce des arbres &amp; ſur les</Unicode></TextEquiv></TextLine><TextLine id="r0_l025"><Coords points="2428,5700 2427,5700 2427,5699 2425,5696 2420,5696 2419,5696 2419,5695 2417,5692 2400,5692 2398,5691 2398,5690 2397,5688 2396,5688 2394,5687 2394,5640 2394,5639 2053,5639 2050,5637 2050,5636 2050,5635 1779,5635 1776,5638 1776,5639 1776,5639 1741,5639 1740,5640 1740,5698 1740,5698 1729,5698 1728,5698 1728,5640 1728,5639 1705,5639 1704,5639 1704,5638 1702,5635 1194,5635 1192,5637 1192,5642 1191,5643 1190,5643 1189,5644 1189,5645 1187,5647 1174,5647 1172,5646 1172,5645 1171,5643 1166,5643 1164,5642 1164,5640 1164,5639 1064,5639 1061,5637 1061,5636 1061,5635 1031,5635 1029,5634 1029,5633 1028,5631 871,5631 870,5632 870,5695 870,5695 858,5695 857,5695 857,5632 857,5631 842,5631 841,5632 841,5638 840,5639 839,5639 837,5641 837,5646 836,5647 835,5647 833,5649 833,5650 832,5651 827,5651 824,5654 824,5655 824,5655 819,5655 816,5658 816,5659 816,5659 802,5659 800,5658 800,5628 800,5627 610,5627 608,5629 608,5638 607,5639 340,5639 338,5638 338,5636 338,5635 259,5635 256,5633 256,5628 256,5627 247,5627 244,5625 244,5624 244,5623 243,5623 242,5622 241,5622 240,5622 240,5551 242,5549 243,5549 244,5548 244,5547 246,5545 247,5545 247,5545 248,5544 248,5543 250,5541 342,5541 342,5541 342,5506 344,5504 349,5504 351,5502 351,5501 352,5500 457,5500 457,5500 457,5493 458,5492 459,5492 461,5490 461,5489 462,5488 472,5488 473,5489 477,5494 477,5504 478,5504 611,5504 612,5506 612,5541 613,5541 664,5541 665,5540 665,5539 667,5537 669,5537 669,5538 669,5539 672,5541 734,5541 735,5543 735,5544 737,5545 738,5545 739,5547 739,5548 741,5549 742,5549 743,5551 743,5586 744,5586 963,5586 963,5586 963,5503 964,5502 964,5501 965,5500 966,5500 968,5498 968,5497 969,5496 970,5496 972,5494 972,5493 973,5492 978,5492 980,5490 980,5489 981,5488 983,5488 984,5487 985,5487 986,5488 987,5488 988,5490 988,5491 989,5491 990,5491 992,5494 992,5545 993,5545 1212,5545 1213,5547 1213,5548 1215,5549 1502,5549 1503,5551 1503,5552 1505,5553 1683,5553 1683,5553 1683,5501 1684,5500 1685,5500 1686,5499 1687,5499 1687,5499 1687,5498 1689,5496 1698,5496 1699,5495 1699,5494 1701,5492 1711,5492 1711,5493 1711,5494 1714,5496 1715,5496 1715,5497 1715,5498 1716,5499 1716,5549 1717,5549 1784,5549 1785,5551 1785,5552 1787,5553 2520,5553 2520,5553 2520,5552 2523,5549 2581,5549 2581,5549 2581,5548 2582,5547 2582,5546 2583,5545 2631,5545 2631,5545 2631,5502 2633,5500 2634,5500 2635,5499 2635,5498 2637,5496 2638,5496 2639,5495 2639,5495 2639,5494 2640,5493 2651,5493 2654,5496 2655,5496 2655,5497 2655,5498 2656,5499 2656,5545 2657,5545 2850,5545 2852,5543 2852,5534 2853,5533 2854,5533 2856,5531 2856,5530 2857,5529 2858,5529 2860,5527 2860,5526 2861,5525 2862,5525 2864,5523 2864,5518 2866,5516 2867,5516 2868,5515 2868,5514 2870,5512 2879,5512 2881,5510 2881,5509 2882,5508 2883,5508 2885,5506 2885,5505 2886,5504 2896,5504 2896,5504 2896,5503 2897,5502 2897,5501 2898,5500 3027,5500 3027,5500 3027,5498 3029,5496 3030,5496 3032,5494 3117,5494 3119,5492 3137,5492 3138,5494 3138,5495 3139,5495 3140,5496 3141,5496 3142,5498 3142,5499 3143,5499 3144,5500 3145,5500 3146,5502 3146,5549 3147,5549 3259,5549 3261,5552 3261,5553 3262,5553 3263,5553 3264,5555 3264,5560 3266,5561 3267,5561 3268,5563 3268,5610 3269,5610 3361,5610 3363,5613 3363,5614 3364,5614 3365,5614 3367,5617 3367,5618 3368,5618 3369,5618 3371,5621 3371,5645 3370,5646 3370,5647 3370,5647 3369,5647 3367,5649 3367,5653 3366,5654 3366,5655 3366,5655 3365,5655 3364,5656 3362,5658 3362,5659 3362,5659 3361,5659 3358,5662 3358,5663 3358,5663 3349,5663 3346,5666 3346,5667 3346,5667 3345,5667 3344,5668 3335,5668 3334,5669 3334,5670 3332,5672 3320,5672 3318,5671 3318,5670 3317,5669 3317,5636 3317,5635 2935,5635 2934,5636 2934,5637 2932,5639 2931,5639 2929,5638 2929,5637 2928,5635 2714,5635 2713,5636 2713,5637 2711,5639 2440,5639 2439,5640 2439,5691 2438,5692 2437,5692 2436,5693 2435,5694 2435,5695 2434,5696 2433,5696 2432,5697 2431,5698 2431,5699 2430,5700"/><TextEquiv index="1"><Unicode>rochers, le nom de mon petit Céſar,</Unicode></TextEquiv></TextLine><TextLine id="r0_l026"><Coords points="2539,5896 2537,5895 2537,5894 2537,5893 2536,5893 2528,5886 2528,5885 2528,5884 2347,5884 2345,5886 2345,5887 2344,5888 2343,5888 2342,5889 2341,5890 2341,5891 2340,5892 2339,5892 2338,5893 2337,5894 2337,5895 2336,5896 2334,5896 2333,5896 2333,5895 2331,5892 2187,5892 2186,5892 2186,5891 2184,5888 2183,5888 2182,5888 2182,5887 2181,5886 2181,5873 2181,5872 2151,5872 2148,5870 2148,5869 2148,5868 2147,5868 2145,5867 2145,5862 2144,5860 2143,5860 2142,5860 2141,5859 2141,5858 2140,5856 2062,5856 2061,5855 2060,5855 2059,5855 2059,5854 2057,5851 2056,5851 2055,5851 2055,5844 2055,5843 1799,5843 1798,5844 1798,5845 1797,5846 1797,5847 1797,5847 1787,5847 1785,5846 1785,5845 1784,5843 1611,5843 1609,5842 1609,5841 1608,5839 1362,5839 1361,5838 1180,5838 1179,5839 803,5839 802,5840 801,5840 800,5841 800,5867 800,5867 799,5867 796,5870 796,5895 796,5895 785,5895 784,5895 784,5840 784,5839 529,5839 525,5843 410,5843 408,5845 408,5850 407,5851 389,5851 388,5852 387,5852 386,5851 385,5851 383,5850 383,5845 382,5843 373,5843 371,5842 371,5841 370,5839 315,5839 314,5839 314,5838 313,5837 313,5832 313,5831 275,5831 273,5830 273,5825 272,5823 271,5823 269,5822 269,5813 267,5810 266,5810 265,5810 265,5805 263,5802 262,5802 261,5802 261,5801 260,5800 260,5783 260,5782 259,5782 256,5780 256,5769 257,5768 257,5767 258,5766 259,5766 260,5765 260,5761 261,5760 261,5759 263,5757 264,5757 265,5756 265,5755 266,5754 267,5753 268,5753 269,5752 269,5747 271,5745 276,5745 277,5744 277,5743 279,5741 280,5741 281,5740 281,5739 283,5737 346,5737 346,5737 346,5707 349,5704 365,5704 367,5707 367,5708 368,5708 604,5708 604,5708 604,5698 606,5696 607,5696 608,5695 608,5694 610,5692 615,5692 616,5691 616,5690 618,5688 632,5688 632,5689 632,5690 633,5691 633,5745 634,5745 845,5745 845,5745 845,5723 848,5720 849,5720 849,5720 849,5719 852,5716 853,5716 853,5716 853,5698 855,5696 856,5696 857,5695 870,5695 870,5696 870,5753 871,5753 1159,5753 1160,5752 1160,5751 1162,5749 1171,5749 1172,5748 1172,5714 1173,5713 1174,5713 1176,5711 1176,5710 1177,5709 1178,5709 1179,5708 1363,5708 1364,5707 1364,5706 1365,5705 1366,5705 1368,5703 1368,5702 1370,5700 1371,5700 1372,5699 1372,5698 1374,5696 1387,5696 1389,5699 1389,5700 1390,5700 1391,5700 1393,5703 1393,5753 1394,5753 1465,5753 1466,5755 1466,5756 1468,5757 1715,5757 1715,5757 1715,5711 1718,5708 1719,5708 1719,5708 1719,5707 1722,5704 1723,5704 1723,5704 1724,5703 1724,5702 1726,5700 1727,5700 1729,5698 1740,5698 1740,5699 1740,5703 1742,5704 1743,5704 1744,5706 1744,5757 1745,5757 1906,5757 1907,5758 2071,5758 2071,5758 2071,5710 2072,5709 2073,5709 2076,5706 2076,5705 2077,5704 2111,5704 2112,5703 2112,5702 2114,5700 2119,5700 2120,5702 2120,5703 2122,5704 2123,5704 2124,5706 2124,5708 2125,5708 2164,5708 2165,5710 2165,5711 2168,5713 2169,5713 2169,5714 2169,5716 2170,5716 2480,5716 2480,5716 2480,5710 2482,5708 2483,5708 2484,5707 2484,5702 2486,5700 2503,5700 2504,5702 2504,5707 2506,5708 2507,5708 2508,5710 2508,5712 2509,5713 2509,5753 2510,5753 2560,5753 2562,5756 2562,5757 2563,5757 2749,5757 2749,5757 2749,5756 2752,5753 2819,5753 2819,5753 2819,5710 2820,5709 2821,5709 2823,5707 2823,5702 2825,5700 2838,5700 2840,5703 2840,5704 2841,5704 2842,5704 2843,5706 2843,5707 2844,5708 2844,5753 2845,5753 3219,5753 3219,5753 3219,5752 3222,5749 3277,5749 3277,5749 3277,5702 3279,5700 3296,5700 3297,5702 3297,5703 3299,5704 3300,5704 3301,5706 3301,5729 3302,5729 3370,5729 3371,5731 3371,5786 3372,5786 3382,5786 3383,5788 3383,5809 3381,5811 3319,5811 3318,5812 3318,5837 3317,5838 3317,5839 3317,5839 3226,5839 3224,5841 3224,5842 3223,5843 3094,5843 3093,5844 3093,5883 3092,5884 3091,5884 3088,5887 3088,5888 3088,5888 3083,5888 3080,5891 3080,5892 3080,5892 3045,5892 3044,5892 3044,5840 3044,5839 2608,5839 2607,5840 2607,5857 2606,5858 2606,5859 2605,5860 2605,5860 2604,5860 2602,5862 2602,5875 2601,5876 2600,5876 2598,5878 2598,5883 2597,5884 2588,5884 2586,5886 2586,5887 2585,5888 2584,5888 2582,5890 2582,5891 2581,5892 2576,5892 2574,5894 2574,5895 2573,5896"/><TextEquiv index="1"><Unicode>entrelacé avéc le mien. J'y joignois quel-</Unicode></TextEquiv></TextLine><TextLine id="r0_l027"><Coords points="1880,6109 1879,6109 1879,6045 1879,6044 1819,6044 1818,6045 1818,6046 1816,6048 1811,6048 1810,6049 1810,6103 1808,6105 1779,6105 1777,6104 1777,6103 1776,6102 1776,6101 1775,6101 1773,6100 1773,6049 1773,6048 1665,6048 1662,6046 1662,6045 1662,6044 1128,6044 1127,6045 1127,6091 1125,6093 1124,6093 1123,6094 1123,6095 1121,6097 1085,6097 1080,6092 1079,6092 1078,6092 1078,6045 1078,6044 785,6044 784,6045 784,6046 782,6048 774,6048 771,6046 771,6045 771,6044 767,6044 766,6043 576,6043 575,6044 575,6047 575,6047 574,6047 573,6048 356,6048 355,6049 355,6078 354,6079 354,6080 354,6080 349,6080 346,6083 346,6084 346,6084 315,6084 314,6084 314,6083 312,6081 312,6080 311,6080 310,6080 310,6078 309,6077 309,6045 309,6044 284,6044 283,6043 282,6043 281,6043 281,6013 280,6011 279,6011 277,6010 277,6009 275,6006 274,6006 273,6006 273,5997 271,5994 270,5994 269,5994 269,5963 270,5962 271,5962 271,5962 273,5960 273,5959 274,5958 279,5958 280,5957 281,5957 281,5957 281,5956 284,5953 285,5953 285,5953 285,5952 288,5949 293,5949 293,5949 293,5948 296,5945 301,5945 301,5945 301,5944 304,5941 379,5941 379,5941 379,5907 382,5904 383,5904 383,5904 383,5903 386,5900 394,5900 395,5902 395,5903 396,5904 396,5917 397,5917 415,5917 416,5919 416,5920 418,5921 419,5921 420,5923 420,5928 422,5929 423,5929 424,5931 424,5940 426,5941 427,5941 428,5943 428,5949 429,5949 553,5949 555,5952 555,5953 556,5953 763,5953 763,5953 763,5952 766,5949 776,5949 776,5949 776,5898 778,5896 783,5896 784,5895 795,5895 795,5896 795,5949 796,5949 926,5949 927,5948 927,5947 929,5945 930,5946 931,5946 931,5947 931,5948 935,5952 935,5958 936,5958 1396,5958 1397,5957 1523,5957 1523,5957 1523,5915 1525,5913 1571,5913 1572,5912 1572,5907 1574,5905 1575,5905 1576,5904 1760,5904 1760,5904 1760,5903 1763,5900 1779,5900 1781,5903 1781,5904 1782,5904 2093,5904 2094,5905 2095,5905 2096,5907 2096,5908 2097,5909 2098,5909 2099,5909 2100,5911 2100,5912 2101,5912 2102,5913 2103,5913 2104,5915 2104,5953 2105,5953 2142,5953 2143,5954 2144,5954 2145,5956 2145,5957 2147,5958 2148,5958 2148,5959 2149,5960 2149,5961 2151,5962 2643,5962 2643,5962 2643,5911 2646,5908 2647,5908 2647,5908 2647,5907 2650,5904 2655,5904 2655,5904 2655,5903 2658,5900 2670,5900 2672,5903 2672,5904 2673,5904 2674,5904 2676,5907 2676,5908 2677,5908 2868,5908 2868,5908 2868,5906 2869,5905 2870,5905 2871,5904 2880,5904 2880,5904 2880,5903 2883,5900 2891,5900 2893,5903 2893,5904 2894,5904 2895,5904 2897,5907 2897,5953 2898,5953 3158,5953 3158,5953 3158,5911 3161,5908 3162,5908 3162,5908 3162,5907 3165,5904 3287,5904 3289,5907 3289,5958 3290,5958 3362,5958 3362,5959 3362,5960 3365,5962 3382,5962 3383,5964 3383,5965 3385,5966 3386,5966 3387,5968 3387,5973 3389,5974 3390,5974 3391,5976 3391,6026 3390,6027 3389,6027 3387,6029 3387,6030 3386,6031 3385,6031 3383,6033 3383,6034 3382,6035 3377,6035 3375,6037 3375,6038 3374,6039 3365,6039 3362,6042 3362,6043 3362,6043 3361,6043 3360,6044 3356,6044 3354,6046 3354,6047 3354,6047 3353,6047 3352,6048 3337,6048 3336,6047 3192,6047 3191,6047 3191,6046 3190,6044 3027,6044 3026,6043 3025,6043 3023,6042 3023,6041 3022,6039 2852,6039 2851,6040 2851,6102 2851,6102 2837,6102 2836,6102 2836,6040 2836,6039 2818,6039 2817,6040 2816,6040 2815,6041 2815,6092 2815,6092 2814,6092 2813,6093 2812,6093 2811,6094 2811,6095 2809,6097 2796,6097 2794,6099 2794,6100 2793,6101 2781,6101 2776,6096 2775,6096 2774,6096 2774,6045 2774,6044 2663,6044 2662,6043 2661,6043 2660,6043 2660,6042 2659,6041 2659,6040 2659,6039 2458,6039 2455,6042 2455,6043 2455,6043 2454,6043 2453,6044 2162,6044 2161,6045 2161,6046 2159,6048 2152,6048 2151,6047 2015,6047 2014,6047 2014,6046 2013,6044 1914,6044 1913,6045 1913,6109 1913,6109"/><TextEquiv index="1"><Unicode>ques vers que m'inſpiroit ma déplorable</Unicode></TextEquiv></TextLine><TextLine id="r0_l028"><Coords points="2224,6309 2222,6308 2222,6307 2221,6305 2220,6305 2218,6304 2218,6253 2218,6252 1910,6252 1907,6255 1907,6256 1907,6256 1791,6256 1789,6255 1789,6254 1788,6252 1484,6252 1483,6253 1483,6270 1482,6271 1482,6272 1482,6272 1481,6272 1479,6274 1479,6278 1478,6279 1478,6280 1478,6280 1477,6280 1474,6283 1474,6288 1473,6289 1472,6289 1470,6291 1470,6292 1469,6293 1468,6293 1467,6294 1466,6295 1466,6296 1465,6297 1464,6297 1463,6298 1462,6299 1462,6300 1461,6301 1456,6301 1454,6300 1454,6253 1454,6252 1166,6252 1164,6254 1164,6255 1163,6256 1010,6256 1009,6256 1009,6255 1008,6254 1008,6253 1008,6252 872,6252 869,6250 869,6249 869,6248 757,6248 755,6247 755,6246 754,6244 323,6244 322,6245 322,6283 320,6285 280,6285 279,6284 278,6284 277,6284 277,6156 279,6154 280,6154 281,6153 281,6152 283,6150 292,6150 293,6149 293,6148 294,6147 295,6146 296,6146 297,6145 297,6144 299,6142 300,6142 301,6141 444,6141 444,6141 444,6136 447,6133 448,6133 448,6133 448,6125 449,6124 449,6123 451,6121 452,6121 452,6121 452,6120 453,6119 453,6115 459,6109 464,6109 465,6108 465,6107 468,6104 469,6104 469,6104 469,6103 471,6101 538,6101 538,6102 538,6103 541,6105 542,6105 542,6106 542,6107 545,6109 546,6109 547,6111 547,6117 548,6117 713,6117 714,6119 714,6120 715,6121 716,6121 717,6121 718,6123 718,6169 720,6170 721,6170 722,6171 903,6171 904,6170 905,6170 906,6169 906,6164 908,6162 909,6162 910,6161 910,6152 912,6150 913,6150 914,6149 914,6144 916,6142 917,6142 918,6141 918,6116 919,6115 919,6114 920,6113 921,6113 923,6111 923,6110 924,6109 930,6109 931,6111 931,6112 933,6113 1032,6113 1033,6115 1033,6125 1034,6125 1302,6125 1303,6124 1303,6123 1305,6121 1306,6121 1307,6120 1307,6120 1307,6119 1309,6117 1314,6117 1315,6116 1315,6115 1317,6113 1318,6113 1319,6112 1319,6111 1321,6109 1343,6109 1343,6110 1343,6111 1346,6113 1347,6113 1347,6114 1347,6115 1350,6117 1351,6117 1352,6119 1352,6124 1354,6125 1485,6125 1487,6128 1487,6129 1488,6129 1489,6129 1491,6132 1491,6166 1492,6166 1543,6166 1544,6168 1544,6169 1546,6170 1748,6170 1748,6170 1748,6168 1750,6166 1826,6166 1826,6166 1826,6127 1828,6125 1829,6125 1830,6124 1830,6119 1832,6117 1879,6117 1879,6117 1879,6110 1880,6109 2094,6109 2096,6107 2096,6106 2097,6105 2107,6105 2108,6107 2108,6162 2109,6162 2197,6162 2198,6164 2198,6166 2199,6166 2401,6166 2402,6165 2402,6144 2405,6141 2406,6141 2406,6141 2406,6140 2409,6137 2410,6137 2410,6137 2410,6136 2413,6133 2414,6133 2414,6133 2414,6128 2417,6125 2418,6125 2418,6125 2418,6124 2421,6121 2422,6121 2422,6121 2422,6120 2425,6117 2430,6117 2430,6117 2430,6116 2433,6113 2466,6113 2468,6111 2468,6110 2469,6109 2470,6109 2472,6107 2472,6106 2473,6105 2482,6105 2484,6103 2484,6102 2485,6101 2508,6101 2508,6102 2508,6103 2511,6105 2610,6105 2610,6106 2610,6107 2613,6109 2614,6109 2614,6110 2614,6111 2617,6113 2618,6113 2619,6115 2619,6158 2620,6158 2823,6158 2823,6158 2823,6111 2826,6108 2827,6108 2827,6108 2827,6107 2829,6105 2834,6105 2835,6104 2835,6103 2836,6102 2852,6102 2852,6103 2852,6104 2853,6105 2854,6105 2855,6105 2856,6107 2856,6158 2857,6158 3104,6158 3105,6160 3105,6162 3106,6162 3349,6162 3350,6161 3350,6160 3352,6158 3373,6158 3377,6154 3386,6154 3387,6156 3387,6157 3389,6158 3390,6158 3391,6160 3391,6161 3393,6162 3398,6162 3399,6164 3399,6243 3398,6244 3393,6244 3391,6246 3391,6247 3390,6248 2903,6248 2900,6246 2900,6245 2900,6244 2604,6244 2603,6245 2603,6246 2601,6248 2400,6248 2398,6250 2398,6251 2397,6252 2260,6252 2259,6253 2259,6304 2258,6305 2257,6305 2256,6306 2255,6307 2255,6308 2254,6309"/><TextEquiv index="1"><Unicode>paſſion. Ah! ſi jamais il paſſoit dans cet</Unicode></TextEquiv></TextLine><TextLine id="r0_l029"><Coords points="803,6518 802,6518 802,6453 802,6452 397,6452 396,6452 396,6451 394,6448 340,6448 338,6447 338,6446 337,6444 336,6444 334,6443 334,6437 334,6436 287,6436 285,6435 285,6434 284,6432 279,6432 277,6431 277,6430 275,6427 274,6427 273,6427 273,6422 271,6419 270,6419 269,6419 269,6397 271,6395 272,6395 273,6394 273,6384 274,6383 275,6383 276,6382 277,6382 277,6382 277,6372 278,6371 279,6371 281,6369 281,6368 282,6367 283,6367 285,6365 285,6364 286,6363 287,6363 294,6356 294,6355 295,6354 296,6354 298,6352 298,6351 299,6350 309,6350 309,6350 309,6349 310,6348 310,6347 311,6346 485,6346 485,6346 485,6308 486,6307 486,6306 487,6305 488,6305 490,6303 490,6302 491,6301 501,6301 501,6302 501,6303 504,6305 505,6305 506,6307 506,6309 507,6309 701,6309 702,6311 702,6312 704,6313 705,6313 706,6315 706,6362 707,6362 750,6362 751,6364 751,6369 753,6370 778,6370 780,6373 780,6379 781,6379 962,6379 964,6377 964,6376 965,6375 966,6375 968,6373 968,6372 970,6370 978,6370 980,6373 980,6374 981,6374 982,6374 984,6377 984,6378 985,6378 1216,6378 1217,6377 1217,6376 1218,6375 1219,6375 1221,6373 1221,6372 1222,6371 1223,6371 1224,6370 1360,6370 1360,6370 1360,6327 1361,6326 1362,6326 1363,6325 1372,6325 1372,6325 1372,6324 1375,6321 1376,6321 1376,6321 1376,6320 1379,6317 1392,6317 1392,6318 1392,6319 1395,6321 1522,6321 1523,6323 1523,6324 1525,6325 1526,6325 1527,6327 1527,6328 1529,6329 1530,6329 1532,6332 1532,6366 1533,6366 1546,6366 1547,6367 1548,6367 1548,6368 1548,6374 1549,6374 1883,6374 1883,6374 1883,6327 1884,6326 1885,6326 1886,6325 1891,6325 1891,6325 1891,6324 1894,6321 1899,6321 1899,6321 1899,6320 1902,6317 1906,6317 1908,6320 1908,6329 1909,6329 1910,6329 1912,6332 1912,6370 1913,6370 2115,6370 2116,6369 2116,6368 2118,6366 2177,6366 2177,6366 2177,6320 2180,6317 2181,6317 2181,6317 2181,6316 2184,6313 2197,6313 2197,6314 2197,6315 2198,6316 2198,6321 2199,6321 2200,6321 2202,6324 2202,6362 2203,6362 2414,6362 2414,6362 2414,6320 2417,6317 2418,6317 2418,6317 2418,6316 2421,6313 2426,6313 2426,6313 2426,6312 2429,6309 2434,6309 2434,6310 2434,6311 2442,6318 2443,6318 2443,6319 2443,6362 2444,6362 2639,6362 2639,6362 2639,6315 2641,6313 2647,6313 2647,6313 2647,6312 2648,6311 2648,6310 2649,6309 2655,6309 2655,6309 2655,6308 2656,6307 2656,6306 2657,6305 2814,6305 2815,6307 2815,6308 2817,6309 2818,6309 2819,6311 2819,6316 2821,6317 2822,6317 2823,6319 2823,6366 2824,6366 3048,6366 3048,6366 3048,6348 3050,6346 3051,6346 3052,6345 3052,6340 3055,6337 3056,6337 3056,6337 3056,6331 3057,6330 3058,6330 3059,6329 3060,6329 3060,6329 3060,6315 3062,6313 3063,6313 3063,6313 3064,6312 3064,6311 3066,6309 3075,6309 3076,6311 3076,6312 3077,6313 3077,6321 3078,6321 3079,6321 3081,6324 3081,6325 3082,6325 3083,6325 3085,6328 3085,6329 3086,6329 3087,6329 3089,6332 3089,6333 3091,6334 3092,6334 3093,6336 3093,6341 3095,6342 3096,6342 3097,6344 3097,6366 3098,6366 3292,6366 3293,6365 3293,6364 3295,6362 3320,6362 3322,6365 3322,6366 3323,6366 3345,6366 3346,6368 3346,6369 3347,6369 3349,6371 3350,6371 3350,6372 3350,6381 3353,6383 3354,6383 3354,6384 3354,6385 3357,6387 3358,6387 3358,6388 3358,6389 3359,6390 3359,6419 3360,6419 3375,6419 3375,6419 3375,6343 3376,6342 3390,6342 3391,6344 3391,6419 3392,6419 3393,6419 3394,6420 3395,6420 3395,6421 3395,6422 3396,6423 3397,6423 3398,6423 3399,6425 3399,6427 3398,6428 3397,6428 3395,6430 3395,6439 3394,6440 3393,6440 3391,6442 3391,6443 3391,6443 3390,6444 3389,6444 3387,6446 3387,6447 3386,6448 3324,6448 3321,6451 3321,6452 3321,6452 3311,6452 3310,6452 3310,6451 3308,6448 2923,6448 2922,6449 2922,6450 2921,6451 2921,6452 2921,6452 2919,6452 2917,6451 2917,6450 2916,6448 2513,6448 2512,6449 2512,6511 2512,6511 2508,6511 2507,6512 2505,6512 2504,6512 2504,6449 2504,6448 2445,6448 2443,6450 2443,6451 2442,6452 2261,6452 2259,6454 2259,6455 2258,6456 2253,6456 2251,6455 2251,6454 2250,6452 2057,6452 2055,6454 2055,6455 2054,6456 1984,6456 1980,6460 1971,6460 1969,6462 1969,6463 1968,6464 1966,6464 1965,6464 1965,6463 1964,6461 1847,6461 1846,6460 1676,6460 1675,6461 1675,6508 1673,6510 1664,6510 1662,6512 1662,6513 1662,6513 1661,6513 1660,6514 1654,6514 1653,6513 1652,6513 1650,6512 1650,6511 1650,6510 1649,6510 1648,6509 1647,6509 1646,6509 1646,6466 1646,6465 1145,6465 1143,6467 1143,6468 1143,6468 1141,6468 1139,6467 1139,6466 1139,6465 1053,6465 1052,6464 1051,6464 1049,6463 1049,6462 1048,6460 867,6460 866,6461 866,6462 865,6463 865,6464 865,6464 864,6464 861,6467 861,6480 860,6481 859,6481 857,6483 857,6484 856,6485 855,6485 853,6487 853,6488 852,6489 847,6489 845,6491 845,6492 844,6493 835,6493 833,6492 833,6491 832,6489 827,6489 824,6487 824,6453 824,6452 807,6452 806,6453 806,6518 806,6518"/><TextEquiv index="1"><Unicode>endroit, tout lui parleroit de lui-même.</Unicode></TextEquiv></TextLine><TextLine id="r0_l030"><Coords points="1182,6730 1180,6729 1180,6728 1180,6727 1179,6726 1178,6726 1176,6725 1176,6674 1176,6673 932,6673 931,6674 931,6725 930,6726 884,6726 881,6724 881,6723 881,6722 880,6722 878,6721 878,6666 878,6665 782,6665 780,6664 780,6663 779,6661 733,6661 731,6660 731,6659 730,6657 609,6657 608,6658 608,6680 607,6681 605,6681 604,6682 604,6713 604,6713 603,6713 602,6714 590,6714 587,6712 587,6694 587,6693 540,6693 539,6693 539,6692 537,6689 536,6689 534,6688 534,6678 534,6677 528,6677 526,6676 526,6675 525,6673 520,6673 518,6672 518,6667 516,6664 515,6664 514,6664 514,6662 514,6661 327,6661 326,6662 326,6688 325,6689 320,6689 318,6691 318,6692 317,6693 315,6693 314,6693 314,6692 313,6691 313,6687 309,6683 309,6682 309,6681 303,6681 302,6681 302,6680 301,6679 301,6674 301,6673 300,6673 297,6671 297,6670 297,6669 296,6669 293,6667 293,6655 296,6652 297,6652 297,6652 297,6643 300,6640 301,6640 301,6640 301,6635 302,6634 302,6633 303,6632 309,6632 309,6632 309,6631 314,6626 314,6625 315,6624 412,6624 412,6624 412,6576 413,6575 414,6575 418,6571 461,6571 461,6571 461,6556 463,6554 464,6554 465,6553 465,6544 467,6542 468,6542 469,6541 469,6540 471,6538 472,6538 473,6537 473,6536 475,6534 476,6534 477,6533 477,6532 479,6530 480,6530 481,6529 481,6528 483,6526 484,6526 485,6525 485,6524 487,6522 488,6522 489,6521 489,6520 491,6518 492,6518 493,6517 501,6517 502,6516 502,6515 503,6514 504,6514 505,6513 522,6513 522,6513 522,6512 525,6509 529,6509 530,6511 530,6512 532,6513 545,6513 547,6516 547,6517 548,6517 553,6517 555,6520 555,6521 556,6521 557,6521 559,6524 559,6525 560,6525 561,6525 563,6528 563,6529 565,6530 570,6530 571,6532 571,6533 572,6533 573,6533 576,6537 576,6538 577,6538 578,6538 580,6541 580,6542 581,6542 582,6542 583,6544 583,6548 584,6549 584,6550 585,6550 586,6550 588,6553 588,6566 590,6567 591,6567 592,6569 592,6570 593,6570 792,6570 792,6570 792,6528 799,6521 800,6521 800,6521 800,6520 802,6518 808,6518 808,6519 808,6520 810,6521 811,6522 812,6522 812,6523 812,6570 814,6571 816,6571 816,6572 816,6575 817,6575 1008,6575 1008,6576 1008,6577 1009,6578 1009,6579 1010,6579 1081,6579 1082,6581 1082,6582 1084,6583 1188,6583 1188,6583 1188,6553 1197,6544 1197,6543 1198,6542 1290,6542 1290,6542 1290,6541 1291,6540 1291,6539 1292,6538 1293,6538 1293,6538 1299,6532 1299,6531 1300,6530 1428,6530 1429,6529 1429,6528 1431,6526 1433,6526 1434,6528 1434,6529 1436,6530 1620,6530 1621,6529 1621,6528 1623,6526 1656,6526 1657,6525 1658,6525 1658,6525 1658,6524 1660,6522 1665,6522 1666,6521 1666,6520 1668,6518 1669,6518 1670,6517 1685,6517 1687,6520 1687,6521 1688,6521 1835,6521 1836,6522 1837,6522 1846,6532 1846,6537 1848,6538 1849,6538 1850,6540 1850,6575 1851,6575 2012,6575 2014,6573 2014,6572 2015,6571 2017,6571 2018,6570 2153,6570 2153,6570 2153,6556 2155,6554 2156,6554 2157,6553 2157,6544 2159,6542 2160,6542 2160,6542 2161,6541 2161,6540 2163,6538 2164,6538 2165,6537 2165,6532 2167,6530 2168,6530 2169,6529 2169,6528 2171,6526 2172,6526 2173,6525 2173,6524 2175,6522 2180,6522 2181,6521 2181,6520 2184,6517 2193,6517 2194,6516 2194,6515 2196,6513 2204,6513 2206,6516 2206,6517 2207,6517 2216,6517 2217,6518 2218,6518 2218,6519 2218,6520 2221,6522 2222,6522 2222,6523 2222,6570 2223,6570 2321,6570 2322,6571 2484,6571 2484,6571 2484,6556 2486,6554 2487,6554 2488,6553 2488,6544 2490,6542 2491,6542 2492,6541 2492,6540 2494,6538 2495,6538 2496,6537 2496,6524 2499,6521 2500,6521 2500,6521 2500,6516 2503,6513 2504,6513 2505,6512 2507,6512 2508,6511 2512,6511 2512,6512 2512,6516 2515,6518 2516,6518 2516,6519 2516,6520 2517,6521 2517,6566 2518,6566 2584,6566 2586,6569 2586,6570 2587,6570 2588,6570 2589,6571 2809,6571 2811,6569 2811,6568 2812,6567 2813,6567 2815,6565 2815,6564 2816,6563 2819,6563 2819,6564 2819,6565 2823,6569 2823,6570 2824,6570 3047,6570 3048,6569 3048,6568 3049,6567 3050,6567 3051,6566 3277,6566 3277,6566 3277,6519 3279,6517 3280,6517 3281,6516 3281,6515 3282,6514 3283,6514 3284,6513 3295,6513 3296,6514 3297,6514 3297,6515 3297,6516 3300,6518 3301,6518 3301,6519 3301,6520 3304,6522 3305,6522 3305,6523 3305,6541 3307,6542 3308,6542 3310,6545 3310,6546 3311,6546 3320,6546 3322,6549 3322,6563 3323,6563 3379,6563 3379,6564 3379,6565 3383,6569 3383,6570 3384,6570 3385,6570 3387,6573 3387,6574 3389,6575 3394,6575 3396,6578 3396,6579 3397,6579 3407,6579 3407,6580 3407,6593 3408,6594 3408,6595 3409,6595 3410,6595 3412,6598 3412,6615 3414,6616 3415,6616 3416,6618 3416,6626 3414,6628 3413,6628 3412,6629 3412,6630 3406,6636 3405,6636 3404,6637 3404,6638 3403,6639 3403,6648 3403,6648 3398,6648 3391,6655 3391,6656 3391,6656 3390,6656 3389,6657 3380,6657 3379,6658 3379,6659 3377,6661 3369,6661 3367,6660 3367,6659 3366,6657 3139,6657 3138,6658 3138,6659 3136,6661 3070,6661 3068,6663 3068,6664 3067,6665 2899,6665 2896,6663 2896,6662 2896,6661 2822,6661 2821,6660 2820,6660 2819,6660 2819,6659 2817,6656 2816,6656 2815,6656 2815,6655 2814,6653 2502,6653 2500,6655 2500,6656 2500,6656 2499,6656 2496,6659 2496,6660 2496,6660 2495,6660 2494,6661 2487,6661 2486,6660 2485,6660 2484,6660 2484,6659 2483,6657 2224,6657 2222,6659 2222,6660 2222,6660 2221,6660 2220,6661 2215,6661 2214,6662 2214,6701 2214,6701 2213,6701 2212,6702 2197,6702 2196,6701 2195,6701 2194,6701 2194,6662 2194,6661 2069,6661 2061,6669 2044,6669 2043,6670 2043,6671 2041,6673 2040,6673 2038,6672 2038,6670 2038,6669 1801,6669 1721,6669 1720,6670 1720,6671 1718,6673 1435,6673 1434,6674 1434,6675 1433,6676 1433,6677 1433,6677 1431,6677 1429,6676 1429,6675 1428,6673 1214,6673 1213,6674 1213,6684 1212,6685 1211,6685 1209,6687 1209,6696 1208,6697 1207,6697 1205,6699 1205,6708 1203,6710 1202,6710 1201,6711 1201,6716 1199,6718 1198,6718 1197,6719 1197,6720 1195,6722 1194,6722 1193,6723 1193,6724 1191,6726 1186,6726 1185,6727 1185,6728 1184,6729 1184,6730 1184,6730"/><TextEquiv index="1"><Unicode>Quoique je duſſe être ſi mécontente de</Unicode></TextEquiv></TextLine><TextLine id="r0_l031"><Coords points="2570,6719 2779,6719 2779,6870 2570,6870"/><TextEquiv index="1"><Unicode>Fv</Unicode></TextEquiv></TextLine></TextRegion></Page></PcGts>