4266 8311
1439 440 2064 662 r
171 685 3357 928 moins que les Dames, toutes les maladies
184 920 3353 1134 qu'elles vouloient à leur commandement.
172 1121 3345 1336 Quelques jours après, il me trouva
176 1327 3362 1531 ſeule, aſſiſe à l'ombre d'un ſaule, gardant
171 1528 3370 1738 mon troupeau. Il m'aborda ſans m'ôter
167 1733 3366 1939 ſon chapeau.“ Bon jour, me dit-il, gen-
176 1935 3357 2146 “tille bergère, tu veux faire la cruelle;
40 2141 3361 2342 “en vérité, cela ne te va point, vis-à-
172 2338 3365 2544 “vis de moi ſur-tout.“ Je fus un peu
176 2539 3366 2751 ſurpriſe de me voir traitée ſi familière-
180 2749 3370 2955 ment; je n'étois point accoutumée à ce
184 2946 3353 3156 ton là. Je ne ſavois ſi je ne devois pas
193 3157 3363 3358 m'amuſer aux dépens de ce fat. Je me
196 3357 3530 3563 contentai de lui dire que je ne com-
184 3558 3349 3767 prenois pas ce qu'il vouloit me dire.
184 3764 3353 3968 „u dois t'être apperçue, me dit - il,
171 3965 3365 4177 “petite pécore, que je tai diſtinguée de
143 4171 3366 4373 “tes compagnes, & que tu ne me dé-
143 4368 3353 4574 “plaiſois pas; mais, au lieu d'être glo-
176 4570 3361 4777 “rieuſe & enchantée de cette bonne
171 4771 3353 4979 „fortune, comme tu devrois l'être, tu
180 4973 3353 5184 “fais la petite quelqu'un; au reſte, y a-
180 5178 3357 5380 “t-il long - temps que tu es ici?“ --
172 5385 3354 5589 „Douze jours, Monſieur.“ -- „D'où
192 5588 3357 5788 “viens-tu?“ -- „C'eſt ce que je deſire de
188 5786 3374 5993 “tenir ſecret, & vous voudrez bien me
192 5992 3357 6209 diſpenſer de le publier.“ -- „Mais tu
204 6197 3353 6403 “ne parles pas comme une payſane.“
200 6403 3374 6609 -- „Au moins je ne parle pas comme une
2392 6614 2680 6807 Fvi
