4266 8140
524 984 2810 1171 Le Chevalier de Poupincour,
1214 1369 2044 1524 à Guillau.
146 1766 3214 1993 “u'est-ce donc, l'ami Guillau, que
150 1980 3226 2186 “cette petite péronelle, que tu as re-
150 2174 3214 2377 “cueillie chez toi? Elle eſt aſſez jolie;
158 2368 3222 2572 “mais très-impertinente. J'ai daigné lui
177 2563 3230 2770 “dire deux mots, & je lui ai fait tourner
169 2761 3234 2967 “la tête; car elle s'eſt donné, ſur - le-
174 2956 3230 3160 “champ, les airs de ſe croire aimée, &
106 3154 3242 3345 “de faire la Ducheſſe. Elle a cru qu'elle
185 3349 3242 3554 “avoit fait ma conquête, & qu'elle devoit
185 3543 3242 3751 “affecter de la dédaigner, pour ſe donner
185 3742 3234 3944 “du relief. En conſéquence, elle l'a pris,
185 3932 3246 4136 “vis-à-vis de moi, ſur un ton; mais ſur
189 4135 3246 4329 “un ton, dont tu n'as pas d'idée. Ce
181 4325 3254 4533 “qu'il y a de plus plaiſant, c'eſt qu'elle
185 4528 3250 4718 “n'a pas été ſi cruelle vis-à-vis de tout
193 4718 3242 4925 “le monde. Elle en porte des marques
201 4913 3258 5111 “viſibles; car enfin, il eſt manifeſte qu'elle
138 5119 3254 5318 “eſt groſſe, & qu'elle vient paſſer le temps
217 5305 3262 5460 “de ſes couches chez toi. Elle eſt toute
154 5504 3262 5707 “couſue de ſecrets; cela eſt bien naturel.
229 5698 3274 5907 “Elle ne va pas monter ſur les toits,
229 5901 2762 6103 “pour avouer de pareilles choſes.
352 6095 3385 6302 “La petite perſonne n'eſt point une pay-
233 6282 3273 6524 “ſane. Cela nous vient de Paris. C'eſt une
