4266 8019
2021 529 2862 829 ii
1053 823 4044 1026 “vertu éprouvée, qui a fait ſes cara-
1057 1022 4036 1213 “vanes, & qui a toute l'expérience
1049 1216 4033 1412 “qu'on acquiert dans les principaux
1053 1411 4032 1607 “quartiers de la capitale. Quoi qu'il en
1053 1601 4032 1801 “ſoit, mon pauvre Guillau, fais-moi le
1049 1796 4033 1995 “plaiſir de m'écrire deux mots, ſur ce
1053 1990 4029 2187 “joli ſujet. Tu ſais que ton ſtyle me plaît
1057 2181 4025 2372 “aſſez, & que je ſuis entré quelquefois
1053 2379 4025 2571 “en commerce de lettres avec toi. Ecris
1057 2570 4021 2765 “moi donc quelque choſe ſur cette Beauté
1053 2760 4021 2951 “dédaigneuſe, qui veut faire la fière, en
747 2952 4022 3144 “gardant les moutons, avec un ventre
750 3143 4017 3340 “fort apparent. Je te garderai le ſecret.
1045 3336 4017 3511 “Portetoi bien, mon brave Guillau
1045 3526 4013 3724 “J'embraſſe ta petite Nicette. Elle ne
1049 3717 4017 3920 “ſera pas mal non plus, la petite pé-
1034 3919 4013 4113 “core; & j'oſe croire qu'elle ne deviendra
1049 4110 2621 4301 “pas bégueule.“
1123 4299 4005 4496 Je dus paroître rouge comme du feu,
1049 4487 4009 4689 quand je lus cette lettre. Mon cher papa,
1041 4682 4005 4881 “dis-je à Guillau, cet homme eſt pénétrant.
1037 4879 3997 5071 “Sa lettre touche un point qui eſt vrai;
1037 5071 4001 5261 “je dois l'avouer, & je le voulois; mais
1030 5254 3994 5456 “il m'a prévenue. Je devrois rentrer à
1026 5456 3990 5656 “cent pieds ſous terre, en me voyant
1018 5643 3990 5841 “obligée de faire un pareil aveu; mais
1037 5837 3990 6032 “j'eſpère que, quand j'aurai- fait mon
905 6026 3990 6234 “récit, ma faute ſera, du moins, atté-
1018 6229 4001 6440 “nuée à vos yeux. Quand vous aurez
