4266 8408
11 688 3427 908 “enfin elle ſoigne les malades & ſe-
11 883 3415 1114 “court les pauvres! Vous croyez que
11 1106 3427 1321 “c'eſt une Demoiſelle, & moi je crois
11 1319 3423 1531 “que c'eſt un Ange. Selon vous, elle vient
11 1518 3415 1739 “de Paris, &, ſelon moi, elle deſcend
11 1730 3423 1939 “du Paradis. Ne dites donc pas de vi-
11 1933 3415 2135 „laines choſes, comme vous en dites,
11 2134 3448 2353 “ſur le compte d'une perſonne ſi hon-
11 2344 3415 2557 “nête. Fi! ça n'eſt pas bien. Si elle avoit
11 2551 3407 2764 “envie de faillir, il me ſemble qu'elle
11 2755 3398 2967 “ſeroit tentée de le faire avec un beau
219 2962 3411 3176 “Gentilhomme comme vous; cependant
219 3170 3411 3387 “elle vous fuit. Pour moi je la cau-
207 3377 3643 3577 “tionne. Il n'y a rien à lui reprocher;
211 3581 3402 3789 “& je réponds de ſon innocence & de
206 3788 3398 3994 “ſon honnêteté, comme de la mienne.
198 3988 3398 4200 “Sur cela, Monſieur le Chevalier, je
11 4198 2755 4410 “vous tire bien ma révérence.“
190 4402 3386 4607 J'ai bien remercié Guillau de la bonne
11 4589 3394 4816 idée qu'il avoit de moi, & qu'il cher-
11 4809 3386 5022 choit à en donner. Il eſt décidé qu'il
11 5013 3386 5221 me conduira demain à la ville, chez
11 5188 2962 5430 Monſieur Saget le Lettré, ſon ami.
15 5428 3377 5637 Le ſoir, Monſieur le Chevalier, après
11 5609 3394 5845 avoir reçu la lettre, eſt venu à la maiſon,
11 5832 3369 6050 pour m'empêcher de partir. „Ma belle
210 6042 3369 6246 “Laurette, m'a-t-il dit, il ne faut pas
206 6258 3369 6461 „nous quitter comme cela. Reſtez, ma
206 6449 3357 6677 “belle enfant; jai des deſſeins ſur vous.“
