4266 7947
2336 798 2902 983 i
1120 1032 4069 1241 avec un regret ſi ſenſible, que j'en fus
1113 1232 4058 1429 touchée. „A demain, ma chère petite
1105 1421 4050 1620 “ſœur, me dit-il, en m'embraſſant. Au
1097 1614 4038 1818 “plaiſir de déjeûner demain matin avec
1105 1806 4038 2000 “vous!“ -- „Demain matin, répondis-
1090 1997 4023 2204 “je, en laiſſant peut-être échapper un
1082 2192 4023 2386 “demi - ſoupir...“ Ce jeune homme eſt
1086 2377 4011 2574 touchant; il reſſemble un peu à mon
1079 2578 2324 2725 cruel Perlencour.
1063 2762 4004 2959 Le lendemain, ſon père m'éveilla de
1078 2955 3988 3156 grand matin. „Il faut partir, ma fille,
1066 3144 3988 3346 „dit-il, ſans faire vos adieux, pour épar-
1063 3337 3977 3536 “gner des larmes qui ne ſerviroientà
1055 3529 3973 3730 “rien.“ Je me levai, ſur - le - champ,
1043 3718 3973 3892 & nous ſortîmes enſemble, ſans éveillet
1039 3911 3969 4111 perſonne. Il me donna poliment le bras,
1047 4104 3965 4300 & nous marchâmes vers la ville, qui
1040 4292 3954 4492 n'étoit qu'à deux lieues de notre village
1040 4477 3950 4680 Il me parloit beaucoup, & je ne lui
1043 4673 3946 4867 répondois gueres que par monoſyllabes.
1039 4863 3942 5065 „Oh! diſoit-il en riant, notre fils ſer
1032 5048 4015 5249 “bien attrapé quand il ſera levé. „Où
789 5245 3923 5439 „eſt ma petite ſœur, s'écriera-t-il? vîte,
1024 5437 3930 5633 “que je déjeûnions enſemble.“ Et on
1016 5628 3919 5831 “lui dira: „La petite ſœur eſt déguerpie
1001 5819 3919 6012 “de grand matin;“& il fera une mine
997 6006 3919 6208 “longue d'une aune. Oh! je voudrois
997 6204 3911 6399 “bien être là, pour voir ſa mine; je
997 6374 3911 6578 “rirois de bon cœur.“ Il éclatoit en effet
