4266 8047
1248 913 4266 1135 „Non, ſans doute; mais cela eſt cent
1237 1119 4266 1330 “fois trop joli pour moi. Allons, allons,
1229 1315 4267 1520 “cela ſuffit. Je ſerai obligé d'avoir une
1233 1507 4267 1715 “perſonne de plus. J'avois demandé une
1229 1706 4267 1909 “fille qui fût à tout; mais, celle - ci,
1237 1905 4268 2101 “vous ſentez bien, c'eſt une Gouver-
1229 2091 4268 2295 “nante. Je ne puis pas lui faire remplir
1228 2288 4269 2484 “des fonctions qui ne conviennent qu'à
1225 2479 4269 2684 “une ſervante. Hé bien! la vieille femme,
1221 2675 4269 2876 “que j'avois en attendant, les remplira;
1233 2870 4270 3070 “& celle-ci ſera à la tête.“ -- „Tout
1218 3059 4270 3259 “comme il vous plaira; mais c'eſt ce
1205 3254 4271 3458 “qu'il vous faut.“ -- „Oh ça, ma
1213 3448 4271 3651 “belle petite, m'a dit Monſieur Saget,
876 3649 4272 3846 “en me tapottant la joue, prends bien
1209 3834 4272 4040 “ſoin de mes affaires, mon petit cœur,
1213 4029 4272 4236 “& ſois bien ſage. Je me fie à toi, paree
1210 4207 4273 4424 “que tu me viens d'un honnête homme, &
1213 4416 4273 4618 “que tu le paroîs toi-même. Oh ça, cou-
1213 4609 4274 4810 “père Guillau, il faut déjeûner, mon ami
1213 4799 4274 5006 “Ho, hé! la mère Gertrude, apporter-
1210 4998 4274 5203 “nous à déjeûner.“ La mère Gertrude na
1202 5163 4275 5394 pas tardé à nous apporter à déjeûner. „Ol
1198 5376 4275 5594 “ça, lui a dit ſon maître, (qui répétoit
1186 5574 4276 5779 “toujours oh ça) bonne femme Gertrude,
1190 5770 4276 5974 “voilà une jeune fille que je vous confie,
1147 5966 4277 6177 “& que je mets à la tête de la maiſon,
1174 6153 4277 6361 “ſervez-là bien; elle aura ſoin de me
1206 6345 4278 6560 “affaires; ce ſera un ſecond moi-même.
3964 6538 4278 6753 L
