4266 8215
1260 462 2155 779 i
-15 764 3400 990 Latieille mère m'a conſidéréed'abord d'une
-15 970 3404 1191 mineraſſez refrognée; enſuite elle s'eſt
-14 1173 3408 1398 adoucie. „Hé! la petite n'eſt point mal,
-14 1373 3641 1587 “diſoit-elle; vous n'êtes pointumalheu-
-14 1574 3412 1785 “reux.“ Jevouloileleverp le umaître
-13 1772 3420 1994 m'a fait aſſeoirtà côté-de-luiote I faut
-13 1969 3424 2182 “déjeûner ave nous, emon enfant; m'a-
-12 2175 3420 2385 “t-il dit.“ Le compère Guillau, en man-
-12 2376 3420 2624 geanten buvant, a fait mon éloge. „Oh!
-11 2568 3424 2777 “vous me raviſſez, diſoit Monſieur Sa-
-11 2760 3416 2981 “get; oeſt un tréfora que vous m'a-
-10 2969 3420 3203 enez-là. Je dois vousl remercier à ge-
-10 3178 3407 3397 “nouxioststuol
309 3375 3432 3581 cBref; le bon. Guillau nous arquittés,
-9 3562 3432 3791 en nous ſouhaitant toutes ſortes de proſ-
-9 3774 3428 3976 pérités. Je me ſuis ſéparéede lui avec le
-8 3971 3424 4185 plus vif attendriſſement, qu'ila partagé
-8 4162 3416 4383 vifiblement. Je ſuis reſtée touter penſive,
-8 4334 3432 4584 ſongeant à ces braves gens, chez leſquels
-7 4572 3420 4783 je reſpirois la franchiſe & l'innocence.
-7 4741 3702 5023 Mon maître; car il faut lui donner ce
-6 4955 3424 5181 nom,que je ne me ſerois pas attendu,
-6 5165 3432 5385 ci-devant, à donner jamais à perſonne;
-5 5363 3428 5590 mon maître, dis-je, m'a fait dîner avec
-5 5555 3444 5780 lui. Je lui avois déjà raccommodé une
-4 5764 3436 5982 hemiſe. dlta- été fort content de mon
-4 5961 3440 6184 ouvrage. Ilcl'a été encore plus de ma
-4 6165 3452 6381 convérſationu „Mais, mon enfant, m'a-
-3 6366 3762 6590 til dit, vous n'êtes point une payſanne.“
644 6582 1373 6739 Tome Il.
