4266 8368
2250 467 3132 711 I.
951 709 4121 928 - Non, Monſieur, lui ai-je répondu;
943 918 4130 1125 “je dois vous l'avouer. J'aurai l'honneur
939 1127 4121 1325 “même de vous raconter mon hiſtoire,
922 1330 4117 1546 “dans un de vos momens perdus; vous
930 1533 4113 1751 “verrez que j'ai déjà eſſuyé bien des
832 1738 4105 1951 “traverſes.“e --„J'entendrai votre
562 1949 4101 2164 “hiſtoire avec beaucoup d'intérêt, ma
935 2156 4225 2370 “chère Laure, & je ſoupire après ce
930 2361 4225 2595 “moment, que je dois laiſſer cependant
922 2577 2708 2785 “à votre choix.“
1132 2748 4225 2988 Après le dîner, il me dit: „Molière
926 2981 4225 3186 “conſultoit ſa ſervante; vous! n'êtes pas
931 3182 4225 3397 “une ſervante, morbleu; au contraire,
930 3387 4225 3603 “vous êtes une Demoiſelle de beaucoup
922 3594 4225 3810 “d'éducation; mais je ne vous en conſul-
922 3801 4225 4012 “terai pas moins.“ Alors, il m'a lu une
856 4003 4225 4222 diſſertation ſur l'état du commerce chez
926 4206 4225 4427 les anciens Romains, en me demandant
922 4414 4225 4630 ce que j'en penfois. Je lui ai confeſſé
931 4621 4225 4831 qu'il m'étoit plus difficile de lui dire mon
918 4821 4225 5037 avis ſur une pareille matière, que ſur une
708 5024 4225 5243 comédie; cependant j'ai haſardé quelques
926 5228 4225 5451 mots ſur ce que j'avois pu comprendre.
910 5431 4225 5664 M. Saget a été enchanté. „C'eſt un tréſor
902 5646 3346 5863 “que j'ai là, s'écrioit-il“
1010 5825 4225 6069 Son neveu vint, tout-à-coup, lui en-
902 6063 4060 6278 vier ce tréſor. C'étoit un jeune homme
902 6265 4204 6482 moins bien que le fils de Guillaul Il pa-
889 6471 4039 6709 rut frappé d'une douce ſurpriſe à mon
