4266 8296
86 721 3171 941 lui qui me croyoit ſi honnête? Les em-
93 940 3165 1149 batras vont augmenter continuellement.
80 1128 3500 1349 les trois rivaux ſe ſont quittés déjà de
85 1340 3166 1551 mauvaiſe humeur, dès le premier jour.
101 1543 3161 1796 ls ſont revenus pluſieurs fois. Ils ſe ſont
88 1747 3178 1950 toujours rencontres. Ils ſe ſont toujours
102 1951 3171 2351 le e iie aa qqlqulé lllu faineſeeà
93 2354 3166 2561 mon honneur. Je mets bas-la plume,
93 2553 3153 2754 ur quelques jours, & je vous écrirai
134 2755 2135 2987 a ſuite, ma petite maman.
167 3566 2922 3792 Céſar de Perlencour, à Dumoulin.
89 4083 3130 4267 u dois ſentir, mon ami, combien la
97 4286 3129 4492 ttre de cette chère Laure m'a affecté.
170 4482 3125 4689 on Dieu! que je lui cauſe de peines!
158 4681 3133 4885 uoi! elle eſt actuellement dans une
113 4881 3137 5094 ondition ſervile. Ah! je brûle d'aller l'en
80 5068 3129 5293 délivrer; mais Aurore me retient. Je n'ai
80 5279 2819 5492 mais aimé comme j'aime à préſent:
98 5603 3034 5815 Ce n'eſt plus une ardeur dans mes veines cachée,
98 5815 2604 6039 C'eſt Vénus toute entière à ſa proie attachée.
199 6160 3129 6385 on bonheur eſt dépoſé dans le ſein
150 6372 3125 6601 Aurore. Je ne puis le trouver que là.
2220 6594 2738 6792 Giij
