4266 8437
2375 464 2900 665 io
1037 713 4033 930 Si je me ſépare d'elle, c'eſt comme
1021 921 4174 1138 mon ame étoit ſéparée de mon corps
1021 1129 4179 1554 lunent que je polée oene auoaſ
1013 1543 4116 1794 perſonne; mais ſa vertu forme autou
1025 1748 4133 1968 d'elle un rempart, que je ne puis franchir
1025 1960 4095 2175 Il ſemble que Minerve la couvre de ſo
1017 2167 4087 2380 égide, & me frappe de conſternation
1038 2375 4125 2579 quand j'oſe concevoir quelque projet ou
1038 2575 4116 2791 trageant pour ſa gloire. Il faut penſe
1033 2787 4133 2999 chaſtement devant une perſonne ſi chaſte
1029 2994 4108 3202 Loin de moi la penſée criminelle d
1054 3197 4120 3411 chercher à la féduire! je n'y réuſſiroi
1033 3410 4088 3633 pas; mais ce ſeroit un ſacrilège de le pr
1037 3613 4095 3822 jeter. J'aſpire à ſa main, mon cher ami
1042 3816 4104 4028 auſſi bien qu'à ſon cœur. C'eſt le gra
1029 4021 4100 4234 hymen qui eſt l'objet de mes vœux. Qu'o
1029 4224 4112 4436 me préſente, avec la plus belle femme
1034 4432 4104 4639 la fortune de tous les Mydas de la France
830 4631 4091 4844 qu'on m'offre une Reine même, ſur ſo
1045 4834 4096 5050 trône, je lui préférerai la ſimple Aurore
1038 5038 4108 5253 avec ſon indigence, ſon obſcurité, ſe
1042 5238 4096 5458 graces naturelles, & ſon ame auſſi bell
1042 5450 4145 5667 que ſon corps; j'en fais ici le ſerment,
1042 5657 4104 5870 je n'aurai jamais d'autre épouſe qu'Au
1042 5869 4095 6076 rore Belle-en-Deuil. J'attends donc, ave
1037 6075 4104 6301 impatience, le retour des auteurs de me
1033 6273 4112 6725 eureailenenant cée parti faépvautrat
