4266 7999
2249 632 2758 819 u
1009 857 4279 1072 vérité avectamourleJe me ſuisopréci-
830 1052 4278 1286 pité dans leurs bras. J'augurois bien d'un
1009 1255 3977 1458 pareil accueil. Je n'ai pu cacher long-
1009 1450 4278 1660 temps mes deſirs. Je leur ai avoué mon
1009 1649 4277 1848 amour, mon projet d'hymen. Ils ont
1013 1836 4277 2057 froncé le ſourcil; cependant ils m'ont
1017 2037 4276 2258 demandé qu'elle étoit la jeune perſonne,
1001 2230 4276 2433 objet de mes vœux, quel étoit ſon état,
1005 2417 4275 2622 ſa fortune. Je leur ai détaillé-tout ce que
1001 2620 4275 2815 j'en ſavois. Tous deux ont fait, comme
1013 2811 4275 3010 de concert, une grimace qui m'a fait
1009 3002 4274 3206 friſſonner. Ils m'ont dit qu'ils avoient
1013 3193 4274 3403 des vues ſur moi; qu'il ſe préſentoit un
1005 3389 4273 3595 parti d'or, & m'ont défendu très-poſi-
1009 3579 4273 3784 tivement de revoir la pauyre fille, trouvée
1017 3774 4272 3978 dans la boue, & que j'avois la fantaiſe
1017 3973 4272 4173 d'élever juſqu'à moi. J'étois indigné d'un
1005 4163 4272 4379 langage ſi mépriſant, à l'égard d'une fille
1017 4356 4271 4578 adorable, que je voudrois pouvoir placer
1021 4551 4271 4740 ſur un trône. Je les ai conjurés d'attendre
1001 4740 4270 4937 qu'ils l'eufſent vue du moins, avant de
1025 4934 4270 5139 prendre un parti à ſon égard. Ils ne m'ont
1017 5123 4270 5334 pas écouté, ils n'ont pas même voulu
1013 5326 3973 5526 paſſer par Paris; & ils ont pris, ſur-le-
997 5500 4269 5717 champ, la route de Lyon, où ils ſont
1021 5712 3166 5915 peut-être arrivés à préſent.
1052 5892 3969 6111 Ilsvauront beau faile; non, je n'é-
1029 6087 4267 6308 pouſerai pas lel malheureux parti qu'ils
1032 6273 4267 6501 me préſententanon, je le répète, je
