4266 8162
845 857 3972 1081 “le ſeul parti qu'il y ait à prendres
841 1063 3964 1271 “Vous ne voulez pas, dites-vous, dé-
841 1264 3963 1417 “baucher Mademoiſelle Aurore.“ --
862 1462 3957 1648 „Non, ſans doute, & cela ſeroit im-
841 1667 3960 1874 “poſſible.“ -- „Vous mourrez cependant
853 1870 3947 2075 “ſi vous ne la poſſédez pas.“ -- „Cela
849 2070 4133 2255 “eſt encore vrai.“ -- „Vous ne voulez
850 2272 3949 2470 “pas mourir.“ -- „Je voudrois bien
853 2473 3948 2678 “ne pas précipiter ce dernier moment“
849 2670 3956 2877 -- „Vous ne voulez pas poſſéder votre
857 2872 3960 3077 “amante par ſéduction; vous ne pou-
853 3069 3943 3277 “vez la poſſéder par un mariage réel;
861 3270 3960 3476 “il faut donc le faire par un mariage
853 3468 3939 3676 “feint.“ -- „Mais que diroit - elle?“
857 3669 3955 3877 -- „Elle ne diroit rien, ſi elle ignoroit
857 3875 4076 4078 “que le mariage fût faux. Vraîment,
857 4076 3960 4278 “ſi vous allez le lui dire, elle n'y con-
841 4266 3960 4477 “ſentira pas, ou bien ce ſeroit ſe laiſſer
845 4475 3960 4674 “débaucher.“ -- „Mais je la trompe-
853 4672 3952 4874 “rois.“ -- „Mais non, vous ne la
861 4866 3952 5077 “tromperiez pas. Votre deſſein ne ſeroit-
853 5067 3955 5329 “ilpas de l'épouſer véritablement, quand
861 5269 3951 5475 “l'age vous auroit apporté la faculté de
857 5470 3944 5673 “le faire ſans le conſentement paternel?
837 5672 3948 5878 “Ne donneriez-vous pas alors la légi-
841 5869 3948 6075 “timité à vos enfans? Ne répareriez-
857 6071 3943 6278 “vous pas alors tous les petits inconvé-
865 6268 3943 6483 “niens, qui auroient pu réſulter d'un
853 6465 3943 6679 “mariage faux; inconvéniens qui ſe-
