4266 8123
2205 616 2696 809 S
939 855 4311 1110 “par exemple, on dit à la Demoiſelle
935 1055 4309 1295 “& à ſes parens. „En qualité d'artiſte,
903 1257 4308 1504 “j'ai un Seigneur qui me protège, qui
931 1457 4307 1690 “m'offre même un logement chez lui,
786 1656 4306 1880 dans les commencemens. Il a la bonté
815 1853 4304 2077 “de mevouloir du bien, & il deſire
895 2059 4303 2273 “que mon mariage ſoit célébré dans
915 2257 4302 2469 “ſon château, afin que tous les frais
915 2457 4300 2672 “de la noce ſoient ſur ſon compte. C'eſt
911 2655 4299 2886 “une ſatisfaction, bien flatteuſe pour
915 2843 4298 3063 “moi, que je ne puis lui refuſer.“ --
931 3056 4297 3284 „Et où trouverons - nous un château
903 3253 4295 3498 “pour exécuter ce projet?“ -- Croyez-
593 3449 4294 3692 “vous que le Comte de Rouéville, avec
903 3650 4277 3856 “lequel vous êtes lié aſſez particulière-
903 3852 4291 4071 “ment, vous refuſe le ſien, pour cette
907 4052 4290 4274 “bonne œuvre?“ -- „Parbleu! je le
895 4244 4289 4455 “verrai ce ſoir, je le ſonderai là-deſſus.“
891 4446 4287 4666 -- „Qu'appelez-vous le ſonder? Il faut
895 4643 4286 4863 “lui demander ſon château purement
891 4843 4285 5062 “& ſimplement. Il faut lui dire:mon
891 5045 4284 5264 “cher Comte, je veux faire accroire à
891 5245 4282 5459 “une petite fille, que je l'épouſe; je
887 5443 4281 5656 “vais lui dire que j'ai, dans vous, un
879 5644 4280 5849 “protecteur zèlé; que vous deſirez que
871 5840 4278 6058 “le mariage ſe faſſe chez vous. „Vous
867 6041 4277 6252 “verrez qu'il vous dira: „mon ami,
863 6245 4276 6477 “diſpoſe de mon château, comme de
859 6441 2407 6600 “moi-même.“
