4266 8123
2286 629 2804 829 r.
939 859 4034 1071 “au fait de cela. L'un fera le Prêtre, l'autre
935 1066 4030 1269 “le Clerc, & que ſais-je moi? tout le
939 1265 4029 1478 “monde jouera ſon perſonnage, comme
943 1465 4029 1675 “il convient.“ La facilité de l'exécution
947 1662 4021 1864 me tenta. J'allai trouver la famille Belle-
935 1864 4017 2079 en-Deuil, un peu tourmenté par mes
935 2060 4017 2265 remords; mais raſſuré par la légitimité
931 2261 4133 2470 de mes vues. Je fus reçu comme le ſau-
931 2446 4009 2674 veur, le Dieu de la famille. Je ne parlai
931 2659 4017 2874 point de mon père, ni de ſon refus.
947 2859 4021 3066 „Mes bons amis, dis-je au père & à
931 3060 4025 3274 “la mère, j'aime votre fille à l'adora-
927 3237 4021 3463 “tion; mais mon amour ne lui a, juſ-
927 3458 4013 3659 “qu'ici, cauſé que des chagrins. On a
923 3651 4005 3867 “voulu me l'a ravir. Une malheureuſe,
923 3856 4014 4113 “comme Frédégonde, s'eſt emparée
923 4049 4014 4263 “d'elle, & a pretendu la tenir dans ſa
927 4258 4017 4464 “dépendance. Voulez - vous qu'Aurore
931 4451 4001 4656 “ne dépende que de vous & de moi?
923 4647 4005 4852 “Donnez - la moi pour épouſe. Alors
931 4844 3997 5045 “perſonne n'aura le droit de me diſ-
919 5057 2671 5255 “puter ma femme.“
1116 5242 3997 5456 Les trois bonnes gens ont paru ravis
706 5447 3997 5596 au troiſième ciel. La mère & la fille vou-
915 5644 3993 5857 loient ſe jeter à mes genoux, le père
915 5840 3993 6056 s'efforçoit d'en faire autant. Je les ai re-
915 6033 3996 6250 tenus. „Ah! mon cher ami, ſe ſont-ils
915 6242 3997 6453 “écriés tous les trois, parlez-vous tout
923 6439 4001 6664 “de bon? Quoi! vous auriez pour nous
