4266 8216
2338 696 2839 894 i.
1013 915 4271 1151 “que je ſois heureuſe. Ah! ſi je puis
1017 1139 4272 1345 “rendre mon mari auſſi heureux que
1008 1333 4273 1544 “moi!....“ Je l'ai relevée. Je l'ai ſerrée
1009 1536 4275 1758 tendrement contre mon cœur, & je ſuis
1013 1739 4276 1959 reſté quelque temps muet & déconcerté,
1013 1942 4277 2157 enchanté de mon bonheur, & tourmenté
1017 2153 3219 2356 de mes reproches intérieurs.
1220 2317 4280 2561 Enfin j'ai repris la parole. „Mes bons
1013 2540 4281 2762 “amis, ai - je dit, il ne faut pas que
1013 2741 4282 2952 “les méchans, qui nous perſécutent ſi
1017 2938 4284 3156 “cruellement, puiſſent troubler notre
1016 3141 4285 3345 “félicité, & l'exécution du projet heu-
1017 3312 4286 3552 “reux que nous venons d'enfanter. Il
1025 3539 4288 3759 “faut nous mettre en sûreté dans un
1021 3749 4289 3959 “port à l'abri de leur noirceur; car,
1017 3949 4290 4156 “s'ils avoient connoiſſance de notre ma-
1013 4133 4292 4355 “riage, ils viendroient y mettre obſtacle.
1013 4341 4293 4555 “J'ai vu hier M. le Comte de Roué-
1024 4542 4294 4753 “ville, mon protecteur zélé, qui m'a
1021 4737 4295 4952 “toujours voulu & fait du bien. Je lui
1025 4939 4297 5154 “ai parlé du projet qui faiſoit l'unique
1013 5144 4298 5350 “objet de mes vœux. „Mon cher ami,
1013 5350 4299 5557 “m'a - t - il dit, vous connoiſſez mon
1013 5539 4301 5759 “château de Rouéville, à une certaine
1016 5736 4302 5957 “diſtance de la capitale; je vous le
1021 5934 4303 6160 “cède pour auſſi long-temps que vous
1017 6137 4305 6363 “voudrez. Regardez - vous - en comme
1024 6333 4306 6567 “le maître, tant que vous y ſerez. Allez
1024 6529 4307 6768 “vous y marier; je veux m'y trouver
