4266 7780
1540 535 2037 727 ()
379 737 3234 959 pour vous en faire les honneurs, &
375 940 3245 1129 “célébrer, avec vous, les noces qui fe-
368 1129 3226 1318 “ront votre bonheur. Vous pourrez vivre
360 1313 3223 1503 “là, pendant quelque temps, tran-
353 1501 3226 1694 “quilles; ignorés, ſans que perſopne
342 1686 3223 1875 “ſonge à vous y venir troubler.“ J'ai ac-
334 1874 3215 2059 “cepté, avec la plus vive reconnoiſſance,
342 2055 3211 2247 “l'offre de mon protecteur. „Mandez-
240 2240 3211 2432 “moi, m'a-t-il dit, le jour que vous par-
342 2423 3211 2616 “tirez, afin que je me trouve dans mon
342 2605 3215 2803 “château pour vous y recevoir. Envoyez-
338 2797 3204 2989 moi auſſi vos papiers, afin que je
342 2989 3204 3174 “vous obtienne toutes les permiſſions
342 3170 3200 3356 “qu'il vous faut, parce que j'ai plus de
330 3351 3196 3547 “crédit, que vous, auprès de l'Evêque
315 3535 3200 3915 ſea preré e ous uaiit s lus uua
311 3908 3204 4098 “recevoir la bénédiction nuptiale, des
300 4089 3193 4281 “mains de mon Chapelain.“ J'ai re-
308 4269 3193 4466 “mercié, du fond de mon cœur, ce
308 4450 3185 4653 “généreux Seigneur. A préſent, mes chers
304 4650 3185 4834 “amis, qu'en dites-vous? acceptez-vous
319 4834 3177 5019 “l'offre que me fait Monſieur le Comte?“
312 5015 3170 5212 Ici les tranſports de la reconnoiſſance,
311 5203 3177 5400 des trois chères perſonnes, ont éclaté de
134 5392 3170 5584 nouveau. J'ai reçu les bénédictions les
304 5576 3170 5776 plus tendres & les plus cordiales. Je
300 5764 3166 5962 voyois cette famille chérie plongée dans
296 5945 3170 6160 l'extaſe & l'ivreſſe de la joie. Quelle
