4266 8079
1914 481 2659 709 r.
791 719 3920 926 Il faut d'abord faire accroire à notre
866 918 3916 1124 nouvelle dupe, comme à l'ancienne, que
870 1116 3923 1319 le Roi de Pruſſe veut le choiſir pour ſon
866 1308 3924 1515 Miniſtre & ſon Général. Enſuite je veux
863 1511 3916 1716 le faire Evêque, en même temps que
867 1710 3912 1905 Militaire. Je vis, il y a quelque temps,
871 1909 3912 2109 un Evéque de Babylone, que je voulus
874 2104 3912 2304 engager à venir faite ſes caravanes chez
870 2299 3916 2504 moi. C'eſt un homme ſage; il ne me
874 2499 3916 2702 fut pas poſſible de l'amadouer; mais je
468 2697 3927 2896 veux le mettre en jeu. Il faut qu'il pro-
878 2892 3923 3090 mette de céder ſon Evêché au petit bon-
883 3083 3923 3279 homme, & qu'il le faſſe au moins ſon
894 3282 3916 3485 Coadjuteur. Enſuite nous en viendrons
882 3477 3920 3679 à rendre le ſubtil Céſar inviſible. Il y
886 3668 3932 3874 a ici un Docteur Meſmer, Allemand, qui
886 3871 3931 4059 eſt venu déniaiſer les François. Il ſe vante
886 4071 3947 4271 de guérir les gens par l'attouchement,
882 4266 3939 4462 & de communiquer ce merveilleux ſe-
890 4461 3939 4658 cret; il y a auſſi un certain Caglioſtro,
890 4644 3943 4847 Grand-Roſe-Croix, Italien, qui a cinq
890 4839 4051 5046 cents ans, qui vous fait exiſter dans plu-
696 5034 3939 5241 ſieurs lieux à-la-fois. Voilà des myſtifi-
890 5233 3931 5438 cateurs. Tâche de les voir, & qu'ils nous
895 5432 3935 5643 aident pour donner une leçon au petit
882 5635 3931 6025 enea. vuiſt lun qlun rai le qiaue e
898 6021 3931 6236 trace. Bande tous les reſſorts de ton pé-
