4266 8138
2206 635 2680 829 i
624 861 4266 1114 veau & du merveilleux; ma réputation
911 1079 4266 1300 a déjà volé plus loin que je n'aurois cru;
907 1274 4266 1506 &, ſi l'on me perſécute dans ma patrie, on
895 1473 3652 1676 me rend juſtice dans le pays étranger.
919 1657 4267 1895 Je vis hier venir, chez moi, un homme
903 1875 4268 2083 impoſant que je ne connoiſſois pas. Il y
899 2059 4268 2275 avoit un ſoupçon d'Abbé, dans ſa miſe
911 2270 4269 2500 preſque bourgeoiſe. Il m'apprit qu'il étoit
895 2469 4269 2675 Grand- Vicaire, & principal Agent,
903 2668 4269 2897 à Paris, de l'Evêque de Babylone, &
903 2867 4270 3105 me préſenta une lettre de ce Prélat,
927 3058 4270 3275 adreſſée à lui. Je la lus à ſa réquiſition,
902 3257 4271 3487 & je fus extrêmement ſurpris du contenu.
899 3457 2868 3648 Je le mets ſons tes yeux.
608 3831 4273 4103 Alexandre **, Evéque de Babylone,
1099 4128 3848 4334 à M. l'Abhé Aſtuzzi, ſon Grand-
2166 4364 2829 4595 Vicaire.
3142 4675 3764 4848 Babylone.
935 4988 4275 5229 „Moncher Abbé, j'ai entendu parler,
915 5210 4275 5422 “de tous les côtés, avec les plus grands
911 5405 4275 5612 “éloges, du merveilleux Céſar de Per-
692 5603 4276 5820 “lencour. C'eſt le prodige du ſiècle.
907 5811 4276 6014 “Vous m'en avez toujours parlé, vous-
903 5996 4277 6208 “même, ſur ce ton; & je n'ai entendu
915 6198 4277 6407 “qu'un cri là - deſſus, pendant mon
919 6399 4278 6620 “dernier voyage de Paris. J'ai fait tous
