4266 8320
1409 502 1982 738 i6
151 731 3253 956 mes efforts pour voir alors ce mer-
163 942 3253 1142 “veilleux jeune - homme; mais il étoit
167 1146 3258 1366 “en Angleterre, & je partis déſeſpéré
146 1355 3372 1558 “de n'avoir pu le rencontrer. Je voulois
155 1552 3483 1762 “dès - lors faire l'acquiſition de ce per-
151 1757 3253 1962 “ſonnage unique. J'ai toujours le même
159 1958 3261 2173 deſir; & je vous prie de m'aider pour
163 2159 3266 2376 l'exécution du projet, que j'ai formé
155 2360 1371 2561 “à ce ſujet.
155 2569 3257 2779 “La ſuperbe figure de ce jeune-
142 2765 3282 2979 “homme, dont j'ai vu le portrait, nous
171 2966 3245 3184 “ſera fort utile, pour nous procurer,
175 3179 3344 3389 “en France, & dans toute l'Europe,
175 3372 3258 3586 “des appuis & des correſpondans. Son
159 3581 3258 3790 “eſprit brillant & enchanteur, que je
163 3766 3249 4005 “connois par tant de vers charmans,
167 3983 3262 4196 “que j'ai vus de lui, ſon eſprit, dis-
159 4184 3258 4381 je, enſorcellera tout le monde en
171 4389 3262 4602 notre faveur, & nous fera des parti-
183 4589 3253 4796 “ſans, & même des enthouſiaſtes. Je
167 4786 3262 5013 “veux abſolument me l'attacher, à quel-
187 4995 3249 5213 que prix que ce ſoit. J'ai cherché quel
179 5196 3249 5421 titre & quel emploi je pouvois lui
187 5397 3249 5619 donner, & je n'ai vu rien qui pût
187 5610 3249 5799 convenir à un homme de ce mérite &
183 5803 3249 6024 de ce ſang, que d'être un ſecond
187 6012 3245 6228 moi-même. Oui, j'en veux faire mon
52 6208 3237 6438 Coadjuteur, & mon ſurvivancier.
187 6409 3249 6643 “Tâchez d'obtenir, de lui, qu'il agrée
