4266 8081
1586 538 2094 769 (.
304 804 3374 1031 “noraire pour la faveur qu'il nous fera
58 1014 3374 1209 “d'être l'un des nôtres. Je ſais qu'il eſt
309 1213 3383 1413 “riche; mais cent mille francs de plus
173 1412 3389 1621 “par an, ne peuvent nuire à un jeune-
304 1601 3382 1809 “homme. Je ſuis sûr qu'il s'en fera hon-
308 1803 3401 2002 “neur, & qu'il en jouira noblement. C'eſt
312 1997 3385 2201 “tout ce que je puis faire, pour le
308 2192 3393 2398 “préſent; mais, par la ſuite, je me
312 2390 3401 2589 “promets de le traiter beaucoup mieux.
96 2588 3393 2783 “Faite - lui mes offres, mon cher ami,
94 2782 3401 2985 “& recevez mes ordres de lui compter
320 2981 3397 3186 “régulièrement cet honoraire, s'il
324 3179 3393 3374 “daigne l'accepter. Je vous envoie auſſi
328 3365 3397 3572 “ſes patentes toutes dreſſées; s'il con-
324 3560 3401 3767 “ſent, vous raſſemblerez quelques Pré-
332 3766 3397 3957 “lats in partibus, comme nous, & vous
126 3956 3397 4156 “ferez recevoir mon Coadjuteur, avec
328 4152 3405 4353 “toutes les cérémonies ſecrettes qui
328 4349 3405 4547 “conviendront. Le Pape me promet de
332 4535 3397 4756 “m'élever, par la ſuite, au Patriarchat,
344 4737 3405 4948 “dont mon ſucceſſeur héritera. Le petit
340 4932 3401 5140 “Céſar ſera donc, par la ſuite, le plus
161 5134 3397 5339 “joli Patriarche, qui ait jamais exiſté. Il
149 5332 3397 5532 “aura auſſi le Chapeau; car Sa Sainteté,
372 5523 3397 5729 “dit-on, en a un pour moi, in petto.
372 5725 3405 5926 “Tâchez, mon cher Abbé, de venir à
364 5919 3405 6130 “bout de cette négociation, & recevez,
237 6117 3417 6318 “ainſi que le petit Céſar, ma bénédic-
268 6312 1922 6514 “tion apoſtolique.“
701 6514 1510 6665 Tome Ii.
