4266 7898
1485 727 1989 904 ii
1570 1439 1978 1581 Suite.
130 1846 3273 2047 es bonnes fortunes me pleuvent,
288 2046 3269 2237 mon cher ami. Il m'en eſt encore ſur-
291 2230 3273 2430 venu une nouvelle ſemblable à la pré-
295 2423 3273 2621 cédente, & encore plus conſidérable.
299 2615 3273 2811 C'eſt vraiment du ſérieux. Un Seigneur,
299 2804 3277 3014 un Ambaſſadeur extraordinaire eſt venu,
307 2996 3281 3192 dans un ſuperbe équipage, pour voir
311 3184 3289 3377 ton ami Céſar. „Monſieur, m'a-t-il dit,
311 3373 3285 3577 “pardonnez-moi la liberté que je prends.
180 3561 3300 3766 “Je viens vous préſenter mes reſpects,
180 3758 3281 3954 “de la part de S. M. le Roi de Pruſſe,
311 3946 3281 4155 “mon maître, & de Son Excellence
310 4135 3289 4339 “Monſieur le Baron de L ſon prin-
314 4329 3292 4537 “cipal Miniſtre. Voici ce que m'écrit
326 4519 3292 4724 “Son Excellence.“ Et il m'a preſenté
334 4708 2808 4916 ſa lettre, dont je joins ici copie.
2505 6486 2832 6687 H
