4266 7985
2316 629 2786 812 i.
1029 858 4013 1060 “une tête couronnée. Qu'il ſache que
1033 1059 4021 1259 “je veux qu'il ſoit regardé comme un
1036 1254 4025 1449 “ſecond moi - même, que ſes ſtatues
1017 1448 4013 1648 “ſoient jointes avec les miennes, &
1036 1647 4013 1844 “qu'on jure par Céſar, comme par
1032 1837 4017 2024 “Frédéric. Ce jeune-homme doit aimer
1040 2035 4017 2231 “la gloire. C'eſt preſque tout ce que
1036 2225 4013 2428 “je peux lui offrir pour le préſent. L'in-
1009 2416 4013 2622 “térêt doit avoir peu d'empire ſur ſon
1032 2618 4017 2813 “cœur, ainſi je penſe qu'il ſe conten-
1040 2808 4017 3003 “tera du petit revenu que je lui fixerai,
1040 3003 4009 3198 “quelque modique qu'il ſoit; car il ne
1036 3193 4009 3393 “ſera d'abord que de deux cents mille
1036 3387 4017 3591 “francs de penſion. Faites-lui paſſer ſes
1044 3586 4009 3781 “patentes toutes prêtes, & qu'il entre
1037 3781 4017 3979 “en exercice, du moment qu'il aura
1037 3974 2000 4179 “conſenti.“
1231 4172 4017 4371 “Voilà, Monſieur, ce que m'a dit
1029 4363 4009 4563 “le Roi; je vous rapporte fidèlement
1033 4557 4002 4712 “ſon diſcours. Vous devez ſentir de
1025 4747 3994 4959 “quelle importance il eſt de gagner M.
1013 4942 3994 5148 “Céſar de Perlencour. Ne négligez rien,
1033 5136 3994 5334 “pour cela, je vous prie. Je vous en-
1021 5326 3990 5536 “voie ſes patentes. S'il accepte, faites-
799 5521 3986 5727 “lui compter, ſur-le-champ, une année
1032 5711 3986 5924 “de ſa penſion. Réglez, avec lui, le
1029 5913 3990 6123 “titre qu'il prendra, & l'équipage ana-
1025 6096 3990 6302 “logue qu'il y joindra. Je crois que le
1021 6295 4002 6469 “nom de Prince-Miniſtre extraordinaire
