4266 8053
1675 680 2367 922 j
369 900 3440 1073 “du Roi de Pruſſe lui conviendroit
366 1101 3437 1278 “aſſez. Je remets cette affaire à votre
361 1316 3444 1517 “prudence, en vous aſſurant que vous
361 1513 3448 1715 “ferez, en cela, la choſe la plus agréable
357 1709 3440 1902 “à Sa Majeſté. J'ai l'honneur d'être,
362 1923 1435 2076 “&c., &c.
553 2091 3440 2310 Oh! pour cela, mon cher ami, on
357 2291 3436 2449 me caſſe ici le nés avec l'encenſoir. I
199 2500 3440 2700 n'eſt pas poſſible qu'un ſi grand Monarque
223 2663 3440 2898 ſe ſoit exprimé ſi pompeuſement ſur mon
369 2893 3440 3095 compte. En vérité cette lettre-là me con-
357 3078 3436 3287 fond. J'y vois des idées qui ne peuvent
357 3279 3436 3480 appartenir qu'au Roi de Pruſſe. Ce projet
365 3475 3440 3680 d'un empire univerſel ne peut être ima-
349 3680 3432 4074 aileure, cſei i s oerre eu ea s ne
353 4069 3432 4268 tête couronnée, & l'un des plus grands
341 4266 3432 4462 Rois, qui aient jamais exiſté? Enfin j'ai
349 4462 3432 4659 vu des patentes. On va me compter deux
353 4655 3428 4855 cents mille francs, dès que j'aurai con-
361 4844 3428 5048 ſenti. Qu'on m'attrape tous les jours de
193 5049 834 5195 même.
538 5221 3417 5442 J'ai encore demandé du temps pour
372 5441 3424 5595 ce conſentement. Je ſuis bien embarraſſé.
306 5638 3428 5843 Quel intérêt a-t-on à me faire de pareilles
376 5827 3416 6040 offres, ou à me jouer des tours ſi ſin-
373 6027 3416 6232 gulièrement imaginés? On parle de mes
376 6220 3416 6427 plans de Gouvernement. Je ne les ai mon-
384 6421 3413 6633 trés à aucun particulier. Je n'ai fait que
2552 6630 2922 6772 Hiv
