4266 8169
1015 874 4265 1091 les envoyer à la Cour. Il faut donc qu'on
1039 1087 4266 1301 s'en ſoit entretenu dans le Conſeil, que
1035 1286 4266 1492 le Roi de Pruſſe y ait des intelligences,
1043 1483 4267 1691 & que ſes agens les lui aient fait paſſer.
1003 1681 4267 1893 Voilà pourtant du poſitif. Je m'y perds.
1031 1880 4268 2104 Vois, mon ami, conſeille moi. Je ſuis
1047 2089 3251 2292 dans le plus grand embarras.
2475 2734 2895 2872 Suite.
1043 3079 4270 3321 'aneé Aſtuzzi eſt venu me demander
1055 3303 4271 3510 réponſe; il a rencontré hier, chez moi,
1047 3502 4271 3704 M. le Baron de R**. „Ah, ah! m'a-t-il
683 3701 4272 3901 “dit, vous traitez avec le Roi de Pruſſe.
1050 3898 4272 4095 “J'ai vu hier ſortir, de chez vous, ſon
1042 4095 4272 4294 “Ambaſſadeur extraordinaire; j'entends
1035 4290 4273 4513 “dire, ſourdement d'ailleurs, qu'il y
1043 4497 4273 4690 “a une négociation entamée avec vous.
1050 4685 4274 4889 “On en parla hier chez le Roi.“ Qu'en
1055 4882 4274 5082 dis - tu, mon ami? Voilà pourtant un
1047 5079 4275 5489 ai uananaeut i ue d e e e ee
1047 5481 4275 5681 ce n'eſt donc pas un tour qu'on me joue.
1250 5671 4276 5888 J'ai revu auſſi cet Ambaſſadeur. „Hé
1050 5867 4276 6086 “bien, m'a-t-il dit, vous devez être
1051 6063 4277 6286 “Patriarche de Babylone. Je l'ai entendu
1043 6260 4277 6506 “dire hier chez la Reine, & j'ai vu
1047 6468 4278 6699 “ſortir de chez vous M. l'Abbé Aſtuzzi,
