4266 8128
1800 540 2288 735 i.
512 772 3571 993 “Agent de l'Evêque qui occupe ce ſiège.“
499 988 3579 1187 -- „Vous croyez donc, ai-je dit, que
503 1183 3579 1425 “ce n'eſt pas un tour qu'on me joue.“
507 1385 3606 1584 --„Non sûrement, m'a-t-il répondu,
507 1580 3594 1784 “je puis bien vous le cautionner.“ --
468 1784 3587 1984 „Mais, ai - je répris, ce Patriarchat
507 1977 3583 2180 “pourra - t - il être compatible avec le
519 2172 3590 2379 “miniſtère de Sa Majeſté le Roi de
273 2374 3594 2578 “Pruſſe?“ -- „Très-compatible, a-t-il
273 2572 3904 2777 “répondu. Au contraire, il ſera bon
503 2772 3586 2971 “que vous ayez pluſieurs états, & le
499 2974 3590 3170 “plus ſaint de tous ne pourra que vous
495 3161 3590 3362 “donner plus de facilités pour ſervir Sa
496 3363 1450 3552 “Majeſté.“
694 3537 3575 3760 De ſon côté, M. l'Abbé Aſtuzzi a
273 3753 3575 3955 trouvé pareillement que les deux miniſ-
281 3952 3567 4151 tères étoient compatibles, & que celui,
495 4146 3579 4346 dont me chargeoit le Roi de Pruſſe, me
499 4345 3582 4546 donneroit plus de moyens, pour procurer
495 4540 3586 4747 des reſſources à l'Evêché de Babylone. Il
492 4738 3586 4945 ſera donc plaiſant, mon ami, que je ſois
146 4937 3579 5132 d'un côté Miniſtre d'Etat, & Général;
507 5136 3710 5337 & de l'autre Patriarche; que je donne
511 5330 3586 5535 des bénédictions & des coups de ſabre;
519 5529 3582 5731 que je réuniſſe le gouvernail, l'épée &
512 5731 3590 5929 l'encenſoir. Voyant que ces Meſſieurs
515 5926 3590 6130 m'atteſtoient, l'un par l'autre, la réalité
519 6121 3587 6321 de leur miſſion, & qu'ils trouvoient com-
519 6319 3575 6526 patibles les différentes fonctions qu'ils
2674 6527 2996 6674 Hy
