4266 8409
716 864 3949 1084 me propoſoient, j'ai cru voir que ce
711 1074 3953 1288 n'étoit pas un tour qu'on me jouoit; que
715 1280 3957 1699 iie aerotd euenemee a aecppe
728 1692 3928 1902 On m'a remis, de part & d'autre, les
728 1900 3928 2124 patentes en bonne forme. On va me
711 2103 3949 2322 compter deux cents mille francs d'un
711 2313 3957 2521 côté, cent mille de l'autre; & me voilà
724 2515 3936 2726 Prince - Miniſtre extraordinaire du Roi
724 2725 3940 2927 de Pruſſe, & Co - adjuteur de l'Evêque
720 2931 3957 3139 de Babylone. Je vais monter une maiſon
724 3135 3936 3343 conforme à mes nouvelles dignités. On
736 3339 3949 3537 m'a donné un cordon de Pruſſe; on doit
736 3545 3953 3785 y joindre le grand habit de l'Ordre. On
724 3752 3941 3966 m'a préſenté auſſi une croix pectorale
736 3957 3932 4220 d'Evêque, avec les habits de Prélat. Je
732 4163 3936 4374 vais etre reçu ſolemnellement; mais à
732 4373 3928 4577 huis clos, dans mes deux qualités. Nous
728 4574 3949 4786 formons les préparatifs. Adieu, mon
724 4776 3924 4984 bon ami; je t'envoie de l'eau-bénite de
736 4981 3965 5197 Cour, avec ma bénédiction apoſtolique.
868 5754 3796 5973 Le Chevalier Marqué, à Frédégonde.
739 6210 3928 6457 uelous fort que fût l'hameçon,
728 6440 3899 6665 le petit bon-homme a ſu l'avaler, ma
703 6646 3932 6827 Melle ame damnée. Le voilà d'un côté
