4266 8017
1696 423 2425 670 i
411 668 3508 836 Prince - Miniſtre extraordinaire du Roi
399 867 3489 1068 de Pruſſe; de l'autre, Coadjuteur de
396 1065 3520 1273 l'Evêque de Babylone. Il a eu la bonté
392 1268 3497 1474 d'accepter des deux parts. Il a héſité pen-
391 1470 3496 1671 dant quelque temps; il s'eſt douté que
399 1668 3504 1874 ce pouvoit être un tour qu'on lui jouoit;
395 1867 3496 2063 mais les deux Agens lui ont atteſté ré-
169 2061 3489 2259 ciproquement la réalité du caractère l'un
387 2255 3493 2458 de l'autre. Ce ſont des gens croyables;
387 2453 3505 2656 l'un eſt le laquais d'un Ambaſſadeur;
387 2648 3484 2857 l'autre celui d'un Abbé. Or, comme on
380 2846 3485 3057 dit, tel maître, tel valet; il n'y a donc
383 3044 3493 3259 pas grande différence de leur état réel,
384 3238 3493 3438 à celui dont ils ſe parent. On va faire
146 3437 3492 3647 les deux réceptions. J'arrange tout pour
384 3635 3493 3838 cela. Il faut que le petit bon-homme les
376 3829 3493 4032 paye. Il a environ mille écus. Il faut
384 4024 3497 4241 qu'il faſſe ſes généroſités aux gens des
384 4226 3473 4436 deux Miniſtres Eccléſiaſtique & Politique;
376 4420 3493 4635 les mille écus y paſſeront. Il compte en
376 4618 3489 4833 recevoir cent mille. Il va jeter l'argent,
376 4809 3500 4995 nous le rameſſerons, & nous lui ferons
376 5005 1914 5215 ainſi payer la fête.
574 5213 3623 5410 J'ai beaucoup fait rire le Comte de
372 5408 3505 5602 Rouéville, en lui racontant tous les
380 5598 3497 5792 détails que je tiens des deux valets-mi-
383 5800 3508 6027 niſtres. Il doit nous donner auſſi mille
387 5998 3508 6209 écus pour les frais de la myſtification.
403 6197 2906 6411 Ceux-là, nous les empocherons.
2518 6419 2902 6605 H vi
