4266 8255
2028 380 2515 568 i.
881 616 3841 831 Adieu, ma belle Scélérate; je te ré-
673 828 3841 1038 ſerverai une petite tribune, d'où tu verras
668 1032 3433 1236 les cérémonies des deux réceptions.
886 1920 3654 2123 Céſar de Perlencour, à Dumoulin.
673 2269 829 2392 L
665 2400 3837 2609 J'ai eſſuyé, mon cher ami, les céré-
660 2608 3837 2821 monies des deux réceptions. Je ne te les
660 2812 3845 3016 raconterai qu'en gros. Cela n'eſt pas plus
656 3012 3833 3222 amuſant dans le récit que dans la réalité.
656 3217 3845 3422 C'eſt le Comte de Rouéville qui a prêté
660 3420 3845 3625 ſon hôtel pour les deux cérémonies. La
660 3625 3845 3831 première a été adminiſtrée par des Evêques
660 3829 3837 4033 qui m'ont impoſé les mains, & m'ont
656 4029 3845 4233 conféré tous les Ordres eccléſiaſtiques. Je
640 4233 3845 4442 ne connois point tous ces Meſſieurs; il
644 4437 3845 4638 y en avoit quelques-uns qui avoient l'air
640 4633 3833 4843 de grands bandits, malgré la ſainteté de
644 4837 3833 5045 leur miniſtère. Revêtus d'habits pontifi-
648 5040 3825 5242 caux, j'ai donné ma bénédiction ſolem-
636 5250 3825 5452 nelle; on l'a reçue, je crois, en ſou-
628 5450 3837 5659 riant un peu. Dans la ſeconde réception,
640 5654 3821 5860 des Seigneurs que je ne connois point,
628 5858 3821 6058 & dont quelques-uns avoient même une
632 6062 3821 6307 figure aſſez plate, m'ont fait eſſuyer des
624 6266 3817 6491 cerémonies aſſez ennuyeuſes. On m'a
