4266 8141
2256 511 2746 700 (
939 733 4265 956 myſtères, de me faire voir de grandes
940 944 4266 1157 merveilles. On doit me conduire chez
947 1134 4266 1353 un certain Comte Caglioſtro, qui eſt
959 1348 4267 1549 Grand-Roſe-Croix, & chez un Docteur
947 1548 4267 1748 Meſmer, qui a de grandes vertus dans
939 1746 4267 1946 ſes attouchemens. Je crains bien que ce
816 1946 4268 2144 ne ſoient des Charlatans. Au reſte, je
951 2144 4268 2353 démaſque aſſez les fourbes. Je poſsède
939 2343 4269 2561 un peu de phyſique, & je ne ſuis pas
951 2552 1536 2701 crédule.
1136 3267 3862 3463 Frédégonde, au Chevalier Marqué.
950 3711 4272 3958 u ne te tires pas mal du tour que nous
940 3936 4272 4146 jouons au petit bon-homme; tu n'es pas
943 4137 4273 4342 ſi bête qu'on le croit. Tu as aſſez drôle-
939 4331 4273 4544 ment choiſi tes gens. Pluſieurs avoient
943 4534 4274 4759 un peu la figure patibulaire. C'eſt une
944 4740 4274 4949 indigne profanation que de faire jouer,
948 4934 4274 5141 à de pareils poliſſons, des rôles ſi reſ-
939 5120 4275 5342 pectables. Au reſte, le petit ſot n'eſt pas
947 5330 4275 5544 encore détrompé. Il faut qu'il ſoit né
935 5534 4276 5748 avec un grand fond de crédulité, & ſur-
940 5682 4276 5943 tout d'amour-propre. La haute idée qu'il
935 5925 4276 6148 a de ſa petite perſonne, lui faire croire
935 6126 4277 6348 à la lettre toutes les abſurdités dont nous
931 6324 4277 6555 l'avons bercé. Au reſte, puiſqu'il a dé-
