4266 8201
1472 542 1958 732 .
185 779 3328 994 penſé tout ſon argent, il ne faut plus
11 982 3311 1192 tant le myſtifier. Il ne faudra donc plus
11 1188 3319 1391 guères que lui montrer les Charlatans
11 1386 3332 1594 dont tu m'as parlé. On lui fera croire
11 1588 3319 1794 qu'on le rend inviſible, &, on lui jouera
24 1791 3324 1993 encore quelque niches puériles de cette
88 1989 3315 2196 eſpèce; enſuite nous l'épargnerons, parce
165 2191 3327 2397 qu'il n'y aura plus rien à gagner pour
11 2393 3311 2596 nous. Il ne faut faire le mal que quand
177 2589 3894 2814 il peut nous être utile; voilà de la mo-
177 2793 1633 2992 rale, qu'en dis-tu?
412 3579 3094 3769 Céſar de Perlencour, à Dumoulin.
190 3911 340 4034 L
177 4039 3340 4262 Je ſuis toujours dans les merveilles, mon
177 4245 3348 4463 cher ami; mais je commence à m'en
169 4444 3340 4658 laſſer. J'ai vu un certain Comte Caglioſ-
177 4654 3340 4866 tro, dont je t'ai parlé. Son valet lui
181 4852 3348 5063 donne pluſieurs ſiècles; il ne paroît pas
193 5062 3348 5265 en avoir la moitié d'un. Il poſsède, dit-
189 5260 3364 5439 on, le remède univerſel, la médecine
48 5459 3356 5671 des anciens Egyptiens. Je ne ſuis point
185 5661 3360 5870 malade; cela ne me tente point. Il pré-
189 5859 3372 6071 tend, ſelon ſes gens, évoquer les vivans
205 6061 3356 6270 & les morts, comme il lui plaît. Je l'ai
201 6263 3424 6470 prié de me faire apparoître une très-jolie
55 6466 3372 6672 flle, que je lui ai nommée, & qui eſt
