<PcGts xmlns="http://schema.primaresearch.org/PAGE/gts/pagecontent/2017-07-15" xmlns:xsi="http://www.w3.org/2001/XMLSchema-instance" xsi:schemaLocation="http://schema.primaresearch.org/PAGE/gts/pagecontent/2017-07-15 http://schema.primaresearch.org/PAGE/gts/pagecontent/2017-07-15/pagecontent.xsd"><Metadata><Creator>User123</Creator><Created>2020-10-17T17:12:57</Created><LastChange>2020-10-17T17:12:57</LastChange></Metadata><Page imageFilename="0193.png" imageHeight="8087" imageWidth="4266"><TextRegion id="r0" type="paragraph" orientation="-0.0"><Coords points="1,1 4264,1 4264,8085 1,8085"/><TextLine id="r0_l001"><Coords points="2330,477 2811,477 2811,664 2330,664"/><TextEquiv index="1"><Unicode>(Sar</Unicode></TextEquiv></TextLine><TextLine id="r0_l002"><Coords points="1398,922 1397,922 1397,871 1397,870 1055,870 1053,869 1053,868 1052,866 1051,866 1049,865 1049,864 1048,862 1047,862 1045,861 1045,860 1044,858 1043,858 1042,858 1041,857 1041,856 1040,854 1039,854 1037,853 1037,780 1039,778 1044,778 1045,777 1045,772 1047,770 1052,770 1053,769 1053,768 1055,766 1176,766 1176,766 1176,729 1177,728 1177,727 852,727 850,726 850,725 848,722 847,722 846,722 846,713 845,711 844,711 842,710 842,701 844,699 845,699 847,697 850,697 850,698 850,702 852,703 853,703 854,705 854,706 856,707 857,707 858,709 858,714 858,714 857,714 854,717 854,719 855,719 3040,719 3041,718 3041,717 3043,715 3136,715 3136,716 3136,719 3137,719 4031,719 4031,720 4031,782 4032,782 4081,782 4083,785 4083,786 4084,786 4085,786 4087,789 4087,797 4086,798 4085,798 4083,800 4083,801 4082,802 4081,802 4079,804 4079,845 4078,846 4077,846 4075,848 4075,865 4074,866 4073,866 4071,868 4071,869 4070,870 3666,870 3665,871 3665,909 3665,909 3664,909 3663,910 3661,912 3661,913 3660,914 3657,912 3657,911 3657,910 3640,910 3637,908 3637,907 3637,906 3636,906 3633,904 3633,863 3633,862 1933,862 1932,863 1932,864 1930,866 1405,866 1404,867 1404,922 1404,922"/><TextEquiv index="1"><Unicode>très - connue dans Paris. Il m'a promis</Unicode></TextEquiv></TextLine><TextLine id="r0_l003"><Coords points="1332,1122 1331,1122 1331,1066 1331,1065 1300,1065 1299,1066 1299,1116 1299,1116 1298,1116 1295,1119 1295,1120 1295,1120 1269,1120 1268,1120 1268,1119 1266,1116 1265,1116 1264,1116 1264,1115 1262,1112 1261,1112 1260,1112 1260,1111 1259,1110 1259,1066 1259,1065 1099,1065 1096,1063 1096,1062 1096,1061 1055,1061 1053,1060 1053,1059 1052,1057 1047,1057 1045,1056 1045,1051 1044,1049 1043,1049 1042,1048 1041,1048 1041,1047 1040,1045 1039,1045 1037,1044 1037,1043 1036,1041 1035,1041 1033,1040 1033,1011 1035,1009 1036,1009 1037,1008 1037,1007 1039,1005 1040,1005 1041,1004 1041,999 1043,997 1048,997 1049,996 1049,991 1051,989 1060,989 1061,988 1061,987 1063,985 1084,985 1084,985 1084,933 1085,932 1085,931 1086,930 1087,930 1089,928 1089,927 1090,926 1091,926 1092,925 1106,925 1107,926 1108,926 1108,927 1108,928 1111,930 1112,930 1112,931 1112,932 1114,933 1150,933 1151,934 1152,934 1152,935 1152,936 1155,938 1156,938 1156,939 1156,944 1159,946 1160,946 1160,947 1160,981 1161,981 1379,981 1379,981 1379,967 1381,965 1382,965 1383,964 1383,959 1385,957 1386,957 1387,956 1387,955 1389,953 1390,953 1391,952 1391,943 1393,941 1394,941 1395,940 1395,923 1396,922 1404,922 1405,921 1407,924 1407,925 1408,925 1409,925 1411,928 1411,929 1412,929 1413,929 1415,932 1415,981 1416,981 1533,981 1534,980 1534,979 1536,977 1724,977 1725,976 1725,975 1727,973 1747,973 1749,976 1749,977 1750,977 2067,977 2067,977 2067,931 2069,929 2070,929 2071,928 2071,927 2072,926 2073,926 2073,926 2075,924 2075,923 2076,922 2077,922 2078,921 2088,921 2089,922 2090,922 2091,924 2091,929 2092,929 2093,929 2095,932 2095,973 2096,973 2337,973 2337,973 2337,928 2340,925 2341,925 2341,925 2341,924 2344,921 2348,921 2349,920 2349,919 2350,918 2353,918 2353,919 2353,920 2355,921 2359,921 2360,922 2361,922 2361,923 2361,973 2362,973 2431,973 2433,976 2433,977 2434,977 2439,977 2441,980 2441,981 2442,981 2443,981 2445,984 2445,989 2446,989 2447,989 2449,992 2449,993 2450,993 2451,993 2453,996 2453,1029 2454,1029 2631,1029 2631,1029 2631,1020 2632,1019 2632,1018 2633,1017 2634,1017 2635,1016 2635,1000 2636,999 2636,998 2637,997 2638,997 2648,987 2648,986 2649,985 2651,985 2651,985 2651,956 2654,953 2655,953 2655,953 2655,952 2658,949 2659,949 2659,949 2659,948 2662,945 2663,945 2663,945 2663,944 2666,941 2667,941 2667,941 2667,940 2670,937 2683,937 2683,937 2683,936 2686,933 2689,933 2690,934 2691,934 2691,935 2691,936 2693,937 2701,937 2706,942 2707,942 2707,943 2707,969 2708,969 2853,969 2854,971 2854,972 2856,973 2981,973 2981,973 2981,928 2984,925 2985,925 2985,925 2985,924 2988,921 3003,921 3004,922 3005,922 3005,923 3005,924 3008,926 3009,926 3009,927 3009,928 3012,930 3013,930 3013,931 3013,973 3014,973 3060,973 3061,972 3061,971 3063,969 3204,969 3204,969 3204,923 3205,922 3206,922 3211,917 3229,917 3230,918 3231,918 3232,920 3232,925 3233,925 3234,925 3236,928 3236,969 3237,969 3570,969 3570,969 3570,955 3572,953 3573,953 3574,952 3574,939 3575,938 3576,938 3578,936 3578,935 3579,934 3580,934 3582,932 3582,923 3583,922 3584,922 3586,920 3586,919 3587,918 3588,918 3589,917 3591,917 3592,918 3593,918 3594,920 3594,921 3595,921 3596,921 3598,924 3598,969 3599,969 3692,969 3693,971 3693,972 3695,973 3987,973 3987,973 3987,932 3990,929 3991,929 3991,929 3991,928 3994,925 3997,925 3998,926 3999,926 3999,927 3999,928 4002,930 4003,930 4003,931 4003,981 4004,981 4062,981 4063,983 4063,984 4065,985 4066,985 4067,987 4067,988 4069,989 4074,989 4075,991 4075,1004 4077,1005 4078,1005 4079,1007 4079,1008 4079,1008 4078,1009 4077,1009 4075,1011 4075,1052 4075,1052 4074,1052 4065,1061 4061,1061 4059,1063 4059,1064 4059,1064 4058,1064 4057,1065 4042,1065 4041,1064 4040,1064 4039,1064 4039,1063 4038,1061 3926,1061 3924,1060 3924,1059 3923,1057 3706,1057 3705,1058 3705,1108 3705,1108 3703,1108 3702,1109 3685,1109 3684,1108 3683,1108 3681,1107 3681,1106 3681,1105 3680,1105 3677,1103 3677,1054 3677,1053 3082,1053 3081,1054 3081,1055 3079,1057 3035,1057 3033,1056 3033,1055 3032,1053 2894,1053 2893,1054 2893,1114 2893,1114 2883,1114 2882,1114 2882,1054 2882,1053 2756,1053 2755,1054 2755,1055 2753,1057 2729,1057 2728,1056 2553,1056 2552,1057 2552,1071 2542,1081 2541,1081 2540,1082 2540,1088 2540,1088 2539,1088 2538,1089 2533,1089 2532,1090 2532,1091 2530,1093 2523,1093 2518,1088 2517,1088 2516,1088 2516,1062 2516,1061 2411,1061 2409,1060 2409,1059 2408,1057 2167,1057 2166,1058 2166,1060 2165,1061 1806,1061 1804,1063 1804,1064 1803,1065 1795,1065 1792,1063 1792,1062 1792,1061 1613,1061 1552,1061 1548,1065 1340,1065 1339,1066 1339,1122 1339,1122"/><TextEquiv index="1"><Unicode>d'opérer ce miracle, &amp; m'a donné parole</Unicode></TextEquiv></TextLine><TextLine id="r0_l004"><Coords points="1059,1328 1058,1328 1058,1265 1058,1264 1048,1264 1047,1263 1046,1263 1045,1263 1045,1262 1043,1259 1042,1259 1041,1259 1041,1258 1039,1255 1038,1255 1037,1255 1037,1246 1035,1243 1034,1243 1033,1243 1033,1198 1035,1196 1036,1196 1037,1195 1037,1194 1039,1192 1040,1192 1041,1191 1041,1190 1043,1188 1048,1188 1049,1187 1049,1186 1051,1184 1052,1184 1052,1184 1053,1183 1053,1182 1055,1180 1060,1180 1060,1180 1060,1179 1063,1176 1311,1176 1311,1176 1311,1134 1313,1132 1314,1132 1322,1124 1330,1124 1332,1122 1339,1122 1342,1125 1343,1125 1343,1126 1343,1176 1344,1176 1581,1176 1581,1176 1581,1128 1582,1127 1582,1126 1584,1124 1589,1124 1589,1124 1589,1123 1592,1120 1604,1120 1606,1123 1606,1176 1607,1176 1935,1176 1935,1176 1935,1131 1938,1128 1939,1128 1939,1128 1939,1123 1942,1120 1950,1120 1952,1123 1952,1124 1953,1124 1954,1124 1955,1126 1955,1127 1956,1127 1957,1128 1958,1128 1959,1130 1959,1175 1961,1176 2210,1176 2210,1176 2210,1122 2212,1120 2233,1120 2234,1119 2234,1118 2236,1116 2264,1116 2266,1119 2266,1120 2267,1120 2272,1120 2274,1123 2274,1168 2275,1168 2328,1168 2330,1171 2330,1172 2331,1172 2340,1172 2341,1174 2341,1175 2343,1176 2611,1176 2611,1176 2611,1175 2612,1174 2612,1173 2613,1172 2722,1172 2723,1171 2723,1170 2724,1169 2725,1168 2726,1168 2727,1167 2727,1158 2729,1156 2730,1156 2731,1155 2731,1146 2733,1144 2734,1144 2735,1143 2735,1134 2737,1132 2742,1132 2742,1132 2743,1131 2743,1126 2745,1124 2746,1124 2746,1124 2747,1123 2747,1122 2749,1120 2750,1120 2751,1119 2751,1118 2753,1116 2770,1116 2771,1115 2771,1114 2773,1112 2781,1112 2783,1114 2894,1114 2894,1115 2894,1116 2895,1116 2896,1116 2898,1119 2898,1120 2899,1120 2900,1120 2902,1123 2902,1168 2903,1168 3319,1168 3319,1168 3319,1119 3322,1116 3327,1116 3327,1116 3327,1115 3330,1112 3338,1112 3339,1114 3339,1115 3341,1116 3342,1117 3343,1117 3343,1118 3343,1127 3345,1128 3350,1128 3351,1130 3351,1168 3352,1168 3605,1168 3605,1168 3605,1120 3606,1119 3606,1118 3608,1116 3617,1116 3617,1116 3617,1115 3620,1112 3624,1112 3626,1115 3626,1116 3627,1116 3628,1116 3629,1118 3629,1119 3630,1120 3630,1168 3631,1168 3932,1168 3932,1168 3932,1134 3934,1132 3935,1132 3936,1131 3936,1126 3938,1124 3939,1124 3940,1123 3940,1122 3942,1120 3958,1120 3960,1123 3960,1128 3961,1128 4077,1128 4083,1135 4083,1248 4084,1248 4086,1248 4087,1250 4087,1254 4085,1256 4084,1256 4083,1257 4083,1258 4081,1260 4076,1260 4075,1261 4075,1263 4075,1263 4072,1263 4071,1263 4071,1262 4070,1260 4026,1260 4025,1259 3993,1259 3991,1258 3991,1257 3991,1256 3934,1256 3932,1255 3932,1254 3931,1252 3738,1252 3737,1253 3737,1254 3735,1256 3732,1256 3731,1255 3730,1255 3729,1255 3729,1254 3728,1252 3526,1252 3525,1253 3525,1312 3525,1312 3512,1312 3511,1312 3511,1253 3511,1252 3428,1252 3427,1253 3427,1254 3425,1256 2840,1256 2838,1258 2838,1259 2838,1259 2837,1259 2836,1260 2833,1260 2830,1258 2830,1257 2830,1256 2327,1256 2325,1258 2325,1259 2325,1259 2324,1259 2323,1260 2239,1260 2238,1261 2238,1262 2236,1264 2231,1264 2230,1265 2230,1266 2228,1268 2205,1268 2204,1267 2203,1267 2202,1267 2202,1266 2200,1263 2199,1263 2198,1263 2198,1261 2198,1260 1671,1260 1669,1262 1669,1263 1669,1263 1668,1263 1667,1264 1652,1264 1649,1262 1649,1261 1649,1260 1094,1260 1093,1261 1093,1262 1092,1263 1091,1263 1090,1264 1082,1264 1081,1265 1081,1327 1081,1327 1065,1327 1064,1328"/><TextEquiv index="1"><Unicode>au lendemain. Je me ſuis rendu chez lui</Unicode></TextEquiv></TextLine><TextLine id="r0_l005"><Coords points="3333,1494 3331,1493 3331,1451 3331,1450 3141,1450 3140,1451 3022,1451 3021,1452 3021,1457 3019,1459 3018,1459 3017,1460 3017,1465 3015,1467 3014,1467 3013,1468 3013,1474 3013,1474 3007,1474 3006,1475 3006,1476 3004,1478 2999,1478 2998,1479 2998,1480 2992,1486 2979,1486 2977,1485 2977,1456 2977,1455 2882,1455 2881,1454 2628,1454 2627,1455 2627,1458 2627,1458 2617,1458 2616,1458 2616,1457 2615,1455 2422,1455 2421,1456 2421,1457 2420,1458 2358,1458 2357,1458 2357,1457 2356,1455 2164,1455 2162,1457 2162,1458 2162,1458 2136,1458 2134,1457 2134,1456 2133,1454 1942,1454 1939,1457 1939,1458 1939,1458 1838,1458 1836,1456 1654,1456 1653,1457 1653,1458 1653,1458 1640,1458 1637,1461 1637,1462 1637,1462 1468,1462 1467,1463 1466,1462 1392,1462 1391,1462 1391,1461 1389,1458 1384,1458 1383,1458 1383,1457 1381,1454 1103,1454 1100,1457 1100,1458 1100,1458 1042,1458 1041,1458 1041,1457 1035,1450 1034,1450 1033,1450 1033,1400 1034,1399 1035,1399 1036,1398 1037,1398 1037,1398 1037,1389 1041,1385 1041,1384 1042,1383 1057,1383 1057,1383 1057,1329 1058,1328 1064,1328 1065,1327 1192,1327 1192,1327 1192,1325 1194,1323 1199,1323 1200,1322 1200,1321 1202,1319 1203,1319 1204,1318 1204,1317 1206,1315 1211,1315 1211,1316 1211,1317 1214,1319 1294,1319 1295,1321 1295,1322 1296,1323 1297,1323 1298,1323 1299,1325 1299,1371 1300,1371 1581,1371 1581,1372 1581,1373 1584,1375 1824,1375 1824,1375 1824,1325 1826,1323 1831,1323 1832,1322 1832,1321 1834,1319 1835,1319 1835,1319 1836,1318 1836,1317 1838,1315 1843,1315 1844,1317 1844,1318 1846,1319 1847,1319 1848,1321 1848,1322 1850,1323 1851,1323 1852,1325 1852,1371 1853,1371 2341,1371 2341,1371 2341,1317 2343,1315 2364,1315 2365,1317 2365,1367 2366,1367 2424,1367 2424,1368 2424,1369 2427,1371 2646,1371 2647,1370 2647,1369 2649,1367 2654,1367 2658,1371 2881,1371 2882,1370 2882,1369 2884,1367 2897,1367 2898,1369 2898,1370 2900,1371 2905,1371 2906,1373 2906,1422 2907,1422 3108,1422 3108,1422 3108,1402 3109,1401 3109,1400 3110,1399 3111,1399 3113,1397 3113,1396 3114,1395 3115,1395 3116,1394 3116,1390 3117,1389 3117,1388 3118,1387 3119,1387 3119,1387 3121,1385 3121,1384 3122,1383 3123,1383 3125,1381 3125,1380 3126,1379 3128,1379 3128,1379 3128,1350 3129,1349 3129,1348 3130,1347 3131,1347 3132,1346 3132,1342 3133,1341 3133,1340 3134,1339 3135,1339 3141,1333 3141,1332 3142,1331 3151,1331 3153,1329 3153,1328 3154,1327 3163,1327 3164,1329 3164,1330 3166,1331 3379,1331 3379,1331 3379,1325 3381,1323 3382,1323 3383,1322 3383,1321 3385,1319 3506,1319 3506,1319 3506,1317 3507,1316 3508,1316 3510,1314 3510,1313 3511,1312 3526,1312 3526,1313 3526,1318 3528,1319 3529,1319 3530,1321 3530,1370 3531,1370 3713,1370 3713,1370 3713,1369 3715,1367 3768,1367 3768,1368 3768,1369 3769,1370 3771,1371 3772,1371 3773,1373 3773,1377 3774,1377 3956,1377 3956,1377 3956,1376 3957,1375 3958,1375 3960,1373 3960,1372 3961,1371 3970,1371 3971,1370 3971,1369 3973,1367 3975,1367 3975,1368 3975,1369 3978,1371 4027,1371 4027,1372 4027,1373 4028,1374 4028,1375 4029,1375 4066,1375 4067,1377 4067,1378 4069,1379 4070,1379 4071,1381 4071,1382 4073,1383 4074,1383 4075,1385 4075,1442 4076,1442 4077,1442 4082,1447 4083,1447 4083,1448 4083,1449 4081,1451 4080,1451 4079,1452 4079,1453 4077,1455 4076,1455 4075,1456 4075,1457 4074,1458 3855,1458 3854,1459 3853,1459 3852,1460 3852,1469 3843,1478 3838,1478 3837,1479 3837,1480 3836,1481 3836,1482 3836,1482 3822,1482 3820,1481 3820,1452 3820,1451 3480,1451 3478,1453 3478,1454 3478,1454 3360,1454 3359,1455 3359,1465 3357,1467 3356,1467 3355,1468 3355,1473 3353,1475 3352,1475 3351,1476 3351,1481 3350,1482 3349,1482 3347,1484 3347,1489 3346,1490 3345,1490 3343,1492 3343,1493 3342,1494"/><TextEquiv index="1"><Unicode>à l'heure du rendez-vous, &amp; j'ai vu, en</Unicode></TextEquiv></TextLine><TextLine id="r0_l006"><Coords points="2025,1714 2024,1714 2024,1702 2024,1701 1639,1701 1637,1700 1637,1690 1637,1689 1417,1689 1415,1688 1415,1687 1414,1686 1414,1658 1414,1657 1066,1657 1065,1657 1065,1656 1063,1653 1055,1653 1037,1636 1037,1632 1035,1629 1034,1629 1033,1629 1033,1620 1031,1617 1030,1617 1029,1617 1029,1603 1030,1602 1031,1602 1033,1600 1033,1599 1034,1598 1035,1598 1037,1596 1037,1591 1038,1590 1039,1590 1041,1588 1041,1587 1042,1586 1043,1586 1045,1584 1045,1579 1046,1578 1047,1578 1049,1576 1049,1575 1050,1574 1055,1574 1057,1572 1057,1571 1058,1570 1063,1570 1065,1568 1065,1567 1066,1566 1128,1566 1128,1566 1128,1560 1130,1558 1131,1558 1132,1557 1132,1540 1134,1538 1135,1538 1136,1537 1136,1528 1138,1526 1143,1526 1144,1525 1144,1524 1146,1522 1163,1522 1164,1521 1164,1520 1166,1518 1192,1518 1192,1518 1192,1516 1194,1514 1203,1514 1204,1513 1204,1512 1206,1510 1231,1510 1231,1511 1231,1512 1234,1514 1235,1514 1235,1515 1235,1516 1236,1517 1236,1518 1237,1518 3056,1518 3057,1517 3057,1516 3059,1514 3064,1514 3065,1513 3065,1512 3067,1510 3072,1510 3072,1510 3072,1509 3075,1506 3076,1506 3077,1508 3077,1509 3079,1510 3434,1510 3434,1511 3434,1512 3437,1514 3438,1514 3438,1515 3438,1516 3439,1517 3439,1518 3440,1518 3975,1518 3975,1519 3975,1528 3979,1532 3979,1570 3980,1570 4015,1570 4015,1571 4015,1576 4022,1582 4023,1582 4023,1583 4023,1597 4024,1597 4077,1597 4079,1600 4079,1601 4080,1601 4081,1601 4083,1604 4083,1612 4081,1614 4080,1614 4079,1615 4079,1616 4077,1618 4076,1618 4075,1619 4075,1620 4074,1621 4036,1621 4035,1622 4035,1644 4033,1646 4032,1646 4031,1647 4031,1648 4030,1649 3941,1649 3940,1650 3940,1664 3939,1665 3938,1665 3936,1667 3936,1672 3935,1673 3934,1673 3932,1675 3932,1683 3931,1684 3931,1685 3931,1685 3930,1685 3927,1688 3927,1689 3927,1689 3926,1689 3924,1691 3924,1696 3923,1697 3687,1697 3685,1699 3685,1700 3684,1701 3655,1701 3654,1702 3654,1703 3652,1705 2839,1705 2838,1706 2838,1708 2837,1709 2713,1709 2711,1708 2711,1702 2711,1701 2035,1701 2034,1702 2034,1714 2034,1714"/><TextEquiv index="1"><Unicode>effet, ſortir d'une trappe la fille que j'a-</Unicode></TextEquiv></TextLine><TextLine id="r0_l007"><Coords points="3560,1904 3558,1903 3558,1902 3557,1900 3556,1900 3554,1899 3554,1881 3554,1880 3417,1880 3415,1879 3415,1849 3415,1848 3213,1848 3212,1849 3212,1863 3211,1864 3210,1864 3208,1866 3208,1871 3207,1872 3206,1872 3204,1874 3204,1875 3203,1876 3202,1876 3200,1878 3200,1879 3199,1880 3198,1880 3196,1882 3196,1883 3195,1884 3082,1884 3081,1885 3081,1886 3079,1888 3039,1888 3037,1887 3037,1869 3037,1868 3003,1868 3001,1867 3001,1853 3001,1852 2792,1852 2791,1852 2791,1851 2789,1848 2598,1848 2595,1851 2595,1852 2595,1852 2470,1852 2469,1852 2469,1851 2469,1850 2305,1850 2286,1850 2284,1852 2093,1852 2090,1855 2090,1856 2090,1856 2081,1856 2078,1854 2078,1853 2078,1852 1762,1852 1761,1853 1761,1854 1760,1855 1760,1856 1760,1856 1622,1856 1621,1857 1621,1859 1620,1860 1619,1860 1618,1861 1618,1862 1617,1863 1617,1864 1617,1864 1615,1864 1613,1863 1613,1862 1608,1856 1448,1856 1447,1856 1447,1855 1445,1852 1067,1852 1064,1850 1064,1849 1064,1848 1063,1848 1061,1847 1061,1839 1060,1838 1060,1837 1060,1836 1059,1836 1057,1835 1057,1830 1057,1829 1056,1829 1053,1827 1053,1819 1051,1816 1050,1816 1049,1816 1049,1810 1049,1809 1048,1809 1047,1808 1046,1808 1045,1808 1045,1803 1039,1796 1038,1796 1037,1796 1037,1791 1031,1784 1030,1784 1029,1784 1029,1770 1030,1769 1031,1769 1032,1768 1052,1768 1053,1767 1053,1766 1054,1765 1055,1765 1056,1764 1059,1764 1060,1765 1224,1765 1224,1765 1224,1722 1225,1721 1226,1721 1228,1719 1228,1718 1229,1717 1243,1717 1244,1719 1244,1724 1246,1725 1247,1725 1248,1727 1248,1768 1249,1768 1434,1768 1434,1768 1434,1724 1435,1723 1435,1722 1436,1721 1437,1721 1439,1719 1439,1718 1440,1717 1462,1717 1462,1718 1462,1768 1463,1768 1623,1768 1624,1769 1806,1769 1807,1768 1928,1768 1928,1768 1928,1722 1929,1721 1930,1721 1932,1719 1932,1718 1933,1717 1934,1717 1936,1715 1936,1714 1937,1713 1946,1713 1947,1712 1947,1711 1949,1709 1951,1709 1951,1710 1951,1711 1954,1713 1955,1713 1956,1714 2035,1714 2035,1715 2035,1716 2036,1716 2037,1716 2038,1717 2411,1717 2413,1715 2413,1714 2414,1713 2419,1713 2421,1711 2421,1710 2422,1709 2431,1709 2433,1707 2433,1706 2434,1705 2440,1705 2440,1706 2440,1707 2443,1709 2448,1709 2448,1710 2448,1711 2451,1713 2452,1713 2452,1714 2452,1715 2453,1716 2453,1757 2454,1757 2587,1757 2588,1759 2588,1760 2589,1760 2590,1761 2591,1761 2592,1763 2592,1764 2593,1764 2594,1764 2595,1765 2979,1765 2980,1764 3049,1764 3049,1764 3049,1719 3052,1716 3053,1716 3053,1716 3053,1715 3055,1713 3064,1713 3065,1715 3065,1716 3067,1717 3068,1717 3069,1719 3069,1720 3070,1721 3071,1721 3072,1721 3073,1723 3073,1756 3074,1756 3263,1756 3263,1756 3263,1721 3264,1720 3264,1718 3265,1717 3266,1717 3268,1715 3268,1714 3269,1713 3282,1713 3283,1712 3283,1711 3285,1709 3350,1709 3351,1711 3351,1716 3353,1717 3354,1717 3355,1719 3355,1728 3356,1728 3357,1728 3359,1731 3359,1740 3360,1740 3361,1740 3363,1743 3363,1744 3364,1744 3365,1744 3367,1747 3367,1768 3368,1768 3541,1768 3542,1767 3542,1766 3543,1765 3544,1765 3545,1764 3665,1764 3665,1764 3665,1763 3667,1761 3723,1761 3724,1760 3776,1760 3776,1760 3776,1716 3777,1715 3777,1714 3778,1713 3779,1713 3781,1711 3781,1710 3782,1709 3796,1709 3796,1710 3796,1711 3797,1712 3797,1761 3798,1761 3864,1761 3864,1762 3864,1763 3866,1764 4013,1764 4014,1765 4015,1765 4015,1766 4015,1767 4017,1768 4073,1768 4075,1771 4075,1827 4074,1828 4073,1828 4071,1830 4071,1843 4070,1844 4069,1844 4067,1846 4067,1847 4066,1848 4065,1848 4063,1850 4063,1851 4062,1852 3901,1852 3900,1853 3900,1899 3899,1900 3874,1900 3872,1899 3872,1898 3871,1896 3866,1896 3864,1895 3864,1849 3864,1848 3599,1848 3598,1849 3598,1894 3597,1895 3597,1896 3597,1896 3596,1896 3592,1900 3571,1900 3570,1901 3570,1902 3568,1904"/><TextEquiv index="1"><Unicode>vois demandée. Il ſe trouvoit, là, quelques</Unicode></TextEquiv></TextLine><TextLine id="r0_l008"><Coords points="2438,2108 2437,2108 2437,2048 2437,2047 2297,2047 2255,2047 2254,2048 2254,2049 2252,2051 2139,2051 2138,2052 2138,2102 2138,2102 2137,2102 2136,2103 2101,2103 2099,2102 2099,2101 2098,2099 2097,2099 2095,2098 2095,2097 2094,2096 2094,2084 2094,2083 1914,2083 1912,2082 1912,2081 1912,2080 1911,2079 1910,2079 1908,2078 1908,2060 1908,2059 1838,2059 1836,2058 1836,2057 1835,2055 1504,2055 1502,2054 1502,2053 1501,2051 1369,2051 1230,2051 1228,2053 1228,2054 1227,2055 1137,2055 1136,2056 1136,2102 1136,2102 1135,2102 1134,2103 1101,2103 1100,2104 1100,2108 1100,2108 1070,2108 1069,2108 1069,2048 1069,2047 1023,2047 1021,2046 1021,2037 1023,2035 1024,2035 1025,2034 1025,1973 1027,1971 1028,1971 1028,1971 1029,1970 1029,1969 1030,1968 1031,1968 1033,1966 1033,1965 1035,1963 1040,1963 1041,1962 1041,1945 1042,1944 1043,1944 1045,1942 1045,1937 1046,1936 1047,1936 1049,1934 1049,1933 1050,1932 1051,1932 1053,1930 1053,1925 1054,1924 1055,1924 1057,1922 1057,1921 1058,1920 1063,1920 1065,1918 1065,1917 1066,1916 1071,1916 1073,1914 1073,1913 1074,1912 1075,1912 1077,1910 1077,1909 1078,1908 1100,1908 1100,1909 1100,1910 1103,1912 1108,1912 1108,1913 1108,1918 1111,1920 1112,1920 1112,1921 1112,1928 1113,1929 1113,1963 1114,1963 1287,1963 1287,1963 1287,1958 1290,1955 1291,1955 1291,1955 1291,1942 1294,1939 1295,1939 1295,1939 1295,1938 1298,1935 1299,1935 1299,1935 1299,1930 1301,1928 1302,1928 1303,1927 1311,1927 1311,1927 1311,1926 1313,1924 1314,1924 1315,1923 1323,1923 1323,1923 1323,1922 1324,1921 1325,1920 1326,1920 1327,1919 1332,1919 1333,1920 1335,1920 1335,1921 1335,1922 1338,1924 1342,1924 1343,1926 1343,1927 1344,1927 1349,1927 1350,1928 1351,1928 1351,1929 1351,1935 1352,1935 1353,1935 1355,1938 1355,1943 1356,1943 1357,1943 1358,1944 1359,1944 1359,1945 1359,1967 1360,1967 1823,1967 1824,1969 1824,1970 1826,1971 1831,1971 1832,1973 1832,2027 1833,2027 2043,2027 2043,2027 2043,1997 2045,1995 2046,1995 2047,1994 2047,1993 2049,1991 2050,1991 2051,1990 2051,1985 2053,1983 2054,1983 2055,1982 2055,1981 2057,1979 2058,1979 2059,1978 2059,1977 2061,1975 2062,1975 2063,1974 2063,1973 2065,1971 2074,1971 2075,1970 2075,1969 2077,1967 2242,1967 2242,1967 2242,1917 2243,1916 2244,1916 2246,1914 2246,1913 2247,1912 2261,1912 2262,1914 2262,1915 2264,1916 2265,1916 2266,1918 2266,1967 2267,1967 2468,1967 2468,1967 2468,1966 2470,1964 2471,1963 2472,1963 2472,1963 2472,1942 2475,1939 2476,1939 2476,1939 2476,1938 2479,1935 2480,1935 2480,1935 2480,1934 2483,1931 2484,1931 2484,1931 2484,1926 2487,1923 2488,1923 2488,1923 2488,1922 2490,1920 2495,1920 2496,1919 2496,1918 2498,1916 2507,1916 2508,1915 2508,1914 2510,1912 2511,1912 2512,1911 2544,1911 2544,1911 2544,1910 2546,1908 2550,1908 2552,1906 2552,1905 2553,1904 2571,1904 2572,1906 2572,1907 2574,1908 2579,1908 2580,1910 2580,1919 2581,1919 2877,1919 2878,1918 2878,1913 2879,1912 2893,1912 2894,1914 2894,1919 2895,1919 2896,1919 2898,1922 2898,1963 2899,1963 3100,1963 3101,1962 3101,1961 3103,1959 3111,1959 3113,1962 3113,1963 3114,1963 3490,1963 3490,1963 3490,1962 3493,1959 3775,1959 3777,1962 3777,1963 3778,1963 3991,1963 3991,1963 3991,1914 3993,1912 3994,1912 3995,1911 3995,1910 3997,1908 4007,1908 4007,1909 4007,1934 4009,1935 4010,1935 4011,1937 4011,1963 4012,1963 4057,1963 4058,1964 4059,1964 4059,1965 4059,1966 4061,1967 4065,1967 4075,1978 4075,1986 4077,1987 4078,1987 4079,1989 4079,1990 4078,1991 4078,1991 4077,1991 4075,1993 4075,2030 4074,2031 4073,2031 4071,2033 4071,2034 4071,2034 4070,2035 4069,2035 4067,2037 4067,2042 4066,2043 4065,2043 4063,2045 4063,2046 4062,2047 4041,2047 4039,2046 4039,2045 4038,2043 3865,2043 3864,2044 3864,2104 3864,2104 3858,2104 3857,2104 3857,2044 3857,2043 3718,2043 3717,2044 3717,2074 3717,2074 3716,2074 3713,2077 3713,2078 3713,2078 3712,2078 3709,2081 3709,2082 3709,2082 3708,2082 3705,2085 3705,2086 3705,2086 3704,2086 3701,2089 3701,2090 3701,2090 3700,2090 3699,2091 3691,2091 3689,2093 3689,2094 3689,2094 3688,2094 3687,2095 3679,2095 3677,2097 3677,2098 3677,2098 3676,2098 3675,2099 3664,2099 3661,2097 3661,2096 3661,2095 3648,2095 3645,2093 3645,2092 3645,2091 3644,2091 3641,2089 3641,2080 3641,2079 3640,2079 3637,2077 3637,2048 3637,2047 2967,2047 2966,2048 2966,2049 2964,2051 2466,2051 2465,2051 2465,2050 2464,2049 2464,2048 2464,2047 2445,2047 2444,2048 2444,2108 2444,2108"/><TextEquiv index="1"><Unicode>ſpectateurs, qui affectoient une grande</Unicode></TextEquiv></TextLine><TextLine id="r0_l009"><Coords points="2175,2307 2174,2307 2174,2247 2174,2246 2013,2246 2011,2248 2011,2249 2010,2250 1890,2250 1888,2249 1888,2248 1887,2246 1559,2246 1558,2247 1558,2248 1556,2250 1497,2250 1494,2248 1494,2247 1494,2246 1292,2246 1291,2247 1291,2297 1291,2297 1290,2297 1287,2300 1287,2301 1287,2301 1253,2301 1252,2301 1252,2300 1251,2298 1250,2298 1248,2297 1248,2247 1248,2246 1200,2246 1199,2247 1199,2303 1199,2303 1189,2303 1188,2303 1188,2247 1188,2246 1027,2246 1025,2245 1025,2244 1023,2241 1022,2241 1021,2241 1021,2168 1023,2166 1024,2166 1025,2165 1025,2164 1026,2163 1027,2162 1028,2162 1029,2161 1029,2160 1031,2158 1032,2158 1033,2157 1033,2156 1034,2155 1035,2154 1036,2154 1037,2153 1037,2140 1039,2138 1040,2138 1041,2137 1041,2132 1043,2130 1044,2130 1045,2129 1045,2128 1046,2127 1047,2127 1049,2125 1049,2124 1050,2123 1051,2123 1053,2121 1053,2116 1055,2114 1060,2114 1061,2113 1061,2112 1062,2111 1063,2111 1064,2110 1068,2110 1070,2108 1100,2108 1102,2110 1103,2110 1104,2112 1104,2113 1105,2114 1105,2122 1106,2122 1107,2122 1108,2124 1108,2162 1109,2162 1411,2162 1411,2162 1411,2116 1413,2114 1418,2114 1419,2113 1419,2112 1421,2110 1524,2110 1526,2113 1526,2114 1527,2114 1532,2114 1533,2115 1534,2115 1534,2116 1534,2166 1535,2166 1572,2166 1578,2173 1578,2177 1580,2178 1581,2178 1581,2179 1581,2180 1582,2181 1582,2185 1584,2186 1585,2186 1585,2187 1585,2188 1586,2188 1749,2188 1749,2188 1749,2128 1751,2126 1752,2126 1753,2125 1753,2124 1755,2122 1756,2122 1757,2121 1757,2121 1757,2120 1759,2118 1775,2118 1776,2120 1776,2121 1778,2122 1815,2122 1816,2124 1816,2125 1818,2126 1823,2126 1824,2128 1824,2129 1827,2131 1828,2131 1828,2132 1828,2133 1831,2135 1832,2135 1832,2136 1832,2137 1834,2138 1835,2138 1836,2140 1836,2141 1838,2142 1839,2142 1840,2144 1840,2153 1842,2154 1843,2154 1844,2156 1844,2162 1845,2162 2244,2162 2246,2165 2246,2166 2247,2166 2428,2166 2428,2166 2428,2118 2429,2117 2429,2116 2431,2114 2432,2114 2433,2113 2433,2112 2434,2111 2435,2110 2436,2110 2438,2108 2444,2108 2446,2110 2447,2110 2448,2112 2448,2113 2449,2113 2450,2114 2451,2114 2452,2116 2452,2117 2453,2118 2453,2158 2454,2158 2455,2158 2455,2159 2456,2160 2456,2161 2457,2162 2457,2172 2458,2172 2631,2172 2631,2172 2631,2125 2634,2122 2635,2122 2635,2122 2635,2121 2638,2118 2643,2118 2643,2118 2643,2117 2646,2114 2649,2114 2650,2115 2651,2115 2651,2116 2651,2117 2654,2119 2655,2119 2655,2120 2655,2121 2658,2123 2659,2123 2659,2124 2659,2162 2660,2162 2730,2162 2730,2163 2730,2164 2733,2166 2933,2166 2933,2166 2933,2122 2934,2121 2934,2120 2936,2118 2937,2118 2937,2118 2938,2117 2938,2116 2940,2114 3061,2114 3061,2114 3061,2108 3062,2107 3063,2107 3064,2106 3079,2106 3081,2109 3081,2110 3082,2110 3083,2110 3085,2113 3085,2114 3086,2114 3087,2114 3089,2117 3089,2158 3090,2158 3275,2158 3275,2158 3275,2118 3276,2117 3276,2116 3278,2114 3279,2114 3280,2113 3280,2112 3282,2110 3283,2110 3283,2110 3283,2109 3286,2106 3297,2106 3298,2107 3299,2107 3299,2108 3299,2113 3301,2114 3302,2114 3303,2116 3303,2117 3304,2118 3304,2158 3305,2158 3362,2158 3363,2160 3363,2161 3365,2162 3594,2162 3594,2162 3594,2160 3596,2158 3784,2158 3784,2158 3784,2114 3785,2113 3785,2112 3787,2110 3792,2110 3792,2110 3792,2109 3795,2106 3856,2106 3856,2106 3856,2105 3857,2104 3996,2104 3998,2102 4001,2102 4002,2103 4003,2103 4003,2104 4003,2105 4006,2107 4007,2107 4007,2108 4007,2113 4010,2115 4011,2115 4011,2116 4011,2158 4012,2158 4062,2158 4063,2160 4063,2165 4065,2166 4066,2166 4067,2168 4067,2173 4069,2174 4070,2174 4071,2176 4071,2185 4073,2186 4074,2186 4075,2188 4075,2193 4074,2194 4073,2194 4071,2196 4071,2229 4071,2229 4070,2229 4067,2232 4067,2237 4067,2237 4066,2237 4057,2246 4042,2246 4041,2245 4040,2245 4039,2245 4039,2244 4038,2242 3699,2242 3697,2244 3697,2245 3696,2246 3584,2246 3581,2244 3581,2243 3581,2242 3457,2242 3369,2242 3367,2244 3367,2245 3367,2245 3366,2245 3365,2246 3282,2246 3279,2244 3279,2243 3279,2242 3225,2242 3063,2242 3061,2244 3061,2245 3060,2246 2916,2246 2912,2250 2910,2249 2910,2248 2909,2246 2720,2246 2719,2247 2719,2248 2717,2250 2664,2250 2663,2251 2663,2269 2663,2269 2662,2269 2659,2272 2659,2277 2659,2277 2658,2277 2655,2280 2655,2289 2655,2289 2650,2289 2647,2292 2647,2293 2647,2293 2633,2293 2631,2292 2631,2283 2631,2282 2507,2282 2504,2280 2504,2279 2504,2278 2503,2278 2500,2276 2500,2251 2500,2250 2312,2250 2311,2249 2310,2249 2309,2249 2309,2247 2309,2246 2258,2246 2257,2247 2257,2307 2257,2307"/><TextEquiv index="1"><Unicode>ſurpriſe. Pour moi, je n'ai rien vu là de</Unicode></TextEquiv></TextLine><TextLine id="r0_l010"><Coords points="3437,2501 3436,2501 3436,2442 3436,2441 3182,2441 3180,2443 3180,2444 3180,2444 3179,2444 3178,2445 2522,2445 2520,2447 2520,2448 2520,2448 2519,2448 2518,2449 2515,2449 2512,2447 2512,2446 2512,2445 2086,2445 2085,2444 2084,2444 2083,2444 2083,2443 2082,2441 2078,2441 2077,2440 2076,2440 2075,2440 2075,2439 2073,2436 2072,2436 2071,2436 2071,2435 2069,2432 1885,2432 1884,2433 1884,2435 1882,2437 1881,2437 1880,2438 1880,2439 1878,2441 1877,2441 1876,2442 1876,2443 1874,2445 1635,2445 1633,2447 1633,2448 1633,2448 1632,2448 1631,2449 1625,2449 1624,2448 1511,2448 1510,2448 1510,2447 1509,2445 1398,2445 1397,2444 1257,2444 1255,2443 1255,2442 1255,2441 1046,2441 1045,2442 1045,2443 1043,2445 1042,2445 1041,2446 1041,2447 1039,2449 1032,2449 1031,2448 1030,2448 1029,2448 1029,2447 1027,2444 1026,2444 1025,2444 1025,2443 1023,2440 1022,2440 1021,2440 1021,2439 1019,2436 1018,2436 1017,2436 1017,2371 1019,2369 1020,2369 1021,2368 1021,2363 1023,2361 1024,2361 1025,2360 1025,2359 1027,2357 1180,2357 1180,2357 1180,2311 1182,2309 1183,2309 1184,2308 1184,2307 1185,2306 1186,2306 1189,2303 1200,2303 1203,2306 1204,2306 1204,2307 1204,2357 1205,2357 1271,2357 1271,2358 1271,2359 1272,2360 1272,2361 1273,2361 1550,2361 1550,2361 1550,2315 1552,2313 1553,2313 1554,2312 1554,2311 1556,2309 1565,2309 1566,2308 1566,2307 1568,2305 1572,2305 1576,2309 1577,2309 1577,2310 1577,2311 1578,2312 1578,2361 1579,2361 1831,2361 1832,2363 1832,2364 1834,2365 1835,2365 1836,2367 1836,2413 1837,2413 2031,2413 2031,2413 2031,2367 2033,2365 2034,2365 2035,2364 2035,2355 2037,2353 2038,2353 2039,2352 2039,2347 2041,2345 2042,2345 2043,2344 2043,2343 2045,2341 2046,2341 2047,2340 2047,2339 2049,2337 2050,2337 2051,2336 2051,2331 2053,2329 2054,2329 2054,2329 2055,2328 2055,2327 2057,2325 2058,2325 2058,2325 2059,2324 2059,2323 2061,2321 2062,2321 2063,2320 2063,2320 2063,2319 2065,2317 2066,2317 2067,2316 2067,2315 2069,2313 2110,2313 2110,2313 2110,2312 2113,2309 2173,2309 2175,2307 2254,2307 2255,2306 2256,2307 2258,2307 2258,2308 2258,2309 2259,2309 2260,2309 2262,2312 2262,2313 2263,2313 2448,2313 2448,2313 2448,2312 2451,2309 2463,2309 2464,2311 2464,2312 2465,2312 2466,2313 2467,2313 2468,2315 2468,2353 2469,2353 2675,2353 2675,2353 2675,2319 2676,2318 2677,2318 2679,2316 2679,2315 2680,2314 2681,2314 2683,2312 2683,2311 2685,2309 2690,2309 2691,2308 2691,2307 2693,2305 2702,2305 2703,2307 2703,2308 2704,2309 2706,2310 2707,2310 2707,2311 2707,2365 2708,2365 2940,2365 2941,2364 2941,2348 2944,2345 2945,2345 2945,2345 2945,2340 2948,2337 2949,2337 2949,2337 2949,2328 2952,2325 2953,2325 2953,2325 2953,2324 2956,2321 2957,2321 2957,2321 2957,2320 2960,2317 2961,2317 2961,2317 2961,2316 2964,2313 2965,2313 2965,2313 2965,2312 2968,2309 2973,2309 2973,2309 2973,2308 2976,2305 3100,2305 3101,2304 3101,2303 3103,2301 3115,2301 3117,2304 3117,2357 3118,2357 3482,2357 3482,2357 3482,2340 3486,2336 3486,2332 3489,2329 3490,2329 3490,2329 3490,2324 3493,2321 3494,2321 3494,2321 3494,2316 3498,2312 3498,2311 3500,2309 3501,2309 3502,2311 3502,2312 3504,2313 3505,2313 3506,2315 3506,2316 3508,2317 3509,2317 3510,2319 3510,2324 3512,2325 3513,2325 3514,2327 3514,2328 3516,2329 3517,2329 3518,2331 3518,2336 3520,2337 3521,2337 3522,2339 3522,2357 3523,2357 3728,2357 3729,2356 3729,2355 3731,2353 3744,2353 3745,2355 3745,2356 3747,2357 4050,2357 4051,2356 4051,2355 4053,2353 4054,2353 4055,2355 4055,2356 4057,2357 4062,2357 4063,2359 4063,2360 4065,2361 4066,2361 4067,2363 4067,2364 4069,2365 4070,2365 4071,2367 4071,2416 4072,2416 4073,2416 4074,2417 4075,2419 4075,2420 4074,2421 4072,2421 4071,2422 4071,2427 4069,2429 4068,2429 4067,2430 4067,2431 4065,2433 4064,2433 4063,2434 4063,2435 4061,2437 4060,2437 4059,2438 4059,2439 4055,2443 4055,2444 4055,2444 3949,2444 3948,2445 3948,2486 3947,2487 3947,2488 3947,2488 3946,2488 3943,2491 3943,2492 3943,2492 3921,2492 3920,2492 3920,2491 3918,2488 3913,2488 3912,2488 3912,2442 3912,2441 3520,2441 3518,2443 3518,2444 3518,2444 3517,2444 3516,2445 3497,2445 3494,2443 3494,2442 3494,2441 3446,2441 3445,2442 3445,2501 3445,2501"/><TextEquiv index="1"><Unicode>miraculeux. C'étoit la fille même que</Unicode></TextEquiv></TextLine><TextLine id="r0_l011"><Coords points="2856,2695 2854,2694 2854,2644 2854,2643 2625,2643 2624,2644 2624,2693 2623,2694 2623,2695 2623,2695 2582,2695 2578,2691 2577,2691 2576,2691 2576,2668 2576,2667 2407,2667 2405,2669 2405,2670 2404,2671 2399,2671 2395,2667 2394,2667 2393,2667 2393,2644 2393,2643 1917,2643 1916,2643 1916,2642 1914,2639 1825,2639 1731,2639 1729,2641 1729,2642 1728,2643 1054,2643 1053,2644 1053,2650 1052,2651 1051,2651 1049,2653 1049,2670 1048,2671 1047,2671 1046,2672 1045,2673 1045,2674 1044,2675 1039,2675 1037,2677 1037,2678 1036,2679 1035,2679 1033,2681 1033,2682 1032,2683 1023,2683 1021,2685 1021,2686 1020,2687 1015,2687 1013,2686 1013,2673 1015,2671 1016,2671 1017,2670 1017,2669 1019,2667 1020,2667 1021,2666 1021,2566 1023,2564 1025,2564 1025,2564 1025,2526 1027,2524 1028,2524 1029,2523 1029,2522 1031,2520 1032,2520 1033,2519 1033,2518 1035,2516 1069,2516 1069,2516 1069,2509 1070,2508 1076,2508 1076,2508 1076,2507 1079,2504 1091,2504 1093,2507 1093,2508 1094,2508 1095,2508 1097,2511 1097,2512 1098,2512 1099,2512 1101,2515 1101,2556 1102,2556 1152,2556 1152,2557 1152,2558 1153,2559 1153,2560 1154,2560 1371,2560 1371,2560 1371,2510 1373,2508 1374,2508 1375,2507 1375,2506 1377,2504 1390,2504 1390,2505 1390,2506 1392,2508 1393,2508 1394,2508 1395,2510 1395,2560 1396,2560 1458,2560 1458,2561 1458,2562 1461,2564 1629,2564 1629,2564 1629,2511 1630,2510 1630,2509 1631,2508 1636,2508 1638,2506 1638,2505 1639,2504 1652,2504 1653,2506 1653,2507 1655,2508 1660,2508 1661,2510 1661,2511 1663,2512 1664,2512 1665,2514 1665,2560 1666,2560 1823,2560 1825,2562 2007,2562 2009,2560 2134,2560 2134,2560 2134,2511 2139,2506 2139,2505 2140,2504 2237,2504 2238,2506 2238,2560 2239,2560 2309,2560 2309,2561 2309,2562 2312,2564 2317,2564 2317,2565 2317,2566 2320,2568 2321,2568 2321,2569 2321,2578 2324,2580 2325,2580 2325,2581 2325,2615 2326,2615 2532,2615 2532,2615 2532,2594 2535,2591 2536,2591 2536,2591 2536,2586 2539,2583 2540,2583 2540,2583 2540,2578 2554,2564 2559,2564 2559,2564 2559,2563 2562,2560 2731,2560 2731,2560 2731,2510 2733,2508 2734,2508 2734,2508 2735,2507 2735,2506 2737,2504 2746,2504 2746,2505 2746,2506 2753,2512 2754,2512 2754,2513 2754,2514 2755,2515 2755,2556 2756,2556 3192,2556 3192,2556 3192,2510 3194,2508 3195,2508 3196,2507 3196,2506 3198,2504 3322,2504 3323,2503 3323,2502 3325,2500 3350,2500 3351,2501 3446,2501 3447,2503 3447,2504 3448,2504 3449,2504 3451,2507 3451,2508 3452,2508 3453,2508 3455,2511 3455,2552 3456,2552 3498,2552 3498,2553 3498,2559 3500,2560 3684,2560 3685,2559 3685,2558 3687,2556 3693,2556 3693,2556 3693,2502 3695,2500 3700,2500 3701,2499 3701,2498 3703,2496 3720,2496 3721,2498 3721,2499 3722,2500 3723,2500 3724,2500 3725,2502 3725,2552 3726,2552 3788,2552 3788,2553 3788,2554 3791,2556 4039,2556 4039,2556 4039,2554 4041,2552 4070,2552 4071,2554 4071,2630 4069,2632 4068,2632 4067,2633 4067,2634 4065,2636 4064,2636 4063,2637 4063,2638 4062,2639 3783,2639 3780,2642 3780,2643 3780,2643 3770,2643 3769,2643 3769,2642 3767,2639 3711,2639 3709,2638 3709,2637 3709,2636 3708,2636 3707,2635 3521,2635 3513,2643 3249,2643 3248,2643 3248,2642 3248,2641 3217,2641 3066,2641 3064,2643 2895,2643 2894,2644 2894,2694 2893,2695"/><TextEquiv index="1"><Unicode>j'avois demandée, qui paroiſſoit devant</Unicode></TextEquiv></TextLine><TextLine id="r0_l012"><Coords points="2163,2897 2162,2897 2162,2840 2161,2838 1954,2838 1951,2841 1951,2842 1951,2842 1850,2842 1848,2841 1848,2840 1847,2838 1568,2838 1566,2840 1566,2841 1565,2842 1540,2842 1538,2841 1538,2840 1537,2838 1528,2838 1526,2837 1526,2836 1526,2835 1344,2835 1343,2836 1343,2837 1342,2838 1341,2838 1340,2839 1340,2840 1338,2842 1337,2842 1336,2842 1335,2841 1335,2840 1334,2838 1133,2838 1027,2838 1025,2840 1025,2841 1024,2842 1022,2842 1021,2842 1021,2773 1019,2770 1018,2770 1017,2770 1017,2760 1018,2759 1023,2759 1027,2755 1035,2755 1037,2753 1037,2752 1038,2751 1048,2751 1049,2753 1049,2754 1051,2755 1267,2755 1267,2755 1267,2714 1268,2713 1268,2712 1269,2711 1270,2711 1272,2709 1272,2708 1273,2707 1278,2707 1280,2705 1280,2704 1281,2703 1290,2703 1294,2707 1295,2707 1295,2708 1295,2806 1296,2806 1478,2806 1478,2806 1478,2769 1481,2766 1482,2766 1482,2766 1482,2749 1484,2747 1485,2747 1486,2746 1486,2741 1488,2739 1489,2739 1490,2738 1490,2737 1492,2735 1493,2735 1494,2734 1494,2733 1496,2731 1497,2731 1498,2730 1498,2725 1500,2723 1501,2723 1502,2722 1502,2721 1504,2719 1505,2719 1506,2718 1506,2717 1508,2715 1517,2715 1518,2714 1518,2713 1520,2711 1521,2711 1522,2710 1522,2709 1524,2707 1537,2707 1538,2706 1538,2705 1540,2703 1557,2703 1558,2705 1558,2706 1560,2707 1569,2707 1570,2709 1570,2710 1572,2711 1577,2711 1577,2712 1577,2713 1580,2715 1585,2715 1585,2716 1585,2717 1588,2719 1593,2719 1593,2720 1593,2721 1594,2722 1594,2726 1596,2727 1597,2727 1597,2728 1597,2729 1600,2731 1601,2731 1601,2732 1601,2733 1604,2735 1605,2735 1605,2736 1605,2737 1608,2739 1609,2739 1609,2740 1609,2741 1610,2742 1610,2750 1612,2751 1613,2751 1613,2752 1613,2753 1616,2755 1617,2755 1617,2756 1617,2758 1618,2758 1698,2758 1699,2759 1700,2759 1701,2761 1701,2762 1702,2762 1963,2762 1963,2762 1963,2761 1965,2759 1966,2759 1967,2758 2094,2758 2094,2758 2094,2718 2095,2717 2095,2716 2096,2715 2097,2715 2098,2714 2098,2710 2099,2709 2099,2708 2100,2707 2101,2707 2103,2705 2103,2704 2104,2703 2110,2703 2110,2704 2110,2705 2111,2705 2113,2707 2114,2707 2114,2708 2114,2709 2115,2710 2115,2714 2117,2715 2118,2715 2118,2716 2118,2755 2119,2755 2317,2755 2317,2756 2317,2757 2319,2758 2552,2758 2552,2758 2552,2712 2553,2711 2554,2711 2555,2710 2556,2710 2556,2710 2556,2709 2558,2707 2571,2707 2572,2709 2572,2710 2573,2710 2574,2711 2575,2711 2576,2713 2576,2718 2578,2719 2579,2719 2580,2721 2580,2757 2581,2757 2759,2757 2759,2757 2759,2756 2760,2755 2765,2755 2767,2753 2767,2752 2768,2751 2770,2751 2771,2750 2772,2751 2850,2751 2850,2752 2850,2753 2853,2755 2861,2755 2862,2757 2862,2758 2863,2758 3048,2758 3051,2755 3055,2755 3057,2753 3057,2752 3058,2751 3060,2751 3061,2750 3062,2750 3063,2751 3064,2751 3065,2753 3065,2754 3066,2754 3067,2754 3068,2755 3327,2755 3327,2755 3327,2709 3329,2707 3330,2707 3330,2707 3331,2706 3331,2705 3333,2703 3354,2703 3355,2705 3355,2706 3357,2707 3358,2707 3359,2709 3359,2755 3360,2755 3562,2755 3562,2755 3562,2705 3564,2703 3569,2703 3570,2702 3570,2701 3572,2699 3577,2699 3578,2698 3578,2697 3580,2695 3585,2695 3586,2697 3586,2698 3587,2699 3588,2699 3589,2699 3590,2701 3590,2755 3591,2755 3812,2755 3812,2755 3812,2741 3814,2739 3815,2739 3816,2738 3816,2729 3818,2727 3819,2727 3820,2726 3820,2721 3822,2719 3823,2719 3824,2718 3824,2713 3826,2711 3827,2711 3828,2710 3828,2709 3830,2707 3831,2707 3832,2706 3832,2705 3834,2703 3835,2703 3835,2703 3836,2702 3836,2701 3838,2699 3839,2699 3840,2698 3840,2697 3842,2695 3851,2695 3852,2694 3852,2693 3854,2691 3863,2691 3864,2693 3864,2694 3866,2695 3871,2695 3872,2697 3872,2699 3873,2699 3947,2699 3947,2700 3947,2701 3950,2703 3951,2703 3951,2704 3951,2705 3954,2707 3955,2707 3955,2708 3955,2709 3956,2710 3956,2751 3957,2751 4058,2751 4059,2753 4059,2758 4060,2758 4061,2758 4063,2761 4063,2770 4064,2770 4065,2770 4067,2773 4067,2817 4066,2818 4065,2818 4063,2820 4063,2829 4062,2830 4061,2830 4059,2832 4059,2833 4059,2833 4058,2834 4057,2834 4055,2836 4055,2837 4054,2838 3993,2838 3991,2837 3991,2836 3990,2834 3906,2834 3905,2835 3905,2894 3905,2894 3899,2894 3898,2894 3898,2835 3898,2834 3636,2834 3633,2837 3633,2838 3633,2838 3409,2838 3407,2840 3407,2841 3406,2842 3345,2842 3343,2840 3221,2840 3161,2840 3159,2842 3086,2842 3085,2843 3085,2888 3084,2889 3084,2890 3084,2890 3047,2890 3045,2892 3045,2893 3044,2894 3039,2894 3037,2893 3037,2843 3037,2842 2629,2842 2628,2842 2628,2841 2626,2838 2525,2838 2427,2838 2424,2841 2424,2842 2424,2842 2175,2842 2174,2843 2174,2897 2174,2897"/><TextEquiv index="1"><Unicode>moi. On avoit eu le temps de la faire</Unicode></TextEquiv></TextLine><TextLine id="r0_l013"><Coords points="4056,3091 4055,3091 4055,3034 4055,3033 3671,3033 3669,3035 3669,3036 3668,3037 3607,3037 3606,3038 3606,3083 3604,3085 3603,3085 3602,3086 3602,3087 3600,3089 3576,3089 3574,3088 3574,3087 3573,3085 3572,3085 3570,3084 3570,3038 3570,3037 3266,3037 3263,3035 3263,3034 3263,3033 3059,3033 3057,3035 3057,3036 3056,3037 2860,3037 2858,3036 2858,3035 2857,3033 2661,3033 2659,3035 2659,3036 2658,3037 2637,3037 2636,3037 2636,3036 2634,3033 2297,3033 2116,3033 2115,3034 2115,3035 2114,3036 2114,3037 2114,3037 2112,3037 2111,3037 2111,3036 2109,3033 2065,3033 1850,3033 1848,3035 1848,3036 1847,3037 1846,3037 1844,3036 1844,3035 1843,3033 1838,3033 1836,3032 1836,3030 1836,3029 1833,3029 1623,3029 1622,3030 1622,3031 1620,3033 1162,3033 1160,3035 1160,3036 1159,3037 1059,3037 1057,3036 1057,3035 1056,3033 1051,3033 1049,3032 1049,3019 1048,3017 1047,3017 1045,3016 1045,3007 1044,3005 1043,3005 1041,3004 1041,2995 1041,2994 1040,2994 1037,2992 1037,2987 1037,2986 1036,2986 1033,2984 1033,2979 1033,2978 1032,2978 1021,2968 1021,2955 1022,2954 1023,2954 1024,2953 1140,2953 1140,2953 1140,2952 1143,2949 1152,2949 1152,2949 1152,2948 1155,2945 1158,2945 1159,2946 1160,2946 1160,2947 1160,2948 1162,2949 1295,2949 1295,2949 1295,2904 1297,2902 1298,2902 1299,2901 1299,2900 1301,2898 1310,2898 1314,2902 1319,2902 1319,2903 1319,2950 1320,2950 1542,2950 1542,2950 1542,2943 1543,2942 1544,2942 1546,2940 1546,2931 1547,2930 1548,2930 1549,2929 1550,2928 1550,2927 1551,2926 1552,2926 1554,2924 1554,2923 1555,2922 1556,2922 1558,2920 1558,2919 1559,2918 1560,2918 1562,2916 1562,2915 1563,2914 1564,2914 1566,2912 1566,2911 1567,2910 1572,2910 1574,2908 1574,2907 1575,2906 1588,2906 1590,2904 1590,2903 1591,2902 1592,2902 1594,2900 1594,2899 1595,2898 1716,2898 1717,2900 1717,2901 1719,2902 1720,2902 1721,2904 1721,2910 1722,2910 1962,2910 1963,2909 1963,2908 1965,2906 1966,2906 1967,2905 1967,2904 1969,2902 1970,2902 1971,2901 1971,2900 1973,2898 1982,2898 1983,2897 1983,2896 1985,2894 1998,2894 1999,2896 1999,2897 2000,2897 2175,2897 2176,2898 2177,2898 2178,2900 2178,2901 2179,2901 2180,2901 2182,2904 2182,2905 2183,2905 2184,2905 2186,2908 2186,2949 2187,2949 2244,2949 2246,2952 2246,2953 2247,2953 2639,2953 2639,2953 2639,2952 2642,2949 2762,2949 2762,2949 2762,2905 2763,2904 2763,2903 2764,2902 2765,2902 2767,2900 2767,2899 2768,2898 2769,2898 2771,2896 2771,2895 2772,2894 2782,2894 2782,2895 2782,2896 2783,2897 2783,2906 2784,2906 2822,2906 2822,2907 2822,2908 2824,2910 2825,2910 2826,2910 2826,2911 2826,2916 2829,2918 2830,2918 2830,2919 2830,2953 2831,2953 3109,2953 3109,2953 3109,2911 3110,2910 3111,2910 3112,2909 3112,2905 3113,2904 3113,2903 3114,2902 3290,2902 3292,2900 3292,2899 3293,2898 3298,2898 3300,2896 3300,2895 3301,2894 3323,2894 3323,2895 3323,2896 3326,2898 3414,2898 3415,2900 3415,2901 3417,2902 3422,2902 3423,2904 3423,2943 3424,2943 3463,2943 3464,2942 3465,2942 3466,2941 3468,2941 3469,2942 3470,2942 3470,2943 3470,2944 3473,2946 3474,2946 3474,2947 3474,2952 3476,2953 3744,2953 3745,2952 3745,2951 3746,2950 3747,2950 3748,2949 3884,2949 3884,2949 3884,2920 3887,2917 3888,2917 3888,2917 3888,2912 3891,2909 3892,2909 3892,2909 3892,2904 3895,2901 3896,2901 3896,2901 3896,2896 3898,2894 3911,2894 3912,2896 3912,2901 3914,2902 3915,2902 3916,2904 3916,2909 3918,2910 3919,2910 3920,2912 3920,2921 3922,2922 3923,2922 3924,2924 3924,2945 3925,2945 4053,2945 4055,2948 4055,2949 4056,2949 4061,2949 4063,2952 4063,2961 4064,2961 4065,2961 4071,2968 4071,3016 4070,3017 4069,3017 4067,3019 4067,3020 4067,3020 4066,3021 4065,3021 4063,3023 4063,3091 4063,3091"/><TextEquiv index="1"><Unicode>venir. Oh! ſi l'on me l'avoit fait paroître</Unicode></TextEquiv></TextLine><TextLine id="r0_l014"><Coords points="3680,3292 3679,3292 3679,3229 3679,3228 3619,3228 3618,3229 3618,3230 3616,3232 3603,3232 3602,3233 3602,3234 3600,3236 3369,3236 3367,3235 3367,3234 3366,3232 3202,3232 3200,3231 3200,3230 3199,3228 2919,3228 2918,3229 2918,3230 2916,3232 2912,3232 2910,3231 2910,3230 2909,3228 2359,3228 2357,3230 2357,3231 2356,3232 2347,3232 2345,3231 2345,3230 2344,3228 2155,3228 2154,3229 2154,3235 2153,3236 2152,3236 2150,3238 2150,3251 2149,3252 2148,3252 2146,3254 2146,3263 2145,3264 2144,3264 2142,3266 2142,3267 2142,3267 2141,3268 2140,3268 2138,3270 2138,3275 2138,3275 2137,3275 2134,3278 2134,3279 2134,3279 2133,3279 2132,3280 2129,3280 2126,3278 2126,3277 2126,3276 2125,3276 2122,3274 2122,3265 2122,3264 1945,3264 1944,3265 1944,3281 1943,3282 1943,3283 1943,3283 1942,3283 1939,3286 1939,3287 1939,3287 1938,3287 1937,3288 1893,3288 1892,3289 1892,3290 1892,3290 1887,3290 1886,3289 1881,3289 1880,3289 1880,3229 1880,3228 1699,3228 1697,3230 1697,3231 1696,3232 1027,3232 1025,3231 1025,3230 1024,3228 1023,3228 1021,3227 1021,3162 1021,3161 1020,3161 1019,3160 1018,3160 1017,3160 1017,3158 1019,3156 1020,3156 1021,3155 1021,3154 1022,3153 1023,3153 1025,3151 1025,3150 1027,3148 1032,3148 1033,3147 1033,3146 1035,3144 1036,3144 1037,3143 1037,3130 1038,3129 1039,3129 1041,3127 1041,3126 1042,3125 1043,3125 1045,3123 1045,3114 1046,3113 1047,3113 1049,3111 1049,3110 1050,3109 1051,3109 1053,3107 1053,3106 1054,3105 1055,3105 1057,3103 1057,3102 1058,3101 1059,3101 1060,3100 1064,3100 1065,3099 1065,3098 1066,3097 1071,3097 1073,3095 1073,3094 1074,3093 1100,3093 1100,3094 1100,3095 1103,3097 1104,3097 1104,3098 1104,3099 1105,3100 1105,3144 1106,3144 1319,3144 1319,3144 1319,3103 1322,3100 1323,3100 1323,3100 1323,3099 1325,3097 1329,3097 1330,3096 1331,3096 1331,3096 1331,3095 1333,3093 1334,3093 1335,3092 1336,3092 1337,3093 1338,3093 1346,3101 1347,3101 1347,3102 1347,3144 1348,3144 1581,3144 1581,3144 1581,3104 1582,3103 1582,3102 1583,3101 1584,3101 1586,3099 1586,3098 1587,3097 1588,3097 1590,3095 1590,3094 1591,3093 1601,3093 1601,3094 1601,3095 1604,3097 1605,3097 1605,3098 1605,3099 1608,3101 1609,3101 1609,3102 1609,3103 1610,3104 1610,3144 1611,3144 1922,3144 1924,3147 1924,3148 1925,3148 1958,3148 1959,3150 1959,3151 1961,3152 2134,3152 2134,3152 2134,3111 2137,3108 2146,3108 2146,3108 2146,3107 2148,3105 2174,3105 2174,3105 2174,3103 2176,3101 2180,3101 2182,3099 2182,3098 2183,3097 2186,3097 2186,3098 2186,3099 2189,3101 2193,3101 2194,3103 2194,3104 2195,3104 2196,3104 2198,3107 2198,3108 2199,3108 2200,3108 2202,3111 2202,3148 2203,3148 2400,3148 2401,3147 2401,3146 2403,3144 2552,3144 2552,3144 2552,3102 2553,3101 2554,3101 2554,3101 2556,3099 2556,3098 2557,3097 2558,3097 2560,3095 2560,3094 2561,3093 2571,3093 2572,3095 2572,3096 2573,3096 2574,3097 2575,3097 2576,3099 2576,3148 2577,3148 2910,3148 2910,3148 2910,3102 2911,3101 2912,3101 2912,3101 2914,3099 2914,3098 2915,3097 2997,3097 2997,3097 2997,3095 2999,3093 3009,3093 3009,3094 3009,3095 3012,3097 3013,3097 3013,3098 3013,3148 3014,3148 3244,3148 3244,3148 3244,3114 3246,3112 3247,3112 3248,3111 3248,3098 3249,3097 3250,3097 3252,3095 3252,3094 3253,3093 3267,3093 3268,3095 3268,3096 3270,3097 3271,3097 3272,3099 3272,3100 3273,3101 3274,3101 3275,3101 3276,3103 3276,3148 3277,3148 3518,3148 3518,3148 3518,3103 3521,3100 3522,3100 3522,3100 3522,3099 3524,3097 3528,3097 3529,3096 3530,3096 3530,3096 3530,3095 3532,3093 3533,3093 3534,3092 3535,3092 3536,3093 3537,3093 3538,3095 3538,3096 3539,3096 3540,3096 3542,3099 3542,3148 3543,3148 3765,3148 3765,3148 3765,3142 3767,3140 3768,3140 3769,3139 3769,3134 3771,3132 3772,3132 3773,3131 3773,3130 3775,3128 3776,3128 3776,3128 3777,3127 3777,3126 3779,3124 3780,3124 3780,3124 3781,3123 3781,3122 3783,3120 3784,3120 3785,3119 3785,3118 3787,3116 3788,3116 3789,3115 3789,3114 3790,3113 3791,3113 3792,3112 3792,3111 3794,3109 3795,3109 3795,3109 3796,3108 3796,3107 3798,3105 3799,3105 3800,3104 3804,3104 3804,3104 3804,3103 3806,3101 3807,3101 3808,3100 3850,3100 3851,3101 3852,3101 3852,3102 3852,3103 3854,3104 3862,3104 3863,3105 3864,3105 3864,3106 3864,3107 3871,3113 3872,3113 3872,3114 3872,3120 3873,3120 3878,3120 3887,3129 3888,3129 3888,3130 3888,3136 3889,3136 3890,3136 3891,3137 3892,3137 3892,3138 3892,3140 3893,3140 4051,3140 4051,3140 4051,3095 4055,3091 4063,3091 4064,3092 4065,3092 4067,3095 4067,3208 4068,3208 4070,3208 4071,3210 4071,3215 4073,3216 4074,3216 4075,3218 4075,3223 4074,3224 4057,3224 4055,3226 4055,3227 4054,3228 3941,3228 3940,3229 3940,3230 3938,3232 3901,3232 3900,3233 3900,3262 3894,3268 3889,3268 3888,3269 3888,3270 3886,3272 3878,3272 3876,3274 3876,3275 3876,3275 3875,3275 3874,3276 3871,3276 3867,3272 3847,3272 3844,3270 3844,3269 3844,3268 3839,3268 3836,3266 3836,3265 3836,3264 3835,3264 3832,3262 3832,3261 3832,3260 3827,3260 3824,3258 3824,3253 3824,3252 3823,3252 3820,3250 3820,3245 3820,3244 3819,3244 3816,3242 3816,3237 3816,3236 3815,3236 3812,3234 3812,3229 3812,3228 3696,3228 3695,3229 3695,3292 3695,3292"/><TextEquiv index="1"><Unicode>ſur-le champ, j'aurois crié miracle. Quoi</Unicode></TextEquiv></TextLine><TextLine id="r0_l015"><Coords points="3535,3486 3534,3486 3534,3485 3533,3484 3533,3483 3533,3482 3524,3482 3522,3481 3522,3459 3522,3458 3358,3458 3355,3461 3355,3462 3355,3462 3354,3462 3353,3463 3349,3463 3347,3465 3347,3466 3347,3466 3345,3466 3344,3467 3335,3467 3334,3466 3333,3466 3331,3465 3331,3464 3331,3463 3330,3463 3327,3461 3327,3432 3327,3431 3044,3431 3043,3430 3042,3430 3041,3430 3041,3429 3040,3427 2637,3427 2635,3429 2635,3430 2634,3431 2618,3431 2615,3429 2615,3428 2615,3427 2080,3427 2079,3428 2079,3441 2077,3443 2076,3443 2075,3444 2075,3445 2073,3447 2072,3447 2071,3448 2071,3449 2069,3451 2068,3451 2067,3452 2067,3453 2065,3455 2060,3455 2059,3456 2059,3457 2057,3459 2046,3459 2045,3458 2044,3458 2043,3458 2043,3432 2043,3431 1942,3431 1939,3429 1939,3428 1939,3427 1496,3427 1494,3429 1494,3430 1493,3431 1113,3431 1112,3432 1112,3482 1112,3482 1066,3482 1065,3482 1065,3481 1064,3480 1063,3478 1062,3478 1061,3478 1061,3432 1061,3431 1051,3431 1049,3430 1049,3429 1048,3427 1043,3427 1041,3426 1041,3425 1040,3423 1035,3423 1033,3422 1033,3421 1032,3419 1031,3419 1029,3418 1029,3417 1028,3415 1027,3415 1025,3414 1025,3401 1024,3399 1023,3399 1021,3398 1021,3373 1023,3371 1024,3371 1025,3370 1025,3369 1027,3367 1028,3367 1029,3366 1029,3365 1031,3363 1032,3363 1033,3362 1033,3361 1034,3360 1035,3359 1036,3359 1037,3358 1037,3357 1039,3355 1040,3355 1041,3354 1041,3353 1043,3351 1044,3351 1045,3350 1045,3349 1047,3347 1056,3347 1057,3346 1057,3345 1059,3343 1079,3343 1081,3346 1081,3347 1082,3347 1216,3347 1216,3347 1216,3301 1217,3300 1218,3300 1219,3299 1220,3298 1220,3297 1222,3295 1275,3295 1275,3295 1275,3294 1278,3291 1337,3291 1338,3292 1339,3292 1339,3293 1339,3343 1340,3343 1732,3343 1733,3342 1733,3329 1735,3327 1736,3327 1737,3326 1737,3313 1739,3311 1740,3311 1741,3310 1741,3309 1743,3307 1744,3307 1745,3306 1745,3305 1747,3303 1748,3303 1749,3302 1749,3301 1751,3299 1752,3299 1753,3298 1753,3297 1755,3295 1756,3295 1757,3294 1757,3293 1759,3291 1764,3291 1765,3290 1765,3289 1767,3287 1786,3287 1787,3288 1788,3288 1789,3289 1886,3289 1887,3290 1892,3290 1893,3291 1894,3291 1896,3294 1896,3295 1897,3295 1898,3295 1900,3298 1900,3339 1901,3339 1943,3339 1943,3340 1943,3341 1944,3342 1944,3343 1945,3343 1946,3343 1946,3344 1948,3346 1948,3347 1949,3347 1970,3347 1971,3349 1971,3399 1972,3399 2186,3399 2186,3399 2186,3293 2187,3292 2188,3292 2190,3290 2190,3289 2191,3288 2192,3288 2193,3287 2204,3287 2205,3288 2206,3288 2206,3289 2206,3351 2207,3351 2440,3351 2440,3351 2440,3295 2441,3294 2441,3293 2443,3291 2504,3291 2504,3291 2504,3290 2507,3287 2514,3287 2515,3288 2516,3288 2516,3289 2516,3290 2518,3291 2530,3291 2531,3292 2532,3292 2532,3293 2532,3294 2534,3295 2538,3295 2544,3302 2544,3303 2545,3303 2550,3303 2564,3318 2564,3323 2565,3323 2566,3323 2576,3334 2576,3339 2577,3339 2630,3339 2632,3342 2632,3343 2633,3343 2726,3343 2727,3345 2727,3346 2729,3347 2914,3347 2914,3347 2914,3297 2915,3296 2916,3296 2917,3295 2918,3294 2918,3293 2920,3291 3009,3291 3009,3291 3009,3290 3012,3287 3174,3287 3175,3288 3176,3288 3176,3289 3176,3290 3179,3292 3180,3292 3180,3293 3180,3343 3181,3343 3243,3343 3243,3344 3243,3345 3246,3347 3255,3347 3255,3348 3255,3349 3256,3350 3266,3359 3267,3359 3267,3360 3267,3361 3268,3362 3268,3370 3270,3371 3271,3371 3271,3372 3271,3373 3272,3374 3272,3403 3273,3403 3478,3403 3478,3403 3478,3381 3480,3379 3481,3379 3482,3378 3482,3369 3484,3367 3489,3367 3491,3365 3491,3364 3492,3363 3493,3363 3494,3362 3494,3357 3496,3355 3497,3355 3498,3354 3499,3353 3499,3352 3500,3351 3505,3351 3506,3350 3506,3349 3508,3347 3673,3347 3673,3347 3673,3298 3676,3295 3677,3295 3677,3295 3677,3294 3679,3292 3697,3292 3697,3293 3697,3294 3699,3295 4015,3295 4015,3295 4015,3294 4019,3290 4019,3289 4020,3288 4023,3288 4023,3289 4023,3290 4026,3292 4027,3292 4027,3293 4027,3339 4028,3339 4058,3339 4059,3341 4059,3342 4061,3343 4066,3343 4067,3345 4067,3346 4069,3347 4070,3347 4071,3349 4071,3410 4072,3410 4073,3410 4073,3411 4075,3413 4075,3414 4074,3415 4073,3415 4071,3417 4071,3422 4071,3422 4070,3422 4069,3423 4065,3423 4061,3427 3981,3427 3979,3429 3979,3430 3978,3431 3567,3431 3566,3432 3566,3481 3565,3482 3540,3482 3539,3483 3539,3484 3538,3485 3538,3486 3538,3486"/><TextEquiv index="1"><Unicode>qu'il en ſoit, la Demoiſelle, qui étoit</Unicode></TextEquiv></TextLine><TextLine id="r0_l016"><Coords points="3631,3685 3630,3685 3630,3684 3629,3683 3628,3681 3627,3681 3626,3681 3626,3680 3625,3679 3625,3631 3625,3630 3474,3630 3473,3629 3277,3629 3276,3630 3276,3636 3275,3637 3274,3637 3272,3639 3272,3644 3271,3645 3270,3645 3268,3647 3268,3652 3267,3653 3262,3653 3260,3655 3260,3656 3259,3657 3258,3657 3257,3658 3256,3659 3256,3660 3255,3661 3237,3661 3236,3661 3236,3635 3236,3634 3176,3634 3175,3633 2985,3633 2984,3633 2983,3634 2981,3634 2980,3633 2979,3633 2978,3633 2977,3632 2977,3631 2977,3630 2768,3630 2767,3631 2767,3632 2766,3633 2766,3633 2765,3633 2764,3634 2758,3634 2757,3633 2756,3633 2755,3633 2755,3632 2754,3630 2329,3630 2328,3629 2327,3629 2325,3628 2325,3627 2325,3626 2017,3626 2013,3630 1991,3630 1990,3629 1989,3629 1987,3628 1987,3627 1987,3626 1519,3626 1518,3627 1518,3628 1516,3630 1424,3630 1423,3631 1423,3675 1422,3676 1422,3677 1422,3677 1421,3677 1418,3680 1418,3681 1418,3681 1400,3681 1399,3681 1399,3680 1398,3679 1398,3678 1398,3677 1384,3677 1383,3677 1383,3631 1383,3630 1247,3630 1246,3629 1078,3629 1076,3628 1076,3627 1076,3626 1040,3626 1039,3625 1038,3625 1037,3625 1037,3624 1035,3621 1034,3621 1033,3621 1033,3620 1031,3617 1030,3617 1029,3617 1029,3616 1027,3613 1026,3613 1025,3613 1025,3612 1023,3609 1022,3609 1021,3609 1021,3559 1021,3558 1015,3558 1013,3557 1013,3552 1015,3550 1016,3550 1017,3549 1017,3548 1019,3546 1032,3546 1032,3546 1032,3545 1035,3542 1251,3542 1251,3542 1251,3541 1252,3540 1252,3539 1253,3538 1410,3538 1410,3539 1410,3540 1413,3542 1633,3542 1633,3542 1633,3540 1635,3538 1636,3538 1637,3537 1637,3528 1639,3526 1640,3526 1641,3525 1641,3512 1642,3511 1643,3511 1648,3506 1665,3489 1665,3488 1666,3487 1667,3487 1668,3486 1672,3486 1673,3485 1673,3484 1674,3483 1675,3483 1676,3482 1684,3482 1685,3484 1685,3485 1687,3486 1692,3486 1693,3488 1693,3489 1696,3491 1697,3491 1697,3492 1697,3493 1700,3495 1701,3495 1701,3496 1701,3542 1702,3542 1994,3542 1995,3541 1995,3540 1997,3538 2137,3538 2138,3537 2138,3536 2140,3534 2142,3534 2142,3535 2142,3536 2143,3537 2143,3538 2144,3538 2145,3538 2146,3540 2146,3541 2148,3542 2372,3542 2373,3541 2373,3540 2375,3538 2384,3538 2385,3540 2385,3541 2387,3542 3037,3542 3037,3542 3037,3500 3039,3498 3040,3498 3040,3498 3041,3497 3041,3496 3043,3494 3044,3494 3044,3494 3045,3493 3045,3492 3047,3490 3052,3490 3053,3489 3053,3488 3054,3487 3055,3486 3056,3486 3057,3488 3057,3489 3059,3490 3111,3490 3113,3493 3113,3542 3114,3542 3179,3542 3180,3544 3180,3545 3182,3546 3191,3546 3192,3548 3192,3549 3194,3550 3195,3550 3196,3552 3196,3557 3198,3558 3199,3558 3200,3560 3200,3565 3201,3565 3391,3565 3391,3565 3391,3564 3393,3562 3394,3562 3395,3561 3395,3560 3397,3558 3398,3558 3399,3557 3399,3524 3401,3522 3402,3522 3403,3521 3403,3516 3405,3514 3406,3514 3407,3513 3407,3512 3409,3510 3410,3510 3411,3509 3411,3508 3413,3506 3418,3506 3419,3505 3419,3504 3421,3502 3437,3502 3439,3505 3439,3506 3440,3506 3445,3506 3447,3509 3447,3514 3448,3514 3449,3514 3451,3517 3451,3526 3452,3526 3453,3526 3455,3529 3455,3538 3456,3538 3505,3538 3506,3540 3506,3541 3507,3542 3508,3542 3509,3542 3510,3544 3510,3546 3511,3546 3736,3546 3736,3546 3736,3545 3737,3544 3737,3543 3738,3542 3776,3542 3776,3542 3776,3498 3777,3497 3777,3496 3779,3494 3780,3494 3780,3494 3780,3493 3783,3490 3795,3490 3796,3492 3796,3493 3797,3494 3797,3498 3798,3498 3966,3498 3968,3501 3968,3502 3969,3502 3970,3502 3971,3504 3971,3505 3972,3506 3972,3546 3973,3546 4014,3546 4015,3548 4015,3549 4017,3550 4018,3550 4019,3552 4019,3553 4021,3554 4022,3554 4023,3556 4023,3566 4024,3566 4078,3566 4079,3568 4079,3584 4073,3590 4069,3590 4067,3592 4067,3593 4066,3594 4036,3594 4035,3595 4035,3617 4035,3617 4034,3617 4031,3620 4031,3621 4031,3621 4030,3621 4027,3624 4027,3625 4027,3625 4026,3625 4025,3626 3885,3626 3884,3627 3884,3628 3882,3630 3670,3630 3669,3631 3669,3684 3668,3685"/><TextEquiv index="1"><Unicode>une perſonne toute naturelle, &amp; qui n'a-</Unicode></TextEquiv></TextLine><TextLine id="r0_l017"><Coords points="2319,3880 2317,3879 2317,3878 2316,3876 2299,3876 2298,3876 2298,3875 2296,3872 2295,3872 2294,3872 2294,3871 2292,3868 2291,3868 2290,3868 2290,3867 2289,3866 2289,3858 2288,3856 2287,3856 2285,3855 2285,3825 2285,3824 1878,3824 1877,3823 1701,3823 1700,3824 1592,3824 1589,3827 1589,3828 1589,3828 1571,3828 1570,3828 1570,3827 1568,3824 1288,3824 1287,3825 1287,3828 1287,3828 1261,3828 1260,3828 1260,3827 1258,3824 1062,3824 1061,3825 1061,3827 1060,3828 1059,3828 1057,3830 1057,3831 1056,3832 1050,3832 1049,3832 1049,3831 1047,3828 1046,3828 1045,3828 1045,3815 1043,3812 1042,3812 1041,3812 1041,3795 1039,3792 1038,3792 1037,3792 1037,3787 1035,3784 1034,3784 1033,3784 1033,3783 1031,3780 1030,3780 1029,3780 1029,3771 1027,3768 1026,3768 1025,3768 1025,3767 1023,3764 1022,3764 1021,3764 1021,3759 1019,3756 1018,3756 1017,3756 1017,3742 1018,3741 1200,3741 1200,3741 1200,3695 1202,3693 1203,3693 1204,3692 1204,3687 1206,3685 1219,3685 1219,3686 1219,3687 1221,3689 1222,3689 1223,3689 1223,3690 1223,3691 1226,3693 1227,3693 1228,3695 1228,3737 1229,3737 1498,3737 1498,3737 1498,3699 1500,3697 1501,3697 1502,3696 1502,3695 1504,3693 1505,3693 1506,3692 1506,3691 1508,3689 1513,3689 1514,3691 1514,3692 1516,3693 1517,3693 1518,3695 1518,3741 1519,3741 1645,3741 1645,3742 1645,3745 1646,3745 1864,3745 1864,3745 1864,3691 1866,3689 1867,3689 1868,3688 1868,3687 1870,3685 1879,3685 1880,3687 1880,3688 1881,3688 1882,3689 1883,3689 1884,3691 1884,3741 1885,3741 1951,3741 1951,3742 1951,3743 1954,3745 2312,3745 2313,3744 2313,3743 2315,3741 2385,3741 2385,3741 2385,3699 2387,3697 2388,3697 2388,3697 2389,3696 2389,3695 2391,3693 2392,3693 2393,3692 2393,3691 2395,3689 2400,3689 2400,3690 2400,3691 2403,3693 2404,3693 2404,3694 2404,3695 2406,3696 2407,3697 2408,3697 2409,3699 2409,3741 2410,3741 2666,3741 2683,3759 2683,3764 2684,3764 2685,3764 2687,3767 2687,3796 2688,3796 2874,3796 2874,3796 2874,3751 2877,3748 2878,3748 2878,3748 2878,3747 2880,3745 3013,3745 3013,3745 3013,3707 3015,3705 3016,3705 3017,3704 3017,3703 3019,3701 3024,3701 3025,3700 3025,3699 3027,3697 3036,3697 3037,3699 3037,3700 3039,3701 3040,3701 3041,3703 3041,3708 3043,3709 3044,3709 3045,3711 3045,3745 3046,3745 3327,3745 3327,3745 3327,3723 3329,3721 3330,3721 3331,3720 3331,3719 3333,3717 3334,3717 3335,3716 3335,3711 3337,3709 3338,3709 3339,3708 3339,3707 3341,3705 3342,3705 3343,3704 3343,3704 3343,3703 3345,3701 3346,3701 3347,3700 3347,3699 3349,3697 3354,3697 3355,3696 3355,3695 3357,3693 3362,3693 3363,3692 3363,3691 3365,3689 3398,3689 3399,3688 3399,3687 3401,3685 3430,3685 3430,3686 3430,3687 3435,3692 3435,3741 3436,3741 3689,3741 3689,3741 3689,3735 3691,3733 3692,3733 3693,3732 3693,3727 3695,3725 3696,3725 3697,3724 3697,3719 3699,3717 3700,3717 3701,3716 3701,3711 3703,3709 3704,3709 3705,3708 3705,3703 3707,3701 3708,3701 3709,3700 3709,3700 3709,3699 3711,3697 3712,3697 3712,3697 3713,3696 3713,3695 3715,3693 3720,3693 3721,3692 3721,3691 3723,3689 3728,3689 3729,3688 3729,3687 3731,3685 3744,3685 3744,3686 3744,3687 3747,3689 3748,3689 3748,3690 3748,3691 3751,3693 3752,3693 3753,3695 3753,3741 3754,3741 3958,3741 3959,3740 3959,3716 3960,3715 3960,3714 3961,3713 3962,3713 3967,3708 3967,3700 3968,3699 3968,3698 3969,3697 3970,3697 3971,3696 3971,3692 3982,3681 3994,3681 3995,3680 3995,3679 3997,3677 3998,3677 4000,3680 4000,3681 4001,3681 4006,3681 4007,3683 4007,3684 4009,3685 4010,3685 4011,3687 4011,3741 4012,3741 4026,3741 4027,3743 4027,3744 4028,3744 4029,3744 4031,3747 4031,3748 4032,3748 4033,3748 4035,3751 4035,3760 4036,3760 4037,3760 4039,3763 4039,3765 4040,3765 4074,3765 4075,3767 4075,3768 4077,3769 4082,3769 4083,3771 4083,3779 4081,3781 4080,3781 4079,3782 4079,3783 4077,3785 4072,3785 4071,3786 4071,3787 4069,3789 4052,3789 4051,3790 4051,3816 4051,3816 4050,3816 4049,3817 4048,3817 4047,3818 4047,3819 4046,3820 4041,3820 4040,3821 4040,3822 4039,3823 4039,3824 4039,3824 3783,3824 3780,3827 3780,3828 3780,3828 3596,3828 3594,3830 3594,3831 3593,3832 3440,3832 3439,3832 3439,3831 3437,3828 3102,3828 3101,3828 3101,3827 3099,3824 2788,3824 2787,3825 2787,3834 2786,3835 2786,3836 2786,3836 2785,3836 2783,3838 2783,3842 2782,3843 2782,3844 2782,3844 2781,3844 2778,3847 2778,3848 2778,3848 2777,3848 2775,3850 2775,3854 2774,3855 2774,3856 2774,3856 2765,3856 2762,3859 2762,3860 2762,3860 2744,3860 2743,3860 2743,3829 2743,3828 2521,3828 2520,3829 2520,3871 2519,3872 2518,3872 2516,3874 2516,3875 2515,3876 2335,3876 2333,3878 2333,3879 2332,3880"/><TextEquiv index="1"><Unicode>voit rien de magique, m'a offert ſes fa-</Unicode></TextEquiv></TextLine><TextLine id="r0_l018"><Coords points="1018,3881 4072,3881 4072,4068 1018,4068"/><TextEquiv index="1"><Unicode>veurs (c'eſt une fille de chez la G.</Unicode></TextEquiv></TextLine><TextLine id="r0_l019"><Coords points="3302,4282 3299,4280 3299,4279 3299,4278 3298,4278 3295,4276 3295,4227 3295,4226 3103,4226 3100,4224 3100,4223 3100,4222 2989,4222 2884,4222 2882,4224 2882,4225 2881,4226 2656,4226 2655,4227 2655,4269 2654,4270 2653,4270 2651,4272 2651,4273 2650,4274 2610,4274 2607,4272 2607,4223 2607,4222 2411,4222 2408,4225 2408,4226 2408,4226 2399,4226 2397,4225 2397,4224 2396,4222 2331,4222 2329,4221 2329,4219 2329,4218 2293,4218 2136,4218 2135,4219 2135,4220 2133,4222 1972,4222 1971,4223 1971,4277 1970,4278 1962,4278 1959,4276 1959,4275 1959,4274 1938,4274 1935,4272 1935,4227 1935,4226 1794,4226 1793,4226 1793,4225 1791,4222 1786,4222 1785,4222 1785,4221 1783,4218 1595,4218 1594,4219 1594,4220 1589,4225 1589,4226 1589,4226 1587,4226 1586,4226 1586,4225 1585,4224 1585,4223 1585,4222 1480,4222 1478,4221 1478,4220 1477,4218 1345,4218 1343,4217 1343,4216 1342,4214 1162,4214 1160,4216 1160,4217 1159,4218 1154,4218 1152,4220 1152,4221 1151,4222 1055,4222 1052,4225 1052,4226 1052,4226 1047,4226 1045,4228 1045,4229 1044,4230 1027,4230 1025,4229 1025,4228 1024,4226 1023,4226 1021,4225 1021,4224 1020,4222 1019,4222 1017,4221 1017,4204 1019,4202 1029,4202 1029,4202 1029,4081 1031,4079 1047,4079 1049,4077 1049,4076 1050,4075 1052,4075 1053,4077 1053,4078 1055,4079 1092,4079 1092,4080 1092,4081 1093,4081 1095,4083 1096,4083 1096,4084 1096,4085 1099,4087 1100,4087 1100,4088 1100,4134 1101,4134 1162,4134 1163,4135 1164,4135 1164,4136 1164,4137 1167,4139 1345,4139 1346,4138 1354,4138 1355,4137 1355,4136 1357,4134 1358,4135 1359,4135 1359,4136 1359,4137 1361,4138 1430,4138 1430,4138 1430,4094 1431,4093 1431,4092 1432,4091 1433,4091 1435,4089 1435,4088 1436,4087 1454,4087 1454,4088 1454,4089 1457,4091 1458,4091 1458,4092 1458,4138 1459,4138 1733,4138 1733,4138 1733,4092 1734,4091 1735,4091 1737,4089 1737,4088 1738,4087 1739,4087 1741,4085 1741,4084 1742,4083 1748,4083 1749,4085 1749,4086 1751,4087 1756,4087 1756,4088 1756,4089 1759,4091 1760,4091 1760,4092 1760,4093 1763,4095 1764,4095 1764,4096 1764,4097 1765,4098 1765,4138 1766,4138 2141,4138 2142,4140 2142,4141 2144,4142 2321,4142 2321,4142 2321,4093 2324,4090 2325,4090 2325,4090 2325,4089 2327,4087 2348,4087 2349,4089 2349,4134 2350,4134 2415,4134 2417,4137 2417,4138 2418,4138 2642,4138 2643,4140 2643,4141 2645,4142 2850,4142 2850,4142 2850,4097 2853,4094 2854,4094 2854,4094 2854,4093 2857,4090 2858,4090 2858,4090 2858,4089 2860,4087 3041,4087 3041,4088 3041,4090 3042,4090 3043,4090 3045,4093 3045,4102 3046,4102 3047,4102 3049,4105 3049,4138 3050,4138 3119,4138 3121,4141 3121,4142 3122,4142 3315,4142 3315,4142 3315,4141 3318,4138 3320,4141 3320,4142 3321,4142 3577,4142 3578,4141 3578,4140 3580,4138 3675,4138 3676,4139 3677,4139 3677,4140 3677,4141 3680,4143 3681,4143 3681,4144 3681,4149 3684,4151 3685,4151 3685,4152 3685,4190 3686,4190 3856,4190 3856,4190 3856,4101 3859,4098 3860,4098 3860,4098 3860,4097 3862,4095 3867,4095 3868,4094 3868,4093 3870,4091 3906,4091 3908,4089 3908,4088 3909,4087 3963,4087 3963,4087 3963,4086 3964,4085 3964,4084 3965,4083 3970,4083 3971,4082 3971,4081 3973,4079 4019,4079 4019,4080 4019,4130 4020,4130 4065,4130 4067,4133 4067,4134 4068,4134 4073,4134 4075,4137 4075,4138 4076,4138 4077,4138 4079,4141 4079,4189 4081,4190 4082,4190 4083,4192 4083,4201 4082,4202 4081,4202 4079,4204 4079,4205 4078,4206 4078,4206 4077,4206 4075,4208 4075,4217 4074,4218 4069,4218 4067,4220 4067,4221 4066,4222 3647,4222 3646,4223 3646,4224 3644,4226 3592,4226 3589,4229 3589,4230 3589,4230 3504,4230 3502,4232 3502,4237 3501,4238 3500,4238 3498,4240 3498,4245 3497,4246 3496,4246 3494,4248 3494,4257 3493,4258 3492,4258 3490,4260 3490,4265 3489,4266 3488,4266 3486,4268 3486,4273 3485,4274 3480,4274 3479,4275 3479,4276 3477,4278 3317,4278 3315,4280 3315,4281 3314,4282"/><TextEquiv index="1"><Unicode>Je n'avois pas de quoi les payer. Elle</Unicode></TextEquiv></TextLine><TextLine id="r0_l020"><Coords points="3653,4481 3652,4480 3651,4480 3649,4479 3649,4478 3648,4476 3647,4476 3645,4475 3645,4426 3645,4425 3483,4425 3482,4426 3482,4448 3481,4449 3480,4449 3478,4451 3478,4452 3478,4452 3477,4452 3474,4455 3474,4456 3474,4456 3473,4456 3470,4459 3470,4460 3470,4460 3469,4460 3466,4463 3466,4464 3466,4464 3465,4464 3462,4467 3462,4468 3462,4468 3461,4468 3458,4471 3458,4472 3458,4472 3457,4472 3456,4473 3444,4473 3443,4474 3443,4475 3442,4476 3441,4476 3440,4477 3430,4477 3429,4476 3420,4476 3419,4476 3419,4475 3418,4473 3414,4473 3413,4472 3412,4472 3411,4472 3411,4471 3410,4469 3406,4469 3405,4468 3404,4468 3403,4468 3403,4467 3401,4464 3400,4464 3399,4464 3399,4426 3399,4425 3246,4425 3243,4423 3243,4422 3243,4421 1942,4421 1941,4420 1825,4420 1756,4420 1755,4421 1592,4421 1589,4419 1589,4418 1589,4417 1019,4417 1017,4416 1017,4415 1016,4414 1016,4413 1015,4413 1013,4412 1013,4403 1015,4401 1016,4401 1017,4400 1017,4347 1019,4345 1020,4345 1020,4345 1021,4344 1021,4343 1023,4341 1024,4341 1025,4340 1025,4339 1027,4337 1028,4337 1029,4336 1029,4335 1031,4333 1032,4333 1033,4332 1033,4331 1035,4329 1043,4329 1045,4332 1045,4333 1046,4333 1168,4333 1168,4333 1168,4292 1179,4281 1186,4281 1188,4284 1188,4285 1189,4285 1194,4285 1196,4288 1196,4293 1197,4293 1198,4293 1200,4296 1200,4333 1201,4333 1242,4333 1244,4336 1244,4337 1245,4337 1482,4337 1482,4337 1482,4324 1485,4321 1486,4321 1486,4321 1486,4316 1489,4313 1490,4313 1490,4313 1490,4308 1493,4305 1494,4305 1494,4305 1494,4304 1501,4297 1502,4297 1502,4297 1502,4296 1505,4293 1510,4293 1510,4293 1510,4292 1513,4289 1545,4289 1546,4288 1546,4287 1547,4286 1548,4286 1550,4284 1550,4279 1551,4278 1574,4278 1575,4277 1576,4278 1577,4278 1578,4280 1578,4281 1579,4281 1583,4281 1584,4282 1585,4282 1586,4284 1586,4285 1588,4286 1589,4286 1590,4288 1590,4289 1591,4289 1592,4289 1594,4292 1594,4329 1595,4329 1735,4329 1737,4332 1737,4333 1738,4333 1739,4333 1741,4336 1741,4337 1742,4337 1998,4337 1999,4339 1999,4340 2001,4341 2201,4341 2202,4340 2202,4339 2204,4337 2341,4337 2341,4337 2341,4327 2343,4325 2344,4325 2345,4324 2345,4311 2346,4310 2347,4310 2348,4309 2349,4309 2349,4309 2349,4299 2350,4298 2351,4298 2352,4297 2353,4297 2353,4297 2353,4288 2360,4281 2454,4281 2455,4282 2504,4282 2504,4283 2504,4284 2506,4285 2510,4285 2511,4286 2512,4286 2512,4287 2512,4288 2515,4290 2516,4290 2516,4291 2516,4333 2517,4333 2562,4333 2566,4337 2579,4337 2580,4339 2580,4340 2582,4341 2821,4341 2825,4337 2918,4337 2918,4337 2918,4323 2920,4321 2921,4321 2922,4320 2922,4315 2924,4313 2925,4313 2926,4312 2926,4307 2928,4305 2929,4305 2930,4304 2930,4304 2930,4303 2932,4301 2933,4301 2934,4300 2934,4300 2934,4299 2935,4298 2936,4298 2938,4296 2938,4295 2939,4294 2940,4294 2941,4293 2945,4293 2946,4292 2946,4291 2947,4290 2948,4290 2949,4289 2953,4289 2953,4289 2953,4288 2955,4286 2956,4286 2957,4285 2997,4285 2997,4285 2997,4284 2999,4282 3000,4282 3001,4281 3190,4281 3191,4282 3192,4282 3192,4283 3192,4308 3195,4310 3196,4310 3196,4311 3196,4341 3197,4341 3426,4341 3427,4340 3427,4339 3429,4337 3449,4337 3451,4340 3451,4341 3452,4341 3816,4341 3816,4341 3816,4340 3819,4337 3828,4337 3828,4337 3828,4336 3831,4333 4003,4333 4003,4333 4003,4296 4006,4293 4007,4293 4007,4293 4007,4292 4009,4290 4011,4290 4011,4291 4011,4292 4013,4293 4017,4293 4018,4294 4019,4294 4019,4295 4019,4296 4022,4298 4023,4298 4023,4299 4023,4329 4024,4329 4061,4329 4069,4337 4074,4337 4074,4338 4074,4339 4082,4346 4083,4346 4083,4347 4083,4404 4082,4405 4077,4405 4074,4408 4074,4409 4074,4409 4065,4409 4063,4411 4063,4412 4063,4412 4062,4412 4059,4415 4059,4416 4058,4417 4016,4417 4015,4418 4015,4432 4014,4433 4013,4433 4011,4435 4011,4448 4011,4448 4010,4448 4007,4451 4007,4456 4007,4456 4006,4456 4003,4459 4003,4460 4003,4460 4002,4460 3999,4463 3999,4464 3999,4464 3998,4464 3997,4465 3994,4465 3991,4463 3991,4426 3991,4425 3698,4425 3697,4426 3697,4476 3697,4476 3696,4476 3692,4480 3691,4480 3690,4481"/><TextEquiv index="1"><Unicode>m'a offert un crédit auſſi long que je</Unicode></TextEquiv></TextLine><TextLine id="r0_l021"><Coords points="3698,4678 3697,4678 3697,4621 3697,4620 3678,4620 3677,4621 3677,4647 3677,4647 3676,4647 3673,4650 3673,4651 3673,4651 3672,4651 3669,4654 3669,4655 3669,4655 3668,4655 3665,4658 3665,4663 3665,4663 3660,4663 3657,4666 3657,4667 3657,4667 3656,4667 3653,4670 3653,4671 3653,4671 3648,4671 3645,4674 3645,4675 3645,4675 3611,4675 3610,4675 3610,4674 3608,4671 3607,4671 3606,4671 3606,4670 3604,4667 3599,4667 3598,4667 3598,4666 3596,4663 3595,4663 3594,4663 3594,4621 3594,4620 3529,4620 3525,4616 3309,4616 3307,4618 3307,4619 3306,4620 3286,4620 3283,4618 3283,4617 3283,4616 2722,4616 2721,4615 2720,4615 2719,4615 2719,4614 2718,4612 2458,4612 2456,4614 2456,4615 2455,4616 2344,4616 2341,4614 2341,4613 2341,4612 1794,4612 1792,4614 1792,4615 1791,4616 1779,4616 1776,4614 1776,4613 1776,4612 1484,4612 1482,4614 1482,4615 1481,4616 1480,4615 1479,4615 1478,4615 1478,4614 1477,4612 1273,4612 1271,4614 1271,4615 1270,4616 1058,4616 1057,4617 1057,4618 1055,4620 1053,4619 1053,4618 1052,4616 1051,4615 1050,4615 1049,4615 1049,4610 1048,4608 1047,4608 1045,4607 1045,4602 1044,4600 1043,4600 1041,4599 1041,4594 1040,4592 1039,4592 1037,4591 1037,4578 1036,4576 1035,4576 1033,4575 1033,4570 1032,4568 1031,4568 1029,4567 1029,4566 1028,4565 1028,4564 1027,4564 1025,4563 1025,4554 1024,4552 1023,4552 1021,4551 1021,4550 1021,4549 1020,4548 1019,4548 1017,4547 1017,4546 1017,4545 1016,4544 1015,4544 1013,4543 1013,4538 1015,4536 1016,4536 1017,4535 1017,4534 1019,4532 1139,4532 1140,4531 1140,4530 1142,4528 1147,4528 1148,4530 1148,4531 1150,4532 1347,4532 1347,4532 1347,4482 1348,4481 1349,4481 1351,4479 1351,4478 1352,4477 1353,4477 1354,4476 1373,4476 1375,4479 1375,4485 1376,4485 1551,4485 1552,4484 1553,4484 1554,4483 1554,4482 1556,4480 1564,4480 1566,4483 1566,4484 1567,4484 1568,4484 1570,4487 1570,4488 1571,4488 1748,4488 1749,4487 1749,4486 1751,4484 1752,4484 1753,4483 1753,4482 1755,4480 1791,4480 1792,4482 1792,4483 1794,4484 2017,4484 2018,4485 2019,4485 2019,4486 2019,4487 2021,4488 2025,4488 2026,4489 2027,4489 2027,4490 2027,4491 2028,4491 2030,4493 2031,4493 2031,4494 2031,4528 2032,4528 2448,4528 2448,4528 2448,4503 2451,4500 2452,4500 2452,4500 2452,4495 2455,4492 2456,4492 2456,4492 2456,4491 2459,4488 2464,4488 2464,4488 2464,4487 2467,4484 2468,4484 2468,4484 2468,4483 2471,4480 2472,4480 2472,4480 2472,4479 2475,4476 2484,4476 2484,4476 2484,4475 2487,4472 2673,4472 2674,4473 2675,4473 2675,4474 2675,4528 2676,4528 2894,4528 2894,4528 2894,4486 2896,4484 3036,4484 3037,4483 3037,4482 3038,4481 3039,4481 3040,4480 3230,4480 3232,4483 3232,4484 3233,4484 3234,4484 3236,4487 3236,4496 3237,4496 3414,4496 3415,4495 3415,4494 3417,4492 3422,4492 3423,4491 3423,4490 3425,4488 3450,4488 3450,4488 3450,4487 3453,4484 3469,4484 3471,4487 3471,4488 3472,4488 3489,4488 3490,4490 3490,4491 3492,4492 3493,4492 3494,4494 3494,4499 3496,4500 3497,4500 3498,4502 3498,4536 3499,4536 3693,4536 3693,4536 3693,4506 3695,4504 3700,4504 3701,4503 3701,4502 3703,4500 3749,4500 3749,4500 3749,4494 3751,4492 3752,4492 3753,4491 3753,4490 3755,4488 3915,4488 3916,4487 3916,4486 3918,4484 3930,4484 3932,4487 3932,4488 3933,4488 3938,4488 3940,4491 3940,4496 3941,4496 3942,4496 3944,4499 3944,4500 3945,4500 3946,4500 3948,4503 3948,4528 3949,4528 4062,4528 4063,4530 4063,4531 4065,4532 4066,4532 4067,4534 4067,4535 4069,4536 4070,4536 4071,4538 4071,4543 4073,4544 4074,4544 4075,4546 4075,4563 4077,4564 4078,4564 4079,4566 4079,4590 4077,4592 4076,4592 4075,4593 4075,4599 4075,4599 4074,4599 4073,4600 4068,4600 4067,4601 4067,4602 4066,4603 4065,4604 4064,4604 4063,4605 4063,4611 4063,4611 4062,4611 4061,4612 4057,4612 4055,4614 4055,4615 4054,4616 3897,4616 3896,4617 3896,4618 3894,4620 3722,4620 3721,4621 3721,4677 3721,4677 3718,4677 3717,4678"/><TextEquiv index="1"><Unicode>voudrai. C'eſt une folle. M. de Caglioſtro</Unicode></TextEquiv></TextLine><TextLine id="r0_l022"><Coords points="3364,5071 3363,5071 3363,5058 3363,5057 2681,5057 2679,5056 2679,5050 2679,5049 2545,5049 2544,5049 2544,5042 2544,5041 2526,5041 2524,5040 2524,5014 2524,5013 1965,5013 1963,5012 1963,5010 1963,5009 1181,5009 1180,5010 1180,5060 1179,5061 1058,5061 1057,5062 1057,5067 1057,5067 1035,5067 1034,5068 1033,5068 1033,5010 1033,5009 1019,5009 1017,5008 1017,5007 1017,5006 1016,5006 1013,5004 1013,5003 1013,5002 1012,5002 1009,5000 1009,4995 1010,4994 1011,4994 1013,4992 1013,4860 1015,4858 1016,4858 1017,4857 1017,4737 1019,4735 1020,4735 1020,4735 1021,4734 1021,4733 1023,4731 1032,4731 1033,4730 1033,4729 1035,4727 1207,4727 1208,4726 1208,4725 1210,4723 1355,4723 1355,4723 1355,4677 1357,4675 1358,4675 1359,4674 1359,4674 1359,4673 1361,4671 1485,4671 1489,4667 1513,4667 1514,4669 1514,4670 1516,4671 2558,4671 2562,4675 2567,4675 2568,4677 2568,4683 2569,4683 3367,4683 3367,4683 3367,4681 3369,4679 3370,4679 3371,4678 3371,4677 3373,4675 3394,4675 3394,4676 3394,4677 3395,4677 3721,4677 3723,4679 3970,4679 3972,4682 3972,4683 3973,4683 3974,4683 3975,4685 3975,4690 3977,4691 3978,4691 3978,4692 3980,4694 3980,4695 3981,4695 3990,4695 3991,4697 3991,4698 3992,4698 3993,4699 3994,4699 3995,4701 3995,4727 3996,4727 4050,4727 4051,4729 4051,4779 4052,4779 4070,4779 4071,4781 4071,4782 4072,4782 4073,4782 4075,4785 4075,4790 4076,4790 4077,4790 4079,4793 4079,4988 4078,4989 4077,4989 4075,4991 4075,4992 4074,4993 4073,4993 4071,4995 4071,5000 4070,5001 4069,5001 4067,5003 4067,5004 4066,5005 4057,5005 4055,5007 4055,5008 4054,5009 4014,5009 4010,5013 3819,5013 3816,5016 3816,5017 3816,5017 3384,5017 3383,5018 3383,5071 3383,5071"/><TextEquiv index="1"><Unicode>usrus iue r e, see ei a eennas</Unicode></TextEquiv></TextLine><TextLine id="r0_l023"><Coords points="2669,5260 2668,5260 2668,5259 2666,5256 2665,5256 2663,5255 2663,5232 2663,5231 2508,5231 2507,5232 2502,5232 2500,5234 2500,5235 2499,5236 2498,5236 2496,5238 2496,5239 2495,5240 2482,5240 2481,5240 2481,5239 2479,5236 2478,5236 2477,5236 2477,5235 2476,5234 2476,5209 2476,5208 2156,5208 2154,5207 2154,5206 2153,5204 1472,5204 1470,5203 1470,5202 1469,5200 1361,5200 1253,5200 1252,5201 1252,5202 1251,5203 1251,5204 1251,5204 1250,5204 1247,5207 1247,5208 1247,5208 1242,5208 1236,5203 1236,5201 1236,5200 1222,5200 1221,5201 1221,5260 1221,5260 1215,5260 1214,5260 1214,5201 1214,5200 1023,5200 1021,5199 1021,5198 1020,5196 1019,5196 1017,5195 1017,5194 1016,5193 1016,5192 1015,5192 1013,5191 1013,5142 1014,5141 1015,5141 1017,5139 1017,5134 1018,5133 1019,5133 1019,5133 1021,5131 1021,5130 1022,5129 1023,5129 1024,5128 1028,5128 1029,5127 1029,5126 1030,5125 1031,5125 1032,5124 1034,5124 1034,5124 1034,5068 1035,5067 1057,5067 1059,5069 1060,5069 1061,5071 1061,5076 1063,5077 1064,5077 1065,5079 1065,5088 1067,5089 1068,5089 1069,5091 1069,5104 1070,5104 1071,5104 1073,5107 1073,5124 1074,5124 1255,5124 1256,5123 1256,5122 1257,5121 1258,5121 1259,5120 1395,5120 1395,5120 1395,5075 1405,5065 1410,5065 1410,5066 1410,5067 1413,5069 1418,5069 1418,5070 1418,5071 1419,5072 1419,5120 1420,5120 1677,5120 1677,5120 1677,5119 1678,5118 1679,5117 1680,5117 1681,5116 1682,5117 1688,5117 1689,5119 1689,5120 1690,5120 1849,5120 1850,5121 1851,5121 1851,5122 1852,5123 1852,5124 1853,5124 2225,5124 2226,5123 2226,5122 2227,5121 2229,5121 2230,5120 2297,5120 2297,5120 2297,5119 2299,5117 2301,5117 2301,5118 2301,5119 2303,5120 2394,5120 2395,5121 2396,5121 2397,5123 2397,5124 2398,5124 2399,5124 2401,5127 2401,5128 2402,5128 2403,5128 2405,5131 2405,5132 2406,5132 2407,5132 2409,5135 2409,5136 2410,5136 2411,5136 2413,5139 2413,5180 2414,5180 2619,5180 2619,5180 2619,5167 2622,5164 2623,5164 2623,5164 2623,5151 2626,5148 2627,5148 2627,5148 2627,5143 2630,5140 2631,5140 2631,5140 2631,5139 2634,5136 2635,5136 2635,5136 2635,5135 2638,5132 2643,5132 2643,5132 2643,5131 2646,5128 2647,5128 2647,5128 2647,5127 2649,5125 2650,5125 2651,5124 2850,5124 2850,5124 2850,5123 2851,5122 2852,5121 2853,5121 2854,5120 2859,5120 2860,5121 2861,5121 2868,5128 2977,5128 2977,5128 2977,5095 2979,5093 2980,5093 2981,5092 2981,5091 2983,5089 2984,5089 2985,5088 2985,5087 2987,5085 3000,5085 3009,5095 3009,5124 3010,5124 3208,5124 3208,5124 3208,5083 3210,5081 3211,5081 3211,5081 3212,5080 3212,5079 3214,5077 3215,5077 3215,5077 3216,5076 3216,5075 3218,5073 3227,5073 3227,5073 3227,5072 3228,5071 3228,5070 3229,5069 3231,5069 3233,5071 3383,5071 3385,5073 3386,5073 3387,5075 3387,5120 3388,5120 3389,5120 3391,5123 3391,5132 3392,5132 3594,5132 3594,5132 3594,5082 3595,5081 3596,5081 3596,5081 3602,5075 3602,5074 3603,5073 3609,5073 3609,5074 3609,5075 3612,5077 3617,5077 3617,5078 3617,5079 3618,5080 3618,5128 3620,5129 3764,5129 3765,5131 3765,5132 3766,5132 3955,5132 3956,5131 3956,5130 3957,5129 3958,5129 3959,5128 4017,5128 4018,5129 4019,5129 4019,5130 4019,5148 4020,5148 4073,5148 4075,5151 4075,5171 4074,5172 4057,5172 4055,5174 4055,5175 4054,5176 4032,5176 4031,5177 4031,5203 4030,5204 4017,5204 4015,5206 4015,5207 4014,5208 3894,5208 3892,5210 3892,5211 3891,5212 3882,5212 3880,5214 3880,5215 3879,5216 3743,5216 3741,5215 3741,5213 3741,5212 3681,5212 3536,5212 3534,5214 3534,5215 3533,5216 3524,5216 3522,5215 3522,5214 3521,5212 3516,5212 3514,5211 3514,5210 3513,5208 3294,5208 3291,5211 3291,5212 3291,5212 3289,5212 3287,5211 3287,5210 3286,5208 3067,5208 3065,5210 3065,5211 3064,5212 2998,5212 2997,5213 2997,5231 2996,5232 2995,5232 2993,5234 2993,5239 2992,5240 2991,5240 2989,5242 2989,5247 2988,5248 2987,5248 2986,5249 2985,5250 2985,5251 2984,5252 2983,5252 2982,5253 2981,5254 2981,5255 2980,5256 2976,5256 2972,5252 2971,5252 2970,5252 2970,5251 2969,5250 2969,5209 2969,5208 2712,5208 2711,5209 2711,5259 2710,5260"/><TextEquiv index="1"><Unicode>à voir une morte, que je lui ai nom-</Unicode></TextEquiv></TextLine><TextLine id="r0_l024"><Coords points="3545,5467 3544,5466 3543,5466 3542,5466 3542,5465 3541,5463 3517,5463 3514,5461 3514,5412 3514,5411 3134,5411 3133,5412 3133,5416 3132,5417 3132,5418 3131,5419 3130,5419 3129,5420 3129,5432 3128,5433 3128,5434 3127,5435 3126,5435 3125,5436 3125,5437 3123,5439 3122,5439 3121,5440 3121,5445 3119,5447 3118,5447 3117,5448 3117,5449 3115,5451 3114,5451 3113,5452 3113,5453 3111,5455 3107,5455 3105,5454 3105,5453 3104,5452 3104,5408 3104,5407 3086,5407 3085,5408 3085,5465 3085,5465 3082,5465 3081,5465 3081,5408 3081,5407 2876,5407 2874,5406 2874,5404 2874,5403 2797,5403 2796,5404 2796,5463 2796,5463 2786,5463 2785,5463 2785,5404 2785,5403 2526,5403 2524,5405 2524,5406 2523,5407 2522,5407 2521,5407 2520,5406 2520,5405 2519,5403 1897,5403 1896,5404 1896,5453 1894,5455 1893,5455 1892,5456 1892,5457 1890,5459 1879,5459 1878,5458 1877,5458 1876,5458 1876,5457 1875,5455 1871,5455 1870,5454 1869,5454 1868,5454 1868,5400 1868,5399 1404,5399 1403,5400 1403,5409 1401,5411 1400,5411 1399,5412 1399,5417 1397,5419 1396,5419 1395,5420 1395,5425 1377,5443 1373,5443 1371,5442 1371,5404 1371,5403 1232,5403 1231,5404 1231,5460 1231,5460 1221,5460 1220,5460 1220,5404 1220,5403 1023,5403 1021,5402 1021,5401 1020,5399 1015,5399 1013,5398 1013,5329 1014,5328 1015,5328 1015,5328 1017,5326 1017,5325 1018,5324 1019,5324 1021,5322 1021,5321 1022,5320 1023,5320 1024,5319 1028,5319 1029,5318 1029,5317 1030,5316 1031,5316 1032,5315 1039,5315 1041,5318 1041,5319 1042,5319 1196,5319 1196,5319 1196,5297 1197,5296 1198,5296 1200,5294 1200,5289 1201,5288 1202,5288 1204,5286 1204,5277 1205,5276 1206,5276 1208,5274 1208,5261 1209,5260 1227,5260 1228,5262 1228,5315 1229,5315 1478,5315 1478,5315 1478,5278 1481,5275 1482,5275 1482,5275 1482,5270 1484,5268 1485,5268 1486,5267 1486,5266 1488,5264 1548,5264 1550,5262 1550,5261 1551,5260 1557,5260 1558,5262 1558,5263 1559,5264 1560,5264 1561,5264 1562,5266 1562,5319 1563,5319 2023,5319 2023,5319 2023,5270 2026,5267 2027,5267 2027,5267 2027,5266 2029,5264 2034,5264 2035,5266 2035,5267 2037,5268 2046,5268 2047,5270 2047,5319 2048,5319 2257,5319 2258,5318 2258,5317 2260,5315 2264,5315 2266,5318 2266,5319 2267,5319 2673,5319 2674,5320 2675,5320 2675,5321 2675,5322 2677,5323 2968,5323 2970,5326 2970,5327 2971,5327 3108,5327 3108,5327 3108,5295 3109,5294 3109,5293 3110,5292 3111,5292 3113,5290 3113,5289 3114,5288 3115,5288 3117,5286 3117,5285 3118,5284 3132,5284 3132,5285 3132,5290 3135,5292 3136,5292 3136,5293 3136,5323 3137,5323 3199,5323 3200,5325 3200,5326 3202,5327 3386,5327 3387,5326 3387,5325 3389,5323 3540,5323 3541,5324 3542,5324 3542,5325 3542,5326 3544,5327 3580,5327 3582,5330 3582,5331 3583,5331 3804,5331 3804,5331 3804,5330 3807,5327 3936,5327 3936,5327 3936,5321 3938,5319 3939,5319 3939,5319 3939,5307 3940,5306 3940,5305 3941,5304 3942,5304 3944,5302 3944,5297 3945,5296 3946,5296 3947,5295 3947,5291 3948,5290 3948,5289 3949,5288 3950,5288 3952,5286 3952,5285 3953,5284 3954,5284 3956,5282 3956,5281 3957,5280 3958,5280 3960,5278 3960,5277 3961,5276 3966,5276 3968,5274 3968,5273 3969,5272 3970,5272 3972,5270 3972,5269 3973,5268 3987,5268 3987,5269 3987,5270 3988,5270 3990,5272 3991,5272 3991,5273 3991,5315 3992,5315 4065,5315 4067,5318 4067,5319 4068,5319 4069,5319 4071,5322 4071,5382 4073,5383 4074,5383 4074,5384 4075,5385 4075,5386 4074,5387 4073,5387 4072,5388 4071,5389 4071,5390 4070,5391 4069,5391 4067,5393 4067,5394 4066,5395 4066,5395 4065,5395 4063,5397 4063,5398 4063,5398 4062,5399 4061,5399 4059,5401 4059,5402 4058,5403 4013,5403 4011,5405 4011,5406 4010,5407 4009,5407 4007,5409 4007,5410 4006,5411 3767,5411 3763,5415 3559,5415 3558,5416 3558,5465 3556,5467"/><TextEquiv index="1"><Unicode>mée; il a pris encore un jour pour ſes</Unicode></TextEquiv></TextLine><TextLine id="r0_l025"><Coords points="1680,5658 1679,5657 1675,5657 1673,5656 1673,5655 1673,5654 1668,5654 1667,5653 1666,5653 1665,5653 1665,5599 1665,5598 1288,5598 1287,5599 1287,5645 1286,5646 1285,5646 1283,5648 1283,5649 1283,5649 1282,5649 1281,5650 1267,5650 1266,5649 1265,5649 1264,5649 1264,5648 1263,5647 1263,5595 1263,5594 1094,5594 1093,5595 1093,5656 1093,5656 1018,5656 1013,5652 1013,5647 1014,5646 1015,5646 1017,5644 1017,5520 1019,5518 1032,5518 1033,5517 1033,5516 1035,5514 1128,5514 1128,5514 1128,5512 1130,5510 1208,5510 1208,5510 1208,5488 1209,5487 1210,5487 1212,5485 1212,5476 1213,5475 1214,5475 1216,5473 1216,5468 1217,5467 1218,5467 1220,5465 1220,5461 1221,5460 1232,5460 1232,5461 1232,5518 1233,5518 1434,5518 1434,5518 1434,5517 1437,5514 1466,5514 1466,5514 1466,5513 1469,5510 1473,5510 1475,5512 1637,5512 1637,5512 1637,5465 1639,5463 1643,5463 1644,5462 1645,5462 1645,5462 1645,5461 1647,5459 1648,5459 1649,5458 1742,5458 1743,5459 1744,5459 1745,5461 1745,5462 1746,5462 1750,5462 1751,5463 1752,5463 1753,5465 1753,5470 1754,5470 1949,5470 1950,5471 1951,5471 1951,5472 1951,5473 1952,5474 1952,5514 1953,5514 2146,5514 2146,5514 2146,5469 2149,5466 2154,5466 2154,5466 2154,5465 2155,5464 2156,5463 2157,5463 2158,5462 2172,5462 2173,5463 2174,5463 2174,5464 2174,5497 2177,5499 2178,5499 2178,5500 2178,5514 2179,5514 2240,5514 2242,5517 2242,5518 2243,5518 2416,5518 2416,5518 2416,5471 2417,5470 2417,5468 2418,5467 2419,5467 2421,5465 2421,5464 2422,5463 2423,5463 2424,5462 2432,5462 2433,5461 2433,5460 2434,5459 2435,5459 2436,5458 2438,5458 2439,5459 2440,5459 2440,5460 2440,5461 2443,5463 2444,5463 2444,5464 2444,5465 2447,5467 2448,5467 2448,5468 2448,5469 2449,5470 2449,5486 2450,5486 2451,5486 2452,5488 2452,5489 2453,5490 2453,5494 2454,5494 2463,5494 2464,5496 2464,5518 2465,5518 2778,5518 2778,5518 2778,5474 2779,5473 2779,5472 2780,5471 2781,5471 2782,5470 2782,5466 2783,5465 2783,5464 2784,5463 2798,5463 2798,5464 2798,5465 2799,5466 2801,5467 2802,5467 2802,5468 2802,5522 2803,5522 2889,5522 2890,5523 3066,5523 3067,5522 3068,5522 3069,5521 3069,5472 3070,5471 3071,5471 3073,5469 3073,5468 3074,5467 3075,5467 3076,5466 3080,5466 3081,5465 3085,5465 3086,5466 3138,5466 3139,5467 3140,5467 3140,5468 3140,5469 3143,5471 3144,5471 3144,5472 3144,5521 3146,5522 3147,5522 3148,5524 3148,5526 3149,5526 3366,5526 3367,5525 3367,5500 3368,5499 3369,5499 3371,5497 3371,5488 3372,5487 3373,5487 3375,5485 3375,5484 3376,5483 3377,5483 3379,5481 3379,5476 3380,5475 3381,5475 3382,5474 3386,5474 3387,5473 3387,5472 3388,5471 3389,5471 3390,5470 3402,5470 3403,5469 3403,5468 3404,5467 3405,5467 3406,5466 3413,5466 3415,5469 3415,5470 3416,5470 3417,5470 3418,5471 3502,5471 3502,5472 3502,5473 3504,5474 3512,5474 3513,5475 3514,5475 3514,5476 3514,5478 3515,5478 3693,5478 3693,5478 3693,5477 3696,5474 3701,5474 3701,5474 3701,5473 3704,5470 3715,5470 3717,5473 3717,5474 3718,5474 3723,5474 3725,5477 3725,5478 3726,5478 3727,5478 3729,5481 3729,5526 3730,5526 3879,5526 3880,5525 3880,5524 3882,5522 3883,5522 3884,5521 3884,5520 3886,5518 3928,5518 3928,5518 3928,5476 3929,5475 3930,5475 3931,5474 3938,5474 3940,5477 3940,5478 3941,5478 3942,5478 3944,5481 3944,5518 3945,5518 4002,5518 4003,5520 4003,5521 4005,5522 4006,5522 4007,5524 4007,5570 4008,5570 4062,5570 4063,5572 4063,5573 4065,5574 4070,5574 4071,5576 4071,5585 4073,5586 4074,5586 4075,5588 4075,5613 4077,5614 4078,5614 4079,5616 4079,5620 4078,5621 4077,5622 4072,5622 4071,5623 4071,5624 4069,5626 4068,5626 4067,5627 4067,5628 4065,5630 4056,5630 4055,5631 4055,5632 4053,5634 4046,5634 4045,5633 4044,5633 4043,5633 4043,5611 4043,5610 3735,5610 3733,5609 3733,5608 3732,5606 3681,5606 3472,5606 3470,5608 3470,5609 3469,5610 3417,5610 3415,5609 3415,5608 3414,5606 3278,5606 3275,5604 3275,5603 3275,5602 2990,5602 2989,5603 2989,5621 2988,5622 2987,5622 2986,5623 2985,5624 2985,5625 2984,5626 2983,5626 2982,5627 2981,5628 2981,5629 2980,5630 2975,5630 2973,5632 2973,5633 2972,5634 2963,5634 2961,5636 2961,5637 2961,5637 2960,5637 2959,5638 2956,5638 2953,5636 2953,5635 2953,5634 2952,5634 2949,5632 2949,5603 2949,5602 2510,5602 2508,5604 2508,5605 2507,5606 2506,5606 2504,5605 2504,5604 2503,5602 2435,5602 2432,5600 2432,5599 2432,5598 2243,5598 2242,5599 2242,5600 2240,5602 1894,5602 1892,5601 1892,5599 1892,5598 1692,5598 1691,5599 1691,5658 1691,5658"/><TextEquiv index="1"><Unicode>préparatifs. Le lendemain, il a fait ſortir,</Unicode></TextEquiv></TextLine><TextLine id="r0_l026"><Coords points="3468,5868 3467,5868 3467,5867 3465,5864 3444,5864 3443,5864 3443,5863 3442,5862 3442,5810 3442,5809 3269,5809 3268,5810 3268,5811 3267,5812 3266,5812 3265,5813 3251,5813 3250,5812 3249,5812 3248,5812 3248,5811 3247,5809 3058,5809 3057,5810 3057,5866 3057,5866 3054,5866 3053,5866 3053,5810 3053,5809 2865,5809 2857,5801 2617,5801 2615,5803 2615,5804 2614,5805 2491,5805 2488,5803 2488,5802 2488,5801 2020,5801 2019,5802 2019,5816 2019,5816 2018,5816 2017,5817 2016,5817 2015,5818 2015,5827 2010,5832 1991,5832 1990,5833 1990,5861 1990,5861 1981,5861 1980,5861 1980,5802 1980,5801 1793,5801 1792,5802 1792,5844 1792,5844 1791,5844 1790,5845 1788,5847 1788,5848 1788,5848 1787,5848 1784,5851 1784,5852 1784,5852 1667,5852 1665,5851 1665,5850 1665,5849 1664,5849 1661,5847 1661,5802 1661,5801 1604,5801 1601,5799 1601,5798 1601,5797 1507,5797 1506,5798 1506,5854 1506,5854 1495,5854 1494,5854 1494,5798 1494,5797 1342,5797 1338,5793 1162,5793 1160,5795 1160,5796 1160,5796 1159,5796 1158,5797 1096,5797 1095,5798 1095,5853 1095,5853 1094,5853 1094,5798 1094,5797 1083,5797 1081,5796 1081,5795 1080,5793 1043,5793 1041,5792 1041,5791 1040,5789 1035,5789 1033,5788 1033,5787 1031,5785 1031,5784 1030,5784 1029,5784 1029,5783 1027,5780 1026,5780 1025,5780 1025,5771 1024,5769 1023,5769 1021,5768 1021,5747 1023,5745 1024,5745 1025,5744 1025,5739 1027,5737 1028,5737 1029,5736 1029,5735 1030,5734 1031,5733 1032,5733 1033,5732 1033,5731 1034,5730 1035,5729 1036,5729 1037,5728 1037,5727 1039,5725 1044,5725 1045,5724 1045,5659 1045,5658 1021,5658 1020,5657 1019,5657 1018,5657 1019,5656 1093,5656 1094,5657 1095,5657 1097,5660 1097,5661 1098,5661 1099,5661 1101,5664 1101,5709 1102,5709 1279,5709 1279,5709 1279,5704 1282,5701 1283,5701 1283,5701 1283,5692 1286,5689 1287,5689 1287,5689 1287,5676 1290,5673 1291,5673 1291,5673 1291,5672 1294,5669 1295,5669 1295,5669 1295,5668 1298,5665 1299,5665 1299,5665 1299,5664 1302,5661 1303,5661 1303,5661 1303,5660 1306,5657 1323,5657 1323,5657 1323,5656 1326,5653 1337,5653 1338,5654 1339,5654 1339,5655 1339,5660 1342,5662 1343,5662 1343,5663 1343,5709 1344,5709 1681,5709 1681,5709 1681,5659 1682,5658 1693,5658 1693,5659 1693,5672 1695,5673 1696,5673 1697,5675 1697,5717 1698,5717 1871,5717 1872,5716 1872,5715 1874,5713 1895,5713 1895,5714 1895,5715 1898,5717 1899,5717 1899,5718 1899,5719 1902,5721 1903,5721 1903,5722 1903,5723 1906,5725 1907,5725 1907,5726 1907,5727 1910,5729 1911,5729 1911,5730 1911,5731 1912,5732 1912,5736 1914,5737 1915,5737 1915,5738 1915,5739 1916,5740 1916,5773 1917,5773 2090,5773 2090,5773 2090,5725 2091,5724 2091,5723 2093,5721 2094,5721 2094,5721 2094,5720 2097,5717 2304,5717 2306,5715 2306,5714 2307,5713 2409,5713 2409,5713 2409,5707 2411,5705 2412,5705 2413,5704 2413,5691 2415,5689 2416,5689 2417,5688 2417,5683 2419,5681 2420,5681 2421,5680 2421,5679 2423,5677 2424,5677 2425,5676 2425,5675 2427,5673 2428,5673 2428,5673 2428,5672 2431,5669 2432,5669 2432,5669 2432,5668 2435,5665 2436,5665 2436,5665 2436,5664 2439,5661 2444,5661 2444,5661 2444,5660 2447,5657 2475,5657 2476,5659 2476,5717 2477,5717 2507,5717 2508,5719 2508,5720 2510,5721 2734,5721 2734,5721 2734,5720 2737,5717 2738,5717 2739,5719 2739,5720 2741,5721 2988,5721 2989,5720 2989,5719 2991,5717 3068,5717 3069,5719 3069,5721 3070,5721 3299,5721 3299,5721 3299,5680 3302,5677 3303,5677 3303,5677 3303,5676 3306,5673 3307,5673 3307,5673 3307,5672 3310,5669 3315,5669 3315,5669 3315,5668 3318,5665 3330,5665 3331,5667 3331,5680 3333,5681 3334,5681 3335,5683 3335,5721 3336,5721 3465,5721 3467,5724 3467,5725 3468,5725 3653,5725 3653,5725 3653,5696 3656,5693 3657,5693 3657,5693 3657,5688 3660,5685 3661,5685 3661,5685 3661,5680 3672,5669 3676,5669 3677,5671 3677,5672 3678,5672 3679,5673 3680,5673 3681,5675 3681,5725 3682,5725 3856,5725 3856,5725 3856,5671 3857,5670 3858,5670 3859,5669 3903,5669 3904,5668 3904,5667 3906,5665 3914,5665 3916,5668 3916,5669 3917,5669 3922,5669 3924,5672 3924,5681 3925,5681 3926,5681 3928,5684 3928,5713 3929,5713 4058,5713 4059,5715 4059,5716 4061,5717 4062,5717 4063,5719 4063,5720 4065,5721 4066,5721 4067,5723 4067,5756 4069,5757 4070,5757 4071,5759 4071,5772 4073,5773 4074,5773 4075,5775 4075,5776 4077,5777 4078,5777 4079,5779 4079,5795 4077,5797 3997,5797 3995,5799 3995,5800 3995,5800 3994,5800 3993,5801 3989,5801 3987,5803 3987,5804 3987,5804 3986,5804 3985,5805 3885,5805 3884,5806 3884,5808 3884,5808 3883,5808 3882,5809 3746,5809 3745,5810 3745,5811 3743,5813 3742,5813 3741,5814 3741,5815 3739,5817 3579,5817 3578,5818 3578,5859 3577,5860 3576,5860 3574,5862 3574,5863 3573,5864 3572,5864 3570,5866 3570,5867 3569,5868"/><TextEquiv index="1"><Unicode>de ſa trappe, une femme enveloppée d'un</Unicode></TextEquiv></TextLine><TextLine id="r0_l027"><Coords points="3129,6067 3128,6067 3128,6008 3128,6007 3039,6007 3037,6006 3037,6005 3037,6004 3036,6004 3035,6003 2482,6003 2480,6002 2480,6001 2479,5999 2272,5999 2269,6002 2269,6003 2269,6003 2267,6003 2266,6004 2265,6003 2263,6003 2262,6003 2262,6001 2262,6000 2214,6000 2213,5999 2061,5999 1994,5999 1991,6002 1991,6003 1991,6003 1869,6003 1868,6004 1868,6042 1867,6043 1866,6043 1865,6044 1864,6045 1864,6046 1863,6047 1846,6047 1844,6049 1844,6050 1843,6051 1830,6051 1828,6050 1828,6049 1828,6048 1827,6047 1826,6047 1824,6046 1824,6022 1824,6021 1658,6021 1656,6023 1651,6023 1649,6022 1649,5997 1649,5996 1637,5996 1636,5995 1449,5995 1447,5997 1447,5998 1446,5999 1444,5999 1442,5998 1442,5997 1442,5996 1335,5996 1334,5995 1333,5995 1332,5994 1331,5994 1331,5993 1331,5992 1058,5992 1057,5993 1057,5994 1057,5994 1056,5995 1055,5995 1054,5996 1025,5996 1024,5995 1023,5995 1019,5991 1018,5991 1017,5991 1017,5874 1019,5872 1020,5872 1021,5871 1021,5870 1023,5868 1032,5868 1033,5867 1033,5866 1035,5864 1040,5864 1041,5863 1041,5862 1043,5860 1088,5860 1088,5860 1088,5859 1091,5856 1092,5856 1092,5856 1092,5855 1094,5853 1096,5853 1097,5855 1097,5856 1098,5856 1103,5856 1104,5858 1104,5862 1105,5863 1105,5864 1106,5864 1107,5864 1108,5866 1108,5908 1109,5908 1486,5908 1486,5908 1486,5862 1487,5861 1488,5861 1495,5854 1506,5854 1506,5855 1506,5856 1507,5856 1565,5856 1565,5857 1565,5858 1566,5859 1566,5911 1568,5912 1569,5912 1570,5914 1570,5971 1571,5971 1776,5971 1776,5971 1776,5950 1778,5948 1779,5948 1780,5947 1780,5939 1781,5938 1781,5937 1782,5936 1783,5936 1783,5936 1785,5934 1785,5933 1786,5932 1787,5932 1789,5930 1789,5929 1790,5928 1791,5928 1792,5927 1792,5926 1794,5924 1799,5924 1800,5923 1800,5922 1802,5920 1807,5920 1808,5919 1808,5918 1810,5916 1895,5916 1895,5916 1895,5915 1900,5910 1900,5909 1901,5908 1971,5908 1971,5908 1971,5871 1981,5861 1991,5861 1991,5862 1991,5863 1993,5864 1994,5864 1995,5866 1995,5871 1997,5872 1998,5872 1999,5874 1999,5916 2000,5916 2413,5916 2413,5916 2413,5870 2415,5868 2416,5868 2416,5868 2416,5867 2419,5864 2420,5864 2420,5864 2420,5863 2423,5860 2435,5860 2437,5862 2620,5862 2622,5860 2630,5860 2632,5863 2632,5864 2633,5864 2634,5864 2635,5866 2635,5868 2636,5868 2722,5868 2723,5870 2723,5871 2725,5872 2726,5872 2726,5873 2726,5874 2729,5876 2730,5876 2731,5878 2731,5916 2732,5916 2802,5916 2802,5917 2802,5918 2805,5920 2861,5920 2862,5922 2862,5923 2864,5924 3049,5924 3049,5924 3049,5870 3051,5868 3052,5868 3054,5866 3057,5866 3059,5868 3064,5868 3065,5870 3065,5875 3067,5876 3068,5876 3069,5878 3069,5887 3071,5888 3072,5888 3073,5890 3073,5895 3075,5896 3076,5896 3077,5898 3077,5899 3079,5900 3080,5900 3081,5902 3081,5928 3082,5928 3338,5928 3339,5927 3339,5926 3341,5924 3446,5924 3446,5925 3446,5926 3449,5928 3764,5928 3764,5928 3764,5880 3765,5879 3765,5878 3767,5876 3768,5876 3768,5876 3768,5875 3771,5872 3775,5872 3785,5883 3785,5891 3795,5900 3796,5900 3796,5901 3796,5902 3797,5903 3797,5907 3799,5908 3800,5908 3800,5909 3800,5910 3801,5911 3801,5920 3802,5920 3987,5920 3987,5920 3987,5867 3994,5860 4002,5860 4003,5862 4003,5867 4005,5868 4006,5868 4007,5870 4007,5912 4008,5912 4058,5912 4059,5914 4059,5915 4061,5916 4062,5916 4063,5918 4063,5923 4064,5923 4065,5923 4067,5926 4067,5963 4068,5963 4072,5963 4073,5964 4074,5964 4075,5965 4075,5966 4075,5967 4076,5967 4077,5967 4078,5968 4082,5968 4083,5970 4083,5978 4081,5980 4080,5980 4079,5981 4079,5986 4077,5988 4076,5988 4075,5989 4075,5990 4074,5991 4070,5991 4069,5992 4068,5992 4067,5993 4067,5994 4066,5995 4032,5995 4031,5996 4001,5996 3999,5998 3999,5999 3999,5999 3985,5999 3984,6000 3866,6000 3863,6003 3859,6003 3855,6007 3803,6007 3800,6010 3800,6011 3800,6011 3643,6011 3642,6012 3642,6060 3641,6061 3641,6062 3640,6063 3600,6063 3598,6062 3598,6061 3597,6060 3597,6008 3597,6007 3358,6007 3355,6010 3355,6011 3355,6011 3265,6011 3264,6012 3264,6057 3263,6058 3263,6059 3263,6059 3262,6059 3259,6062 3259,6063 3259,6063 3250,6063 3247,6061 3247,6060 3247,6059 3226,6059 3224,6058 3224,6008 3224,6007 3154,6007 3153,6008 3153,6067 3153,6067"/><TextEquiv index="1"><Unicode>linceuil, qui avoit bien à - peu - près la</Unicode></TextEquiv></TextLine><TextLine id="r0_l028"><Coords points="3806,6264 3805,6264 3805,6203 3805,6202 3779,6202 3776,6205 3776,6206 3776,6206 3715,6206 3713,6208 3713,6209 3712,6210 3691,6210 3689,6209 3689,6208 3689,6207 3507,6207 3506,6208 3506,6209 3505,6210 3500,6210 3498,6209 3498,6208 3497,6206 3457,6206 3286,6206 3283,6209 3283,6210 3283,6210 3110,6210 3109,6211 3109,6224 3108,6225 3108,6226 3108,6226 3107,6226 3105,6228 3105,6232 3097,6240 3097,6244 3085,6256 3085,6257 3085,6257 3084,6258 3083,6258 3080,6256 3080,6255 3080,6254 3079,6254 3077,6253 3077,6207 3077,6206 2815,6206 2814,6207 2814,6253 2813,6254 2773,6254 2770,6252 2770,6203 2770,6202 2550,6202 2548,6204 2548,6205 2547,6206 2486,6206 2484,6205 2484,6204 2483,6202 2220,6202 2216,6198 2088,6198 2087,6198 2087,6197 2085,6194 1898,6194 1896,6196 1896,6197 1895,6198 1886,6198 1884,6200 1884,6201 1883,6202 1878,6202 1876,6201 1876,6200 1875,6198 1733,6198 1732,6199 1732,6255 1732,6255 1727,6255 1726,6255 1726,6199 1726,6198 1647,6198 1645,6197 1645,6196 1644,6194 1472,6194 1470,6193 1470,6192 1469,6190 1185,6190 1184,6191 1184,6250 1184,6250 1177,6250 1176,6250 1176,6191 1176,6190 1043,6190 1040,6188 1040,6187 1040,6186 1035,6186 1029,6181 1029,6128 1029,6127 1028,6127 1027,6126 1026,6126 1025,6126 1025,6125 1024,6123 1023,6122 1022,6122 1021,6122 1021,6112 1022,6111 1027,6111 1028,6110 1029,6110 1029,6110 1029,6109 1031,6107 1036,6107 1036,6107 1036,6106 1039,6103 1052,6103 1053,6105 1053,6106 1055,6107 1573,6107 1574,6109 1574,6110 1576,6111 1800,6111 1800,6111 1800,6065 1802,6063 1803,6063 1803,6063 1805,6061 1805,6060 1806,6059 1815,6059 1816,6061 1816,6062 1818,6063 1819,6063 1820,6065 1820,6074 1822,6075 1823,6075 1824,6077 1824,6115 1825,6115 2027,6115 2027,6115 2027,6069 2029,6067 2030,6067 2031,6066 2031,6065 2033,6063 2034,6063 2035,6062 2035,6061 2037,6059 2042,6059 2043,6058 2043,6057 2045,6055 2054,6055 2055,6057 2055,6115 2056,6115 2126,6115 2126,6116 2126,6117 2129,6119 2526,6119 2527,6118 2528,6118 2528,6118 2528,6117 2531,6114 2532,6114 2532,6114 2532,6113 2534,6111 2543,6111 2544,6113 2544,6114 2546,6115 2778,6115 2778,6116 2778,6117 2780,6118 2799,6118 2800,6119 2969,6119 2969,6120 2969,6123 2970,6123 3085,6123 3085,6123 3085,6092 3086,6091 3087,6091 3089,6089 3089,6084 3090,6083 3091,6083 3092,6082 3093,6081 3093,6080 3094,6079 3128,6079 3128,6079 3128,6068 3129,6067 3155,6067 3157,6070 3157,6071 3158,6071 3159,6071 3160,6073 3160,6082 3162,6083 3163,6083 3164,6085 3164,6126 3165,6126 3363,6126 3363,6126 3363,6125 3365,6123 3431,6123 3431,6123 3431,6072 3432,6071 3437,6071 3439,6069 3439,6068 3440,6067 3442,6067 3443,6069 3443,6070 3445,6071 3450,6071 3450,6072 3450,6073 3451,6074 3451,6075 3452,6075 3645,6075 3645,6076 3645,6093 3648,6095 3649,6095 3649,6096 3649,6126 3650,6126 3895,6126 3896,6125 3896,6124 3897,6123 3902,6123 3904,6121 3904,6120 3905,6119 3958,6119 3960,6117 3960,6116 3961,6115 3986,6115 3987,6114 3987,6113 3989,6111 3991,6111 3991,6112 3991,6113 3994,6115 4011,6115 4011,6116 4011,6131 4012,6131 4074,6131 4075,6133 4075,6134 4076,6134 4077,6134 4079,6137 4079,6142 4080,6142 4085,6142 4087,6145 4087,6149 4085,6151 4084,6151 4083,6152 4083,6157 4082,6158 4081,6158 4080,6159 4072,6159 4071,6160 4071,6161 4070,6162 4065,6162 4063,6164 4063,6165 4062,6166 4028,6166 4027,6167 4027,6185 4025,6187 4024,6187 4023,6188 4023,6189 4022,6190 3978,6190 3975,6193 3975,6194 3975,6194 3906,6194 3904,6196 3904,6197 3903,6198 3831,6198 3828,6201 3828,6202 3828,6202 3813,6202 3812,6203 3812,6264 3812,6264"/><TextEquiv index="1"><Unicode>tournure de la morte que j'avois deman-</Unicode></TextEquiv></TextLine><TextLine id="r0_l029"><Coords points="2888,6461 2886,6460 2886,6459 2884,6456 2883,6456 2882,6456 2882,6410 2882,6409 2330,6409 2329,6410 2329,6432 2328,6433 2327,6433 2325,6435 2325,6440 2324,6441 2323,6441 2321,6443 2321,6444 2320,6445 2319,6445 2317,6447 2317,6448 2316,6449 2315,6449 2313,6451 2313,6452 2312,6453 2311,6453 2309,6455 2309,6456 2308,6457 2300,6457 2297,6455 2297,6454 2297,6453 2296,6453 2293,6451 2293,6410 2293,6409 2024,6409 2023,6410 2023,6452 2022,6453 2017,6453 2015,6455 2015,6456 2014,6457 1993,6457 1991,6459 1991,6460 1990,6461 1974,6461 1971,6459 1971,6458 1971,6457 1970,6457 1967,6455 1967,6402 1967,6401 1786,6401 1785,6402 1785,6403 1783,6405 1763,6405 1759,6401 1643,6401 1641,6400 1641,6399 1640,6397 1567,6397 1566,6397 1566,6396 1565,6395 1565,6394 1565,6393 1372,6393 1371,6394 1371,6400 1370,6401 1369,6401 1367,6403 1367,6404 1366,6405 1365,6405 1363,6407 1363,6420 1362,6421 1361,6421 1359,6423 1359,6428 1358,6429 1357,6429 1355,6431 1355,6432 1354,6433 1349,6433 1347,6435 1347,6436 1346,6437 1345,6437 1343,6439 1343,6440 1342,6441 1337,6441 1335,6443 1335,6444 1334,6445 1325,6445 1323,6444 1323,6394 1323,6393 1098,6393 1097,6393 1097,6392 1095,6389 1063,6389 1056,6383 1056,6382 1056,6381 1043,6381 1041,6380 1041,6379 1040,6377 1039,6377 1037,6376 1037,6363 1036,6361 1035,6361 1033,6360 1033,6351 1035,6349 1036,6349 1037,6348 1037,6331 1038,6330 1039,6330 1041,6328 1041,6327 1042,6326 1043,6326 1045,6324 1045,6319 1046,6318 1047,6318 1048,6317 1052,6317 1053,6316 1053,6315 1054,6314 1055,6314 1057,6312 1057,6311 1058,6310 1059,6310 1060,6309 1064,6309 1065,6308 1065,6307 1066,6306 1067,6306 1068,6305 1080,6305 1080,6305 1080,6257 1081,6256 1081,6255 1082,6254 1083,6254 1085,6252 1085,6251 1086,6250 1095,6250 1097,6248 1097,6247 1098,6246 1108,6246 1108,6247 1108,6250 1109,6250 1184,6250 1184,6251 1184,6253 1186,6254 1187,6254 1188,6256 1188,6301 1189,6301 1249,6301 1250,6302 1251,6302 1252,6303 1252,6304 1252,6305 1253,6305 1345,6305 1349,6309 1713,6309 1713,6309 1713,6264 1719,6258 1724,6258 1724,6258 1724,6257 1726,6255 1733,6255 1733,6256 1733,6257 1735,6258 1736,6258 1737,6260 1737,6265 1739,6266 1740,6266 1741,6268 1741,6313 1742,6313 2046,6313 2047,6312 2047,6311 2048,6310 2049,6310 2050,6309 2053,6309 2054,6310 2098,6310 2099,6312 2099,6313 2100,6313 2176,6313 2177,6314 2178,6314 2178,6315 2178,6316 2180,6317 2309,6317 2309,6317 2309,6288 2312,6285 2313,6285 2313,6285 2313,6284 2315,6282 2316,6282 2317,6281 2317,6280 2319,6278 2329,6278 2329,6279 2329,6280 2330,6280 2336,6286 2337,6286 2337,6287 2337,6317 2338,6317 2554,6317 2556,6320 2556,6321 2557,6321 2619,6321 2619,6321 2619,6292 2621,6290 2622,6290 2623,6289 2623,6276 2625,6274 2626,6274 2627,6273 2627,6268 2629,6266 2642,6266 2643,6265 2643,6264 2645,6262 2647,6262 2647,6263 2647,6264 2650,6266 2774,6266 2774,6267 2774,6268 2777,6270 2778,6270 2778,6271 2778,6272 2779,6273 2779,6313 2780,6313 2936,6313 2938,6316 2938,6317 2939,6317 3047,6317 3048,6318 3220,6318 3220,6319 3220,6320 3222,6321 3397,6321 3399,6324 3399,6325 3400,6325 3784,6325 3784,6325 3784,6301 3785,6300 3785,6299 3786,6298 3787,6298 3788,6297 3788,6293 3789,6292 3789,6291 3790,6290 3791,6290 3792,6289 3792,6281 3793,6280 3793,6279 3794,6278 3795,6278 3797,6276 3797,6275 3798,6274 3799,6274 3800,6273 3800,6269 3801,6268 3801,6267 3802,6266 3803,6266 3805,6264 3812,6264 3812,6265 3812,6268 3815,6270 3816,6270 3816,6271 3816,6276 3819,6278 3820,6278 3820,6279 3820,6284 3823,6286 3824,6286 3824,6287 3824,6306 3825,6307 3825,6309 3826,6309 3981,6309 3982,6310 3983,6310 3983,6311 3983,6312 3985,6313 3989,6313 3990,6314 3991,6314 3991,6315 3991,6316 3993,6317 3997,6317 3998,6318 3999,6318 3999,6319 3999,6332 4001,6333 4002,6333 4003,6335 4003,6353 4004,6353 4062,6353 4063,6355 4063,6356 4065,6358 4074,6366 4075,6366 4075,6367 4075,6376 4077,6377 4078,6377 4079,6379 4079,6384 4078,6385 4077,6385 4075,6387 4075,6400 4074,6401 4073,6401 4071,6403 4071,6404 4070,6405 4069,6405 4067,6407 4067,6408 4066,6409 4065,6409 4063,6411 4063,6412 4062,6413 4061,6413 4059,6415 4059,6416 4058,6417 4057,6417 4055,6419 4055,6420 4054,6421 4053,6421 4051,6423 4051,6424 4050,6425 4049,6425 4047,6427 4047,6428 4046,6429 4041,6429 4039,6428 4039,6427 4038,6425 4033,6425 4031,6424 4031,6406 4031,6405 3802,6405 3801,6406 3801,6407 3799,6409 3794,6409 3793,6410 3793,6411 3791,6413 3686,6413 3685,6414 3685,6416 3684,6417 3675,6417 3673,6416 3673,6415 3672,6413 3469,6413 3456,6413 3455,6414 3455,6415 3453,6417 3302,6417 3299,6415 3299,6414 3299,6413 3290,6413 3287,6411 3287,6410 3287,6409 3055,6409 3053,6411 3053,6412 3052,6413 2927,6413 2926,6414 2926,6459 2924,6461"/><TextEquiv index="1"><Unicode>dée; mais que je n'ai pu reconnoître,</Unicode></TextEquiv></TextLine></TextRegion></Page></PcGts>