4266 8022
400 760 3413 977 ſous ſon ajuſtement mortuaire. Je l'ai
396 965 3401 1170 interrogée. Elle m'a répondu à voix baſſe,
388 1158 3401 1366 pour que je ne connuſſe rien ſans doute
384 1358 3417 1561 à ſon organe. Elle m'a dit pourtant quel-
380 1551 3413 1751 ques particularités aſſez remarquables.
376 1743 3413 1944 Comment les pouvoit-elle ſavoir, ſi elle
384 1944 3417 2140 n'étoit pas celle que j'avois en vue? J'au-
380 2132 3417 2336 rois bien deſiré de voir ma ſœur; mais
380 2329 3413 2526 j'ai mérité tant de reproches de la part
286 2517 3417 2725 de cette infortunée, que j'aurois été trop
231 2710 3429 2920 effrayé, ſi j'avois vu rien qui lui reſſem-
384 2906 3433 3108 blât. J'ai demandé enſuite à voir Fré-
376 3103 3417 3301 dégonde & le Chevalier Marqué. „Hé
380 3295 3417 3472 “bien, m'a dit le Grand-Roſe-Croix,
380 3486 3422 3686 “vous allez les voir ſur-le-champ. Vous
380 3684 3417 3881 “ne ſerez plus dans le cas de dire que
380 3877 3417 4080 “je prens du temps pour faire mes
380 4077 1535 4270 “préparatifs.“
580 4269 3425 4469 En effet, j'ai bientôt ſortir, de la
337 4464 3429 4663 trappe, mes deux indigperſonnages.
380 4657 3429 4857 C'étoient bien eux - mêmes Je leur ai
376 4843 3429 5048 fait quelques queſtions. Ils m'ont tépondu
380 5040 3417 5244 aſſez congrument; mais je croyois les
384 5236 3421 5433 voir ſourire en tapinois, comme s'ils ſe
384 5430 3433 5628 moquoient de moi. „Les traîtres m'au-
376 5621 3429 5825 “roient-ils joué, me dis-je en moi-même?
388 5813 3425 6014 “Je ne reçois point les cent mille écus
388 6010 3429 6203 “qu'on m'avoit promis. Aurois - je été
392 6202 3429 6411 “myſtifié par ces malheureux?“ Dans le
