4266 8137
1269 509 2090 698 r
283 737 3400 945 canne, ce traitement vous alloit ſi bien,
139 950 3399 1162 qu'il n'y avoit pas moyen d'y tenir.
279 1141 3399 1309 Nous avons tous ri comme des fous.
286 1341 3411 1558 Encore une ou deux niches. Rendez le
283 1541 3400 1761 petit bon - homme inviſible, & finiſſez
287 1737 3407 1953 par faire, ſur ſon phyſique, quelqu'im-
283 1936 3411 2336 l nneee da le un eanlea a aliap oou
127 2333 3424 2543 les ſpectateurs cachés. Adieu, belle Sor-
295 2529 3424 2771 cière. S'il te rondine encore, je rirai de
266 2782 1517 2892 toute mon ame.
510 3421 3216 3635 Frédégonde, au Chevalier Marqué.
318 3946 3443 4177 Je t'envoie le billet du Comte de Roué-
314 4166 3451 4370 ville. Ce ſcélérat! faites vous exterminer
271 4359 3439 4569 pour l'amuſer & le faire rire! Ah! ſi je
23 4557 3451 4761 pouvois lui en faire donner une bonne
322 4757 3455 4971 volée! Mais le petit bon-homme! quel
322 4953 3435 5166 diable l'a inſpiré? comme il nous a roués
295 5134 3431 5361 de coups! S'il n'avoit frappé que ſur toi,
10 5350 3459 5755 l piien oi ie ſis l ns de cete dan-
11 5744 3459 5956 nable myſtification. Jouons lui le tour
11 5935 3459 6162 de l'inviſibilité, puiſqu'il le faut, pour
346 6143 3464 6351 gagner nos mille écus, & que cela me
15 6318 3475 6561 fournira peut-être les moyens de le lu-
