4266 8162
2231 598 2744 787 io
801 772 3988 1055 blable. Il m'a vu ébranlé. „Avant que
845 1046 3981 1257 “j'exige, de vous, quelque croyance,
752 1244 4016 1453 “m'a-t-il dit, il faut que je vous donne.
849 1445 3976 1664 “des motifs de croire, & que je vous
849 1654 3968 1865 “convainque par quelqu'expérience pré-
853 1856 3968 2059 “liminaire. Par exemple, a-t-il continué,
845 2054 3951 2260 “il y a actuellement ici un hommeque je
853 2255 3955 2458 “rends inviſible. Interrogez-le.“ En effet,
841 2457 3968 2865 lepaue d detrielela e e, ſaus rurvoit
853 2855 3972 3068 appercevoir la main qui m'avoit fait ces
841 3053 3972 3263 petits préſens. J'ai donc queſtionné le pré-
853 3250 3968 3470 tendu inviſible. „Eſprit follet, ai-je dit,
845 3452 3968 3654 “es - tu ici?“ J'ai entendu une voix
849 3649 3972 3867 qui m'a répondu. „Je ne ſuis point un
849 3851 3948 4065 “eſprit, je ſuis un corps comme toi.“
849 4052 3956 4271 -- „Pourrois-tu fermer cette fenêtre,
845 4253 3963 4447 “ai-je dit?“ -- „Sans doute, m'a ré-
849 4451 3964 4666 “pondu la voix.“ Et j'ai vu la fenêtre
845 4644 3968 4861 ſe fermer, ſans appercevoir la main qui
849 4846 3959 5067 la pouſſoit. Je n'ai pu m'empêcher d'être
853 5043 3964 5249 un peu ſurpris. „Puiſque tu es ſi obli-
853 5249 3952 5465 “geant, ai-je repris, veux-tu bien m'ap-
837 5448 3948 5656 “porter cette cafetière?“ Soudain, j'ai
841 5643 3952 5852 vu la cafetière venir toute ſeule ſe remettre
841 5849 3944 6011 dans ma main. L'invinſible m'a rendu
841 6046 3943 6251 encore quelques autres ſervices, & m'a
845 6248 3980 6458 ſouhaité le bon ſoir. Y comprends - tu
853 6449 3943 6663 rien, mon ami? Peux-tu expliquer cela?
