4266 8170
1335 512 1863 698 r
84 745 3213 959 D'où pouvoit venir cette voix? à moins
11 951 3161 1161 que le Docteur ne fût ventriloque &
11 1148 3173 1360 qu'elle ne vînt de lui-même..... mais la
75 1354 3169 1557 fenêtre qui ſe fermoit, les meubles qui
71 1555 3161 1759 marchoient tout ſeuls. Il eſt vrai qu'il
11 1757 3169 1959 étoit un peu tard. On n'y voyoit pas beau-
11 1959 3169 2153 oup. Avec un fil de fer, le Docteur
11 2152 3173 2358 pouvoit faire voyager les objets, ſans que
11 2354 3165 2561 j'apperçuſſe l'agent dont il ſe ſervoit.
84 2552 3165 2762 Quoi qu'il en ſoit, le tour étoit bien fait,
79 2753 3225 2956 ſes raiſonnemens étoient d'accord avec
11 2947 3165 3158 l'exécution; & il vint à bout enfin de
11 3149 3149 3371 n'inſpirer la curioſité de tenter l'épreuve.
11 3346 3161 3553 Dès le ſoir même, l'occaſion s'en pré-
11 3540 3443 3754 ſenta. Il y eut, chez lui, un grand ſouper.
11 3749 3161 3957 Le Comte de Rouéville, Frédégonde,
11 3937 3157 4153 le Chevalier Marqué furent de la partie.
80 4149 3165 4351 Le Docteur me donna un petit verre,
39 4346 3161 4545 qui, ſelon lui, me rendoit inviſible. J'en-
88 4544 3165 4754 trai dans la ſalle, ſans que perſonne m'ap-
92 4741 3161 4947 perçût ou parût m'appercevoir; une femme
96 4935 3169 5149 dit ſeulement: „J'entends marcher quel-
11 5145 3213 5352 “qu'un, & je ne vois perſonne.“ Je
11 5330 3165 5572 m'amuſai à faire des niches à différentes
11 5536 3157 5738 Beautés. Je prenois aux jolies femmes
105 5747 3158 5940 e que je trouvois de meilleur ſur leurs
104 5939 3161 6149 aſſiettes, & je le confiſquois à mon profit.
104 6129 3165 6351 Elles témoignoient une grande ſurpriſe.
120 6338 3169 6552 „Oh, oh! diſoit -on, voilà mon pain
