4266 8069
1042 802 4265 1019 “qui ſe ſauve tout ſeul.“ Je donnois
1050 1006 4266 1216 des coups aux hommes & des baiſers aux
1046 1205 4266 1412 femmes. J'en voyois pluſieurs dire qu'elles
1046 1403 4267 1611 avoient peur, qu'il y avoit, là, de la ſor-
1050 1602 4267 1778 cellerie. J'avois lieu de me croire invi-
1050 1778 4268 1999 ſible. Cependant je voyois qu'on paroiſ-
1050 1992 4268 2192 ſoit rire ſous cap. Quand je voulois prendre
1050 2188 4268 2393 quelque choſe ſur la table, on avoit ſoin
1050 2386 4269 2584 de le mettre hors de ma portée. Plu-
1050 2568 4269 2784 ſieurs, ſans me regarder, me donnoient
1057 2772 4270 2993 des coups de pied, en diſant: „Veux-
1062 2973 3433 3148 “tu t'en aller, vilain chien?“
1235 3150 4271 3368 Je me trouvai bientôt enfermé, au-
1058 3347 4271 3568 près du feu, au milieu de trois ou quatre
1061 3551 4271 3762 perſonnes, de manière que je ne pou-
1065 3745 4272 3957 vois ſortir de cette place cuiſante, ſans
1069 3937 4272 4153 déranger quelqu'un, ce que je n'oſois
1070 4137 4273 4349 faire, pour ne pas me trahir, moi in-
899 4329 4273 4541 viſible. On mettoit force bois au feu,
1070 4531 4274 4928 aauen , a p e e ee moe is le
1062 4914 4274 5126 jambes, & je devois faire une laide
1066 5106 4275 5321 grimace, ſi j'étois viſible. On me jetoit
1069 5304 4275 5522 au nez, ſans façon, le ſuperflu de la
1066 5496 4276 5714 boiſſon & autres objets peu flatteurs.
1070 5690 4276 5908 L'indigne Frédégonde, en ſe retournant
1069 5890 4276 6110 pour cracher, s'ajuſta ſi bien, que mon
1069 6079 4277 6300 viſage reçut ce qui devoit tomber par
1077 6276 4277 6498 terre. J'étois indigné. Je me retenois les
3663 6467 4278 6739 poings
