4266 8233
871 871 4026 1086 miens, ci-devant. „Mais, s'écrioit-elle,
875 1082 4251 1294 “c'eſt quelque diable déchaîné qui me
867 1289 4250 1494 “tourmente.“ Le Chevalier Marqué a
871 1491 4027 1707 eu copieuſement ſa part de mes libéra-
863 1694 4018 1954 lités. Il en a ſaigné du nés abondamment.
875 1901 4026 2109 Quelques Beautes ont auſſi reçu quelques
871 2100 4022 2317 ſoufflets, pour leur maladreſſe, ou peut-
875 2307 4027 2518 être plutôt pour leur adreſſe à cracher.
875 2501 4031 2726 Je me ſuis retiré vengé du moins, ſi
875 2716 4031 2919 j'étois outragé. Il eſt sûr qu'on a beau-
883 2913 4035 3122 coup ri, & qu'on devoit être effrayé,
887 3118 3856 3321 au contraire, ſi l'on ne me voyoit pas.
1093 3869 3857 4083 Frédégonde, au Chevalier Marqué.
976 4339 4055 4563 eneance, malheureux! le petit
903 4554 4071 4757 ſot n'a point été notre dupe. Le ſcélérat!
911 4752 4055 4967 comme il s'eſt eſcrimé! c'eſt nous qui avons
907 4939 4251 5174 été le jouet de la compagnie. Il faut abſo-
915 5158 4250 5366 lument qu'on le mène chez le Docteur aux
693 5363 4055 5577 attouchemens, & que cet habile homme
903 5564 3836 5775 lui donne des tranchées pour ſix mois.
2266 6107 2685 6287 e
