4266 8241
1582 625 2111 814 s
283 1347 3267 1602 Céſar de Perlencour, à Dumoulin.
303 1708 738 1881 A
275 1866 3645 2096 n m'aſſomme de merveilles & de
283 2081 3474 2303 prodiges, mon cher ami. J'en ſuis las.
266 2288 3475 2502 Je me ſuis encore laiſſé conduire chez
308 2491 3483 2714 un Docteur, dont je t'ai déjà parlé, qui
271 2690 3519 2911 ſe vante de guérir tous les maux par ſes
267 2897 3494 3109 attouchemens. Il faut qu'il ait quelqu'agent
311 3100 3474 3314 ſecret. Il appelle cela le Magnétiſme animal.
315 3303 3490 3506 On tombe dans des criſes, autour d'un
311 3502 3491 3734 baquet; je ne comprends rien à cela; l'on
259 3701 3490 3921 vous magnétiſe. On plonge auſſi, dans un
312 3908 3490 4124 prétendu ſommeil, une jeune fille; dans
247 4111 3495 4324 cet état on la fait parler; on lui fait
251 4314 3503 4731 lueme e que e ſeni oopu oiitu,
255 4725 3494 4934 mon ami, quelqu'apparence à cela?
320 4927 3490 5131 Quoi qu'il en ſoit, le malheureux Docteur
320 5130 3490 5286 a réellement une vertu bien cruelle dans
255 5329 3494 5539 ſon attouchement. A force de me frotter
328 5536 3490 5748 & de me preſſer le bas - ventre, il m'a
234 5739 3494 5951 donné des tranchées violentes, & m'a
108 5942 3490 6166 procuré un déteſtable relâchement qui
344 6149 3490 6357 me tient ſur pied toute la nuit. Je ne
344 6348 3486 6561 ſais pas combien de temps cela durera.
344 6547 3490 6767 Il m'aſſure qu'il m'a communiqué ſa vertu
2682 6762 2950 6970 li
