4266 7757
2332 693 2801 874 (o.
1086 921 4000 1121 toute-puiſſante; me voilà donc revêtu du
1090 1115 3988 1499 diai e di oie pas l aaon
1086 1491 3977 1683 de reconnoiſſance pour un ſi beau pré-
1086 1682 3977 1874 ſent? Quand on me voit, on rit, & l'on
1075 1870 3966 2046 ſe bouche le nez, en me demandant
1034 2057 3962 2249 comment je me porte. On ſait donc mon
1079 2248 3958 2438 hiſtoire, dont je ne me vante pourtant
1079 2436 3883 2624 à perſonne. J'aurois donc été leur jouet.
1155 3097 3869 3292 Le Comte de Rouéville, à Frédégonde.
1076 3415 1230 3531 L
970 3530 3947 3739 Je ſuis content, noble coquine! Le petit
970 3716 3940 3929 bon-homme a été bien myſtifié. Le dernier
1056 3921 3943 4110 tour, ſur - tout, de l'inviſibilité a été fort
1045 4104 3943 4300 plaiſant; la concluſion m'en a plu exceſſi-
1052 4296 3928 4476 vement. La petite incommodité, que tu
1052 4475 3928 4668 as procurée au jeune Céſar, me fait auſſi
1056 4663 3913 4855 beaucoup rire. Elle eſt viſible, elle le
1049 4850 3906 5042 tient toujours ſur pied; & le fait courir
1034 5042 3902 5230 très-comiquement. Continue de me bien
1030 5226 3006 5406 ſervir, charmante ſcélérate.
2200 5672 2391 5753 n
2188 5675 2755 5886 s
