4266 8178
905 732 4036 944 t'es laiſſé jouer tous les tours qu'on lui
905 934 4036 1143 a joués, & dont on nous a bercés dans
906 1135 4226 1352 notre enfance! Tu dois t'en reſſouvenir.
905 1341 4226 1551 Ah! je te croyois bien ſimple; mais pas
897 1546 4226 1763 juſqu'à ce point - là. Cache toi pendant
901 1755 4226 1961 quelque temps, mon garçon. Les mau-
901 1947 4226 2163 vais ſujets, dont tu es entouré, après
583 2153 4226 2384 t'avoir rendu coupable & criminel, ont
901 2360 3210 2513 ſu te rendre enfin ridicule.
935 2998 4227 3302 Céſar de Perlencour, à Dumoulin.
955 3517 4226 3748 mon ami! que je maudis, que
925 3744 4226 3950 j'abhorre Frédégonde & le Chevalier
917 3944 4226 4155 Marqué! Que je me hais, que je me
913 4147 4226 4355 mépriſe moi-même! Oui je le vois, j'ai
926 4347 4226 4554 été joué abominablement. J'ai pu croire
922 4544 4226 4753 ce que les plus ſimples ne croiroient pas.
930 4744 4226 4954 J'ai cru des abſurdités, parce qu'elles
934 4946 4226 5149 flattoient ma vanité. Me voilà donc la
934 5148 4226 5355 fable de Paris, moi qui me croyois la
942 5349 4226 5564 gloire de la France. Voilà de quoi me
938 5553 4226 5757 faire rentrer en moi-même. J'avois peut-
942 5752 4056 5966 être un peu trop de ſuffiſance. Je penſois
958 5965 4060 6170 trop avantageuſement ſur mon compte.
950 6163 4056 6375 Voilà une terrible leçon; je tâcherai d'en
954 6365 4073 6578 profiter. Il faut que je m'éclipſe pendant
