4266 8186
1540 438 2045 631 io
273 668 3419 891 quelque temps. Je vais partir avec ma
285 866 3415 1094 belle Aurore. Je puiſerai le bonheur dans
281 1084 3419 1299 ſes bras, & j'y oublîrai la petite mor-
285 1289 3016 1500 tification que je viens de recevoir.
1067 2025 2601 2188 Le même au même.
273 2491 3419 2922 ete s emnui une iſie rllae aes
269 2902 3419 3116 lettres de Mademoiſelle de Lyſange, &
265 3108 3419 3306 lui demander ſi elle en a reçu de nou-
265 3310 3423 3516 velles. Elle ſe plaignoit beaucoup, avec
265 3510 3419 3719 moi, de ce que Laure gardoit le ſilence,
265 3716 3423 3919 depuis quelque temps. Tout-à-coup, nous
277 3916 3427 4121 avons vu entrer un Militaire. Je l'ai re-
273 4112 3423 4323 connu, du premier coup - d'œil, pour
273 4314 3432 4520 M. de Lyſange le père. Il a demandé
269 4520 3431 4726 ſa fille. La bonne Mère S. Amand a paru
273 4721 3431 4928 confondue, & s'eſt retirée précipitam-
269 4926 3435 5131 ment. Il m'a apperçu; j'aurois bien voulu
265 5124 3435 5335 diſparoître auſſi; mais il ne me conve-
277 5306 3431 5536 noit pas de faire une démarche ſi hu-
273 5528 3431 5745 miliante, devant mon ſemblable. La
305 5733 3427 5942 ſourière a dit au Comte, que ſa De-
281 5935 3424 6144 moiſelle n'étoit plus au Couvent depuis
276 6137 3423 6359 long-temps. „Comment, s'eſt - il écrié,
2604 6346 2911 6500 Iiv
