4266 7989
1830 567 2653 804 .
819 792 4278 1026 ſa digne fille va bientôt devenir mère, &
847 1012 4274 1221 doit cet avantage au ſieur Céſar de Perlen-
839 1213 4277 1415 cour? & ne me juſtifierai-je pas à ſes
520 1407 4278 1640 yeux, en lui faiſant toutes ces flatteuſes
839 1604 1734 1754 révélations?
819 1804 4277 2019 L'enfant va partir, avec ſes bonnes
827 1980 4276 2223 gens, pour la terre de Rouéville, où il
835 2203 4276 2433 doit contracter un mariage commode,
831 2400 4272 2603 que l'éponge peut effacer. Dois-je ſeconder
843 2603 4275 2810 ou empêcher ce mariage, que j'ai con-
843 2787 4275 3020 ſeillé? Oracle de mes penſées, je vous
843 2988 3532 3189 conſulte, & j'attends votre réponſe.
1041 3635 3722 3880 Frédégonde, au Chevalier Marqué.
839 4146 4272 4354 aure eſt une bégueule & une inſo-
614 4344 4271 4544 lente, qui mérite d'être punie. Rien de
831 4534 4271 4743 plus louable, que de remettre une fille
839 4727 4270 4935 à ſon père. Voilà de quoi nous laver de
839 4924 4270 5138 toute imputation, & nous rendre blancs
839 5124 2212 5326 comme la neige.
1032 5322 4269 5534 Puiſque le mariage du jeune- homme
835 5519 4269 5725 n'eſt que ſimulé, nous pouvons le per-
590 5721 4268 5954 mertre. La petite Aurore ſe trouvera,
839 5914 3659 6123 après cela, dans la claſſe des autres.
1371 6286 3378 6516 Fin de la uoiſième Liaſſe.
