4266 7994
1641 511 2263 701 .
330 1396 3254 1542 l
951 2116 2921 2359 Quatrième Liasse.
605 2679 3287 2885 Céſar de Perlencour, à Dumoulin.
2513 3058 3179 3188 Rouéville.
412 3337 3490 3848 Nſ i i, s p alad is
408 3837 3498 4058 brer notre mariage à Rouéville. Nous
416 4037 3498 4249 étions dans un carroſſe à quatre places,
411 4234 3506 4435 le vénérable couple dans le fond, Au-
412 4431 3510 4608 rore & moi ſur le devant, enchantés
416 4628 3498 4828 tous les deux d'être ſi près l'un de l'autre.
416 4824 3494 5025 Nous avons pris la poſte, & c'étoit la
428 5017 3510 5230 première fois peut-être que le cher trio
423 5210 3502 5417 voyageoit de cette manière. Ils étoient
432 5411 3518 5611 enchantés, & béniſſoient M. le Comte
428 5604 3585 5813 de Rouéville, qu'ils ſuppoſoient faire la
439 5800 3565 6009 dépenſe du voyage. Nous avons été, ſur
452 6005 3856 6206 la route, auſſi joyeux que des gens qui
369 6198 3518 6399 ſe croient au comble du bonheur. Nous
2808 6405 3122 6594 Ivi
