4266 8063
1481 565 2301 800 o.
297 787 3422 1003 gens étoient enthouſiaſmés. Ils n'avoient
337 994 3422 1402 lou a a nn frt un ſouper diiiearv
540 1396 3430 1595 Le lendemain, jour fixé pour notre
345 1595 3430 1791 bonheur, nous nous ſommes levés de
353 1790 3438 1949 très - bonne heure. Aurore s'eſt habillée
345 1989 3438 2190 fuperbement. Nous avions apporté des
341 2188 3438 2393 hardes pour cela. Une jolie femme-de-
345 2387 3454 2588 chambre l'a aidée & ſervie à ſa toilette.
345 2582 3446 2785 Elle étoit radieuſe, & cependant trem-
349 2777 3442 2985 blante & palpitante; ſon père & ſa mère
357 2984 3450 3178 trembloient, comme elle, de joie. Le
349 3175 3458 3371 ſacrilège impoſteur a celébré les appa-
353 3370 3446 3570 rences des cérémonies qu'il profanoit,
365 3569 3458 3772 tandis que je demandois intérieurement
369 3768 3458 3968 pardon à Dieu du ſacrilège. Aurore a
349 3963 3458 4367 n pus pus pauomre e l lus ſeme, la
353 4357 3462 4564 ſaints engagemens qu'elle croyoit prendre
215 4557 3462 4765 avec moi. Je n'ai pas prononcé les miens
114 4755 3462 4963 avec moins d'ardeur. Ses parens étoient
117 4950 3462 5154 ravis dans la fphère céleſte. La cérémonie
361 5145 3466 5348 a été ſuivie d'un repas délicieux; nous
361 5340 3470 5546 avons fait danſer toute la maiſon & tout
365 5539 3470 5743 le village; la joie, du moins, que tout
369 5738 3474 5937 le monde a témoignée, étoit exactement
386 5938 792 6082 vraie.
572 6136 3466 6348 Enfin le bienheureux ſoir eſt venu.
325 6331 3442 6547 Nous avons été conduits au lit nuptial,
