4266 8279
2206 514 2926 763 o.
863 752 4057 986 par les domeſtiques qui rioient ſous cap.
871 964 4036 1168 On a mis au lit la jeune épouſe. Les
866 1166 4041 1394 auteurs de ſes jours nous ont donné leur
871 1367 4036 1592 bénédiction paternelle. On nous a laiſſés
867 1571 4028 1803 ſeuls. Un coup de vent a éteint la lu-
879 1783 4024 2006 mière, parce que la croiſée n'étoit pas
504 1997 4024 2165 bien fermée. J'ai voulu me mettre au
875 2194 4028 2412 lit. Mon ami, qu'elle horreur! J'ai cru
883 2395 4037 2620 voir une Furie échevelée, la tête couronnée
887 2603 4028 2825 de ſerpens, qui me préſentoit la Gor-
882 2807 4040 3226 anue, e me prelai le ceade e t ai
891 3213 4028 3435 glacée. Je ſuis entré dans le lit fatal;
883 3414 4045 3631 mais déjà un orage épouvantable ſe fai-
888 3627 4041 3842 ſoit entendre; le tonnerre, en éclats, rou-
891 3830 4041 4032 loit ſur notre tête; les éclairs étinceloient
883 4036 4045 4254 coup ſur coup; les vents accordoient
883 4233 4045 4454 leurs gémiſſemens au ſifflement de la
716 4453 4053 4688 pluie. Aurore tremblante ſe ſerroit contre
891 4649 4045 4851 mon cœur. „Oh! mon Dieu, s'écrioit-
892 4851 4040 5066 “elle, pardonne; qu'avons-nous fait?
887 5056 4036 5269 “quel préſage!“ Je voulois lui couper
887 5256 4028 5476 la parole avec mes baiſers; mais elle
900 5457 4024 5680 n'oſoit ſe livrer à mes careſſes; elle
883 5658 4024 5889 n'oſoit être heureuſe à l'aſpect du Ciel
879 5883 3901 6093 irrité, dans la déſolation de la nature.
1043 6084 4016 6302 Pour moi, tu ſais que je ne ſuis pas
884 6292 4020 6510 né craintif, ni ſuperſtitieux. Un orage
805 6501 4049 6710 eſt un effet naturel qui a ſes dangers;
