4266 8063
867 634 3926 840 te promets d'en contracter, par la ſuite,
859 836 3926 1037 un véritable. Eh! jeune-homme inconſ-
867 1037 3926 1236 tant & malheureux, peux - tu répondre
867 1230 3930 1432 des ſentimens que tu auras dans douze
824 1432 3922 1637 ans? Et quand même tu aurois toujours
856 1629 3911 1837 la volonté d'épouſer réellement ta victime,
863 1830 3915 2028 es-tu sûr d'en avoir toujours la faculté?
855 2028 3918 2229 u vas mourir, dis-tu, ſi tu ne poſsèdes
871 2233 3918 2435 ton amante; malheureux perſiffleur! oſes-
859 2430 3915 2637 tu te fonder ſur un pareil badinage,
859 2631 3918 2837 pour commettre une indignité ſacrilège,
863 2833 3918 3031 comme celle que tu médites, qui attaque
859 3022 3911 3224 également les ſaintes loix de la religion
828 3220 3926 3420 & de la probité? Ah! mon cher ami,
859 3413 3919 3619 s'il en eſt temps encore, renonce à ton
859 3610 3918 3817 odieux projet; laiſſe toi toucher par la
863 3812 3922 4014 candeur, l'innocence, & l'amour du
867 4009 3922 4203 tendre objet dont tu vas faire le malheur,
871 4206 3926 4412 & par l'honnêteté de ſes pauvres parens,
863 4408 3926 4597 qui te béniſſent de ſi bon cœur, & dont
872 4598 2680 4804 tu vas abréger les jours.
