4266 8049
1534 490 2346 682 (.
466 1215 3224 1443 Céſar de Perlencour, à Dumoulin.
397 1668 3439 1881 Ma foi, mon cher ami, ta lettre eſt
349 1876 3427 2087 venue trop tard. Elle m'auroit empêché
349 2082 3423 2288 de faire une ſottiſe. Tu dois voir, par
345 2278 3427 2483 mes lettres ſuivantes, que je penſe comme
349 2478 3423 2683 toi, & que le remords me pourſuit. Fâ-
349 2671 3427 2877 ché d'être tourmenté en préſence de ma
345 2872 3423 3069 victime, indigné de me voir malheureux
349 3061 3408 3265 par ma faute, auprès de celle qui devoit
337 3254 3420 3455 faire mon bonheur, j'ai pris le parti
337 3443 3431 3648 d'aller reſpirer un peu loin d'elle, &
333 3652 3412 3850 remplir mes autres projets, & mes autres
333 3840 3419 4044 devoirs. Comme, dans cette famille, on
341 4041 3424 4249 me croit aveuglément ſur ma parole, je
330 4238 3413 4435 n'ai pas eu de peine à perſuader, à ces
298 4431 3412 4633 bonnes gens, qu'il falloit qu'ils allaſſent
326 4628 3416 4847 vivre, pendant quelque temps, à N**,
330 4821 3415 5034 ville voiſine de notre château; qu'ils
330 5009 3396 5219 ſupportaſſent quelque temps mon abſence,
310 5210 3400 5418 néceſſaire & indiſpenſable. Aurore a beau-
337 5408 3405 5618 coup pleuré; mais enfin il a fallu ſe
97 5604 3392 5803 réſoudre à m'obéir. J'ai conduit la chère
93 5800 3400 6011 famille, dans cette ville, qui eſt très-
326 5997 3408 6209 jolie. Je les ai établis en chambre garnie,
333 6194 3404 6407 dans une maiſon, qui me paroît fort
