4266 7975
2344 515 2935 698 n
714 730 4089 947 honnête; j'y ai paſſé quelques jours avec
1048 946 4085 1147 eux, pour les y inſtaller; enſuite je me
1044 1126 4242 1344 ſuis arraché de leurs bras, toujours béni
718 1339 4243 1735 auit, e& len pomnetant de ne les laſt
1040 1731 4243 1931 manquer de rien, & de venir bientôt
1032 1916 4243 2130 les rejoindre. Je ne puis penſer encore
1024 2113 4243 2325 ſans attendriſſement aux adieux de ma
1032 2309 4243 2524 chère petite épouſe. Quelle naïveté! quel
1028 2517 4242 2721 amour! Je la laiſſe déjà viſiblement dans
1020 2698 4243 2914 le même état où en eſt auſſi, par mon
1028 2896 4243 3132 crime, Mademoiſelle de Lyſange, que
1024 3095 2783 3300 je vais bientôt revoir.
1209 3283 4243 3514 Le cœur vraîment ſaignant & déchiré,
1016 3499 4243 3706 je me ſuis rendu, d'abord à douze lieues
1016 3692 4243 3898 de-là, dans la ville qui renferme cette
1016 3872 4243 4094 dernière Beauté. Il étoit déjà nuit, quand
1016 4085 4243 4289 j'y ſuis arrivé. Je me ſuis informé du
1005 4284 4243 4487 logement de M. Saget, maître indigne
1012 4470 4243 4678 de la noble Laure. J'ai entrevu, en arri-
1005 4670 4243 4867 vant, pluſieurs jeunes - gens qui paroiſ-
1008 4858 4243 5070 ſoient s'obſerver réciproquement, & qui
997 5059 4243 5261 me conſidérèrent moi-même avec beau-
1013 5248 4243 5457 coup d'attention & de mauvaiſe humeur.
1013 5448 4243 5658 Ils étoient épars à quelque diſtance l'un
1005 5641 4243 5847 de l'autre. Je diſtinguai un abbé, un
997 5833 4243 6050 bourgeois, & un gentilhomme, ou du
993 6034 4243 6252 moins un plumet. Je me doutai que c'é-
1005 6230 4243 6484 toient les trois rivaux amoureux de Laure;
