4266 8172
1032 916 4266 1146 “Laure, qui vient vous l'enlever. Elle
1024 1129 4266 1353 “n'eſt pas faite pour l'état d'aviliſſement
1033 1333 4266 1524 “où elle ſe trouve ici.“ -- „Elle n'eſt
1016 1524 4267 1767 “point avilie, me dit l'abbé, elle eſt
993 1742 4267 1954 “honorée par nous tous.“ -- „Oui,
1008 1946 4268 2155 “repris - je, les hommages des jeunes
1004 2142 4268 2355 “gens, & ſur-tout des abbés, ſont bien
1004 2346 4269 2555 “honorables pour une jeune fille!“ --
1020 2532 4269 2747 „Hé bien, s'écria le maître, qu'eſt - ce
992 2743 4270 2957 “donc que tout cela veut dire? Et moi
996 2944 4270 3149 “je ſuis donc ici un zéro?“ -- „Mon-
984 3144 4270 3352 “ſieur, lui dis-je, vous me paroiſſez
984 3344 4271 3542 “un très - honnête homme; mais, qui
981 3542 4271 3768 “que vous ſoyez, vous n'êtes point
972 3747 4272 3955 “fait pour être le maître de ma couſine,
973 3937 4272 4154 “parce qu'elle n'eſt point faite pour
969 4147 4273 4357 “ſervir.“ -- „Mais, dit M. Saget, je
968 4347 4273 4551 “n'ai pas été la chercher. D'ailleurs, la
968 4546 4273 4747 “voilà, elle peut vous dire ſi je l'ai
964 4745 4274 4970 “traitée comme une domeſtique, & ſi
964 4944 4274 5166 “je n'ai pas eu, au contraire, pour elle,
959 5143 4275 5347 “tous les égards qu'elle mérite.“ --
964 5343 4275 5558 „Ah! rien de plus vrai, a dit Laure;
952 5540 4276 5755 “je ne ceſſerai jamais de me louer des
952 5747 4276 5953 “bontés, dont M. Saget m'a honorée.“
944 5942 4277 6158 -- „D'ailleurs, s'eſt écrié le neveu, on n'a
928 6152 4277 6359 “aucun compte à rendre à Monſieur.“
884 6340 4277 6558 -- „Monſieur, me ſuis-je écrié à mon
928 6543 4278 6766 “tour, je n'aime pas les inſolens; je
