4266 8017
1542 757 2036 942 ai5.
-15 987 3324 1202 “ſaurai honorer l'oncle, & châtier le
-14 1187 3320 1388 “neveu.“ Tous trois ſe ſont levés à ces
-14 1382 3332 1598 mots. „Je ſaurai, ai - je repris, aſſocier
-13 1581 3336 1781 “les deux autres au châtiment, s'ils font
-13 1781 3336 1981 “auſſi les inſolens.“ -- „Ah! Meſſieurs,
-12 1976 3340 2181 “s'eſt écrié Laure, en ſe jetant à genoux;
-12 2171 3340 2375 “de grace, par pitié pour moi, ne vous
-12 2367 3352 2566 “querellez pas à mon ſujet.“ -- „Hé
-11 2554 3348 2765 “bien, a repris l'oncle, qu'eſt-ce donc
-11 2751 3348 2964 “que cela veut dire? Quoi! chez moi,
-10 2952 3355 3156 “en ma préſence, on inſulte un étranger
-10 3142 3359 3339 “qui vient me voir, un parent de Laure
-9 3332 3355 3527 “qui vient redemander ſa couſine! Quel
-9 3527 3363 3725 “droit avez-vous ſur elle, vous Meſ-
-9 3722 3355 3918 “ſieurs, qui l'importunez & l'ennuyez
-8 3914 3359 4114 “ſans ceſſe? Vous m'obligerez beaucoup
-8 4104 3363 4307 “de vous retirer tous les trois, afin que
-7 4305 3363 4503 “je puiſſe accueillir en paix, & comme
-7 4497 3363 4699 “je le deſire, le parent de ma chère
-6 4691 1105 4877 “Laure.“
511 4879 3367 5080 Les trois rivaux étoient furieux. „A
-6 5074 3367 5272 “nous un pareil affront, s'écria le Che-
-5 5271 3363 5473 “valier provincial, pour un nouveau
-5 5469 3359 5665 “venu, un inconnu, le parent d'une
-4 5664 3359 5864 “gouvernante! Il nous le payra.“ --
370 5859 3363 6062 „Malheureux, m'écriai - je, deſcendez
-4 6054 3367 6255 “tous les trois, que je vous châtie ſur-le-
-3 6247 3359 6442 “champ. Voilà comme vous honorez ma
-2 6438 3367 6649 “couſine! Sans le reſpect que j'ai pour
