4266 7925
2403 657 2859 846 .
1138 895 4279 1108 “elle & pour le maître de la maiſon, je
818 1088 4278 1298 “vous jeterois par les fenêtres.“ M. Saget
1138 1284 4278 1489 & Laure ſe ſont jetés à là traverſe. Ils ont
1130 1472 4277 1682 fait ſortir les trois méchans, & nous
1126 1665 4277 1879 ſommes reſtés enſemble Saget, Laure &
1130 1861 4277 2058 moi, formant un ſecond trio plus tran-
1134 2052 4276 2250 quille. „Monſieur, m'a dit le maître, vous
1126 2246 4276 2466 “m'affligez beaucoup, ſi vous m'enlevez
1119 2438 4275 2644 “Mademoiſelle votre couſine; mais,
1118 2630 4275 2846 “au reſte, ſoupons. Vous reſterez bien
1118 2823 4274 3023 “au moins quelques jours avec nous,
1115 3011 4274 3203 “& nous aurons le temps de raiſonner
1111 3192 4274 3392 “plus mûrement ſur cet objet; quant
1115 3384 4273 3585 “aux trois boute - feux, il faudra voir
1107 3582 4273 3778 “comment nous pourrons enchaîner leur
1115 3769 4272 3967 “pétulance, auſſi bien que la vôtre; car
1103 3962 4272 4159 “vous me paroiſſez quatre barrils de
1107 4157 4272 4356 “poudre, & je crains une exploſion. Je
1103 4343 4271 4543 “voudrois bien éviter l'eſclandre, pour
1103 4527 4271 4730 “l'honneur de la Demoiſelle, & pour le
1103 4723 4270 4931 “nôtre. Au reſte, nous aurons tout le
1099 4912 4270 5112 “temps de reparler de cela. Soupons.“
1288 5086 4270 5305 Nous avons ſoupé. C'étoit la charmante
1091 5291 4269 5494 Laure qui avoit préparé les mêts; ils étoient
1095 5489 4269 5685 divins. C'étoit le nectar & l'ambroiſie.
1092 5677 4268 5887 Le repas a été fort gai; cependant Laure
1084 5870 4268 6082 paroiſſoit fort embarraſſée. Le bon-homme,
1076 6063 4267 6474 oire derees us d on ee ee
3866 6434 4267 6648 un
