4266 7841
1968 510 2437 688 i
741 741 3735 948 “ſonne?“ -- „Dormez plus tranquille
737 933 3735 1135 “que moi, dit elle; nous verrons de-
733 1133 3535 1323 “main ce que nous aurons à faire.“
937 1317 3743 1522 J'appris le lendemain, à la belle Laure,
737 1513 3747 1718 que ſon père étoit de retour à Paris. Elle
745 1707 3735 1902 reſta quelques minutes immobile &
741 1902 3747 2101 muette; elle murmuroit entre ſes dents:
748 2093 3747 2302 „Mon Dieu! que va-t-il dire, quand
745 2290 3747 2493 “il apprendra?.... Ciel! ....“ Enfin,
752 2478 3743 2684 elle dit en pouſſant un profond ſoupir:
764 2674 3751 2864 „Voilà un coup de foudre qui m'écrâſe;
752 2859 3755 3063 “mais c'eſt une raiſon de plus pour
752 3047 3747 3252 “reſter ici, & pour ne pas paroître,
760 3235 3755 3440 “dans l'état où je ſuis, aux regards d'un
764 3436 1852 3632 “père irrité.“
899 3620 3758 3829 Nous racontâmes, à M. Saget, la
768 3820 3758 4013 véritable hiſtoire de Laure. „Mademoi-
764 4009 3758 4204 “ſelle, dit-il après notre récit, pardon-
771 4203 3755 4401 “nez ſi, faute de connoître votre con-
775 4384 3762 4583 “dition, je vous ai traitée amicale-
779 4573 3755 4777 “ment, comme une ſimple bourgeoiſe.
775 4769 3758 4962 “Je tâcherai de réparer, autant qu'il
768 4961 3762 5154 “ſera en ma puiſſance, ce manque de
764 5150 3755 5334 “convenance; mais me voilà dans un
575 5342 3762 5546 “grand embarras. Ne ſera -t-on point
756 5538 3758 5732 “dans le cas de me reprocher que je
756 5730 3739 5915 “vous ai dérobée à vos parens, en vous
768 5921 3747 6127 “recelant chez moi? D'ailleurs, quel
768 6107 3755 6322 “rôle jouerai - je, en vous fourniſſant
