4266 7953
-45 841 3310 1073 “un azile chez moi, pour y dépoſer un
-44 1049 3310 1267 “fardeau dont un autre que moi vous
-43 1245 3302 1463 “a chargée?“ -- „Ah! mon cher
-41 1437 3314 1656 “maître, s'eſt écrié Laure, ne m'aban-
-40 1633 3314 1851 “donnez pas.“ -- „Monſieur, ai - je
-39 1832 3321 2044 “dit, il vous ſeroit trop aiſé de vous
-38 2028 3337 2234 “juſtifier, ſi l'on vous attaquoit; ce-
-36 2220 3325 2428 “pendant vos réflexions m'offrent un
-35 2419 3326 2628 “nouveau motif pour que Laure quitte
-34 2620 3341 2824 “votre maiſon, & accepte un autre
-33 2808 3318 3018 “azile, où je ſuis prêt à la conduire.“
-31 2985 3337 3210 Nous remîmes la délibération à une autre
-30 3187 3365 3396 ſéance; & je ſortis pour voir la ville:
-29 3387 3341 3598 On voulut me faire promettre d'éviter
-28 3579 3353 3797 mes trois adverſaires. Je dis que cela
-26 3779 3349 4003 m'étoit impoſſible, que je ne les éviterois
-25 3976 3349 4210 pas; mais que du moins je ne les cher-
-24 4183 1163 4396 cherois pas.
554 4360 3345 4567 Je ne tardai pas à les rencontrer:
-22 4501 3357 4767 heureuſement, ou malheureuſement, c'é-
-20 4751 3365 4976 toit dans un endroit écarté, ſur les rem-
-18 4935 3365 5177 parts de la ville. Je paſſai fièrement au-
-17 5139 3376 5371 près d'eux, ſans pourtant leur rien dire;
-16 5335 3372 5549 mais, ſe croyant forts, parce qu'ils
-15 5535 3380 5752 étoient trois contre un, ils osèrent re-
-4 5727 3380 5942 paſſer auprès de moi, & l'abbé me heurta
-12 5927 3380 6139 d'un coup d'épaule. Il me parut viſible
-11 6119 3380 6325 que ce n'étoit pas ſans deſſein. Je lui
-10 6319 3380 6535 appliquai, ſur le dos, un coup de canne,
171 6478 555 6574 A
2115 6517 2785 6720 Ri
