4266 7865
2148 629 2627 819 zo
716 867 3872 1077 qui l'étendit ſur la pouſſière. Les deux
875 1060 3872 1271 autres mirent ſur-le-champ l'épée à la main.
882 1257 3872 1465 Je vins à bout de terraſſer encore, à coups
875 1449 3872 1655 de canne, le bourgeois; mais je fis, au
871 1646 3865 1847 gentilhomme, l'honneur de lui donner
875 1839 3872 2036 quelques coups d'épée, qu'il s'efforça
875 2032 3861 2236 vainement de parer. Les deux autres ſe
863 2221 3865 2423 relevèrent, & voulurent courir ſur moi;
859 2414 3865 2619 je les jetai l'un après l'autre, du rempart
863 2611 3876 2811 dans le foſſé, & je revins, de ſang froid,
871 2800 3679 2954 dîner ſans dire un mot de l'aventure.
1442 3461 3279 3653 Le Chevalier Marqué,
1584 3797 3148 3994 au Comte de Lyſange.
1178 4286 3356 4483 MonsieurleComte,
1045 4709 3849 4910 Vous m'avez imputé tous les déſordres
855 4906 3849 5111 du jeune Céſar de Perlencour, & vous
851 5099 3838 5304 avez eu grand tort. Je les ai toujours
844 5288 3838 5486 condamnés, & c'eſt pour cela que j'ai
840 5484 3838 5683 encouru ſon indignation. C'eſt ſur - tout
840 5674 4038 5879 contre Mademoiſelle votre fille qu'il a
836 5866 3822 6079 déployé tout l'art infernal de la corrup-
844 6062 3818 6262 tion, dans laquelle il eſt déjà paſſé maître.
844 6256 3803 6469 Il s'eſt déguiſé en fille, pour s'introduire,
