4266 7907
1608 482 2090 681 n
-15 718 3345 947 auprès d'elle, dans ſon couvent. Il a oſé
-15 924 3679 1137 la débaucher, & la profaner dans l'azile
-14 1118 3353 1330 de l'innocence & de la pureté. Il l'a en-
-14 1307 3357 1521 levée du couvent, il l'a miſe dans une
-13 1508 3349 1725 maiſon de proſtitution. L'infortunée ayant
-13 1701 3364 1905 connu toute l'étendue de ſon malheur,
-12 1899 3357 2100 s'eſt enfuie; elle a été réduite, comme
-12 2065 3353 2338 l'Enfant Prodigue, à garder les pourceaux
-12 2284 3356 2482 dans un village; elle eſt à préſent do-
-11 2480 3368 2680 meſtique dans une petite ville de pro-
-10 2672 3360 2871 vince. Le ſéducteur eſt parti, depuis quel-
-10 2867 3368 3069 que temps, de Paris, avec une jeune fille,
-10 3045 3372 3255 ſa nouvelle victime, qu'il abuſe par un
-10 3247 3368 3447 faux mariage; après l'avoir immolée à ſa
-9 3418 3364 3642 brutalité, il va rejoindre Mademoiſelle
-9 3636 3368 3836 votre fille à N**, l'enlever de la maiſon
-8 3830 3360 4032 de ſon maître, pour l'enfermer avec ſes
-8 4029 3360 4228 autres maîtreſſes, & faire un petit ſer-
-7 4222 3360 4427 rail. Non, Monſieur, je n'ai jamais ap-
329 4413 3360 4617 prouvé une conduite ſi abominable. Je
-7 4604 3364 4772 vous laiſſe faire vos réflexions ſur la ré-
-6 4794 3353 5026 vélation que je vous fais, & j'ai l'hon-
-6 4984 1596 5189 neur d'être, &c.
2393 6325 2759 6524 Rij
