<PcGts xmlns="http://schema.primaresearch.org/PAGE/gts/pagecontent/2017-07-15" xmlns:xsi="http://www.w3.org/2001/XMLSchema-instance" xsi:schemaLocation="http://schema.primaresearch.org/PAGE/gts/pagecontent/2017-07-15 http://schema.primaresearch.org/PAGE/gts/pagecontent/2017-07-15/pagecontent.xsd"><Metadata><Creator>User123</Creator><Created>2020-10-17T17:12:39</Created><LastChange>2020-10-17T17:12:39</LastChange></Metadata><Page imageFilename="0231.png" imageHeight="7890" imageWidth="4266"><TextRegion id="r0" type="paragraph" orientation="-0.0"><Coords points="1,1 4264,1 4264,7888 1,7888"/><TextLine id="r0_l001"><Coords points="2153,488 2641,488 2641,670 2153,670"/><TextEquiv index="1"><Unicode>.</Unicode></TextEquiv></TextLine><TextLine id="r0_l002"><Coords points="914,1150 3922,1150 3922,1351 914,1351"/><TextEquiv index="1"><Unicode>Le même, à Monſieur de Perlencour père.</Unicode></TextEquiv></TextLine><TextLine id="r0_l003"><Coords points="1260,1644 2587,1644 2587,1839 1260,1839"/><TextEquiv index="1"><Unicode>Monsieur,</Unicode></TextEquiv></TextLine><TextLine id="r0_l004"><Coords points="1576,2247 1575,2247 1575,2188 1575,2187 1334,2187 1333,2186 1332,2186 1331,2186 1331,2185 1330,2183 1172,2183 1171,2184 1171,2242 1171,2242 1019,2242 1018,2242 1019,2241 1102,2241 1102,2241 1102,2181 1104,2179 1105,2179 1107,2177 1107,2176 1108,2175 1109,2175 1110,2174 1110,2057 1112,2055 1113,2055 1114,2054 1114,2053 1116,2051 1121,2051 1122,2050 1122,2049 1124,2047 1132,2047 1134,2050 1134,2051 1135,2051 1276,2051 1277,2053 1277,2101 1278,2101 1490,2101 1490,2101 1490,2095 1491,2094 1492,2094 1493,2093 1493,2089 1494,2088 1494,2087 1495,2086 1496,2086 1497,2085 1497,2077 1500,2074 1501,2074 1501,2074 1501,2069 1504,2066 1505,2066 1505,2066 1505,2065 1508,2062 1509,2062 1509,2062 1509,2061 1512,2058 1513,2058 1513,2058 1513,2057 1515,2055 1523,2055 1525,2053 1525,2052 1526,2051 1551,2051 1551,2052 1551,2053 1554,2055 1555,2055 1555,2056 1555,2057 1556,2058 1556,2062 1558,2063 1559,2063 1559,2064 1559,2105 1560,2105 1616,2105 1618,2108 1618,2109 1619,2109 2074,2109 2074,2109 2074,2104 2077,2101 2084,2101 2085,2102 2086,2102 2086,2103 2086,2105 2087,2105 2352,2105 2353,2104 2353,2088 2355,2086 2356,2086 2357,2085 2357,2080 2359,2078 2360,2078 2361,2077 2361,2072 2363,2070 2364,2070 2365,2069 2365,2068 2366,2067 2367,2067 2368,2066 2372,2066 2372,2066 2372,2065 2374,2063 2375,2063 2376,2062 2376,2061 2378,2059 2379,2059 2380,2058 2380,2057 2382,2055 2457,2055 2457,2055 2457,2054 2460,2051 2464,2051 2466,2054 2466,2055 2467,2055 2468,2055 2472,2059 2473,2059 2473,2060 2473,2105 2474,2105 2530,2105 2531,2107 2531,2108 2533,2109 2534,2109 2535,2110 2722,2110 2723,2109 2736,2109 2736,2109 2736,2108 2743,2101 2746,2101 2747,2102 2748,2102 2748,2103 2748,2104 2750,2105 2895,2105 2895,2105 2895,2092 2897,2090 2898,2090 2899,2089 2899,2084 2901,2082 2902,2082 2903,2081 2903,2064 2904,2063 2905,2063 2907,2061 2907,2049 2909,2047 2925,2047 2926,2049 2926,2050 2928,2051 2929,2051 2930,2053 2930,2105 2931,2105 3119,2105 3120,2104 3120,2103 3122,2101 3208,2101 3209,2100 3209,2099 3210,2098 3211,2098 3212,2097 3218,2097 3219,2098 3220,2098 3220,2099 3220,2101 3221,2101 3429,2101 3429,2101 3429,2100 3432,2097 3433,2097 3433,2097 3433,2096 3435,2094 3436,2094 3437,2093 3438,2093 3439,2094 3611,2094 3611,2094 3611,2057 3613,2055 3614,2055 3615,2054 3615,2053 3617,2051 3637,2051 3639,2049 3639,2048 3640,2047 3641,2047 3641,2048 3643,2050 3643,2051 3644,2051 3831,2051 3832,2050 3832,2049 3834,2047 3842,2047 3846,2051 3847,2051 3847,2052 3847,2053 3848,2054 3848,2105 3849,2105 3893,2105 3894,2107 3894,2108 3895,2108 3896,2109 3897,2109 3898,2111 3898,2112 3899,2112 3900,2113 3901,2113 3902,2115 3902,2116 3904,2117 3909,2117 3909,2118 3909,2119 3910,2120 3912,2121 3913,2121 3913,2122 3913,2124 3914,2125 3914,2163 3915,2163 3920,2163 3921,2165 3921,2166 3923,2167 3924,2167 3925,2169 3925,2178 3924,2179 3923,2179 3921,2181 3921,2186 3921,2186 3920,2186 3917,2189 3917,2190 3917,2190 3916,2190 3915,2191 3911,2191 3909,2193 3909,2194 3909,2194 3903,2194 3902,2194 3902,2193 3901,2191 3755,2191 3754,2192 3754,2246 3754,2246 3748,2246 3747,2246 3747,2192 3747,2191 3299,2191 3298,2192 3298,2193 3297,2194 3214,2194 3213,2194 3213,2193 3212,2191 2852,2191 2851,2190 2633,2190 2632,2191 2632,2197 2631,2198 2630,2198 2628,2200 2628,2209 2627,2210 2626,2210 2624,2212 2624,2213 2623,2214 2618,2214 2616,2216 2616,2217 2616,2217 2615,2217 2612,2220 2612,2221 2612,2221 2611,2221 2610,2222 2602,2222 2601,2223 2601,2224 2600,2225 2598,2225 2597,2225 2597,2224 2593,2220 2593,2195 2593,2194 2502,2194 2500,2193 2500,2192 2500,2191 2231,2191 2229,2193 2229,2194 2229,2194 1917,2194 1916,2194 1916,2193 1915,2191 1615,2191 1614,2192 1614,2235 1613,2236 1613,2237 1613,2237 1604,2237 1602,2239 1602,2240 1602,2240 1601,2240 1598,2243 1598,2244 1598,2244 1597,2244 1596,2245 1592,2245 1590,2247"/><TextEquiv index="1"><Unicode>Monſieur votre fils, mécontent de la</Unicode></TextEquiv></TextLine><TextLine id="r0_l005"><Coords points="3346,2443 3345,2443 3345,2385 3345,2384 3280,2384 3279,2385 3279,2386 3277,2388 3063,2388 3062,2389 3062,2394 3060,2396 2916,2396 2915,2397 2915,2405 2914,2406 2914,2407 2914,2407 2909,2407 2907,2409 2907,2410 2906,2411 2905,2411 2903,2413 2903,2414 2902,2415 2897,2415 2895,2417 2895,2418 2894,2419 2885,2419 2884,2420 2884,2421 2882,2423 2879,2421 2879,2420 2879,2419 2874,2419 2872,2418 2872,2385 2872,2384 2479,2384 2477,2386 2477,2387 2476,2388 2332,2388 2330,2390 2330,2391 2329,2392 2270,2392 2268,2391 2268,2390 2267,2388 2014,2388 2013,2388 2013,2387 2011,2384 1805,2384 1803,2386 1803,2387 1802,2388 1782,2388 1780,2387 1780,2386 1779,2384 1445,2384 1443,2383 1443,2382 1442,2380 1333,2380 1331,2379 1331,2377 1331,2376 1138,2376 1137,2377 1137,2403 1137,2403 1136,2403 1134,2405 1134,2413 1116,2431 1104,2431 1102,2433 1102,2434 1102,2434 1081,2434 1079,2433 1079,2432 1079,2431 1067,2431 1066,2430 1065,2430 1064,2430 1064,2429 1064,2428 1062,2426 1061,2426 1060,2426 1060,2421 1059,2419 1058,2419 1056,2418 1056,2381 1056,2380 953,2380 952,2380 952,2379 951,2378 951,2374 950,2372 949,2372 948,2372 948,2371 947,2370 947,2362 947,2361 946,2361 944,2360 944,2358 944,2357 911,2357 909,2356 909,2355 908,2354 908,2353 907,2353 905,2352 905,2347 907,2345 908,2345 908,2345 909,2344 909,2343 911,2341 917,2341 917,2341 917,2300 918,2299 1009,2299 1009,2299 1009,2252 1010,2251 1010,2250 1012,2248 1013,2248 1013,2248 1013,2247 1015,2245 1016,2245 1017,2244 1017,2243 1018,2242 1172,2242 1175,2245 1230,2245 1230,2246 1230,2299 1231,2299 1532,2299 1532,2300 1532,2301 1535,2303 1543,2303 1544,2304 1571,2304 1571,2304 1571,2250 1573,2248 1574,2248 1575,2247 1590,2247 1591,2248 1732,2248 1734,2251 1734,2252 1735,2252 1736,2252 1737,2254 1737,2255 1738,2256 1738,2299 1739,2299 1943,2299 1943,2299 1943,2297 1946,2294 1946,2282 1949,2279 1950,2279 1950,2279 1950,2274 1952,2272 1953,2272 1954,2271 1954,2266 1956,2264 1957,2264 1958,2263 1958,2258 1960,2256 1961,2256 1962,2255 1962,2254 1963,2253 1964,2253 1965,2252 1969,2252 1970,2251 1970,2250 1971,2249 1972,2249 1973,2248 1999,2248 2001,2251 2001,2252 2002,2252 2003,2252 2005,2255 2005,2306 2006,2306 2260,2306 2260,2306 2260,2258 2262,2256 2391,2256 2392,2255 2392,2254 2394,2252 2410,2252 2411,2254 2411,2303 2412,2303 2611,2303 2613,2301 2613,2300 2614,2299 2615,2299 2616,2298 2616,2297 2618,2295 2623,2295 2624,2297 2624,2298 2626,2299 2627,2299 2628,2301 2628,2302 2630,2303 2806,2303 2806,2304 2806,2361 2807,2361 3007,2361 3007,2361 3007,2313 3010,2310 3011,2310 3011,2310 3011,2309 3014,2306 3015,2306 3015,2306 3015,2305 3017,2303 3317,2303 3317,2303 3317,2301 3319,2299 3336,2299 3336,2300 3336,2301 3339,2303 3611,2303 3611,2303 3611,2301 3613,2299 3614,2299 3615,2298 3615,2278 3618,2275 3619,2275 3619,2275 3619,2270 3621,2268 3622,2268 3623,2267 3623,2262 3625,2260 3626,2260 3627,2259 3627,2258 3629,2256 3630,2256 3631,2255 3631,2254 3633,2252 3634,2252 3635,2251 3635,2250 3636,2249 3637,2249 3638,2248 3638,2247 3640,2245 3656,2245 3658,2243 3658,2242 3659,2241 3669,2241 3669,2242 3669,2243 3670,2243 3672,2245 3673,2245 3674,2246 3755,2246 3755,2247 3755,2248 3756,2248 3757,2248 3759,2251 3759,2252 3760,2252 3761,2252 3762,2254 3762,2295 3763,2295 3804,2295 3805,2297 3805,2299 3806,2299 3824,2299 3824,2300 3824,2301 3827,2303 3831,2307 3832,2307 3832,2308 3832,2353 3833,2353 3909,2353 3909,2354 3909,2355 3913,2359 3913,2363 3916,2365 3917,2365 3917,2366 3917,2367 3920,2369 3921,2369 3921,2370 3921,2383 3920,2384 3919,2384 3917,2386 3917,2399 3917,2399 3916,2399 3913,2402 3913,2403 3913,2403 3912,2403 3909,2406 3909,2407 3909,2407 3908,2407 3905,2410 3905,2411 3905,2411 3904,2411 3902,2413 3902,2414 3901,2415 3900,2415 3898,2417 3898,2418 3897,2419 3892,2419 3890,2418 3890,2417 3890,2416 3889,2415 3888,2415 3886,2414 3886,2384 3886,2383 3720,2383 3719,2384 3352,2384 3351,2385 3351,2443 3351,2443"/><TextEquiv index="1"><Unicode>vigilance de ſon Mentor, vous a fait,</Unicode></TextEquiv></TextLine><TextLine id="r0_l006"><Coords points="2161,2641 2160,2641 2160,2617 2160,2616 2138,2616 2136,2615 2136,2614 2136,2613 2128,2613 2127,2612 2126,2612 2125,2612 2125,2611 2124,2610 2124,2586 2124,2585 1905,2585 1904,2586 1904,2631 1903,2632 1902,2632 1900,2634 1900,2635 1899,2636 1868,2636 1867,2635 1866,2635 1865,2635 1865,2583 1865,2582 1578,2582 1577,2581 1576,2581 1575,2581 1575,2580 1574,2578 1310,2578 1308,2577 1308,2576 1307,2574 923,2574 920,2572 920,2571 920,2570 919,2570 917,2569 917,2568 916,2567 916,2500 917,2499 917,2498 919,2496 920,2496 920,2496 920,2495 923,2492 932,2492 932,2492 932,2479 934,2477 935,2477 936,2476 936,2471 938,2469 939,2469 940,2468 940,2463 941,2462 942,2462 944,2460 944,2459 945,2458 946,2458 947,2457 951,2457 952,2456 952,2455 953,2454 954,2454 955,2453 955,2448 957,2446 958,2446 959,2445 959,2444 961,2442 966,2442 967,2441 967,2440 969,2438 974,2438 975,2437 975,2436 977,2434 985,2434 986,2436 986,2437 988,2438 997,2438 998,2440 998,2441 999,2442 1000,2442 1001,2442 1002,2444 1002,2492 1003,2492 1234,2492 1234,2492 1234,2491 1237,2488 1238,2488 1238,2488 1238,2479 1240,2477 1241,2477 1242,2476 1242,2467 1244,2465 1245,2465 1246,2464 1246,2455 1247,2454 1248,2454 1250,2452 1250,2451 1251,2450 1252,2450 1254,2448 1254,2447 1255,2446 1256,2446 1258,2444 1258,2443 1259,2442 1260,2442 1262,2440 1262,2439 1263,2438 1268,2438 1269,2437 1269,2436 1271,2434 1283,2434 1285,2437 1285,2438 1286,2438 1291,2438 1292,2440 1292,2441 1294,2442 1295,2442 1296,2444 1296,2496 1297,2496 1612,2496 1614,2499 1614,2500 1615,2500 1965,2500 1966,2499 1966,2498 1968,2496 1969,2496 1970,2495 1970,2494 1972,2492 1976,2492 1977,2494 1977,2495 1979,2496 2057,2496 2061,2500 2065,2500 2073,2508 2263,2508 2264,2507 2264,2506 2266,2504 2272,2504 2272,2504 2272,2455 2273,2454 2274,2454 2274,2454 2276,2452 2276,2451 2277,2450 2282,2450 2284,2448 2284,2447 2285,2446 2290,2446 2291,2445 2291,2444 2293,2442 2298,2442 2299,2444 2299,2445 2301,2446 2302,2446 2303,2448 2303,2449 2305,2450 2306,2450 2307,2452 2307,2500 2308,2500 2759,2500 2759,2500 2759,2499 2762,2496 2766,2496 2767,2498 2767,2499 2769,2500 2968,2500 2968,2500 2968,2499 2971,2496 3003,2496 3003,2496 3003,2495 3006,2492 3010,2492 3011,2494 3011,2496 3012,2496 3076,2496 3077,2498 3077,2499 3079,2500 3282,2500 3282,2500 3282,2452 3284,2450 3285,2450 3285,2450 3286,2449 3286,2448 3288,2446 3289,2446 3289,2446 3290,2445 3290,2444 3292,2442 3301,2442 3302,2443 3352,2443 3352,2444 3352,2449 3354,2450 3355,2450 3356,2452 3356,2496 3357,2496 3816,2496 3816,2496 3816,2495 3819,2492 3886,2492 3886,2492 3886,2491 3889,2488 3900,2488 3902,2491 3902,2492 3903,2492 3912,2492 3913,2494 3913,2495 3914,2495 3915,2496 3916,2496 3917,2498 3917,2499 3918,2499 3919,2500 3920,2500 3921,2502 3921,2503 3923,2504 3924,2504 3925,2506 3925,2507 3927,2508 3928,2508 3929,2510 3929,2557 3928,2558 3927,2558 3925,2560 3925,2565 3924,2566 3923,2566 3921,2568 3921,2569 3920,2570 3919,2570 3917,2572 3917,2573 3916,2574 3911,2574 3910,2575 3910,2576 3908,2578 3771,2578 3770,2579 3770,2624 3770,2624 3760,2624 3759,2625 3759,2626 3757,2628 3730,2628 3726,2624 3725,2624 3724,2624 3724,2579 3724,2578 3520,2578 3518,2580 3518,2581 3518,2581 3517,2581 3516,2582 3415,2582 3414,2583 3414,2584 3413,2585 3412,2585 3411,2586 3410,2586 3409,2585 3291,2585 3290,2585 3290,2584 3289,2582 2784,2582 2783,2583 2783,2627 2782,2628 2781,2628 2780,2629 2779,2630 2779,2631 2778,2632 2765,2632 2764,2633 2764,2634 2762,2636 2661,2636 2659,2635 2659,2634 2658,2632 2657,2632 2655,2631 2655,2583 2655,2582 2428,2582 2427,2583 2427,2584 2426,2585 2293,2585 2292,2586 2172,2586 2171,2587 2171,2641 2171,2641"/><TextEquiv index="1"><Unicode>ſur ſon compte, des rapports odieux que</Unicode></TextEquiv></TextLine><TextLine id="r0_l007"><Coords points="2529,2831 2528,2831 2528,2776 2528,2775 2510,2775 2508,2777 2508,2778 2507,2779 2378,2779 2376,2781 2376,2782 2375,2783 2366,2783 2365,2784 2365,2785 2363,2787 2352,2787 2348,2783 2344,2783 2341,2781 2341,2780 2341,2779 2200,2779 2198,2778 2198,2777 2197,2775 2021,2775 2020,2776 2020,2829 2020,2829 1983,2829 1981,2828 1981,2827 1980,2825 1979,2825 1977,2824 1977,2776 1977,2775 1782,2775 1780,2777 1780,2778 1779,2779 1735,2779 1734,2779 1734,2778 1733,2777 1733,2776 1733,2775 1437,2775 1435,2774 1435,2773 1434,2771 1209,2771 1207,2770 1207,2769 1206,2767 957,2767 955,2766 955,2765 954,2763 953,2763 951,2762 951,2761 951,2760 950,2760 948,2759 948,2758 947,2757 947,2749 947,2748 946,2748 944,2747 944,2743 940,2739 940,2735 935,2729 934,2729 932,2728 932,2711 931,2709 930,2709 928,2708 928,2707 927,2705 926,2705 924,2704 924,2703 924,2702 923,2702 920,2700 920,2699 920,2698 919,2698 917,2697 917,2696 916,2694 915,2694 913,2693 913,2691 914,2690 915,2690 919,2686 1222,2686 1222,2687 1222,2688 1225,2690 1535,2690 1536,2692 1536,2693 1537,2693 1538,2693 1539,2694 1628,2694 1629,2696 1629,2697 1630,2697 1631,2697 1632,2698 1842,2698 1842,2698 1842,2645 1843,2644 1844,2644 1845,2643 1864,2643 1865,2645 1865,2662 1867,2663 1868,2663 1869,2665 1869,2694 1870,2694 2073,2694 2074,2693 2074,2692 2076,2690 2148,2690 2148,2690 2148,2672 2149,2671 2150,2671 2152,2669 2152,2657 2154,2655 2155,2655 2155,2655 2155,2647 2156,2646 2156,2645 2158,2643 2159,2643 2159,2643 2159,2642 2160,2641 2171,2641 2173,2643 2174,2643 2175,2645 2175,2698 2176,2698 2353,2698 2353,2698 2353,2649 2355,2647 2356,2647 2357,2646 2357,2645 2358,2644 2359,2644 2360,2643 2410,2643 2411,2645 2411,2647 2412,2647 2445,2647 2446,2649 2446,2650 2448,2651 2449,2651 2450,2653 2450,2654 2452,2655 2453,2655 2454,2657 2454,2694 2455,2694 2775,2694 2775,2694 2775,2649 2776,2648 2777,2648 2779,2646 2779,2645 2780,2644 2781,2644 2782,2643 2930,2643 2930,2643 2930,2641 2931,2640 2932,2640 2933,2639 3210,2639 3211,2640 3212,2640 3212,2641 3213,2642 3213,2643 3214,2643 3215,2643 3216,2645 3216,2646 3217,2647 3217,2694 3218,2694 3460,2694 3460,2694 3460,2654 3464,2650 3464,2646 3471,2639 3646,2639 3646,2639 3646,2638 3648,2636 3661,2636 3662,2638 3662,2639 3664,2640 3665,2640 3666,2642 3666,2690 3667,2690 3846,2690 3848,2688 3848,2687 3849,2686 3854,2686 3856,2684 3856,2683 3857,2682 3925,2682 3925,2682 3925,2668 3926,2667 3940,2667 3940,2668 3940,2669 3941,2670 3941,2750 3939,2752 3938,2752 3937,2753 3937,2758 3935,2760 3934,2760 3933,2761 3933,2762 3931,2764 3930,2764 3929,2765 3929,2766 3928,2767 3920,2767 3917,2770 3917,2771 3917,2771 3621,2771 3620,2772 3620,2773 3618,2775 3416,2775 3414,2777 3414,2778 3413,2779 3400,2779 3399,2780 3399,2804 3398,2805 3398,2806 3398,2806 3396,2806 3395,2807 3395,2824 3393,2826 3388,2826 3387,2827 3387,2830 3387,2830 3364,2830 3363,2830 3363,2776 3363,2775 3002,2775 2999,2778 2999,2779 2999,2779 2909,2779 2906,2777 2906,2776 2906,2775 2715,2775 2713,2777 2713,2778 2712,2779 2707,2779 2706,2779 2706,2778 2704,2775 2540,2775 2539,2776 2539,2831 2539,2831"/><TextEquiv index="1"><Unicode>vous avez adoptés. J'en ai été la victime.</Unicode></TextEquiv></TextLine><TextLine id="r0_l008"><Coords points="3393,3023 3391,3022 3391,2974 3391,2973 3196,2973 3193,2971 3193,2970 3193,2969 2830,2969 2829,2970 2829,2983 2816,2996 2812,2996 2810,2998 2810,2999 2810,2999 2809,2999 2808,3000 2789,3000 2787,2999 2787,2970 2787,2969 2727,2969 2725,2968 2725,2967 2724,2965 2293,2965 2291,2967 2291,2968 2290,2969 2289,2969 2288,2969 2287,2968 2287,2967 2286,2965 1944,2965 1943,2966 1943,2983 1942,2984 1941,2984 1939,2986 1939,2987 1938,2988 1937,2988 1935,2990 1935,2999 1935,2999 1934,2999 1923,3010 1923,3011 1923,3011 1917,3011 1916,3011 1916,3010 1915,3009 1915,2966 1915,2965 1790,2965 1788,2964 1788,2963 1787,2961 1642,2961 1641,2962 1641,3017 1641,3017 1638,3017 1637,3017 1637,2962 1637,2961 1271,2961 1269,2960 1269,2959 1268,2957 969,2957 967,2959 967,2960 966,2961 961,2961 959,2963 959,2964 958,2965 957,2965 955,2967 955,2968 954,2969 945,2969 944,2970 944,2971 942,2973 931,2973 928,2971 928,2970 928,2969 923,2969 920,2967 920,2966 920,2965 919,2965 917,2964 917,2963 916,2962 916,2949 917,2948 917,2947 919,2945 920,2945 920,2945 920,2944 922,2942 923,2942 924,2941 932,2941 932,2941 932,2827 933,2826 934,2826 936,2824 936,2823 937,2822 938,2822 939,2821 946,2821 948,2824 948,2825 949,2825 1031,2825 1033,2828 1033,2829 1034,2829 1035,2829 1044,2839 1044,2872 1045,2872 1210,2872 1211,2874 1211,2875 1213,2876 1292,2876 1292,2877 1292,2878 1294,2879 1459,2879 1459,2879 1459,2831 1461,2829 1484,2829 1490,2836 1490,2879 1491,2879 1549,2879 1550,2880 1551,2880 1552,2882 1552,2883 1553,2883 1927,2883 1927,2883 1927,2847 1929,2845 2088,2845 2096,2837 2163,2837 2163,2837 2163,2836 2164,2835 2164,2834 2165,2833 2166,2833 2168,2831 2168,2830 2169,2829 2178,2829 2178,2830 2178,2831 2181,2833 2271,2833 2271,2834 2271,2835 2274,2837 2279,2837 2279,2838 2279,2839 2280,2840 2280,2844 2282,2845 2283,2845 2283,2846 2283,2879 2284,2879 2519,2879 2519,2879 2519,2836 2522,2833 2527,2833 2527,2833 2527,2832 2528,2831 2539,2831 2541,2833 2542,2833 2543,2835 2543,2883 2544,2883 2673,2883 2674,2885 2674,2886 2676,2887 2719,2887 2725,2894 2725,2898 2727,2899 2910,2899 2910,2899 2910,2898 2917,2891 2925,2891 2926,2890 2926,2889 2927,2888 2928,2888 2929,2887 2934,2887 2934,2887 2934,2839 2936,2837 2945,2837 2945,2837 2945,2836 2946,2835 2946,2834 2947,2833 2960,2833 2961,2835 2961,2836 2963,2837 2964,2837 2965,2839 2965,2856 2966,2856 2967,2856 2969,2859 2969,2876 2970,2876 3131,2876 3131,2877 3131,2878 3133,2879 3214,2879 3215,2880 3266,2880 3267,2882 3267,2883 3268,2883 3363,2883 3363,2883 3363,2848 3364,2847 3364,2831 3365,2830 3387,2830 3387,2831 3387,2883 3388,2883 3607,2883 3607,2883 3607,2863 3610,2860 3611,2860 3611,2860 3611,2855 3614,2852 3615,2852 3615,2852 3615,2847 3617,2845 3633,2845 3635,2843 3635,2842 3636,2841 3638,2841 3639,2843 3639,2844 3641,2845 3649,2845 3650,2847 3650,2848 3651,2848 3652,2848 3654,2851 3654,2852 3655,2852 3820,2852 3820,2852 3820,2832 3823,2829 3828,2829 3828,2829 3828,2828 3831,2825 3846,2825 3848,2828 3848,2848 3850,2849 3851,2849 3851,2850 3851,2851 3852,2852 3852,2876 3853,2876 3913,2876 3913,2877 3913,2878 3915,2879 3922,2879 3923,2880 3924,2880 3933,2890 3933,2891 3934,2891 3935,2891 3937,2894 3937,2898 3939,2899 3940,2899 3940,2900 3940,2901 3941,2902 3941,2941 3943,2942 3944,2942 3944,2943 3944,2953 3944,2953 3943,2953 3941,2955 3941,2959 3939,2961 3938,2961 3937,2962 3937,2967 3935,2969 3934,2969 3933,2970 3933,2987 3932,2988 3927,2988 3925,2987 3925,2981 3925,2980 3888,2980 3886,2979 3886,2978 3886,2977 3885,2976 3884,2976 3882,2975 3882,2966 3882,2965 3516,2965 3515,2966 3515,2967 3513,2969 3512,2969 3511,2970 3511,2971 3509,2973 3438,2973 3437,2974 3437,3018 3436,3019 3424,3019 3421,3022 3421,3023 3421,3023"/><TextEquiv index="1"><Unicode>J'attends ma juſtification, du temps &amp; de</Unicode></TextEquiv></TextLine><TextLine id="r0_l009"><Coords points="1488,3205 1485,3203 1485,3202 1485,3201 1476,3201 1474,3200 1474,3159 1474,3158 957,3158 955,3157 955,3148 955,3147 954,3147 951,3145 951,3141 948,3138 948,3137 947,3136 947,3129 946,3127 945,3127 944,3127 944,3118 943,3116 942,3116 940,3115 940,3110 939,3108 938,3108 936,3107 936,3102 935,3100 934,3100 932,3099 932,3090 932,3089 927,3089 924,3087 924,3086 924,3085 923,3085 920,3083 920,3072 923,3069 924,3069 924,3069 924,3068 927,3065 1117,3065 1118,3064 1118,3063 1119,3062 1120,3062 1121,3061 1389,3061 1389,3061 1389,3055 1390,3054 1391,3054 1392,3053 1393,3053 1393,3053 1393,3044 1395,3042 1396,3042 1397,3041 1397,3021 1399,3019 1400,3019 1400,3019 1400,3018 1403,3015 1415,3015 1417,3017 1641,3017 1643,3019 1787,3019 1788,3021 1788,3084 1790,3085 1791,3085 1792,3087 1792,3092 1794,3093 1795,3093 1795,3094 1795,3095 1796,3096 1796,3116 1797,3116 1826,3116 1826,3117 1826,3118 1829,3120 1830,3120 1830,3121 1830,3122 1833,3124 1834,3124 1834,3125 1834,3130 1836,3131 1837,3131 1838,3133 1838,3146 1837,3147 1832,3147 1830,3149 1830,3150 1829,3151 1770,3151 1769,3152 1769,3153 1768,3154 1518,3154 1517,3155 1517,3196 1516,3197 1515,3197 1513,3199 1513,3204 1512,3205"/><TextEquiv index="1"><Unicode>votre équité.</Unicode></TextEquiv></TextLine><TextLine id="r0_l010"><Coords points="2308,3402 2307,3402 2307,3401 2306,3399 921,3399 920,3400 898,3400 897,3400 898,3399 899,3399 900,3398 1893,3398 1893,3398 1892,3397 1892,3396 1892,3395 1884,3395 1883,3394 1882,3394 1881,3394 1881,3393 1880,3391 1349,3391 1346,3389 1346,3388 1346,3387 1345,3387 1342,3385 1342,3341 1342,3340 1158,3340 1157,3340 1157,3339 1156,3337 1125,3337 1124,3336 1123,3336 1122,3336 1122,3326 1123,3325 1129,3325 1129,3325 1129,3216 1130,3215 1130,3214 1131,3213 1132,3213 1133,3212 1133,3211 1135,3209 1209,3209 1210,3208 1211,3208 1211,3208 1211,3207 1213,3205 2851,3205 2852,3204 2852,3203 2854,3201 2856,3201 2856,3202 2856,3203 2859,3205 3258,3205 3259,3207 3259,3209 3260,3209 3859,3209 3859,3210 3859,3259 3860,3259 3916,3259 3917,3261 3917,3262 3918,3262 3919,3263 3920,3263 3921,3265 3921,3266 3922,3266 3923,3266 3925,3269 3925,3270 3926,3270 3927,3270 3929,3273 3929,3274 3930,3274 3931,3274 3933,3277 3933,3282 3934,3282 3935,3282 3937,3285 3937,3331 3935,3333 3934,3333 3933,3334 3933,3335 3932,3336 3931,3336 3930,3337 3926,3337 3925,3338 3925,3339 3923,3341 3922,3341 3921,3342 3921,3343 3920,3344 3916,3344 3913,3347 3913,3348 3913,3348 3458,3348 3457,3349 3457,3393 3455,3395 3454,3395 3453,3396 3453,3397 3452,3398 3451,3398 3450,3399 3442,3399 3441,3400 3441,3401 3440,3402"/><TextEquiv index="1"><Unicode>Il y a long-temps qu'il eſt impoſſible</Unicode></TextEquiv></TextLine><TextLine id="r0_l011"><Coords points="2255,3794 2254,3794 2254,3791 2254,3790 2155,3790 2154,3789 2153,3789 2152,3789 2152,3788 2150,3785 2149,3785 2148,3785 2148,3744 2148,3743 1305,3743 1304,3744 1304,3777 1303,3778 1302,3778 1300,3780 1300,3781 1299,3782 972,3782 971,3783 971,3784 965,3790 918,3790 917,3791 917,3792 916,3793 914,3793 913,3793 913,3415 913,3414 911,3414 909,3413 909,3411 909,3410 899,3410 897,3409 897,3401 898,3400 921,3400 921,3401 921,3402 922,3402 997,3402 998,3404 998,3406 999,3406 2372,3406 2372,3406 2372,3405 2373,3404 2373,3403 2374,3402 2681,3402 2682,3401 2682,3400 2684,3398 3164,3398 3165,3399 3166,3399 3166,3400 3166,3401 3168,3402 3730,3402 3732,3405 3732,3406 3733,3406 3734,3406 3735,3408 3735,3409 3736,3409 3737,3410 3738,3410 3739,3412 3739,3453 3740,3453 3839,3453 3840,3455 3840,3456 3841,3456 3915,3456 3916,3457 3917,3457 3917,3458 3917,3459 3919,3460 3927,3460 3928,3461 3929,3461 3929,3462 3929,3515 3930,3515 3932,3515 3933,3517 3933,3533 3935,3534 3936,3534 3936,3535 3936,3536 3937,3537 3937,3715 3939,3716 3940,3716 3940,3717 3940,3718 3943,3720 3944,3720 3944,3721 3944,3723 3945,3724 3944,3725 3944,3727 3944,3727 3943,3727 3940,3730 3940,3731 3940,3731 3804,3731 3803,3732 3802,3732 3801,3733 3801,3734 3800,3735 3725,3735 3724,3736 3724,3780 3722,3782 3717,3782 3716,3783 3716,3784 3714,3786 3407,3786 3406,3787 3406,3791 3406,3791 3392,3791 3391,3791 3391,3767 3391,3766 3249,3766 3247,3765 3247,3764 3247,3763 3246,3763 3244,3762 3244,3736 3244,3735 2260,3735 2259,3736 2259,3794 2259,3794"/><TextEquiv index="1"><Unicode>puinqui e vit pu am es muoi equi</Unicode></TextEquiv></TextLine><TextLine id="r0_l012"><Coords points="1804,3989 1803,3989 1803,3934 1803,3933 1751,3933 1749,3932 1749,3931 1748,3929 1549,3929 1548,3930 1548,3931 1544,3935 1544,3936 1544,3936 1543,3936 1542,3937 1540,3936 1540,3935 1538,3932 1537,3932 1536,3932 1536,3930 1536,3929 1364,3929 1362,3928 1362,3927 1361,3925 1264,3925 1066,3925 1063,3928 1063,3929 1063,3929 1054,3929 1052,3928 1052,3927 1051,3925 918,3925 917,3925 917,3923 916,3922 916,3921 917,3920 917,3919 919,3917 920,3917 920,3917 920,3916 923,3913 924,3913 924,3913 924,3854 927,3851 932,3851 932,3851 932,3850 935,3847 943,3847 944,3846 944,3845 945,3844 1303,3844 1304,3843 1305,3843 1306,3844 1392,3844 1393,3846 1393,3847 1394,3847 1687,3847 1687,3847 1687,3799 1689,3797 1690,3797 1691,3796 1691,3795 1693,3793 1709,3793 1710,3795 1710,3796 1712,3797 1713,3797 1714,3799 1714,3844 1715,3844 1747,3844 1748,3843 1749,3843 1749,3843 1749,3842 1751,3840 1756,3840 1757,3842 1757,3851 1758,3851 1782,3851 1783,3852 1784,3852 1784,3853 1784,3855 1785,3855 1834,3855 1834,3855 1834,3830 1836,3828 1837,3828 1837,3828 1838,3827 1838,3826 1839,3825 1840,3825 1842,3823 1842,3822 1843,3821 1844,3821 1845,3820 1900,3820 1900,3820 1900,3818 1901,3817 1902,3817 1906,3813 1919,3813 1919,3814 1919,3819 1922,3821 1923,3821 1923,3822 1923,3855 1924,3855 1965,3855 1966,3854 1966,3853 1968,3851 2031,3851 2031,3851 2031,3850 2033,3848 2035,3848 2036,3850 2036,3851 2037,3851 2245,3851 2245,3851 2245,3806 2246,3805 2247,3805 2248,3804 2248,3800 2251,3797 2252,3797 2252,3797 2252,3796 2254,3794 2260,3794 2260,3795 2260,3796 2262,3797 2267,3797 2268,3799 2268,3804 2270,3805 2271,3805 2272,3807 2272,3847 2273,3847 2635,3847 2636,3846 2636,3845 2637,3844 2651,3844 2651,3845 2651,3846 2653,3847 3046,3847 3046,3847 3046,3845 3047,3844 3216,3844 3217,3846 3217,3847 3218,3847 3340,3847 3340,3847 3340,3804 3341,3803 3341,3802 3342,3801 3343,3801 3345,3799 3345,3798 3346,3797 3390,3797 3391,3796 3391,3792 3392,3791 3565,3791 3566,3790 3567,3790 3568,3789 3580,3789 3580,3789 3580,3788 3582,3786 3583,3786 3584,3785 3590,3785 3598,3793 3699,3793 3700,3795 3700,3840 3701,3840 3901,3840 3902,3842 3902,3843 3904,3844 3905,3844 3906,3846 3906,3890 3907,3890 3924,3890 3925,3892 3925,3893 3927,3894 3936,3894 3936,3895 3936,3896 3937,3896 3939,3898 3940,3898 3940,3899 3940,3900 3943,3902 3944,3902 3944,3903 3944,3917 3944,3917 3943,3917 3940,3920 3940,3921 3940,3921 3939,3921 3936,3924 3936,3925 3936,3925 3815,3925 3812,3928 3812,3929 3812,3929 2807,3929 2806,3930 2806,3982 2805,3983 2804,3983 2803,3984 2802,3985 2802,3986 2801,3987 2736,3987 2735,3988 2723,3988 2722,3988 2722,3934 2722,3933 2505,3933 2504,3934 2504,3978 2503,3979 2498,3979 2497,3980 2497,3981 2495,3983 2463,3983 2462,3983 2462,3982 2462,3981 2460,3979 2459,3979 2458,3979 2458,3978 2457,3977 2457,3934 2457,3933 2293,3933 2291,3932 2291,3931 2290,3929 1999,3929 1995,3933 1960,3933 1958,3935 1958,3936 1957,3937 1920,3937 1919,3938 1919,3944 1919,3944 1918,3944 1916,3946 1916,3954 1912,3958 1912,3962 1910,3964 1909,3964 1908,3965 1908,3970 1906,3972 1905,3972 1904,3973 1904,3974 1902,3976 1901,3976 1900,3977 1900,3978 1899,3979 1886,3979 1885,3979 1885,3978 1884,3977 1884,3934 1884,3933 1820,3933 1819,3934 1819,3989 1819,3989"/><TextEquiv index="1"><Unicode>ne me voit jamais que pour m'inſulter.</Unicode></TextEquiv></TextLine><TextLine id="r0_l013"><Coords points="2314,4184 2314,4127 2314,4126 2162,4126 2160,4128 2160,4129 2159,4130 1653,4130 1652,4131 1652,4176 1651,4177 1167,4177 1164,4175 1164,4174 1164,4173 1163,4173 1160,4171 1160,4124 1160,4123 928,4123 927,4122 926,4122 924,4121 924,4112 924,4111 922,4111 921,4111 921,3992 922,3991 923,3991 925,3989 925,3988 926,3987 931,3987 932,3986 932,3985 934,3983 1005,3983 1005,3984 1005,3985 1008,3987 3239,3987 3239,3987 3239,3986 3242,3983 3874,3983 3874,3983 3874,3982 3877,3979 3881,3979 3883,3982 3883,3983 3884,3983 3893,3983 3894,3985 3894,3986 3896,3987 3897,3987 3898,3989 3898,4033 3899,4033 3916,4033 3917,4035 3917,4036 3919,4037 3924,4037 3925,4039 3925,4040 3926,4041 3927,4041 3928,4041 3929,4043 3929,4067 3937,4075 3937,4091 3938,4091 3943,4091 3944,4093 3944,4094 3945,4095 3946,4095 3947,4095 3948,4097 3948,4106 3947,4107 3946,4107 3944,4109 3944,4114 3943,4115 3942,4115 3940,4117 3940,4118 3939,4119 3865,4119 3863,4121 3863,4122 3863,4122 3831,4122 3830,4123 3706,4123 3704,4125 3704,4126 3704,4126 2323,4126 2322,4127 2322,4183 2322,4183 2316,4183 2315,4184"/><TextEquiv index="1"><Unicode>Depuis qu'il eſt le maître abſolu de ſa</Unicode></TextEquiv></TextLine><TextLine id="r0_l014"><Coords points="1623,4351 1622,4351 1622,4350 1621,4349 1620,4347 1619,4347 1617,4346 1617,4321 1617,4320 1252,4320 1249,4318 1249,4317 1249,4316 949,4316 948,4316 948,4315 946,4312 942,4312 936,4307 936,4306 936,4305 935,4305 932,4303 932,4295 930,4292 929,4292 928,4292 928,4283 927,4281 926,4281 924,4280 924,4264 926,4262 927,4262 928,4261 928,4260 930,4258 931,4258 932,4257 932,4252 934,4250 939,4250 940,4249 940,4248 941,4247 942,4246 943,4246 944,4245 944,4244 945,4243 946,4243 948,4241 948,4240 949,4239 950,4239 951,4238 955,4238 955,4238 955,4237 957,4235 962,4235 963,4234 963,4233 965,4231 982,4231 982,4232 982,4233 985,4235 1230,4235 1230,4235 1230,4190 1232,4188 1233,4188 1233,4188 1234,4187 1234,4186 1235,4185 1236,4185 1237,4184 1241,4184 1242,4183 1242,4182 1243,4181 1244,4181 1245,4180 1255,4180 1256,4181 1257,4181 1257,4182 1257,4184 1258,4184 1395,4184 1397,4187 1397,4188 1398,4188 1399,4188 1401,4191 1401,4192 1402,4192 1408,4192 1408,4193 1408,4231 1409,4231 1450,4231 1451,4233 1451,4235 1452,4235 1532,4235 1532,4236 1532,4237 1543,4247 1544,4247 1544,4248 1544,4253 1546,4254 1547,4254 1548,4256 1548,4261 1550,4262 1551,4262 1552,4264 1552,4293 1553,4293 1764,4293 1764,4293 1764,4246 1765,4245 1765,4244 1766,4243 1767,4242 1768,4242 1768,4242 1768,4198 1770,4196 1771,4196 1772,4195 1772,4191 1779,4184 1844,4184 1845,4185 1846,4185 1846,4186 1846,4244 1847,4244 2021,4244 2024,4241 2024,4240 2025,4239 2026,4239 2027,4238 2029,4238 2030,4239 2031,4239 2032,4241 2032,4242 2033,4242 2213,4242 2214,4241 2214,4240 2215,4239 2216,4239 2217,4238 2221,4238 2221,4238 2221,4191 2224,4188 2225,4188 2225,4188 2225,4187 2228,4184 2315,4184 2316,4183 2323,4183 2324,4184 2363,4184 2365,4187 2365,4188 2366,4188 2367,4188 2369,4191 2369,4238 2370,4238 2674,4238 2674,4238 2674,4194 2676,4192 2677,4192 2681,4188 2685,4188 2686,4187 2686,4186 2687,4185 2688,4185 2689,4184 2809,4184 2810,4183 2810,4182 2811,4181 2812,4181 2813,4180 2820,4180 2822,4183 2822,4184 2823,4184 2956,4184 2957,4186 2957,4187 2959,4188 3240,4188 3240,4188 3240,4186 3242,4184 3261,4184 3262,4185 3263,4185 3263,4186 3263,4199 3265,4200 3266,4200 3267,4202 3267,4235 3268,4235 3336,4235 3336,4236 3336,4237 3338,4238 3537,4238 3538,4237 3538,4236 3539,4235 3596,4235 3596,4235 3596,4194 3598,4192 3599,4192 3600,4191 3600,4186 3602,4184 3684,4184 3685,4183 3685,4182 3686,4181 3687,4181 3688,4180 3692,4180 3693,4179 3693,4178 3694,4177 3796,4177 3797,4176 3798,4176 3799,4177 3851,4177 3851,4178 3851,4192 3852,4193 3852,4227 3853,4227 3920,4227 3921,4229 3921,4230 3922,4230 3923,4231 3924,4231 3925,4233 3925,4234 3927,4235 3932,4235 3933,4237 3933,4238 3935,4239 3936,4239 3937,4241 3937,4246 3938,4246 3939,4246 3941,4249 3941,4250 3942,4250 3943,4250 3944,4252 3944,4265 3943,4266 3942,4266 3941,4267 3941,4294 3940,4295 3940,4296 3939,4297 3938,4297 3937,4298 3937,4299 3935,4301 3934,4301 3933,4302 3933,4303 3931,4305 3930,4305 3929,4306 3929,4307 3928,4308 3923,4308 3921,4310 3921,4311 3920,4312 3915,4312 3914,4313 3914,4314 3912,4316 3489,4316 3488,4317 3488,4318 3486,4320 3253,4320 3252,4320 3252,4319 3250,4316 3017,4316 3015,4315 3015,4314 3014,4312 2896,4312 2816,4312 2814,4314 2814,4315 2813,4316 2812,4316 2810,4318 2810,4319 2809,4320 2568,4320 2566,4319 2566,4318 2565,4316 2432,4316 2378,4316 2376,4318 2376,4319 2375,4320 2367,4320 2364,4318 2364,4317 2364,4316 2200,4316 2057,4316 2055,4318 2055,4319 2054,4320 1848,4320 1845,4318 1845,4317 1845,4316 1661,4316 1660,4317 1660,4331 1660,4331 1659,4331 1658,4332 1644,4346 1644,4347 1644,4347 1631,4347 1629,4349 1629,4350 1628,4351"/><TextEquiv index="1"><Unicode>conduite, il a débauché Mademoiſelle</Unicode></TextEquiv></TextLine><TextLine id="r0_l015"><Coords points="3454,4561 3453,4561 3453,4507 3453,4506 3037,4506 3034,4504 3034,4503 3034,4502 2130,4502 2129,4503 2129,4504 2127,4506 2123,4506 2121,4505 2121,4504 2120,4502 1862,4502 1861,4503 1861,4517 1861,4517 1860,4517 1857,4520 1857,4521 1857,4521 1856,4521 1853,4524 1853,4525 1853,4525 1852,4525 1849,4528 1849,4529 1849,4529 1848,4529 1846,4531 1846,4532 1845,4533 1836,4533 1834,4535 1834,4536 1833,4537 1666,4537 1656,4547 1656,4548 1656,4548 1643,4548 1641,4550 1641,4551 1640,4552 1635,4552 1633,4554 1633,4555 1632,4556 1608,4556 1606,4555 1606,4554 1605,4552 1600,4552 1598,4551 1598,4546 1598,4545 1597,4545 1594,4543 1594,4507 1594,4506 1328,4506 1327,4507 1327,4513 1327,4513 1326,4513 1323,4516 1323,4524 1322,4525 1321,4525 1319,4527 1319,4536 1318,4537 1317,4537 1315,4539 1315,4544 1315,4544 1314,4544 1311,4547 1311,4548 1311,4548 1310,4548 1308,4550 1308,4551 1307,4552 1306,4552 1304,4554 1304,4555 1303,4556 1294,4556 1292,4555 1292,4554 1291,4552 1290,4552 1288,4551 1288,4507 1288,4506 1069,4506 1068,4507 1068,4508 1066,4510 946,4510 944,4509 944,4504 943,4502 938,4502 936,4501 936,4500 935,4498 934,4498 932,4497 932,4496 931,4494 930,4494 928,4493 928,4484 928,4483 927,4483 924,4481 924,4458 927,4455 928,4455 928,4455 928,4454 931,4451 932,4451 932,4451 932,4450 935,4447 936,4447 936,4447 936,4446 942,4440 943,4440 943,4440 943,4439 946,4436 951,4436 951,4436 951,4435 954,4432 962,4432 963,4431 963,4430 965,4428 967,4428 967,4428 967,4380 969,4378 989,4378 990,4377 990,4376 992,4374 997,4374 998,4376 998,4377 1000,4378 1001,4378 1002,4380 1002,4382 1003,4382 1403,4382 1405,4380 1405,4379 1406,4378 1415,4378 1416,4377 1416,4376 1418,4374 1431,4374 1431,4375 1431,4376 1434,4378 1438,4378 1443,4384 1443,4428 1444,4428 1617,4428 1617,4428 1617,4427 1620,4424 1728,4424 1730,4427 1730,4428 1731,4428 1736,4428 1738,4431 1738,4432 1739,4432 1740,4432 1741,4434 1741,4435 1743,4436 1744,4436 1745,4438 1745,4443 1747,4444 1748,4444 1749,4446 1749,4475 1750,4475 1977,4475 1977,4475 1977,4454 1980,4451 1981,4451 1981,4451 1981,4446 1983,4444 1984,4444 1985,4443 1985,4438 1987,4436 1992,4436 1993,4435 1993,4434 1995,4432 2000,4432 2001,4431 2001,4430 2003,4428 2008,4428 2008,4428 2008,4427 2011,4424 2020,4424 2020,4424 2020,4380 2022,4378 2023,4378 2024,4377 2024,4376 2026,4374 2035,4374 2035,4374 2035,4373 2038,4370 2050,4370 2051,4372 2051,4420 2052,4420 2415,4420 2415,4420 2415,4415 2417,4413 2418,4413 2419,4412 2419,4403 2421,4401 2422,4401 2423,4400 2423,4391 2424,4390 2425,4390 2427,4388 2427,4383 2428,4382 2429,4382 2429,4382 2431,4380 2431,4379 2432,4378 2433,4378 2435,4376 2435,4375 2436,4374 2437,4374 2439,4372 2439,4371 2440,4370 2445,4370 2446,4369 2446,4368 2448,4366 2468,4366 2469,4368 2469,4369 2470,4370 2471,4370 2472,4370 2473,4372 2473,4373 2474,4374 2475,4374 2476,4374 2477,4376 2477,4420 2478,4420 2571,4420 2572,4421 2573,4421 2574,4423 2574,4424 2575,4424 2775,4424 2775,4424 2775,4423 2778,4420 3278,4420 3278,4420 3278,4419 3280,4417 3282,4417 3283,4416 3284,4417 3286,4417 3286,4418 3286,4419 3292,4424 3308,4424 3309,4426 3309,4427 3311,4428 3588,4428 3588,4428 3588,4411 3590,4409 3591,4409 3592,4408 3592,4399 3593,4398 3594,4398 3596,4396 3596,4391 3597,4390 3598,4390 3600,4388 3600,4383 3601,4382 3607,4382 3607,4383 3607,4384 3610,4386 3611,4386 3611,4387 3611,4392 3614,4394 3615,4394 3615,4395 3615,4396 3617,4397 3618,4397 3619,4399 3619,4404 3621,4405 3622,4405 3623,4407 3623,4428 3624,4428 3820,4428 3820,4428 3820,4427 3823,4424 3913,4424 3913,4424 3913,4423 3914,4422 3915,4421 3916,4421 3917,4420 3923,4420 3933,4431 3933,4479 3934,4479 3936,4479 3937,4481 3937,4482 3938,4482 3939,4482 3940,4484 3940,4485 3941,4486 3941,4498 3942,4498 3943,4498 3948,4504 3948,4509 3948,4509 3947,4509 3944,4512 3944,4524 3916,4552 3911,4552 3910,4552 3910,4551 3909,4550 3909,4515 3909,4514 3823,4514 3820,4512 3820,4511 3820,4510 3598,4510 3597,4509 3461,4509 3460,4510 3460,4561 3460,4561"/><TextEquiv index="1"><Unicode>de Lyſange, dans ſon couvent même;</Unicode></TextEquiv></TextLine><TextLine id="r0_l016"><Coords points="3714,4755 3713,4755 3713,4697 3713,4696 3675,4696 3673,4698 3673,4699 3673,4699 3601,4699 3600,4700 3599,4699 3508,4699 3507,4699 3507,4698 3506,4696 3136,4696 3135,4697 3135,4745 3134,4746 3133,4746 3132,4747 3131,4748 3131,4749 3130,4750 3103,4750 3100,4748 3100,4747 3100,4746 3099,4746 3096,4744 3096,4697 3096,4696 3003,4696 3002,4695 3001,4695 3000,4695 3000,4694 2999,4692 2788,4692 2787,4693 2787,4694 2786,4695 2785,4695 2784,4696 2536,4696 2535,4697 2535,4698 2534,4699 2529,4699 2527,4698 2527,4697 2527,4696 1708,4696 1706,4698 1706,4699 1706,4699 1468,4699 1467,4700 1466,4699 1464,4699 1463,4699 1463,4698 1462,4696 1278,4696 1277,4697 1277,4698 1276,4699 996,4699 994,4701 994,4702 993,4703 988,4703 986,4702 986,4701 986,4700 985,4700 984,4699 934,4699 932,4698 932,4697 932,4696 931,4696 928,4694 928,4624 930,4622 931,4622 932,4621 932,4577 933,4576 934,4576 936,4574 936,4573 937,4572 938,4572 939,4571 943,4571 944,4570 944,4569 945,4568 1116,4568 1118,4566 1118,4565 1119,4564 1121,4564 1122,4566 1122,4567 1124,4568 1129,4568 1130,4570 1130,4618 1131,4618 1412,4618 1412,4618 1412,4577 1414,4575 1416,4575 1416,4575 1416,4570 1420,4566 1420,4565 1421,4564 1686,4564 1687,4563 1687,4562 1689,4560 1694,4560 1695,4562 1695,4563 1697,4564 1702,4564 1703,4566 1703,4614 1704,4614 1915,4614 1915,4614 1915,4613 1918,4610 1922,4610 1923,4612 1923,4613 1925,4614 2325,4614 2326,4616 2326,4617 2328,4618 2531,4618 2531,4618 2531,4566 2533,4564 2538,4564 2539,4563 2539,4562 2541,4560 2623,4560 2624,4559 2624,4558 2626,4556 2642,4556 2647,4562 2647,4610 2648,4610 2689,4610 2690,4612 2690,4613 2692,4614 2914,4614 2914,4614 2914,4563 2915,4562 2915,4561 2916,4560 2941,4560 2941,4561 2941,4562 2944,4564 2945,4564 2945,4565 2945,4566 2946,4567 2946,4610 2947,4610 3006,4610 3007,4612 3007,4613 3009,4614 3340,4614 3340,4614 3340,4613 3343,4610 3344,4610 3344,4610 3344,4593 3346,4591 3347,4591 3348,4590 3348,4589 3350,4587 3351,4587 3352,4586 3352,4581 3354,4579 3355,4579 3356,4578 3356,4577 3357,4576 3358,4576 3360,4574 3360,4573 3361,4572 3362,4572 3364,4570 3364,4569 3365,4568 3370,4568 3371,4567 3371,4566 3373,4564 3451,4564 3454,4561 3460,4561 3467,4568 3468,4568 3468,4569 3468,4610 3469,4610 3697,4610 3697,4610 3697,4577 3699,4575 3700,4575 3700,4575 3700,4570 3702,4568 3703,4568 3703,4568 3704,4567 3704,4566 3706,4564 3715,4564 3716,4566 3716,4567 3718,4568 3723,4568 3724,4570 3724,4614 3725,4614 3854,4614 3855,4616 3855,4618 3856,4618 3905,4618 3905,4619 3905,4620 3908,4622 3909,4622 3909,4623 3909,4624 3910,4625 3910,4664 3911,4664 3939,4664 3940,4666 3940,4667 3942,4668 3947,4668 3948,4670 3948,4699 3948,4699 3947,4699 3944,4702 3944,4703 3944,4703 3934,4703 3933,4703 3933,4702 3931,4699 3884,4699 3882,4698 3882,4697 3882,4696 3720,4696 3719,4697 3719,4755 3719,4755"/><TextEquiv index="1"><Unicode>il la miſe dans une maiſon de proſtitution.</Unicode></TextEquiv></TextLine><TextLine id="r0_l017"><Coords points="1174,4947 1172,4946 1172,4945 1171,4943 1170,4943 1168,4942 1168,4894 1168,4893 1120,4893 1118,4892 1118,4891 1117,4889 930,4889 928,4888 928,4884 932,4880 932,4759 933,4758 934,4758 936,4756 936,4755 937,4754 938,4754 939,4753 965,4753 969,4757 1027,4757 1028,4758 1029,4758 1029,4759 1029,4760 1031,4761 1035,4761 1037,4764 1037,4765 1038,4765 1047,4765 1048,4767 1048,4768 1050,4769 1055,4769 1056,4771 1056,4772 1057,4773 1058,4773 1059,4773 1060,4775 1060,4776 1062,4777 1063,4777 1064,4779 1064,4780 1066,4781 1067,4781 1068,4783 1068,4784 1069,4784 1070,4784 1072,4787 1072,4788 1073,4788 1074,4788 1075,4790 1075,4791 1077,4792 1078,4792 1079,4794 1079,4803 1081,4804 1082,4804 1083,4806 1083,4808 1084,4808 1350,4808 1350,4808 1350,4767 1352,4765 1353,4765 1354,4764 1354,4764 1354,4763 1355,4762 1356,4762 1358,4760 1358,4759 1359,4758 1360,4758 1361,4757 1532,4757 1532,4757 1532,4756 1535,4753 1540,4753 1540,4753 1540,4752 1542,4750 1555,4750 1555,4751 1555,4752 1557,4753 1561,4753 1562,4754 1563,4754 1563,4755 1563,4756 1566,4758 1567,4758 1567,4759 1567,4808 1568,4808 1663,4808 1664,4810 1664,4811 1665,4811 1850,4811 1850,4811 1850,4763 1852,4761 1853,4761 1853,4761 1853,4760 1856,4757 1857,4757 1857,4757 1857,4756 1860,4753 1871,4753 1881,4764 1881,4808 1882,4808 2070,4808 2070,4808 2070,4764 2073,4761 2074,4761 2074,4761 2074,4760 2077,4757 2085,4757 2086,4756 2086,4755 2087,4754 2088,4754 2089,4753 2095,4753 2096,4754 2097,4754 2098,4756 2098,4757 2099,4757 2100,4757 2101,4759 2101,4811 2102,4811 2372,4811 2372,4811 2372,4810 2374,4808 2570,4808 2570,4808 2570,4759 2571,4758 2572,4758 2574,4756 2574,4755 2575,4754 2576,4754 2577,4753 2591,4753 2592,4754 2593,4754 2593,4755 2593,4760 2595,4761 2778,4761 2779,4760 2779,4759 2781,4757 2828,4757 2829,4759 2829,4760 2831,4761 2836,4761 2837,4763 2837,4764 2839,4765 2840,4765 2841,4767 2841,4784 2842,4784 2843,4784 2845,4787 2845,4808 2846,4808 3103,4808 3104,4807 3104,4806 3106,4804 3107,4804 3107,4804 3108,4803 3108,4802 3110,4800 3115,4800 3116,4802 3116,4803 3118,4804 3119,4804 3119,4805 3119,4806 3122,4808 3352,4808 3352,4808 3352,4759 3353,4758 3354,4758 3356,4756 3356,4755 3357,4754 3358,4754 3359,4753 3377,4753 3378,4754 3379,4754 3379,4755 3379,4760 3381,4761 3708,4761 3708,4761 3708,4759 3709,4758 3710,4758 3713,4755 3720,4755 3720,4756 3720,4757 3721,4757 3726,4757 3728,4760 3728,4761 3729,4761 3730,4761 3731,4763 3731,4804 3732,4804 3858,4804 3863,4810 3863,4811 3864,4811 3865,4811 3866,4812 3886,4812 3886,4813 3886,4835 3887,4835 3951,4835 3952,4837 3952,4853 3951,4854 3950,4854 3948,4856 3948,4861 3947,4862 3891,4862 3890,4863 3890,4885 3890,4885 3889,4885 3885,4889 3877,4889 3874,4892 3874,4893 3874,4893 3818,4893 3817,4893 3817,4892 3816,4891 3816,4890 3816,4889 3447,4889 3445,4891 3445,4892 3444,4893 3428,4893 3425,4891 3425,4890 3425,4889 2816,4889 2814,4891 2814,4892 2813,4893 2305,4893 2301,4897 2297,4897 2295,4896 2295,4890 2295,4889 2034,4889 2031,4892 2031,4893 2031,4893 1863,4893 1862,4893 1862,4892 1860,4889 1508,4889 1426,4889 1424,4891 1424,4892 1423,4893 1204,4893 1203,4894 1203,4943 1203,4943 1186,4943 1184,4945 1184,4946 1183,4947"/><TextEquiv index="1"><Unicode>Depuis ſon duel avec le Comte de Saint-</Unicode></TextEquiv></TextLine><TextLine id="r0_l018"><Coords points="3849,5146 3848,5146 3848,5145 3847,5144 3847,5088 3847,5087 3763,5087 3762,5088 3762,5090 3762,5090 3760,5090 3759,5091 3758,5091 3757,5090 3756,5090 3755,5090 3755,5089 3754,5087 3570,5087 3569,5088 3569,5097 3568,5098 3567,5098 3565,5100 3565,5101 3564,5102 3563,5102 3561,5104 3561,5105 3560,5106 3559,5106 3557,5108 3557,5109 3556,5110 3551,5110 3549,5112 3549,5113 3548,5114 3539,5114 3538,5115 3538,5116 3537,5117 3535,5117 3534,5117 3534,5116 3532,5113 3531,5113 3530,5113 3530,5092 3530,5091 3433,5091 3432,5090 3431,5090 3429,5089 3429,5088 3429,5087 3425,5087 3424,5086 3243,5086 3242,5087 3001,5087 3000,5088 3000,5120 2999,5121 2998,5121 2996,5123 2996,5124 2995,5125 2994,5125 2992,5127 2992,5128 2991,5129 2990,5129 2988,5131 2988,5132 2987,5133 2986,5133 2984,5135 2984,5136 2983,5137 2974,5137 2973,5138 2973,5139 2971,5141 2948,5141 2945,5139 2945,5138 2945,5137 2936,5137 2934,5136 2934,5135 2933,5133 2932,5133 2930,5132 2930,5131 2929,5129 2928,5129 2926,5128 2926,5123 2926,5122 2925,5122 2922,5120 2922,5092 2922,5091 2744,5091 2743,5090 2707,5090 2705,5089 2705,5088 2705,5087 2498,5087 2496,5089 2496,5090 2496,5090 2366,5090 2365,5091 2365,5104 2353,5116 2353,5117 2353,5117 2352,5117 2351,5118 2339,5118 2338,5119 2338,5120 2337,5121 2335,5121 2334,5122 2333,5121 2331,5121 2330,5121 2330,5120 2328,5117 2327,5117 2326,5117 2326,5084 2326,5083 2119,5083 2117,5085 2117,5086 2117,5086 1984,5086 1983,5087 1796,5087 1795,5088 1795,5143 1795,5143 1669,5143 1668,5144 1588,5144 1587,5145 1576,5145 1575,5145 1575,5084 1575,5083 1444,5083 1443,5084 1443,5090 1443,5090 1442,5090 1439,5093 1439,5101 1438,5102 1437,5102 1436,5103 1436,5104 1434,5106 1433,5106 1432,5107 1432,5108 1430,5110 1429,5110 1428,5111 1428,5112 1426,5114 1421,5114 1420,5115 1420,5116 1418,5118 1404,5118 1403,5117 1402,5117 1401,5117 1401,5116 1400,5115 1400,5088 1400,5087 1237,5087 1233,5083 1048,5083 945,5083 944,5084 944,5085 942,5087 939,5087 938,5086 937,5086 936,5086 936,5085 935,5084 935,5083 934,5083 932,5082 932,5081 933,5080 935,5078 936,5078 936,5078 936,4949 938,4947 1071,4947 1071,4948 1071,4949 1072,4950 1072,5001 1073,5001 1295,5001 1296,5003 1296,5005 1297,5005 1326,5005 1327,5007 1327,5008 1329,5009 1330,5009 1331,5011 1331,5059 1332,5059 1525,5059 1525,5059 1525,5010 1526,5009 1527,5009 1531,5005 1532,5005 1532,5005 1532,4953 1534,4951 1539,4951 1540,4950 1540,4949 1542,4947 1609,4947 1609,4948 1609,4949 1610,4950 1610,4959 1611,4959 1794,4959 1796,4957 1796,4956 1797,4955 2093,4955 2093,4955 2093,4954 2096,4951 2100,4951 2102,4949 2102,4948 2103,4947 2232,4947 2233,4949 2233,5005 2234,5005 2236,5005 2237,5007 2237,5008 2239,5009 2240,5009 2241,5011 2241,5016 2243,5017 2244,5017 2245,5019 2245,5063 2246,5063 2454,5063 2454,5063 2454,5038 2456,5036 2457,5036 2457,5036 2457,5032 2458,5031 2458,5030 2460,5028 2461,5028 2461,5028 2461,5023 2463,5021 2464,5021 2465,5020 2465,5019 2467,5017 2468,5017 2469,5016 2469,5011 2471,5009 2476,5009 2477,5008 2477,5007 2479,5005 2488,5005 2488,5005 2488,5004 2491,5001 2503,5001 2504,5003 2504,5004 2506,5005 2744,5005 2744,5005 2744,4996 2747,4993 2748,4993 2748,4993 2748,4984 2750,4982 2751,4982 2752,4981 2752,4960 2753,4959 2754,4959 2756,4957 2756,4956 2757,4955 2762,4955 2764,4953 2764,4952 2765,4951 2770,4951 2771,4953 2771,4954 2772,4954 2773,4955 2774,4955 2775,4957 2775,4969 2778,4971 2779,4971 2779,4972 2779,4981 2781,4982 2782,4982 2783,4984 2783,4997 2784,4997 2785,4997 2785,4998 2787,5000 2787,5001 2788,5001 3015,5001 3015,5001 3015,4957 3017,4955 3022,4955 3023,4954 3023,4953 3025,4951 3026,4951 3026,4951 3026,4950 3029,4947 3037,4947 3039,4950 3039,4951 3040,4951 3041,4951 3042,4953 3042,4997 3043,4997 3389,4997 3391,5000 3391,5001 3392,5001 3451,5001 3453,5004 3453,5005 3454,5005 3459,5005 3461,5008 3461,5009 3462,5009 3463,5009 3464,5011 3464,5012 3466,5013 3467,5013 3468,5015 3468,5016 3470,5017 3653,5017 3654,5016 3654,5015 3656,5013 3661,5013 3661,5013 3661,5012 3664,5009 3665,5009 3665,5009 3665,5008 3668,5005 3824,5005 3824,5005 3824,5004 3827,5001 3924,5001 3925,5003 3925,5004 3927,5005 3935,5005 3937,5008 3937,5012 3939,5013 3940,5013 3940,5014 3940,5015 3941,5016 3941,5069 3927,5083 3923,5083 3921,5085 3921,5086 3921,5086 3920,5086 3919,5087 3868,5087 3867,5088 3867,5146 3867,5146"/><TextEquiv index="1"><Unicode>Flour, il s'eſt lié, en Angleterre, avec</Unicode></TextEquiv></TextLine><TextLine id="r0_l019"><Coords points="3044,5284 3042,5283 3042,5282 3041,5280 2525,5280 2524,5281 2524,5282 2522,5284 2417,5284 2415,5283 2415,5282 2414,5280 2208,5280 2034,5280 2031,5283 2031,5284 2031,5284 2026,5284 2024,5283 2024,5282 2023,5280 1704,5280 1703,5280 1703,5279 1703,5278 1525,5278 1524,5279 1524,5280 1524,5280 1360,5280 1358,5282 1358,5283 1357,5284 1356,5284 1354,5283 1354,5282 1353,5280 1280,5280 1170,5280 1168,5282 1168,5283 1167,5284 996,5284 994,5283 994,5282 993,5280 957,5280 955,5279 955,5278 954,5276 949,5276 948,5276 948,5275 948,5274 946,5272 945,5272 944,5272 944,5215 944,5214 938,5214 936,5213 936,5212 936,5211 935,5211 932,5209 932,5205 935,5202 936,5202 936,5202 936,5201 938,5199 1047,5199 1048,5198 1048,5197 1050,5195 1323,5195 1323,5195 1323,5174 1326,5171 1327,5171 1327,5171 1327,5166 1329,5164 1330,5164 1331,5163 1331,5162 1333,5160 1334,5160 1335,5159 1335,5158 1337,5156 1346,5156 1346,5156 1346,5155 1349,5152 1361,5152 1362,5151 1362,5150 1364,5148 1365,5149 1366,5149 1366,5150 1366,5152 1367,5152 1384,5152 1385,5154 1385,5155 1387,5156 1388,5156 1389,5158 1389,5159 1390,5159 1391,5160 1392,5160 1393,5162 1393,5196 1394,5196 1533,5196 1534,5195 1571,5195 1571,5195 1571,5150 1572,5149 1573,5149 1575,5147 1575,5146 1576,5145 1587,5145 1588,5144 1783,5144 1784,5143 1796,5143 1797,5144 1971,5144 1972,5145 1973,5145 1974,5147 1974,5152 1975,5152 1976,5152 1978,5155 1978,5195 1979,5195 2039,5195 2039,5196 2039,5197 2042,5199 2337,5199 2337,5199 2337,5152 2338,5151 2338,5150 2340,5148 2345,5148 2345,5148 2345,5147 2346,5146 2347,5145 2348,5145 2349,5144 2358,5144 2359,5145 2360,5145 2361,5147 2361,5195 2362,5195 2573,5195 2574,5197 2574,5199 2575,5199 2806,5199 2806,5199 2806,5154 2808,5152 2809,5152 2810,5151 2810,5150 2811,5149 2812,5149 2813,5148 2879,5148 2880,5147 2880,5146 2881,5145 2882,5145 2883,5144 2883,5143 2885,5141 2894,5141 2899,5147 2899,5199 2900,5199 3100,5199 3100,5199 3100,5154 3102,5152 3103,5152 3104,5151 3104,5147 3106,5145 3107,5145 3108,5144 3121,5144 3122,5145 3123,5145 3124,5147 3124,5148 3125,5148 3126,5148 3127,5150 3127,5195 3128,5195 3331,5195 3335,5191 3503,5191 3503,5191 3503,5150 3504,5149 3505,5149 3507,5147 3507,5146 3508,5145 3509,5145 3510,5144 3518,5144 3518,5144 3518,5143 3520,5141 3522,5141 3522,5142 3522,5143 3525,5145 3526,5145 3526,5146 3526,5147 3528,5148 3529,5148 3530,5150 3530,5195 3531,5195 3591,5195 3592,5197 3592,5198 3594,5199 3758,5199 3758,5199 3758,5151 3761,5148 3762,5148 3762,5148 3762,5147 3765,5144 3766,5144 3766,5144 3766,5143 3768,5141 3785,5141 3786,5143 3786,5146 3787,5146 3867,5146 3867,5147 3867,5222 3868,5222 3936,5222 3936,5223 3936,5224 3937,5225 3937,5240 3936,5241 3935,5241 3934,5242 3933,5243 3933,5244 3932,5245 3923,5245 3921,5247 3921,5248 3920,5249 3868,5249 3867,5250 3867,5264 3867,5264 3866,5264 3865,5265 3855,5275 3855,5276 3855,5276 3606,5276 3603,5279 3603,5280 3603,5280 3051,5280 3050,5281 3050,5283 3049,5284"/><TextEquiv index="1"><Unicode>une Société de voleurs. Il vient de dé-</Unicode></TextEquiv></TextLine><TextLine id="r0_l020"><Coords points="3477,5533 3476,5533 3476,5475 3476,5474 3295,5474 3294,5475 3294,5519 3293,5520 3288,5520 3286,5522 3286,5523 3285,5524 3269,5524 3267,5523 3267,5522 3266,5520 3249,5520 3247,5519 3247,5506 3247,5505 3107,5505 3106,5504 3105,5504 3104,5504 3104,5475 3104,5474 2711,5474 2709,5476 2709,5477 2709,5477 2708,5477 2707,5478 2444,5478 2442,5480 2442,5481 2442,5481 2440,5481 2439,5482 2434,5482 2433,5481 2432,5481 2430,5480 2430,5479 2430,5478 2104,5478 2101,5476 2101,5475 2101,5474 1789,5474 1788,5475 1788,5476 1786,5478 1783,5478 1782,5477 1781,5477 1780,5477 1780,5476 1779,5474 1620,5474 1617,5472 1617,5471 1617,5470 1414,5470 1412,5472 1412,5473 1411,5474 938,5474 936,5473 936,5359 936,5358 927,5358 924,5356 924,5344 926,5342 939,5342 940,5341 940,5340 942,5338 958,5338 959,5340 959,5341 961,5342 962,5342 963,5344 963,5392 964,5392 1273,5392 1273,5392 1273,5344 1275,5342 1280,5342 1280,5342 1280,5341 1283,5338 1295,5338 1296,5340 1296,5392 1297,5392 1675,5392 1675,5392 1675,5391 1678,5388 1887,5388 1889,5391 1889,5392 1890,5392 2306,5392 2306,5392 2306,5349 2307,5348 2307,5347 2308,5346 2309,5346 2311,5344 2311,5343 2312,5342 2321,5342 2322,5341 2322,5340 2324,5338 2379,5338 2380,5340 2380,5341 2381,5342 2382,5342 2383,5342 2384,5344 2384,5392 2385,5392 2620,5392 2620,5392 2620,5348 2622,5346 2623,5346 2624,5345 2624,5340 2626,5338 2820,5338 2822,5341 2822,5345 2824,5346 2825,5346 2825,5347 2825,5389 2826,5389 3025,5389 3026,5388 3029,5388 3031,5391 3031,5392 3032,5392 3041,5392 3042,5394 3042,5395 3044,5396 3227,5396 3228,5395 3228,5394 3229,5393 3230,5393 3231,5392 3243,5392 3243,5392 3243,5391 3246,5388 3390,5388 3390,5388 3390,5381 3391,5380 3391,5347 3392,5346 3437,5346 3437,5346 3437,5344 3439,5342 3498,5342 3499,5341 3499,5340 3501,5338 3657,5338 3658,5337 3658,5336 3660,5334 3661,5334 3662,5336 3662,5337 3666,5341 3666,5342 3667,5342 3847,5342 3847,5342 3847,5341 3850,5338 3855,5338 3855,5338 3855,5337 3858,5334 3881,5334 3882,5336 3882,5337 3884,5338 3885,5338 3886,5340 3886,5384 3887,5384 3903,5384 3904,5385 3905,5385 3906,5387 3906,5388 3907,5388 3915,5388 3916,5389 3917,5389 3917,5390 3917,5391 3918,5391 3920,5393 3921,5393 3921,5394 3921,5395 3923,5396 3924,5396 3924,5397 3925,5398 3925,5399 3927,5400 3928,5400 3928,5401 3929,5402 3929,5403 3931,5404 3932,5404 3933,5406 3933,5411 3935,5412 3936,5412 3937,5414 3937,5426 3936,5427 3934,5427 3933,5428 3933,5453 3931,5455 3930,5455 3929,5456 3929,5457 3928,5458 3927,5458 3925,5460 3925,5461 3924,5462 3923,5462 3921,5464 3921,5465 3920,5466 3915,5466 3913,5468 3913,5469 3912,5470 3903,5470 3902,5471 3902,5472 3900,5474 3493,5474 3491,5476 3491,5477 3491,5477 3490,5477 3489,5478 3488,5478 3487,5479 3487,5533 3487,5533"/><TextEquiv index="1"><Unicode>baucher une nouvelle victime, qu'il abuſe</Unicode></TextEquiv></TextLine><TextLine id="r0_l021"><Coords points="941,5725 940,5725 940,5724 939,5722 931,5722 928,5720 928,5712 930,5710 932,5710 932,5710 932,5596 934,5594 938,5594 942,5590 954,5590 956,5588 956,5587 957,5586 1497,5586 1497,5586 1497,5581 1500,5578 1501,5578 1501,5578 1501,5573 1504,5570 1505,5570 1505,5570 1505,5557 1507,5555 1508,5555 1509,5554 1509,5545 1510,5544 1511,5544 1513,5542 1513,5542 1513,5541 1514,5540 1515,5540 1516,5539 1520,5539 1521,5538 1521,5537 1522,5536 1523,5536 1525,5534 1525,5533 1526,5532 1531,5532 1532,5531 1532,5530 1534,5528 1555,5528 1555,5529 1555,5530 1558,5532 1559,5532 1559,5533 1559,5534 1562,5536 1563,5536 1563,5537 1563,5586 1564,5586 1686,5586 1687,5588 1687,5590 1688,5590 1895,5590 1896,5589 1896,5588 1898,5586 1942,5586 1942,5587 1942,5588 1943,5588 2121,5588 2123,5586 2127,5586 2129,5584 2129,5583 2130,5582 2179,5582 2179,5582 2179,5541 2180,5540 2181,5540 2182,5539 2186,5539 2187,5538 2187,5537 2188,5536 2189,5536 2190,5535 2191,5536 2198,5536 2198,5537 2198,5590 2199,5590 2663,5590 2663,5590 2663,5568 2664,5567 2665,5567 2667,5565 2667,5560 2668,5559 2669,5559 2669,5559 2671,5557 2671,5556 2672,5555 2677,5555 2678,5554 2678,5553 2680,5551 2689,5551 2690,5550 2690,5549 2692,5547 2833,5547 2833,5547 2833,5542 2843,5532 2906,5532 2907,5534 2907,5558 2909,5559 2910,5559 2910,5560 2910,5561 2911,5562 2911,5586 2912,5586 3089,5586 3089,5586 3089,5576 3091,5574 3092,5574 3092,5574 3092,5566 3093,5565 3093,5564 3094,5563 3095,5563 3096,5562 3096,5558 3097,5557 3097,5556 3098,5555 3099,5555 3100,5554 3100,5550 3108,5542 3108,5541 3109,5540 3110,5540 3111,5539 3141,5539 3151,5550 3151,5586 3152,5586 3333,5586 3333,5586 3333,5541 3335,5539 3336,5539 3336,5539 3336,5538 3338,5536 3343,5536 3344,5535 3344,5534 3346,5532 3359,5532 3360,5533 3487,5533 3488,5535 3488,5539 3489,5539 3652,5539 3656,5543 3660,5543 3662,5546 3662,5550 3666,5554 3666,5586 3667,5586 3858,5586 3859,5588 3859,5589 3861,5590 3862,5590 3863,5592 3863,5597 3864,5597 3865,5597 3867,5600 3867,5605 3868,5605 3927,5605 3933,5612 3933,5627 3931,5629 3930,5629 3929,5630 3929,5632 3929,5632 3889,5632 3888,5633 3880,5633 3879,5634 3879,5661 3878,5662 3878,5663 3878,5663 3788,5663 3786,5665 3786,5666 3785,5667 3718,5667 3716,5669 3716,5670 3715,5671 3466,5671 3464,5670 3464,5669 3463,5667 2900,5667 2750,5667 2748,5669 2748,5670 2747,5671 2548,5671 2547,5672 2547,5689 2545,5691 2544,5691 2543,5692 2543,5697 2542,5698 2541,5698 2539,5700 2539,5701 2538,5702 2537,5702 2535,5704 2535,5705 2534,5706 2534,5706 2533,5706 2531,5708 2531,5709 2531,5709 2530,5710 2529,5710 2527,5712 2527,5713 2527,5713 2526,5714 2525,5714 2523,5716 2523,5717 2522,5718 2351,5718 2349,5720 2349,5721 2349,5721 2348,5721 2347,5722 2310,5722 2309,5721 2308,5721 2307,5721 2307,5720 2306,5718 2305,5718 2303,5717 2303,5716 2302,5714 2301,5714 2299,5713 2299,5712 2299,5711 2298,5710 2297,5710 2295,5709 2295,5672 2295,5671 1898,5671 1896,5670 1896,5669 1895,5667 1508,5667 1391,5667 1389,5669 1389,5670 1388,5671 1244,5671 1242,5670 1242,5669 1241,5667 980,5667 979,5668 979,5720 978,5721 977,5721 976,5722 969,5722 967,5724 967,5725 967,5725"/><TextEquiv index="1"><Unicode>par un faux mariage; &amp; il eſt allé s'em-</Unicode></TextEquiv></TextLine><TextLine id="r0_l022"><Coords points="2103,5921 2102,5921 2102,5866 2102,5865 1882,5865 1881,5866 1881,5867 1879,5869 1877,5868 1877,5867 1877,5866 1876,5865 1875,5865 1873,5864 1873,5862 1873,5861 1426,5861 1424,5863 1424,5864 1423,5865 1422,5865 1420,5864 1420,5863 1419,5861 1213,5861 1211,5863 1211,5864 1210,5865 1145,5865 1144,5866 1144,5920 1144,5920 1139,5920 1138,5920 1138,5866 1138,5865 984,5865 983,5866 983,5913 982,5914 982,5915 982,5915 946,5915 943,5918 943,5919 943,5919 934,5919 932,5918 932,5917 931,5915 930,5915 928,5914 928,5910 936,5902 936,5901 937,5900 938,5900 939,5899 943,5899 944,5898 944,5800 944,5799 934,5799 932,5798 932,5797 934,5795 935,5795 936,5794 936,5789 938,5787 939,5787 939,5787 940,5786 940,5785 942,5783 951,5783 951,5783 951,5782 952,5781 953,5780 954,5780 955,5779 1405,5779 1405,5779 1405,5734 1406,5733 1407,5733 1411,5729 1434,5729 1435,5731 1435,5732 1436,5733 1436,5779 1437,5779 2252,5779 2252,5779 2252,5736 2253,5735 2253,5734 2254,5733 2255,5733 2257,5731 2257,5730 2258,5729 2278,5729 2280,5732 2280,5733 2281,5733 2573,5733 2573,5733 2573,5732 2576,5729 2577,5729 2577,5730 2577,5731 2580,5733 2735,5733 2736,5735 2736,5783 2737,5783 3069,5783 3069,5783 3069,5739 3071,5737 3072,5737 3073,5736 3073,5735 3075,5733 3150,5733 3150,5733 3150,5732 3153,5729 3158,5729 3158,5729 3158,5728 3161,5725 3184,5725 3186,5728 3186,5729 3187,5729 3331,5729 3337,5736 3337,5737 3338,5737 3537,5737 3538,5739 3538,5783 3539,5783 3731,5783 3731,5783 3731,5782 3733,5780 3776,5780 3777,5779 3781,5779 3782,5778 3782,5777 3783,5776 3804,5776 3805,5775 3806,5775 3807,5776 3862,5776 3863,5778 3863,5779 3864,5779 3869,5779 3871,5781 3871,5782 3871,5783 3872,5783 3873,5783 3875,5786 3875,5791 3876,5791 3877,5791 3879,5794 3879,5826 3880,5826 3912,5826 3914,5829 3914,5830 3915,5830 3920,5830 3921,5832 3921,5833 3923,5834 3928,5834 3929,5836 3929,5852 3928,5853 3927,5853 3925,5855 3925,5864 3924,5865 3923,5865 3921,5867 3921,5872 3921,5872 3920,5872 3919,5873 3911,5873 3909,5875 3909,5876 3909,5876 3908,5876 3905,5879 3905,5880 3905,5880 3900,5880 3898,5882 3898,5883 3897,5884 3892,5884 3890,5883 3890,5862 3890,5861 3659,5861 3658,5862 3658,5864 3657,5865 2812,5865 2808,5869 2332,5869 2330,5868 2330,5867 2329,5865 2204,5865 2142,5865 2140,5867 2140,5868 2140,5868 2139,5868 2138,5869 2135,5869 2132,5867 2132,5866 2132,5865 2110,5865 2109,5866 2109,5921 2109,5921"/><TextEquiv index="1"><Unicode>parer de nouveau de Mademoiſelle Laure,</Unicode></TextEquiv></TextLine><TextLine id="r0_l023"><Coords points="3025,6314 3023,6313 3023,6312 3022,6311 3022,6310 3021,6310 3019,6309 3019,6265 3019,6264 2769,6264 2767,6266 2767,6267 2767,6267 2757,6267 2756,6267 2756,6266 2755,6264 2590,6264 2589,6265 2589,6309 2588,6310 2587,6310 2586,6311 2586,6312 2584,6314 2533,6314 2531,6313 2531,6269 2531,6268 2380,6268 2379,6267 2378,6267 2377,6266 2376,6266 2376,6265 2376,6264 2095,6264 2094,6265 2094,6266 2092,6268 2087,6268 2086,6269 2086,6270 2085,6271 2080,6271 2078,6270 2078,6269 2077,6267 2068,6267 2067,6267 2067,6266 2066,6264 1770,6264 1769,6265 1769,6266 1768,6267 1766,6267 1764,6266 1764,6265 1763,6263 1762,6263 1761,6263 1761,6262 1760,6260 1759,6260 1758,6260 1757,6259 1757,6258 1756,6256 1561,6256 1559,6258 1559,6259 1558,6260 1550,6260 1548,6259 1548,6258 1547,6256 1317,6256 1315,6258 1315,6259 1314,6260 1309,6260 1308,6261 1308,6262 1306,6264 1305,6264 1304,6265 1304,6266 1302,6268 1301,6268 1300,6269 1300,6270 1299,6271 1297,6271 1296,6271 1296,6269 1295,6267 1290,6267 1288,6266 1288,6261 1288,6260 1120,6260 1118,6259 1118,6257 1118,6256 1066,6256 1064,6255 1064,6254 1063,6252 1062,6252 1060,6251 1060,6250 1059,6248 934,6248 932,6247 932,6246 931,6244 930,6244 928,6243 928,6242 930,6240 931,6240 932,6239 932,6122 934,6120 935,6120 936,6119 936,5998 937,5997 938,5997 940,5995 940,5994 941,5993 942,5993 944,5991 944,5990 945,5989 946,5989 948,5987 948,5986 949,5985 950,5985 952,5983 952,5982 953,5981 954,5981 956,5979 956,5978 957,5977 970,5977 971,5976 971,5975 973,5973 1133,5973 1133,5973 1133,5925 1135,5923 1136,5923 1137,5922 1137,5921 1138,5920 1145,5920 1145,5921 1145,5922 1147,5923 1152,5923 1153,5925 1153,5926 1155,5927 1156,5927 1157,5929 1157,5977 1158,5977 1555,5977 1555,5977 1555,5933 1558,5930 1559,5930 1559,5930 1559,5929 1561,5927 1562,5927 1563,5926 1563,5925 1565,5923 1566,5923 1567,5922 1567,5921 1569,5919 1570,5919 1571,5921 1571,5922 1573,5923 1574,5923 1575,5925 1575,5926 1577,5927 1578,5927 1579,5929 1579,5969 1580,5969 1616,5969 1618,5972 1618,5973 1619,5973 1620,5973 1621,5975 1621,5976 1623,5977 1922,5977 1924,5975 1924,5974 1925,5973 1966,5973 1966,5973 1966,5932 1968,5930 1969,5930 1970,5929 1970,5928 1971,5927 1976,5927 1978,5925 1978,5924 1979,5923 2100,5923 2102,5921 2109,5921 2111,5923 2112,5923 2113,5925 2113,5981 2114,5981 2116,5981 2117,5983 2117,5984 2119,5985 2120,5985 2121,5987 2121,6031 2122,6031 2322,6031 2322,6031 2322,6006 2324,6004 2325,6004 2326,6003 2326,6002 2328,6000 2329,6000 2330,5999 2330,5998 2332,5996 2333,5996 2334,5995 2334,5994 2335,5993 2336,5993 2338,5991 2338,5990 2339,5989 2344,5989 2345,5988 2345,5987 2347,5985 2352,5985 2353,5984 2353,5983 2355,5981 2364,5981 2364,5981 2364,5931 2365,5930 2365,5928 2366,5927 2375,5927 2376,5926 2376,5925 2378,5923 2391,5923 2392,5925 2392,5926 2393,5926 2394,5927 2395,5927 2396,5929 2396,5981 2397,5981 2756,5981 2756,5981 2756,5932 2757,5931 2758,5931 2759,5930 2763,5930 2763,5930 2763,5929 2765,5927 2766,5927 2767,5926 2768,5926 2769,5927 2771,5927 2771,5928 2771,5929 2773,5930 2781,5930 2783,5933 2783,5985 2784,5985 3018,5985 3019,5984 3019,5983 3021,5981 3033,5981 3035,5979 3035,5978 3036,5977 3123,5977 3123,5977 3123,5976 3124,5975 3124,5974 3125,5973 3154,5973 3154,5974 3154,5975 3157,5977 3352,5977 3352,5977 3352,5928 3353,5927 3367,5927 3367,5928 3367,5929 3370,5931 3371,5931 3371,5932 3371,5973 3372,5973 3413,5973 3414,5975 3414,5976 3416,5977 3607,5977 3607,5978 3607,5979 3609,5980 3614,5985 3615,5985 3615,5986 3615,5987 3618,5989 3619,5989 3619,5990 3619,5995 3622,5997 3623,5997 3623,5998 3623,6003 3625,6004 3626,6004 3627,6006 3627,6031 3628,6031 3813,6031 3813,6031 3813,5979 3815,5977 3816,5977 3816,5977 3816,5976 3819,5973 3827,5973 3828,5972 3828,5956 3830,5954 3831,5954 3832,5953 3832,5948 3834,5946 3835,5946 3836,5945 3836,5936 3837,5935 3838,5935 3840,5933 3840,5932 3841,5931 3842,5931 3844,5929 3844,5928 3845,5927 3846,5927 3848,5925 3848,5924 3849,5923 3850,5923 3852,5921 3852,5920 3853,5919 3854,5919 3855,5918 3855,5917 3857,5915 3881,5915 3886,5921 3886,5969 3887,5969 3912,5969 3913,5971 3913,5979 3917,5983 3917,5999 3919,6000 3920,6000 3921,6002 3921,6016 3922,6016 3928,6016 3929,6018 3929,6023 3930,6023 3931,6023 3933,6026 3933,6189 3932,6190 3931,6190 3929,6192 3929,6227 3925,6231 3925,6235 3916,6244 3908,6244 3905,6247 3905,6248 3905,6248 3799,6248 3797,6250 3797,6251 3796,6252 3714,6252 3712,6254 3712,6255 3711,6256 3601,6256 3600,6257 3600,6270 3599,6271 3598,6271 3596,6273 3596,6274 3595,6275 3590,6275 3588,6274 3588,6273 3588,6272 3587,6271 3586,6271 3584,6270 3584,6265 3584,6264 3583,6264 3582,6263 3427,6263 3425,6262 3425,6261 3425,6260 3164,6260 3162,6262 3162,6263 3162,6263 3161,6263 3160,6264 3070,6264 3069,6265 3069,6309 3068,6310 3067,6310 3066,6311 3066,6312 3064,6314"/><TextEquiv index="1"><Unicode>ene e le ſarddaa uuele pore one</Unicode></TextEquiv></TextLine></TextRegion></Page></PcGts>