4266 7975
2118 562 2589 751 au
812 796 3897 1004 répondoit comme de la ſienne. Laure
832 997 3900 1197 s'épuiſoit en actions de graces ſur ſa
832 1193 3900 1394 bienfaiſance; mais elle le prioit d'arran-
836 1390 3900 1590 ger les choſes de manière, qu'aucun des
773 1582 3896 1788 pourſuivans ne connût ſon azile & ne
832 1783 3896 1985 pût venir l'y troubler, pas même ſon
836 1979 3896 2176 prétendu couſin. Je l'aurois bien diſpenſée
840 2175 3900 2377 de faire mention de moi dans cette cir-
832 2376 3896 2578 conſtance. Le bon Lettré le promettoit.
836 2572 3900 2769 L'affaire paroiſſoit arrangée; Laure étoit
844 2765 3908 2962 très-contente, Saget un peu, moi preſque
840 2961 1912 3205 point du tout.
1068 3158 3904 3351 out-à-coup, nous voyons entrer des
841 3352 3905 3744 on mrarére dle d e li d u lo aar
847 3743 3908 3945 manque de ſe trouver mal. Saget ſe plaint
851 3943 3908 4146 qu'on viole l'azile d'un citoyen. Je de-
840 4140 3904 4333 mande à quoi bon cette violence? Des
855 4336 3908 4534 gens, qui ſont entrés avec les archers,
848 4521 3912 4725 m'apprennent que les trois bleſſés ont
847 4717 3916 4910 demandé du ſecours, qu'on eſt venu les
847 4914 3908 5115 enlever; mais qu'il y a eu une deſcente
848 5114 3908 5312 de Commiſſaire, & une plainte contre
852 5311 3904 5508 moi. Je ſuis arrêté comme aſſaſſin de
859 5507 3896 5706 trois hommes. Je m'écrie que ce ſont eux,
848 5704 3904 5896 au contraire, qui ont voulu m'aſſaſſiner,
580 5900 4242 6099 & qui ſe ſont réunis tous les trois ſur
863 6090 4242 6297 moi ſeul. On me répond que je pourrai
871 6289 3908 6505 plaider ma cauſe devant les Juges; mais
