4266 7779
2116 384 2607 575 .
870 623 3855 818 mes ſoins. Son père m'écarte d'un bras
859 817 3851 1023 furieux. Le mien me ſaiſit d'un bras plus
863 1008 3847 1208 furieux encore. M. de Lyſange permet-
874 1202 3847 1400 toit à peine qu'on rendît des ſoins à ſa
874 1396 3836 1590 fille. „Ah! mon père, m'écriai - je,
882 1586 3847 1777 “laiſſez-moi ſoigner Laure, & faites de
897 1784 3847 1978 “moi, après cela, ce que vous voudrez.
874 1974 3839 2168 “C'eſt pour moi qu'elle eſt dans ce
874 2165 3847 2360 “malheureux état. C'eſt par ma faute.
874 2359 3859 2553 “C'eſt moi ſeul qu'il faut punir.“ --
874 2549 3855 2744 “C'eſt vous auſſi que nous punirons,
878 2739 3866 2922 “s'écrioit M. de Lyſange; mais vous ne
878 2926 3862 3112 “le ſerez pas ſeul; mon honneur me
890 3108 3862 3310 “parle, & vous, malheureux, vous ne
886 3306 3859 3500 “ſavez pas ce que c'eſt que l'honneur.“
1091 3493 3866 3691 ependant les premiers archers, qui
889 3687 3862 3884 m'avoient arrêté, me réclamoient, &
890 3877 3874 4076 vouloient me ravir à ceux qui m'enle-
893 4071 3866 4262 voient de la part de mon père. Les ſe-
890 4263 3875 4404 conds montrèrent une lettre de cachet
798 4445 3878 4640 venant directement du Roi, & durent
893 4635 3874 4829 l'emporter ſur les autres, qui venoient
897 4825 3866 5019 ſimplement de la part des magiſtrats.
897 5019 3859 5218 M. Saget voulut encore parler; „mais
901 5209 3862 5400 “qui ſuis-je donc ici, s'écrioit-il?“ --
916 5400 3862 5599 „M. le Docteur, dit le Comte de Ly-
901 5598 3855 5796 “ſange, contentez - vous de n'être pas
893 5791 3862 5982 “inquiété. Je retrouve ma fille chez
