4266 7645
452 589 3482 799 “vous. De quel droit lui donnez - vous
519 782 3486 976 “un azile contre les intentions de ſon
534 972 2528 1169 “père & de ſa famille?“
756 1150 3464 1351 Cependant on avoit auſſi ſaiſi l'ado-
563 1343 3471 1539 rable perſonne; on oſoit, avant qu'elle
567 1533 3594 1724 fût revenue à elle - même, on oſoit,
578 1711 3482 1912 dis-je, la garotter, tandis que ſa beauté
571 1904 3460 2093 ſollicitoit le plus tendre intérêt. Je ne
534 2086 3475 2279 pus ſoutenir cette vue douloureuſe. Je fis
571 2271 3475 2461 un mouvement rapide pour voler à ſon
255 2442 3467 2652 ſecours. Je renverſai deux hommes pour
560 2647 3475 2833 parvenir à celle qu'on vouloit me dérober.
582 2828 3445 3011 „Qu'on l'enchaîne, s'écria mon père.“
563 3003 3467 3201 Tous les archers fondirent ſur moi. Je
560 3189 3467 3378 rends graces au ciel de m'avoir donné
541 3374 3471 3568 la force de reſpecter, dans ce moment
563 3564 3471 3746 terrible, l'autorité paternelle. Tout autre
563 3753 3475 3950 que mon père, qui auroit pu donner,
571 3931 3471 4129 devant moi, un pareil ordre, auroit été
560 4121 3479 4311 puni ſur-le-champ, quand j'aurois dû en
545 4307 3475 4494 être puni moi - même par mille morts
571 4485 3479 4673 douloureuſes. Je fus garotté. O ciel! &
567 4667 3479 4867 c'étoit par l'ordre d'un père que je rece-
574 4855 3478 5045 vois cet outrage; mais ce qui me déchira
571 5042 3482 5224 le cœur, c'eſt que je vis traiter auſſi
381 5224 3497 5417 cruellement mon amante, quoiqu'elle
593 5409 3486 5610 fût dans un état qui reclamoit la plus
378 5595 3486 5785 tendre pitié. Je ne puis exprimer tout
318 5781 3486 5989 ce que je ſouffris dans ce moment cruel,
2572 5981 3221 6152 vie
