4266 7799
835 641 3810 839 où j'étois ſi juſtement indigné contre les
854 835 3809 1030 hommes que je devois le plus reſpecter.
839 1022 3798 1221 Ma chère amante rouvrit ſes beaux yeux,
847 1217 3802 1387 vit l'état affreux où on la réduiſoit, les
847 1406 3798 1601 leva d'abord vers le ciel, & les fixa en-
843 1596 3794 1791 ſuite ſur moi. Je n'oublirai jamais le
839 1786 3794 1984 dernier regard qu'elle m'adreſſa. Jamais
851 1976 3798 2170 ce regard unique ne ceſſera d'affecter
844 2171 3803 2361 mon ame, de la plus tendre impreſſion.
844 2361 3799 2552 Elle m'y exprimoit ſon amour & ſa dou-
839 2551 3794 2743 leur; elle me reconnoiſſoit innocent de ſes
847 2741 3806 2923 maux préſents; elle me pardonnoit tous
848 2924 3807 3107 ceux que je lui avois faits ci-devant. O ma
839 3109 3798 3305 chère Laure! je ne pus te défendre. Tu
843 3300 3794 3498 m'es témoin, mon Dieu! que je ne pus
839 3486 3794 3684 rien pour elle dans cet affreux moment.
858 3680 3798 3885 Je fus obligé de me laiſſer conduire
835 3874 3790 4064 à la voiture de mon père, où il monta
832 4064 3794 4258 auprès de moi, tandis que les archers
824 4250 3798 4447 nous accompagnoient. M. de Lyſange fit
828 4429 3798 4623 monter pareillement ſa fille dans ſa voi-
828 4615 3790 4812 ture. Les deux pères ſe firent tout haut
820 4809 3787 5003 leurs adieux. Les deux enfans les imitèrent.
668 5000 3779 5200 „O! ma chère Laure, m'écriai - je, ne
820 5190 3779 5389 “te déſeſpère pas. Je reviendrai bientôt
816 5380 3779 5576 “t'arracher des mains de la tyrannie.
813 5570 3779 5772 “Adieu, je pars plein de toi. Et vous,
813 5760 3783 5957 “malheureux père, ſongez à l'état où
790 5950 3783 6152 “eſt votre fille.“ Laure ne me répondit
