4266 7998
1662 391 2138 583 (a
58 632 3452 852 que par des gémiſſemens. Le Comte rigon-
392 833 3416 1047 reux me cria: „Je le vois, miſérable,
376 1029 3432 1436 iſe, le r room ee ée a eegeaeéee
380 1423 3436 1623 “ton père.“ Le mien répondit. „Vous
384 1619 3436 1820 “ſerez vengé.“ Laure pouſſa encore un
380 1816 3444 2017 ſanglot, & les deux voitures partirent
384 2016 1954 2170 chacune de leur côté.
1686 2705 2079 2838 Suite.
0 3086 3916 3312 Je reſtai long-temps immobile & muet
11 3302 3440 3499 auprès du mortel redoutable, qui renon-
372 3499 3440 3743 çoit, dans ce moment, à être mon père,
365 3694 3444 3896 pour n'être que mon juge, & pire en-
376 3888 3452 4087 core. Je ſentois toute l'horreur de la ſi-
368 4087 3440 4300 tuation dans laquelle il me plongeoit;
372 4280 3452 4488 mais je ſentois auſſi toutes les fautes qui
372 4478 3456 4663 m'y avoient conduit. Je venois même
26 4671 3444 4875 d'être pris en flagrant délit, coupable
30 4855 3440 5052 d'un nouvel excès, pour lequel la Juſtice
373 5052 3440 5264 me faiſoit arrêter. Je ſentois ſur-tout les
372 5245 3440 5454 peines de l'innocente Laure. Je redoutois
376 5441 3440 5657 encore plus ſon père que le mien, parce
380 5642 3444 5847 que je concevois le déplorable ſort qu'il
380 5835 3440 6036 devoit préparer à ſa fille. Et ma tou-
376 6031 3440 6236 chante Aurore, qu'alloit-elle auſſi devenir?
