4266 7845
925 664 4265 897 Alors je me rappelois tous mes crimes;
948 875 4266 1077 la mort de ma ſœur, celle de ſon amant;
948 1068 4266 1278 la ſéduction, la proſtitution même des
944 1260 4267 1463 filles les plus honnêtes, les plus reſpec-
548 1449 4267 1650 tables; & mes imbécillités odieuſes; ma
948 1648 4267 1853 ſtupidité de revenir ſans ceſſe au couple
941 1844 4268 2043 affreux que je déteſtois, que je mépri-
944 2036 4268 2237 ſois, comme le chien retourne à ſon vo-
952 2224 4269 2471 miſſement, puiſque cette comparaiſon ſi
956 2415 4269 2629 connue peint tout le dégoûtant que
967 2613 3943 2812 m'offroient ces deux êtres infâmes.... Ah!
941 2803 4270 2997 j'étois bien malheureux; mais je le mé-
941 2982 4270 3186 ritois bien, & c'étoit là le comble de
941 3174 4271 3376 mon ſupplice. Je haſardai enfin de faire
941 3374 4271 3581 quelques queſtions à mon père, de lui
937 3566 3947 3764 demander, par exemple, où il me con-
944 3741 4272 3955 duiſoit. Il ne me répondit que par des
933 3952 4272 4150 regards foudroyans, qui me peignoient
937 4146 4273 4339 toute ſa colère, & tout ce que j'en de-
933 4339 1968 4481 vois redouter.
1129 4513 4274 4733 Enfin, nous arrivâmes, de nuit, dans
933 4715 4274 4911 une ville que je ne reconnus pas par-
729 4896 4274 5146 faitement, à raiſon de l'ombre qui ré-
933 5097 4275 5298 gnoit; mais que je ſoupçonnai être ma
887 5283 4273 5515 patrie. On nous ouvrit ſur-le-champ. Il
882 5472 4276 5681 paroît qu'on avoit des ordres. Bientôt
929 5673 4276 5873 nous ſommes arrivés à la maiſon pater-
925 5843 4277 6065 nelle, que j'ai très-bien reconnue. C'eſt
937 6055 4277 6268 ainſi que je rentrois dans cette maiſon
