<PcGts xmlns="http://schema.primaresearch.org/PAGE/gts/pagecontent/2017-07-15" xmlns:xsi="http://www.w3.org/2001/XMLSchema-instance" xsi:schemaLocation="http://schema.primaresearch.org/PAGE/gts/pagecontent/2017-07-15 http://schema.primaresearch.org/PAGE/gts/pagecontent/2017-07-15/pagecontent.xsd"><Metadata><Creator>User123</Creator><Created>2020-10-17T17:12:53</Created><LastChange>2020-10-17T17:12:53</LastChange></Metadata><Page imageFilename="0244.png" imageHeight="7952" imageWidth="4266"><TextRegion id="r0" type="paragraph" orientation="0.125"><Coords points="1,1 4264,1 4264,7950 1,7950"/><TextLine id="r0_l001"><Coords points="1928,702 1928,701 1922,695 1922,694 1915,687 1915,686 1909,680 1909,679 1903,673 1903,672 1897,666 1897,665 1891,659 1891,658 1888,655 1888,650 1887,650 1684,650 1684,649 1684,648 1681,646 1680,646 1680,645 1680,640 1677,638 1676,638 1676,637 1676,636 1669,630 1668,630 1668,630 1668,605 1667,604 1658,604 1657,603 1657,602 1656,601 1656,556 1657,555 1657,554 1657,553 1658,553 1660,552 1659,536 1660,535 1660,532 1663,529 1664,529 1664,529 1664,512 1666,510 1667,510 1668,509 1668,504 1670,502 1671,502 1672,500 1672,495 1673,495 1674,495 1676,492 1676,487 1677,487 1678,487 1679,486 1680,486 1680,485 1680,479 1681,479 1686,479 1688,476 1688,475 1689,475 1880,475 1880,474 1880,472 1881,472 2108,471 2109,473 2109,474 2111,475 2112,475 2113,477 2113,478 2115,479 2116,479 2117,481 2117,482 2119,483 2120,483 2121,485 2121,494 2122,494 2123,494 2125,497 2125,498 2126,498 2127,498 2128,499 2128,503 2129,504 2129,505 2130,506 2131,506 2132,507 2132,527 2134,529 2135,529 2136,530 2136,533 2135,534 2136,598 2134,600 2133,600 2132,601 2132,617 2125,625 2125,633 2122,635 2121,635 2121,636 2121,637 2118,639 2117,639 2117,640 2117,645 2114,647 2113,647 2113,648 2113,649 2111,650 2031,650 2031,651 2031,697 2031,697 2294,697 2296,698 2296,699 2297,701 2302,701 2304,702 2303,703 2291,703 2290,704 2031,704 2031,705"/><TextEquiv index="1"><Unicode>.</Unicode></TextEquiv></TextLine><TextLine id="r0_l002"><Coords points="3090,896 3088,894 3088,893 3087,892 3082,892 3080,890 3080,889 3080,889 3079,888 3078,888 3076,886 3076,885 3076,885 3075,884 3074,884 3072,882 3072,873 3072,873 3071,873 3068,870 3068,845 3068,845 2742,846 2741,846 2741,851 2740,853 2739,853 2737,854 2737,859 2736,861 2735,861 2733,862 2733,863 2732,865 2731,865 2729,866 2729,867 2728,869 2723,869 2721,870 2721,871 2720,873 2711,873 2710,873 2710,874 2708,877 2701,877 2700,876 2699,876 2698,875 2698,845 2698,845 2359,845 2358,845 1818,846 1816,847 1816,848 1816,849 1553,849 1552,848 1269,849 1267,850 1267,851 1266,853 1073,853 1072,852 890,853 888,854 888,855 887,857 816,857 814,858 814,859 813,861 648,861 647,862 647,863 646,864 646,865 646,865 644,865 643,865 643,864 642,863 642,862 642,861 606,861 602,857 601,857 600,857 600,853 600,852 422,853 420,851 420,807 419,806 418,806 416,804 416,800 419,798 420,798 420,797 420,784 422,783 603,782 603,782 603,720 604,719 604,718 604,717 605,717 606,716 608,716 609,717 809,717 810,717 810,718 812,721 813,721 814,721 814,730 815,732 816,732 818,733 818,746 819,748 820,748 822,749 822,750 823,752 824,752 826,753 826,762 826,763 870,763 873,765 873,766 873,767 1070,766 1073,763 1242,763 1243,762 1243,722 1245,720 1246,720 1247,719 1247,718 1252,713 1268,713 1270,711 1270,710 1271,709 1273,709 1274,709 1274,710 1276,713 1277,713 1278,713 1278,714 1280,717 1281,717 1282,717 1282,758 1282,759 1554,758 1555,758 1555,711 1556,709 1557,709 1559,708 1559,707 1560,705 1569,705 1571,707 1571,708 1572,709 1573,709 1575,711 1575,712 1576,713 1577,713 1578,714 1578,715 1579,716 1579,724 1579,724 1580,724 1582,726 1582,727 1583,728 1583,736 1583,736 1584,736 1586,738 1586,742 1587,743 1587,744 1587,744 1588,744 1590,746 1590,759 1590,759 1724,759 1727,761 1727,766 1727,767 1925,766 1926,766 1926,765 1927,763 2154,763 2156,761 2156,756 2156,756 2157,756 2160,753 2160,737 2161,736 2162,736 2163,735 2163,731 2164,730 2164,729 2165,728 2166,728 2167,727 2167,726 2169,724 2170,724 2171,723 2171,718 2172,717 2173,717 2174,716 2175,715 2175,714 2176,713 2177,713 2178,712 2179,711 2179,710 2180,709 2185,709 2187,707 2187,706 2188,705 2193,705 2195,703 2195,702 2196,701 2208,701 2210,703 2303,703 2305,705 2306,705 2307,705 2308,706 2308,707 2309,709 2310,709 2312,710 2312,756 2312,757 2422,756 2425,754 2425,753 2425,752 2427,752 2429,754 2429,755 2430,756 2622,756 2624,757 2624,758 2624,759 2625,759 2628,761 2628,762 2628,763 2629,763 2632,765 2632,766 2633,767 2634,767 2636,769 2636,770 2637,771 2638,771 2639,772 2639,777 2641,779 2642,779 2643,780 2643,809 2644,810 2834,809 2834,809 2834,774 2844,763 2845,763 2846,763 2846,754 2848,751 2849,751 2850,751 2850,734 2851,732 2852,732 2854,731 2854,726 2854,725 2855,725 2858,723 2858,718 2858,717 2859,717 2860,717 2862,715 2862,714 2862,713 2863,713 2866,711 2866,710 2866,709 2867,709 2870,707 2870,706 2870,705 2871,705 2874,703 2874,702 2874,701 2899,701 2900,702 2900,703 2902,705 2907,705 2908,706 2908,707 2910,709 2911,709 2912,710 2912,755 2912,755 3110,755 3111,754 3111,741 3112,740 3117,740 3119,741 3119,747 3119,748 3199,748 3201,749 3201,750 3202,752 3207,752 3209,753 3209,754 3210,756 3215,756 3216,757 3321,756 3322,757 3322,759 3322,759 3428,759 3429,760 3430,760 3431,761 3431,762 3433,764 3434,764 3435,765 3435,826 3436,826 3438,826 3439,828 3439,844 3437,846 3436,846 3435,847 3435,848 3434,849 3414,849 3411,852 3411,853 3411,853 3386,853 3385,854 3385,855 3383,857 3371,857 3364,851 3364,850 3364,849 3359,849 3357,848 3357,847 3357,846 3356,846 3355,845 3151,846 3150,846 3150,863 3149,865 3148,865 3146,866 3146,875 3146,876 3145,876 3142,878 3142,879 3142,880 3141,880 3138,882 3138,883 3138,884 3137,884 3135,885 3135,886 3134,888 3129,888 3127,889 3127,890 3126,892 3117,892 3115,893 3115,894 3114,896"/><TextEquiv index="1"><Unicode>“Mêts ordre à ta conſcience, ſonge au</Unicode></TextEquiv></TextLine><TextLine id="r0_l003"><Coords points="945,1103 945,1102 945,1052 944,1052 597,1052 595,1050 595,1049 594,1048 593,1048 592,1047 592,1044 591,1043 409,1044 409,1043 409,1042 408,1041 408,1027 409,1026 409,1025 409,1025 411,1025 412,1024 411,997 412,996 412,991 414,990 415,990 415,989 416,988 416,987 418,986 423,986 424,984 424,983 426,982 466,982 467,980 467,979 469,978 603,977 610,970 611,970 611,970 611,965 614,962 615,962 615,962 615,961 618,958 619,958 619,958 619,949 621,947 622,947 623,946 623,941 625,939 626,939 627,938 627,937 629,935 630,935 631,934 631,933 633,931 634,931 635,930 635,929 637,927 638,927 639,926 639,925 641,923 642,923 642,923 642,922 645,919 650,919 650,919 650,918 653,915 668,915 670,918 670,919 671,919 676,919 678,922 678,962 679,962 965,962 966,963 1134,962 1134,962 1134,913 1135,912 1161,912 1161,913 1161,962 1162,962 1391,962 1391,961 1391,909 1393,908 1394,908 1395,906 1395,905 1397,904 1441,904 1442,904 1453,904 1454,906 1454,958 1455,958 1698,958 1699,959 1699,960 1701,962 1883,962 1883,961 1883,912 1884,912 1885,912 1886,910 1887,909 1887,908 1888,908 1897,908 1898,906 1898,905 1899,905 1905,904 1906,906 1906,907 1907,907 1908,907 1910,910 1910,958 1911,958 2276,958 2277,956 2277,955 2278,955 2279,955 2281,952 2281,951 2282,951 2283,951 2284,950 2429,949 2429,949 2429,909 2430,908 2435,908 2437,906 2437,905 2438,904 2443,904 2444,903 2444,902 2446,900 2448,900 2448,901 2448,902 2449,903 2449,904 2450,904 2455,904 2456,906 2456,954 2457,954 2768,954 2768,953 2768,952 2770,951 2819,950 2819,950 2819,909 2820,908 2821,908 2823,906 2823,905 2824,904 2825,904 2827,902 2827,901 2828,900 2833,900 2835,898 2835,897 2836,896 2845,896 2846,898 2846,947 2847,947 2970,947 2971,949 2971,950 2972,950 2973,950 2975,953 2975,954 2976,954 3078,954 3079,955 3269,955 3270,954 3337,953 3339,951 3427,951 3427,952 3427,953 3429,954 3437,954 3439,957 3440,1005 3441,1006 3442,1006 3443,1007 3443,1012 3441,1013 3440,1013 3439,1015 3439,1031 3436,1033 3435,1033 3435,1034 3435,1039 3432,1041 3431,1041 3431,1042 3431,1043 3429,1044 3408,1044 3408,1044 3408,1043 3405,1040 3397,1040 3396,1039 3256,1040 3256,1039 3256,1038 3254,1037 2975,1037 2975,1038 2975,1039 2973,1040 2971,1040 2970,1039 2932,1039 2932,1040 2932,1094 2931,1094 2928,1094 2928,1094 2928,1040 2927,1039 2679,1040 2678,1041 2639,1041 2639,1041 2639,1086 2638,1087 2637,1087 2635,1089 2635,1090 2634,1091 2597,1091 2597,1090 2597,1089 2596,1088 2596,1044 2595,1044 2507,1044 2507,1044 2507,1043 2504,1040 2257,1041 2257,1041 2257,1043 2256,1044 2052,1044 2050,1047 2050,1048 2049,1048 1965,1048 1965,1048 1965,1047 1962,1044 1900,1044 1899,1044 1895,1044 1895,1043 1895,1042 1893,1041 1704,1041 1703,1042 1703,1043 1702,1044 1689,1044 1688,1045 1688,1046 1686,1048 1641,1048 1641,1049 1641,1063 1639,1064 1638,1064 1637,1066 1637,1075 1636,1075 1635,1075 1629,1082 1629,1086 1623,1091 1618,1091 1618,1092 1618,1093 1617,1094 1617,1095 1616,1095 1603,1095 1602,1097 1602,1098 1600,1099 1572,1099 1571,1098 1571,1097 1569,1095 1568,1095 1567,1094 1567,1093 1565,1091 1564,1091 1563,1090 1563,1085 1561,1083 1560,1083 1559,1082 1559,1052 1558,1051 1388,1052 1388,1051 1388,1050 1385,1048 1380,1048 1380,1047 1380,1044 1379,1044 963,1045 962,1046 962,1047 961,1048 956,1048 956,1048 956,1102 955,1103"/><TextEquiv index="1"><Unicode>“ſouverain Juge devant lequel tu vas</Unicode></TextEquiv></TextLine><TextLine id="r0_l004"><Coords points="614,1298 611,1296 611,1295 611,1294 601,1294 600,1294 600,1232 600,1231 426,1232 423,1235 410,1235 409,1234 409,1233 407,1231 406,1231 405,1230 405,1229 404,1228 404,1226 405,1225 405,1224 405,1224 406,1224 408,1222 408,1187 409,1186 409,1185 409,1185 410,1185 412,1183 412,1182 413,1181 414,1181 416,1179 416,1178 417,1177 450,1177 451,1176 451,1175 452,1174 452,1173 452,1173 606,1172 608,1171 608,1170 608,1169 609,1169 616,1163 616,1162 616,1161 785,1161 787,1159 787,1158 788,1157 926,1157 927,1156 927,1127 928,1126 929,1126 931,1124 931,1119 931,1119 932,1119 939,1112 939,1107 939,1107 940,1107 944,1103 957,1103 958,1103 958,1104 959,1105 959,1113 959,1114 960,1114 962,1115 962,1120 963,1122 964,1122 966,1123 966,1132 967,1134 968,1134 970,1135 970,1153 970,1154 1147,1153 1150,1156 1150,1157 1150,1157 1155,1157 1157,1159 1157,1160 1158,1161 1163,1161 1165,1163 1165,1168 1166,1169 1324,1169 1325,1168 1325,1104 1327,1102 1328,1102 1329,1101 1329,1100 1330,1099 1390,1099 1391,1099 1391,1101 1392,1102 1392,1149 1392,1150 1552,1149 1553,1150 1554,1150 1555,1151 1555,1152 1556,1153 1765,1153 1766,1152 1766,1107 1766,1107 1767,1107 1770,1104 1770,1103 1770,1103 1779,1103 1781,1101 1781,1100 1782,1099 1791,1099 1793,1100 1793,1101 1793,1102 1794,1102 1797,1104 1797,1105 1797,1106 1798,1106 1801,1108 1801,1156 1801,1157 2010,1156 2013,1153 2365,1152 2367,1150 2465,1150 2466,1149 2642,1149 2643,1148 2643,1104 2645,1102 2646,1102 2647,1101 2647,1100 2648,1099 2653,1099 2655,1097 2655,1096 2656,1095 2665,1095 2666,1095 2666,1096 2668,1099 2669,1099 2670,1099 2670,1100 2671,1101 2671,1148 2671,1149 2915,1148 2916,1148 2916,1105 2917,1103 2918,1103 2920,1102 2920,1097 2921,1095 2926,1095 2927,1094 2932,1094 2933,1095 3071,1095 3072,1095 3072,1145 3072,1146 3262,1146 3263,1147 3422,1146 3423,1147 3423,1152 3425,1154 3426,1154 3427,1155 3427,1156 3428,1157 3433,1157 3435,1159 3435,1164 3436,1165 3437,1165 3439,1167 3439,1172 3440,1173 3441,1173 3443,1175 3443,1179 3439,1183 3439,1211 3437,1212 3436,1212 3435,1214 3435,1219 3433,1220 3432,1220 3432,1221 3431,1222 3431,1223 3430,1223 3429,1223 3427,1226 3427,1227 3427,1227 3426,1227 3425,1228 3417,1228 3415,1230 3415,1231 3415,1231 3414,1231 3413,1232 3409,1232 3408,1233 3408,1234 3407,1235 3394,1235 3392,1234 3392,1233 3392,1232 3179,1233 3177,1235 3167,1235 3166,1234 3166,1233 3165,1232 3048,1232 3047,1231 3046,1231 3045,1231 3045,1229 3045,1228 2742,1229 2739,1232 2738,1232 2737,1232 2737,1233 2736,1235 2478,1235 2475,1238 2475,1239 2475,1239 2469,1239 2468,1238 2139,1239 2135,1243 2126,1243 2125,1243 2125,1242 2123,1239 1912,1239 1911,1238 1350,1240 1348,1241 1348,1242 1348,1243 1343,1243 1340,1245 1340,1246 1340,1247 1319,1247 1317,1245 1317,1244 1316,1243 1003,1243 1002,1242 648,1243 647,1244 647,1291 646,1292 646,1293 645,1294 640,1294 639,1295 639,1296 637,1298"/><TextEquiv index="1"><Unicode>“paroître. Je te donne une demi-heure</Unicode></TextEquiv></TextLine><TextLine id="r0_l005"><Coords points="1818,1493 1816,1490 1816,1489 1815,1489 1810,1489 1809,1487 1809,1486 1808,1485 1807,1438 1807,1438 1576,1438 1575,1438 1575,1437 1573,1434 1494,1434 1493,1433 1171,1434 1169,1436 1169,1437 1168,1438 1093,1438 1091,1437 1091,1436 1090,1434 1046,1434 1045,1433 848,1434 845,1436 845,1437 845,1438 843,1438 841,1436 841,1435 840,1434 643,1434 642,1435 643,1483 636,1489 620,1489 619,1491 619,1492 617,1493 613,1493 605,1485 604,1485 604,1485 603,1430 603,1429 415,1430 412,1432 412,1433 412,1434 406,1434 405,1433 405,1432 403,1430 402,1430 401,1429 401,1419 402,1419 403,1419 405,1416 405,1415 406,1415 407,1415 408,1413 408,1378 409,1377 409,1376 410,1376 411,1376 413,1373 413,1372 414,1372 419,1372 420,1370 420,1369 422,1368 607,1367 607,1367 607,1359 610,1356 615,1356 615,1356 615,1355 618,1352 891,1352 895,1348 1071,1347 1071,1347 1071,1305 1072,1304 1072,1303 1073,1302 1074,1302 1075,1301 1075,1300 1077,1298 1102,1298 1103,1300 1103,1305 1104,1305 1105,1305 1107,1308 1107,1348 1108,1348 1164,1348 1165,1350 1165,1351 1167,1352 1437,1352 1441,1348 1555,1347 1555,1347 1555,1299 1556,1298 1569,1298 1571,1296 1571,1295 1572,1294 1582,1294 1582,1295 1582,1296 1583,1297 1585,1298 1586,1298 1586,1299 1586,1300 1589,1302 1590,1302 1590,1303 1590,1348 1591,1348 1733,1348 1735,1350 1735,1351 1736,1352 1737,1352 1739,1354 1739,1355 1740,1356 1926,1355 1926,1355 1926,1354 1928,1352 1991,1352 1992,1351 1992,1350 1993,1349 1994,1349 1995,1348 2085,1348 2085,1348 2085,1305 2086,1304 2086,1303 2087,1302 2088,1302 2090,1300 2090,1299 2091,1298 2104,1298 2105,1297 2105,1296 2107,1294 2112,1294 2113,1296 2113,1297 2115,1298 2116,1298 2117,1300 2117,1348 2118,1348 2244,1348 2245,1349 2370,1348 2370,1348 2370,1296 2372,1294 2373,1294 2374,1293 2374,1292 2376,1290 2377,1290 2377,1291 2378,1292 2378,1293 2380,1294 2389,1294 2390,1296 2390,1297 2391,1297 2392,1298 2393,1298 2394,1300 2394,1313 2395,1313 2396,1313 2398,1316 2398,1325 2399,1325 2400,1325 2402,1328 2402,1332 2404,1333 2405,1333 2405,1334 2405,1341 2406,1341 2502,1341 2503,1343 2503,1344 2504,1344 2776,1344 2776,1343 2776,1295 2782,1290 2806,1290 2807,1288 2807,1287 2809,1286 2814,1286 2815,1287 2815,1288 2818,1290 2955,1290 2955,1291 2955,1296 2958,1298 2959,1298 2959,1299 2959,1344 2960,1344 3125,1344 3130,1349 3131,1349 3131,1349 3131,1372 3132,1373 3309,1372 3310,1371 3310,1366 3312,1364 3313,1364 3314,1363 3314,1358 3316,1356 3321,1356 3322,1355 3322,1315 3324,1313 3325,1313 3326,1312 3326,1312 3326,1311 3328,1309 3333,1309 3334,1308 3334,1307 3335,1306 3336,1306 3337,1305 3349,1305 3349,1305 3349,1304 3351,1302 3368,1302 3369,1304 3369,1305 3370,1305 3371,1305 3373,1308 3373,1309 3374,1309 3375,1309 3376,1311 3376,1312 3377,1313 3377,1317 3378,1317 3379,1317 3380,1319 3380,1320 3381,1321 3381,1329 3382,1329 3442,1329 3443,1331 3443,1332 3444,1333 3445,1333 3446,1333 3447,1335 3447,1343 3445,1345 3444,1345 3443,1346 3443,1410 3443,1410 3442,1410 3435,1417 3435,1418 3435,1418 3434,1418 3431,1421 3431,1422 3431,1422 3430,1422 3429,1423 3409,1423 3408,1424 3408,1425 3407,1426 3406,1426 3405,1427 3396,1427 3395,1428 3396,1465 3395,1465 3393,1465 3392,1466 3378,1466 3376,1464 3376,1462 3375,1461 3203,1462 3202,1461 3201,1461 3201,1460 3200,1430 3200,1430 3004,1430 3002,1429 3002,1428 3002,1427 2800,1428 2799,1428 2799,1429 2799,1430 2633,1430 2632,1431 2512,1431 2511,1432 2511,1433 2510,1434 2509,1434 2508,1435 2507,1436 2507,1437 2506,1438 2504,1438 2503,1438 2503,1437 2502,1436 2502,1435 2502,1434 2493,1434 2491,1433 2491,1432 2491,1431 2324,1432 2323,1432 2324,1485 2323,1486 2323,1487 2321,1489 2313,1489 2312,1487 2312,1486 2310,1485 2309,1485 2308,1483 2307,1434 2307,1434 2111,1434 2109,1436 2109,1437 2108,1438 1852,1439 1851,1439 1852,1486 1849,1489 1848,1489 1848,1489 1848,1490 1845,1493"/><TextEquiv index="1"><Unicode>“pour demander pardon à ton Dieu, &amp;</Unicode></TextEquiv></TextLine><TextLine id="r0_l006"><Coords points="2208,1686 2207,1685 2207,1629 2206,1629 1922,1629 1922,1630 1922,1683 1921,1684 1902,1684 1901,1683 1889,1684 1886,1681 1886,1680 1885,1680 1833,1680 1832,1678 1832,1677 1830,1676 1829,1676 1828,1674 1828,1673 1826,1672 1821,1672 1820,1670 1820,1669 1818,1668 1817,1668 1816,1666 1816,1629 1815,1629 1664,1629 1664,1630 1664,1685 1664,1685 1662,1685 1661,1685 1661,1630 1660,1629 1619,1629 1618,1631 1618,1632 1616,1633 1614,1633 1614,1633 1614,1632 1611,1629 1482,1629 1481,1628 1178,1629 1177,1631 1177,1632 1175,1633 1021,1633 1021,1634 1021,1683 1020,1684 988,1684 986,1683 986,1629 985,1628 646,1629 646,1630 646,1680 645,1680 644,1680 640,1684 605,1684 601,1680 600,1680 600,1680 600,1618 599,1617 425,1618 424,1619 424,1620 423,1621 422,1621 421,1622 415,1622 414,1621 413,1621 412,1619 412,1618 411,1618 410,1618 408,1615 408,1614 407,1614 406,1614 405,1612 405,1611 404,1610 404,1579 402,1578 401,1578 401,1577 401,1567 401,1567 402,1567 405,1564 405,1559 405,1559 410,1559 412,1557 412,1556 413,1555 602,1554 605,1551 606,1551 607,1551 607,1550 609,1547 617,1547 619,1546 619,1545 619,1544 620,1544 621,1543 623,1545 623,1546 624,1547 816,1547 818,1545 818,1544 818,1544 819,1544 820,1543 917,1543 919,1544 919,1545 920,1547 921,1547 922,1548 1160,1547 1161,1547 1161,1546 1163,1543 1170,1543 1174,1547 1344,1547 1345,1546 1345,1501 1346,1500 1347,1500 1348,1499 1348,1498 1349,1497 1350,1497 1352,1495 1352,1494 1353,1493 1378,1493 1380,1494 1380,1543 1380,1544 1596,1543 1598,1542 1598,1541 1598,1540 1601,1540 1602,1541 1602,1542 1603,1543 1747,1543 1748,1544 1749,1544 1750,1544 1750,1546 1750,1547 2065,1546 2066,1546 2066,1545 2066,1544 2067,1544 2068,1543 2174,1543 2175,1542 2175,1502 2177,1500 2178,1500 2179,1499 2179,1494 2180,1493 2359,1492 2360,1493 2384,1493 2386,1495 2386,1496 2386,1496 2387,1496 2390,1499 2390,1535 2390,1535 2534,1535 2535,1536 2536,1536 2538,1538 2538,1539 2538,1539 2724,1539 2725,1538 2725,1498 2727,1496 2728,1496 2729,1495 2729,1494 2731,1492 2732,1492 2733,1491 2733,1490 2734,1489 2751,1489 2752,1490 2980,1489 2983,1487 2983,1486 2983,1485 2992,1485 2994,1484 2994,1483 2995,1481 3004,1481 3006,1480 3006,1479 3007,1477 3012,1477 3014,1479 3014,1480 3015,1481 3020,1481 3021,1482 3021,1483 3023,1485 3024,1485 3025,1486 3025,1487 3026,1488 3026,1539 3026,1539 3161,1539 3162,1538 3162,1537 3163,1536 3172,1536 3173,1537 3371,1536 3373,1538 3373,1539 3374,1540 3375,1540 3376,1541 3376,1542 3377,1543 3377,1563 3377,1563 3445,1563 3447,1565 3447,1570 3448,1571 3449,1571 3451,1573 3451,1581 3449,1582 3448,1582 3447,1584 3447,1589 3445,1590 3444,1590 3443,1592 3443,1593 3441,1594 3432,1594 3431,1596 3431,1597 3429,1598 3400,1598 3400,1599 3400,1636 3398,1637 3397,1637 3396,1639 3396,1644 3394,1645 3393,1645 3392,1647 3392,1652 3391,1652 3390,1652 3390,1653 3388,1655 3388,1656 3387,1656 3386,1656 3385,1657 3381,1657 3381,1658 3381,1659 3378,1661 3376,1659 3376,1626 3375,1625 3319,1625 3315,1621 3049,1622 3049,1622 3049,1623 3047,1625 3043,1625 3042,1626 3041,1626 3041,1627 3041,1628 3039,1629 3030,1629 3029,1628 3029,1627 3027,1625 2901,1625 2900,1624 2614,1625 2613,1626 2612,1626 2612,1626 2612,1627 2610,1629 2418,1629 2417,1628 2214,1629 2214,1629 2214,1685 2214,1686"/><TextEquiv index="1"><Unicode>“pour prendre ton parti. Je te laiſſe tou-</Unicode></TextEquiv></TextLine><TextLine id="r0_l007"><Coords points="2006,1883 2004,1882 2004,1881 2004,1880 2003,1879 2002,1879 2000,1878 2000,1829 2000,1828 1904,1828 1903,1827 1849,1828 1848,1827 1848,1826 1846,1824 1592,1824 1591,1825 1591,1826 1589,1828 1448,1828 1446,1827 1446,1826 1445,1824 1444,1824 1443,1823 1046,1824 1045,1823 640,1824 639,1825 639,1830 638,1831 638,1832 638,1832 637,1832 635,1834 635,1850 633,1852 632,1852 631,1853 631,1858 629,1860 628,1860 627,1861 627,1862 626,1863 621,1863 619,1865 619,1866 618,1867 609,1867 608,1867 608,1866 607,1865 607,1861 607,1860 606,1860 604,1859 604,1813 604,1812 430,1813 426,1817 412,1817 411,1816 410,1816 409,1815 409,1814 408,1813 408,1774 408,1774 407,1774 405,1772 405,1770 407,1769 408,1769 408,1768 408,1760 409,1759 409,1758 410,1758 411,1758 411,1757 413,1755 413,1754 414,1754 458,1754 459,1752 459,1751 461,1750 607,1749 610,1746 611,1746 611,1746 611,1745 614,1742 615,1742 615,1742 615,1702 618,1699 619,1699 619,1699 619,1698 622,1695 633,1695 635,1698 635,1699 636,1699 637,1699 639,1702 639,1742 640,1742 860,1742 861,1740 861,1739 862,1739 863,1739 864,1738 1040,1737 1040,1737 1040,1694 1042,1692 1043,1692 1044,1691 1044,1690 1046,1688 1059,1688 1060,1689 1240,1689 1241,1688 1339,1688 1341,1685 1341,1684 1341,1684 1347,1684 1348,1684 1348,1685 1350,1687 1351,1688 1352,1688 1352,1688 1352,1738 1353,1739 1570,1738 1571,1737 1571,1736 1572,1735 1573,1735 1574,1734 1574,1733 1576,1731 1641,1731 1641,1731 1641,1725 1643,1723 1644,1723 1645,1722 1645,1709 1647,1707 1648,1707 1649,1706 1649,1701 1650,1700 1651,1700 1653,1698 1653,1689 1654,1688 1659,1688 1660,1687 1660,1686 1661,1685 1844,1685 1845,1684 1859,1684 1859,1684 1859,1685 1860,1686 1862,1688 1863,1688 1863,1688 1863,1738 1864,1739 1924,1738 1926,1741 1926,1742 1927,1742 2116,1742 2117,1741 2117,1740 2119,1738 2187,1738 2187,1737 2187,1727 2188,1727 2189,1727 2190,1726 2191,1726 2191,1725 2191,1712 2193,1711 2194,1711 2195,1709 2195,1704 2197,1703 2198,1703 2199,1701 2199,1692 2200,1692 2201,1692 2203,1689 2203,1688 2204,1688 2205,1688 2207,1686 2215,1686 2217,1688 2218,1688 2218,1688 2218,1741 2219,1742 2354,1742 2355,1740 2355,1739 2357,1738 2491,1737 2491,1737 2491,1694 2494,1691 2495,1691 2495,1691 2495,1690 2498,1687 2499,1687 2499,1687 2499,1686 2501,1684 2510,1684 2511,1686 2511,1687 2513,1688 2514,1688 2514,1689 2514,1690 2517,1692 2518,1692 2518,1693 2518,1694 2519,1695 2519,1734 2520,1734 2743,1734 2745,1736 2963,1735 2963,1735 2963,1701 2964,1700 2965,1700 2967,1698 2967,1697 2968,1696 2969,1696 2970,1695 3131,1695 3131,1694 3131,1688 3132,1688 3133,1688 3135,1685 3135,1684 3136,1684 3204,1684 3205,1682 3205,1681 3206,1680 3219,1680 3220,1680 3220,1681 3221,1682 3221,1686 3223,1688 3224,1688 3224,1688 3224,1690 3225,1691 3225,1727 3226,1728 3364,1727 3365,1729 3365,1730 3367,1731 3372,1731 3373,1733 3373,1734 3375,1735 3376,1735 3376,1736 3376,1737 3378,1738 3379,1738 3380,1740 3380,1741 3382,1742 3383,1742 3384,1744 3384,1753 3386,1754 3387,1754 3388,1756 3388,1781 3389,1781 3437,1781 3441,1785 3445,1785 3455,1796 3455,1800 3457,1801 3458,1801 3458,1802 3458,1828 3458,1828 3457,1828 3441,1844 3437,1844 3435,1846 3435,1847 3435,1847 3434,1847 3433,1848 3418,1848 3415,1846 3415,1845 3415,1844 3414,1844 3412,1843 3412,1818 3412,1817 3108,1818 3107,1818 3107,1819 3107,1820 3105,1820 3104,1821 2984,1821 2983,1822 2983,1846 2981,1848 2980,1848 2979,1849 2979,1850 2977,1852 2976,1852 2975,1853 2975,1854 2973,1856 2972,1856 2971,1857 2971,1862 2970,1863 2969,1863 2968,1864 2967,1865 2967,1866 2966,1867 2953,1867 2951,1866 2951,1818 2951,1817 2765,1818 2764,1818 2764,1819 2764,1820 2377,1820 2373,1824 2278,1825 2276,1826 2276,1827 2276,1828 2267,1828 2265,1826 2265,1824 2265,1824 2052,1824 2051,1825 2051,1880 2050,1881 2050,1882 2049,1883"/><TextEquiv index="1"><Unicode>“jours la liberté de prévenir ma juſtice,</Unicode></TextEquiv></TextLine><TextLine id="r0_l008"><Coords points="1969,2058 1969,2058 1969,2057 1968,2056 1966,2054 1965,2054 1965,2054 1965,2052 1964,2051 1964,2023 1963,2022 1521,2023 1520,2025 1520,2026 1518,2027 1509,2027 1509,2027 1509,2026 1506,2023 1470,2023 1469,2022 1469,2021 1467,2019 1466,2019 1465,2018 1272,2019 1270,2021 1270,2022 1269,2023 1232,2023 1231,2021 1231,2020 1229,2019 1006,2019 1006,2020 1006,2021 1003,2023 990,2023 990,2023 990,2022 987,2019 986,2019 985,2018 932,2019 931,2017 931,2016 929,2015 734,2015 732,2018 732,2019 731,2019 725,2019 725,2019 725,2018 722,2015 631,2015 631,2015 631,2014 624,2007 467,2008 467,2008 467,2033 465,2035 429,2035 428,2033 428,2008 427,2008 426,2008 424,2005 424,2004 423,2004 418,2004 416,2001 416,2000 415,2000 414,2000 412,1997 412,1996 411,1996 410,1996 408,1993 408,1990 409,1989 409,1953 409,1953 410,1953 417,1946 417,1945 417,1945 422,1945 424,1943 424,1942 425,1941 437,1941 440,1943 440,1944 440,1945 445,1945 449,1949 637,1948 639,1947 638,1913 641,1910 642,1910 642,1910 642,1909 645,1906 646,1906 646,1906 646,1901 649,1898 654,1898 654,1898 654,1897 657,1894 680,1894 682,1897 682,1898 683,1898 688,1898 689,1900 689,1901 690,1902 691,1902 692,1902 693,1904 693,1909 695,1910 696,1910 697,1912 698,1926 698,1926 915,1926 916,1925 915,1889 916,1888 916,1887 917,1887 918,1887 920,1884 920,1883 921,1883 930,1883 931,1881 931,1880 933,1879 935,1879 935,1879 935,1880 936,1881 936,1882 937,1883 942,1883 943,1884 943,1885 944,1886 945,1887 946,1887 947,1888 947,1889 948,1890 949,1890 951,1892 952,1933 952,1934 1132,1933 1134,1932 1134,1931 1134,1930 1135,1930 1136,1929 1177,1929 1178,1929 1177,1892 1178,1891 1179,1891 1180,1890 1184,1890 1185,1889 1185,1888 1186,1887 1378,1887 1379,1885 1379,1877 1380,1876 1380,1875 1381,1875 1383,1875 1384,1876 1384,1877 1386,1879 1406,1879 1407,1880 1407,1881 1409,1883 1414,1883 1415,1884 1415,1885 1417,1887 1418,1887 1419,1888 1420,1936 1420,1937 1443,1936 1444,1937 1707,1937 1708,1936 1707,1895 1708,1895 1709,1895 1714,1890 1715,1890 1715,1889 1715,1888 1717,1887 1721,1887 1723,1884 1723,1883 1724,1883 1824,1883 1824,1883 1824,1884 1825,1885 1831,1891 1832,1891 1832,1891 1833,1936 1833,1937 1869,1937 1871,1938 1871,1939 1872,1941 1901,1940 1902,1941 1904,1941 1906,1943 1906,1996 1906,1996 2096,1996 2097,1996 2097,1947 2098,1945 2099,1945 2101,1944 2101,1943 2102,1941 2107,1941 2109,1940 2109,1939 2109,1938 2110,1938 2113,1936 2113,1935 2113,1934 2114,1934 2115,1933 2249,1933 2250,1932 2249,1888 2251,1887 2252,1887 2253,1885 2253,1884 2255,1883 2268,1883 2269,1884 2269,1885 2271,1887 2272,1887 2273,1888 2274,1932 2277,1935 2277,1937 2277,1938 2560,1937 2561,1937 2561,1924 2563,1921 2564,1921 2565,1921 2564,1912 2566,1910 2567,1910 2569,1908 2569,1904 2570,1903 2571,1903 2573,1901 2573,1885 2576,1882 2577,1882 2577,1882 2577,1881 2579,1879 2592,1879 2592,1879 2592,1880 2593,1881 2595,1883 2596,1883 2596,1883 2596,1884 2597,1885 2597,1889 2599,1891 2600,1891 2600,1891 2600,1896 2602,1898 2603,1898 2604,1899 2604,1900 2606,1902 2607,1902 2608,1903 2608,1909 2609,1910 2610,1910 2611,1911 2612,1932 2612,1933 2806,1933 2807,1932 2807,1931 2809,1929 2811,1929 2812,1930 2827,1929 2828,1930 2829,1930 2830,1931 2830,1932 2831,1933 2836,1933 2838,1935 2838,1936 2839,1937 2840,1937 2842,1939 2842,1944 2843,1945 2844,1945 2846,1947 2846,1952 2847,1953 2848,1953 2850,1955 2850,1984 2850,1984 3044,1984 3045,1984 3045,1974 3045,1973 3046,1973 3049,1970 3049,1958 3054,1953 3055,1953 3056,1952 3056,1951 3058,1949 3059,1949 3060,1948 3060,1947 3062,1945 3063,1945 3064,1944 3064,1943 3066,1941 3067,1941 3068,1940 3068,1939 3070,1937 3078,1937 3080,1935 3080,1934 3080,1934 3081,1934 3082,1933 3092,1933 3093,1932 3092,1883 3093,1883 3094,1883 3094,1882 3096,1880 3096,1879 3097,1879 3122,1879 3123,1880 3124,1925 3124,1926 3328,1925 3330,1924 3330,1923 3330,1922 3331,1922 3334,1920 3334,1919 3334,1918 3336,1918 3338,1920 3338,1921 3339,1922 3340,1922 3341,1923 3341,1925 3341,1925 3361,1925 3362,1926 3414,1926 3415,1927 3415,1928 3416,1929 3424,1929 3425,1930 3426,1930 3427,1931 3427,1932 3429,1934 3430,1934 3431,1935 3431,1940 3432,1941 3433,1941 3435,1943 3435,1980 3435,1980 3448,1980 3451,1983 3451,1998 3448,2000 3447,2000 3447,2001 3447,2002 3444,2004 3439,2004 3439,2005 3439,2006 3436,2008 3432,2008 3431,2010 3431,2011 3430,2011 3429,2011 3428,2012 3181,2013 3181,2013 3181,2014 3180,2015 3085,2015 3084,2016 2955,2016 2955,2017 2955,2026 2953,2027 2952,2027 2952,2028 2952,2029 2949,2031 2948,2031 2948,2032 2948,2033 2945,2035 2944,2035 2944,2036 2944,2037 2941,2039 2940,2039 2940,2040 2940,2041 2937,2043 2929,2043 2928,2045 2928,2046 2927,2046 2926,2046 2925,2047 2914,2047 2912,2045 2912,2044 2911,2043 2910,2043 2908,2041 2908,2019 2907,2018 2426,2019 2425,2018 2208,2019 2206,2021 2206,2022 2205,2023 2008,2023 2008,2024 2008,2037 2005,2039 2004,2039 2004,2040 2004,2041 2001,2043 2000,2043 2000,2044 2000,2045 1997,2047 1996,2047 1996,2048 1996,2049 1993,2051 1988,2051 1988,2052 1988,2053 1986,2054 1982,2054 1980,2057 1980,2058 1979,2058"/><TextEquiv index="1"><Unicode>“&amp; de t'affranchir, toi - même, de ta</Unicode></TextEquiv></TextLine><TextLine id="r0_l009"><Coords points="354,2079 1957,2076 1958,2222 355,2225"/><TextEquiv index="1"><Unicode>“malheureuſe vie.“</Unicode></TextEquiv></TextLine><TextLine id="r0_l010"><Coords points="1703,2471 1703,2470 1703,2417 1702,2417 1688,2417 1688,2417 1688,2458 1686,2460 1685,2460 1684,2461 1684,2462 1682,2464 1681,2464 1680,2465 1680,2466 1678,2468 1642,2468 1641,2467 1641,2414 1640,2413 1517,2413 1516,2412 1326,2413 1325,2411 1325,2410 1323,2409 1092,2409 1091,2411 1091,2412 1089,2413 1076,2413 1076,2413 1076,2412 1073,2409 990,2409 989,2408 807,2409 806,2407 806,2406 804,2405 803,2405 802,2403 802,2402 801,2402 800,2402 799,2400 799,2398 798,2398 633,2398 632,2397 631,2397 631,2397 631,2396 628,2393 627,2393 627,2393 627,2392 625,2390 624,2390 623,2389 623,2384 621,2382 620,2382 619,2381 618,2372 619,2371 619,2361 622,2358 623,2358 623,2358 623,2357 637,2343 642,2343 642,2343 642,2342 645,2339 684,2339 686,2337 686,2336 687,2335 841,2335 841,2334 841,2329 844,2327 845,2327 845,2326 845,2317 847,2316 848,2316 849,2314 849,2305 851,2304 852,2304 853,2302 853,2297 855,2296 856,2296 857,2294 857,2278 860,2276 861,2276 861,2275 861,2274 863,2273 962,2273 962,2273 962,2274 965,2277 966,2277 966,2277 966,2278 969,2281 970,2281 970,2281 970,2284 971,2285 1089,2284 1090,2285 1091,2285 1091,2286 1091,2287 1094,2289 1095,2289 1095,2290 1095,2327 1096,2327 1265,2327 1267,2329 1267,2330 1268,2331 1458,2330 1458,2330 1458,2329 1460,2327 1468,2327 1469,2329 1469,2331 1470,2331 1660,2331 1660,2331 1660,2330 1663,2327 1746,2327 1746,2326 1746,2285 1747,2285 1748,2285 1749,2284 1750,2284 1750,2283 1750,2278 1752,2277 1761,2277 1762,2278 1762,2279 1763,2280 1764,2280 1766,2282 1766,2283 1767,2284 1768,2284 1770,2286 1770,2295 1771,2296 1772,2296 1781,2305 1781,2327 1782,2328 1900,2328 1901,2327 1902,2326 1903,2327 1912,2327 1913,2328 1914,2328 1914,2329 1914,2330 1916,2331 1920,2331 1922,2334 1922,2335 1923,2335 1928,2335 1937,2345 1937,2353 1940,2355 1941,2355 1941,2356 1942,2386 1942,2386 2163,2386 2164,2385 2163,2341 2174,2331 2178,2331 2182,2327 2342,2327 2343,2325 2343,2324 2344,2324 2345,2324 2346,2323 2456,2322 2459,2319 2460,2319 2460,2319 2460,2310 2462,2308 2463,2308 2464,2307 2464,2298 2466,2296 2467,2296 2468,2295 2468,2294 2470,2292 2471,2292 2471,2292 2472,2291 2472,2290 2474,2288 2475,2288 2475,2288 2475,2284 2476,2283 2476,2282 2477,2281 2478,2281 2479,2280 2479,2279 2480,2278 2481,2277 2482,2277 2483,2276 2483,2275 2485,2273 2498,2273 2498,2273 2498,2272 2499,2271 2499,2270 2500,2269 2502,2269 2503,2271 2503,2272 2505,2273 2623,2273 2624,2274 2624,2279 2625,2280 2626,2280 2628,2282 2628,2284 2629,2285 2809,2285 2810,2284 2814,2284 2815,2282 2815,2281 2816,2281 2817,2281 2818,2279 2819,2279 2820,2280 2828,2280 2829,2281 2830,2281 2830,2282 2830,2283 2831,2283 2832,2284 2833,2284 2834,2286 2834,2291 2836,2292 2837,2292 2838,2294 2838,2319 2839,2319 2891,2319 2893,2322 2893,2323 2894,2323 3045,2323 3045,2323 3045,2298 3047,2296 3048,2296 3049,2294 3049,2265 3050,2265 3051,2265 3055,2261 3329,2260 3332,2257 3336,2257 3338,2260 3338,2261 3339,2261 3340,2261 3341,2263 3341,2292 3342,2292 3465,2292 3466,2294 3466,2323 3466,2323 3465,2323 3464,2324 3462,2324 3461,2325 3462,2409 3461,2409 3460,2409 3455,2415 3455,2419 3440,2433 3436,2433 3435,2435 3435,2436 3434,2436 3433,2436 3432,2437 3413,2437 3412,2436 3412,2435 3410,2433 3409,2433 3408,2432 3408,2430 3407,2429 3407,2406 3406,2405 3299,2405 3298,2404 2890,2405 2889,2407 2889,2408 2887,2409 2827,2409 2827,2410 2827,2423 2824,2425 2823,2425 2823,2426 2823,2435 2820,2437 2819,2437 2819,2438 2819,2442 2817,2444 2816,2444 2815,2445 2815,2446 2814,2447 2813,2448 2812,2448 2811,2449 2811,2450 2810,2451 2809,2452 2808,2452 2807,2453 2807,2454 2805,2456 2796,2456 2795,2454 2795,2409 2794,2409 2574,2409 2573,2411 2573,2412 2571,2413 2449,2413 2448,2412 2448,2411 2446,2409 2441,2409 2440,2408 2054,2409 2054,2410 2054,2420 2052,2421 2051,2421 2051,2422 2051,2430 2050,2431 2050,2432 2048,2433 2047,2433 2047,2434 2047,2435 2044,2437 2043,2437 2043,2438 2043,2439 2040,2441 2039,2441 2039,2442 2039,2443 2037,2444 2032,2444 2031,2446 2031,2447 2029,2448 2012,2448 2012,2448 2012,2447 2009,2444 2008,2444 2008,2444 2008,2443 2007,2442 2007,2417 2006,2416 1712,2417 1712,2417 1712,2470 1711,2471"/><TextEquiv index="1"><Unicode>„Ah! mon père, me ſuis-je écrié,</Unicode></TextEquiv></TextLine><TextLine id="r0_l011"><Coords points="1585,2663 1582,2661 1582,2660 1582,2659 1581,2659 1580,2658 1421,2659 1419,2657 1419,2608 1419,2608 1234,2608 1231,2610 1231,2611 1231,2612 1140,2612 1138,2614 1138,2615 1137,2616 1136,2616 1134,2615 1134,2614 1134,2613 1133,2612 1132,2612 1130,2611 1130,2609 1130,2608 1077,2608 1075,2607 1075,2606 1074,2604 1030,2604 1029,2603 648,2604 647,2604 647,2603 644,2600 639,2600 639,2600 639,2589 638,2588 418,2589 416,2586 416,2585 415,2585 398,2585 397,2583 397,2582 395,2581 386,2581 385,2579 385,2578 386,2577 391,2577 393,2575 393,2566 394,2565 407,2565 408,2564 408,2544 409,2543 409,2542 409,2542 410,2542 412,2540 412,2536 413,2535 413,2534 413,2534 414,2534 416,2532 417,2531 417,2530 417,2530 422,2530 424,2528 424,2527 424,2527 425,2527 428,2524 428,2523 428,2523 429,2523 430,2522 484,2522 485,2523 676,2522 677,2522 677,2521 679,2518 745,2518 746,2519 747,2519 748,2520 748,2521 749,2522 921,2522 922,2523 1229,2522 1232,2524 1232,2525 1232,2526 1429,2526 1430,2525 1430,2497 1431,2496 1431,2495 1431,2495 1432,2495 1435,2492 1435,2491 1435,2491 1436,2491 1438,2489 1438,2488 1439,2487 1444,2486 1445,2487 1448,2487 1450,2489 1450,2490 1451,2491 1456,2491 1457,2492 1457,2493 1458,2494 1458,2522 1458,2522 1687,2522 1688,2521 1688,2507 1688,2507 1689,2507 1692,2504 1692,2492 1693,2491 1694,2491 1695,2490 1695,2482 1696,2481 1696,2480 1697,2479 1698,2479 1699,2478 1699,2473 1700,2472 1701,2472 1702,2471 1712,2471 1715,2473 1715,2532 1716,2534 1717,2534 1719,2535 1719,2536 1719,2537 1720,2538 1721,2538 1723,2539 1723,2580 1723,2581 1909,2580 1910,2580 1910,2571 1911,2569 1912,2569 1914,2568 1914,2552 1926,2540 1926,2539 1926,2538 1931,2538 1934,2536 1934,2535 1934,2534 1939,2534 1942,2532 1942,2531 1942,2530 1956,2530 1957,2530 1957,2473 1957,2472 1979,2472 1980,2473 1980,2474 1982,2476 1983,2476 1984,2477 1984,2526 1984,2526 2170,2526 2171,2525 2171,2524 2173,2522 2392,2521 2393,2521 2393,2479 2394,2478 2394,2477 2394,2476 2395,2476 2398,2474 2398,2473 2398,2472 2399,2472 2402,2470 2402,2469 2402,2468 2415,2468 2417,2470 2417,2471 2417,2471 2418,2471 2421,2474 2421,2573 2421,2573 2607,2573 2608,2572 2608,2527 2609,2526 2614,2526 2616,2524 2616,2523 2617,2522 2622,2522 2624,2520 2624,2507 2624,2507 2625,2507 2628,2504 2628,2492 2629,2491 2630,2491 2631,2490 2631,2486 2632,2485 2632,2484 2633,2483 2634,2483 2635,2482 2635,2481 2637,2479 2638,2479 2639,2478 2639,2477 2641,2475 2642,2475 2643,2474 2643,2473 2645,2471 2646,2471 2647,2470 2647,2469 2648,2468 2657,2468 2659,2466 2659,2465 2660,2464 2677,2464 2678,2464 2678,2465 2679,2466 2680,2468 2681,2468 2682,2468 2682,2473 2683,2475 2684,2475 2686,2476 2686,2517 2686,2518 2935,2517 2936,2517 2936,2469 2936,2468 2949,2468 2951,2467 2951,2466 2952,2464 2965,2464 2967,2466 2967,2467 2968,2468 2969,2468 2971,2470 2971,2518 2971,2518 3157,2518 3158,2517 3158,2508 3159,2507 3160,2507 3162,2505 3162,2496 3163,2495 3164,2495 3166,2493 3166,2488 3167,2487 3168,2487 3170,2485 3170,2480 3170,2480 3171,2480 3174,2477 3174,2472 3174,2472 3179,2472 3182,2469 3182,2468 3182,2468 3187,2468 3189,2466 3189,2465 3190,2464 3195,2464 3197,2462 3197,2461 3198,2460 3219,2460 3220,2460 3220,2461 3222,2464 3223,2464 3224,2464 3224,2514 3224,2515 3447,2514 3448,2515 3449,2515 3451,2517 3451,2518 3451,2518 3452,2518 3454,2520 3454,2521 3455,2522 3455,2580 3456,2581 3457,2581 3458,2582 3458,2596 3457,2596 3456,2596 3455,2597 3357,2597 3357,2598 3357,2599 3356,2600 3159,2601 3158,2601 3158,2602 3157,2604 3069,2604 3068,2604 3068,2656 3068,2657 3065,2657 3064,2656 3064,2604 3064,2604 2922,2604 2921,2603 2523,2604 2522,2605 2522,2619 2521,2620 2520,2620 2519,2621 2519,2622 2517,2624 2516,2624 2515,2625 2515,2626 2513,2628 2512,2628 2511,2629 2511,2630 2509,2632 2508,2632 2507,2633 2507,2634 2506,2635 2505,2635 2504,2636 2496,2636 2495,2637 2495,2638 2494,2639 2493,2639 2492,2640 2491,2640 2490,2639 2489,2639 2487,2638 2487,2637 2487,2636 2486,2636 2483,2634 2483,2633 2483,2632 2482,2632 2479,2630 2479,2605 2479,2604 2391,2604 2390,2603 2061,2604 2057,2608 2053,2608 2050,2611 2050,2612 2050,2612 1868,2613 1867,2613 1867,2622 1866,2624 1818,2624 1816,2625 1816,2626 1815,2628 1814,2628 1813,2628 1813,2629 1811,2632 1810,2632 1809,2632 1809,2633 1807,2636 1806,2636 1805,2636 1805,2637 1804,2639 1644,2639 1643,2640 1642,2640 1641,2641 1641,2642 1640,2643 1639,2643 1637,2645 1637,2646 1636,2647 1635,2647 1633,2649 1633,2650 1632,2651 1631,2651 1629,2653 1629,2654 1628,2655 1623,2655 1622,2656 1622,2657 1620,2659 1608,2659 1606,2661 1606,2662 1605,2663"/><TextEquiv index="1"><Unicode>“vous avez jugé, de moi, ſur de faux</Unicode></TextEquiv></TextLine><TextLine id="r0_l012"><Coords points="780,2854 779,2852 779,2851 777,2850 761,2850 757,2846 756,2846 756,2846 755,2796 755,2795 609,2795 607,2794 607,2788 607,2787 411,2788 408,2785 408,2784 408,2784 399,2784 397,2782 397,2777 396,2776 395,2776 394,2775 393,2774 393,2773 396,2771 397,2771 397,2770 397,2769 399,2768 400,2768 401,2766 401,2765 403,2764 408,2764 408,2763 408,2762 409,2761 411,2760 412,2760 412,2759 412,2719 415,2717 623,2716 627,2712 627,2711 628,2710 629,2710 630,2709 640,2709 641,2710 666,2710 666,2711 666,2712 668,2713 871,2713 873,2715 873,2716 874,2717 1044,2716 1047,2713 1106,2713 1107,2712 1107,2711 1108,2710 1109,2710 1110,2709 1112,2709 1113,2710 1114,2710 1114,2711 1114,2712 1115,2713 1115,2717 1116,2717 1187,2717 1189,2720 1189,2721 1190,2721 1191,2721 1193,2724 1193,2725 1194,2725 1195,2725 1196,2727 1196,2729 1197,2729 1289,2729 1290,2730 1290,2731 1292,2733 1340,2733 1340,2733 1340,2734 1343,2737 1344,2737 1344,2737 1344,2738 1347,2741 1348,2741 1348,2741 1348,2742 1351,2745 1463,2744 1464,2745 1465,2745 1465,2746 1465,2747 1467,2748 1629,2748 1629,2748 1629,2747 1632,2744 1633,2744 1633,2744 1633,2743 1635,2741 1636,2741 1637,2740 1637,2739 1639,2737 1640,2737 1641,2736 1641,2735 1643,2733 1683,2733 1684,2731 1684,2730 1686,2729 1742,2729 1742,2728 1742,2668 1744,2667 1792,2667 1793,2666 1794,2666 1795,2667 1796,2667 1797,2668 2072,2667 2076,2663 2084,2663 2085,2662 2085,2661 2087,2659 2089,2659 2089,2660 2089,2661 2092,2663 2104,2663 2105,2665 2105,2666 2106,2666 2107,2666 2108,2667 2194,2667 2195,2668 2195,2669 2196,2670 2197,2670 2199,2672 2199,2708 2200,2709 2239,2709 2240,2710 2241,2710 2242,2711 2242,2716 2243,2717 2244,2717 2246,2719 2246,2720 2247,2721 2409,2720 2416,2713 2546,2713 2546,2713 2546,2676 2547,2675 2548,2675 2550,2673 2550,2672 2551,2671 2552,2671 2554,2669 2554,2668 2555,2667 2556,2667 2557,2666 2558,2666 2559,2667 2561,2667 2561,2668 2561,2669 2563,2670 2571,2670 2572,2671 2573,2671 2573,2672 2573,2673 2576,2675 2577,2675 2577,2676 2577,2706 2578,2706 2815,2706 2815,2705 2815,2663 2816,2663 2817,2663 2820,2659 3063,2659 3065,2657 3069,2657 3075,2663 3076,2663 3076,2663 3076,2704 3077,2705 3116,2705 3117,2706 3118,2706 3118,2706 3123,2711 3123,2712 3124,2713 3287,2712 3287,2712 3287,2664 3288,2663 3297,2663 3299,2661 3299,2660 3300,2659 3305,2659 3306,2658 3306,2657 3308,2655 3313,2655 3314,2657 3314,2658 3315,2658 3316,2659 3317,2659 3318,2661 3318,2706 3319,2706 3450,2706 3451,2708 3451,2709 3452,2709 3456,2709 3457,2710 3458,2710 3458,2711 3458,2712 3459,2713 3461,2714 3462,2714 3462,2715 3462,2775 3461,2776 3460,2776 3459,2777 3459,2778 3457,2780 3456,2780 3455,2781 3455,2782 3453,2784 3452,2784 3451,2785 3451,2786 3449,2788 3444,2788 3443,2789 3443,2790 3442,2791 3441,2791 3440,2792 3378,2792 3376,2794 3376,2795 3376,2795 3237,2796 3236,2796 3236,2809 3235,2811 3234,2811 3233,2812 3232,2812 3232,2813 3231,2815 3230,2815 3229,2815 3228,2816 3228,2817 3227,2819 3218,2819 3217,2819 3217,2820 3215,2823 3210,2823 3206,2827 3195,2827 3192,2824 3192,2792 3192,2792 2894,2792 2893,2793 2893,2794 2892,2795 2863,2795 2862,2794 2356,2796 2355,2796 2355,2805 2354,2807 2353,2807 2351,2808 2351,2809 2350,2811 2349,2811 2347,2812 2347,2813 2346,2815 2345,2815 2343,2816 2343,2817 2342,2819 2337,2819 2335,2820 2335,2821 2334,2823 2325,2823 2323,2824 2323,2825 2323,2826 2322,2826 2321,2827 2317,2827 2316,2826 2316,2824 2315,2823 2314,2823 2312,2821 2312,2798 2312,2798 2183,2798 2182,2799 1771,2800 1770,2800 1770,2801 1769,2803 1764,2803 1762,2804 1762,2805 1761,2807 1756,2807 1754,2808 1754,2809 1753,2811 1752,2811 1750,2809 1750,2808 1749,2807 1733,2807 1727,2801 1727,2788 1727,2788 1636,2788 1625,2778 1625,2773 1625,2772 1408,2773 1407,2773 1407,2774 1406,2776 1353,2776 1352,2776 1352,2778 1351,2780 1350,2780 1349,2780 1349,2781 1347,2784 1342,2784 1341,2784 1341,2785 1339,2788 1334,2788 1333,2788 1333,2789 1331,2792 1237,2792 1235,2793 1235,2794 1235,2795 1234,2795 1231,2797 1231,2798 1231,2799 1167,2799 1165,2801 1165,2802 1164,2803 1112,2803 1111,2803 1111,2802 1109,2799 1104,2799 1103,2799 1103,2798 1101,2795 888,2796 887,2796 888,2848 886,2850 885,2850 885,2850 885,2851 882,2854"/><TextEquiv index="1"><Unicode>“rapports.“ -- „J'ai fait, m'a-t-il dit, les</Unicode></TextEquiv></TextLine><TextLine id="r0_l013"><Coords points="628,3045 627,3044 627,3043 625,3041 620,3041 619,3040 619,2979 618,2978 448,2979 448,2979 448,2980 445,2983 434,2983 433,2982 432,2982 432,2981 432,2980 430,2979 426,2979 421,2974 420,2974 420,2973 420,2929 421,2928 422,2928 424,2926 424,2925 425,2924 438,2924 439,2923 439,2922 441,2920 477,2920 479,2918 479,2917 480,2916 626,2915 627,2915 627,2914 628,2912 633,2912 635,2911 635,2910 635,2909 636,2909 637,2908 712,2908 713,2908 713,2863 713,2862 714,2862 717,2860 717,2859 717,2858 722,2858 725,2856 725,2855 725,2854 730,2854 736,2860 736,2908 736,2908 987,2907 988,2908 991,2908 994,2911 994,2912 994,2912 1207,2912 1208,2912 1208,2891 1209,2889 1210,2889 1212,2888 1212,2883 1213,2881 1214,2881 1216,2879 1216,2878 1217,2877 1218,2877 1220,2875 1220,2874 1220,2874 1221,2873 1222,2873 1224,2871 1224,2870 1225,2869 1238,2869 1239,2868 1239,2867 1241,2865 1252,2865 1255,2867 1255,2868 1255,2869 1260,2869 1263,2871 1263,2872 1263,2873 1268,2873 1270,2874 1270,2878 1271,2879 1271,2880 1271,2881 1272,2881 1274,2882 1274,2907 1274,2908 1492,2907 1493,2907 1493,2859 1493,2858 1498,2858 1501,2856 1501,2855 1501,2854 1682,2854 1684,2852 1684,2851 1685,2850 1694,2850 1695,2850 1695,2851 1697,2854 1702,2854 1703,2854 1703,2903 1703,2904 1829,2904 1830,2905 1866,2905 1867,2905 1867,2906 1868,2908 1903,2907 1904,2908 2080,2908 2082,2907 2082,2906 2082,2905 2083,2905 2086,2903 2086,2902 2086,2901 2087,2901 2088,2900 2131,2900 2132,2899 2132,2859 2133,2858 2154,2858 2156,2859 2156,2904 2156,2905 2380,2904 2383,2901 2400,2901 2401,2902 2401,2903 2402,2904 2406,2904 2407,2905 2408,2905 2409,2906 2409,2907 2409,2907 2411,2909 2412,2909 2413,2910 2413,2916 2413,2916 2547,2916 2558,2927 2558,2931 2559,2932 2754,2932 2757,2929 2757,2928 2757,2928 2864,2927 2867,2924 2871,2924 2874,2922 2874,2921 2874,2920 2879,2920 2881,2919 2881,2918 2882,2916 2926,2916 2928,2915 2928,2914 2929,2912 2970,2912 2971,2912 2971,2906 2971,2905 2972,2905 2975,2903 2975,2887 2976,2885 2977,2885 2978,2885 2978,2884 2980,2881 2981,2881 2982,2881 2982,2880 2984,2877 2985,2877 2986,2877 2986,2876 2988,2873 2989,2873 2990,2873 2990,2872 2992,2869 2993,2869 2994,2869 2994,2868 2996,2865 3001,2865 3002,2865 3002,2864 3004,2861 3005,2861 3006,2861 3006,2860 3007,2858 3011,2858 3014,2856 3014,2855 3014,2854 3035,2854 3037,2853 3037,2852 3038,2850 3051,2850 3053,2851 3053,2852 3054,2854 3067,2854 3068,2854 3068,2855 3070,2858 3086,2858 3088,2859 3088,2868 3088,2869 3089,2869 3092,2871 3092,2900 3092,2901 3160,2901 3161,2902 3362,2901 3365,2899 3365,2898 3365,2897 3367,2897 3369,2899 3369,2900 3370,2901 3379,2901 3380,2902 3380,2903 3382,2905 3383,2905 3384,2906 3384,2907 3385,2908 3389,2908 3390,2909 3391,2909 3392,2910 3392,2915 3393,2916 3394,2916 3396,2918 3396,2951 3396,2951 3452,2951 3455,2954 3455,2955 3455,2955 3456,2955 3459,2958 3459,2959 3459,2959 3460,2959 3462,2961 3462,2966 3463,2967 3464,2967 3466,2969 3466,2974 3466,2974 3467,2974 3470,2977 3470,2982 3469,2982 3468,2982 3466,2985 3466,2986 3465,2986 3464,2986 3462,2989 3462,2997 3452,3006 3448,3006 3446,3009 3446,3010 3445,3010 3436,3010 3435,3012 3435,3013 3433,3014 3425,3014 3424,3013 3423,3013 3423,3013 3423,2984 3422,2983 3355,2983 3351,2979 3279,2979 3278,2978 3059,2979 3059,2979 3059,3033 3058,3034 3045,3034 3045,3034 3045,3033 3044,3032 2976,3032 2975,3031 2967,3031 2967,3031 2967,2968 2966,2967 2874,2967 2874,2967 2874,2966 2871,2963 2870,2963 2870,2963 2870,2962 2868,2960 2867,2959 2866,2959 2866,2959 2866,2958 2863,2955 2862,2955 2861,2954 2613,2955 2612,2956 2612,2957 2610,2959 2551,2959 2549,2962 2549,2963 2548,2963 2547,2963 2546,2965 2546,2966 2544,2967 2535,2967 2534,2969 2534,2970 2532,2971 2456,2971 2456,2972 2456,2974 2454,2975 2453,2975 2452,2977 2452,2978 2450,2979 2445,2979 2444,2981 2444,2982 2442,2983 2234,2984 2231,2987 2149,2987 2148,2988 2148,2989 2147,2990 2005,2990 2004,2991 2003,2991 2002,2990 2000,2990 2000,2990 2000,2989 1998,2987 1916,2987 1915,2986 1731,2987 1731,2987 1731,2988 1729,2990 1423,2991 1422,2992 1422,2993 1421,2994 1420,2994 1419,2995 1419,2996 1417,2998 1205,2998 1204,2997 1204,2996 1202,2994 988,2994 987,2993 662,2994 662,2995 662,3040 660,3041 659,3041 658,3043 658,3044 656,3045"/><TextEquiv index="1"><Unicode>“plus exactes informations.“ -- „Grace,</Unicode></TextEquiv></TextLine><TextLine id="r0_l014"><Coords points="125,3238 124,3238 126,3236 127,3236 128,3235 128,3214 129,3213 131,3213 132,3212 627,3211 627,3211 627,3174 627,3173 431,3174 430,3173 429,3173 428,3172 428,3171 426,3169 425,3169 424,3168 424,3167 423,3166 403,3166 401,3164 401,3155 403,3154 412,3154 412,3153 412,3117 413,3116 413,3115 414,3115 415,3115 419,3111 423,3111 427,3107 650,3106 653,3103 739,3103 740,3102 740,3101 741,3100 1387,3099 1387,3098 1387,3097 1389,3096 1457,3095 1458,3094 1458,3093 1459,3092 1468,3092 1469,3091 1469,3090 1471,3088 1608,3088 1612,3084 1684,3084 1684,3083 1684,3045 1684,3045 1685,3045 1689,3041 1952,3040 1953,3040 1953,3039 1954,3037 2650,3036 2651,3035 2651,3034 2652,3033 2966,3032 2967,3031 2975,3031 2976,3032 2982,3032 2983,3033 3044,3033 3045,3034 3059,3034 3062,3037 3063,3037 3064,3037 3064,3080 3065,3081 3364,3080 3365,3082 3365,3088 3366,3088 3450,3088 3450,3089 3450,3090 3453,3092 3458,3092 3458,3093 3458,3098 3461,3100 3462,3100 3462,3101 3462,3102 3465,3104 3466,3104 3466,3105 3466,3114 3468,3115 3469,3115 3470,3117 3470,3157 3469,3158 3468,3158 3466,3160 3466,3161 3465,3162 3464,3162 3462,3164 3462,3165 3461,3166 3460,3166 3458,3168 3458,3169 3457,3170 3452,3170 3451,3171 3451,3172 3449,3174 3437,3174 3435,3176 3435,3177 3435,3177 3434,3177 3433,3178 3011,3179 3010,3180 3010,3226 3010,3226 2996,3226 2995,3226 2995,3181 2995,3180 1638,3183 1637,3184 1637,3220 1637,3220 1636,3220 1635,3221 1604,3221 1602,3223 1602,3224 1602,3224 1309,3225 1308,3225 1308,3228 1308,3229 140,3231 139,3232 139,3238 139,3238"/><TextEquiv index="1"><Unicode>“grace, mon père!“ -- „Je n'écoute</Unicode></TextEquiv></TextLine><TextLine id="r0_l015"><Coords points="1044,3423 1044,3423 1044,3396 1043,3395 959,3396 959,3395 959,3394 957,3393 956,3392 955,3392 955,3391 955,3369 954,3369 773,3369 771,3366 771,3365 770,3365 632,3365 631,3364 631,3363 629,3361 624,3361 623,3360 425,3361 424,3359 424,3358 423,3357 422,3357 421,3357 420,3355 420,3323 418,3322 417,3322 416,3320 416,3314 415,3314 413,3314 412,3312 412,3311 413,3310 426,3310 428,3308 428,3307 429,3306 430,3306 432,3304 432,3303 433,3302 466,3302 467,3301 467,3299 467,3299 468,3299 469,3298 626,3297 627,3297 627,3292 627,3291 628,3291 630,3289 630,3288 631,3287 637,3287 639,3285 639,3284 640,3283 697,3283 697,3283 697,3263 697,3262 129,3263 128,3263 128,3258 127,3256 126,3256 124,3255 124,3239 125,3238 702,3237 703,3236 704,3236 705,3235 705,3234 707,3232 1294,3231 1294,3230 1294,3229 1295,3229 1886,3228 1887,3226 1887,3225 1889,3224 1893,3224 1894,3225 2302,3224 2303,3225 2782,3224 2785,3227 3010,3226 3010,3227 3010,3231 3012,3232 3013,3232 3014,3234 3014,3237 3015,3237 3372,3236 3372,3237 3372,3238 3373,3239 3383,3248 3384,3248 3384,3249 3385,3287 3385,3287 3445,3287 3447,3289 3447,3290 3448,3291 3449,3291 3451,3293 3451,3294 3452,3295 3453,3295 3454,3296 3454,3297 3455,3298 3455,3341 3455,3341 3468,3341 3470,3343 3470,3344 3471,3345 3472,3345 3474,3347 3474,3360 3472,3361 3471,3361 3470,3363 3470,3364 3468,3365 3467,3365 3466,3366 3466,3367 3466,3368 3464,3369 3111,3370 3111,3370 3111,3375 3110,3376 3109,3376 3107,3378 3107,3383 3106,3384 3105,3384 3103,3386 3103,3387 3102,3388 3101,3388 3099,3390 3099,3390 3099,3391 3098,3392 3093,3392 3092,3393 3092,3394 3090,3396 3085,3396 3084,3397 3084,3398 3082,3400 2168,3402 2168,3402 2168,3417 2167,3418 1060,3420 1060,3421 1060,3423 1059,3423"/><TextEquiv index="1"><Unicode>“rien, prépare toi.“ Il eſt ſorti, m'a</Unicode></TextEquiv></TextLine><TextLine id="r0_l016"><Coords points="690,3621 689,3621 689,3565 689,3564 665,3564 664,3563 441,3564 440,3564 440,3565 438,3568 423,3568 420,3565 420,3564 420,3564 419,3564 416,3561 416,3557 418,3556 419,3556 420,3554 420,3553 422,3552 424,3552 424,3551 424,3491 426,3489 427,3489 428,3488 428,3487 429,3486 433,3486 436,3483 436,3482 436,3482 441,3482 444,3479 444,3478 444,3478 665,3477 666,3477 666,3472 667,3470 668,3470 670,3469 670,3460 671,3458 672,3458 674,3457 674,3448 674,3447 675,3447 678,3445 678,3440 678,3439 679,3439 690,3429 690,3428 690,3427 699,3427 701,3426 701,3425 702,3423 703,3423 705,3422 705,3421 706,3419 722,3419 725,3422 725,3423 725,3423 730,3423 732,3425 732,3426 733,3427 734,3427 736,3429 736,3474 736,3474 840,3474 841,3474 841,3475 843,3478 1031,3477 1032,3477 1032,3458 1033,3457 1033,3456 1034,3454 1035,3454 1036,3454 1036,3445 1037,3443 1038,3443 1040,3442 1040,3433 1041,3431 1042,3431 1044,3430 1044,3424 1044,3423 1059,3423 1060,3424 1060,3481 1061,3482 1066,3482 1068,3484 1068,3489 1069,3490 1070,3490 1071,3491 1251,3491 1255,3487 1255,3486 1255,3486 1260,3486 1263,3483 1263,3439 1263,3439 1268,3439 1271,3436 1271,3435 1271,3435 1280,3435 1282,3433 1282,3432 1283,3431 1296,3431 1298,3432 1298,3433 1299,3435 1304,3435 1305,3435 1305,3436 1307,3439 1308,3439 1309,3439 1309,3440 1310,3441 1310,3445 1311,3447 1312,3447 1313,3447 1313,3452 1314,3454 1315,3454 1317,3455 1317,3465 1317,3466 1378,3466 1379,3466 1379,3467 1380,3468 1380,3470 1380,3471 1499,3470 1500,3471 1500,3472 1502,3474 1616,3474 1617,3474 1617,3430 1619,3427 1631,3427 1633,3426 1633,3425 1634,3423 1635,3423 1637,3425 1637,3426 1638,3427 1639,3427 1641,3429 1641,3430 1642,3431 1643,3431 1645,3433 1645,3434 1646,3435 1647,3435 1649,3437 1649,3474 1649,3474 1839,3474 1840,3473 1840,3428 1841,3427 1842,3427 1844,3425 1844,3424 1845,3423 1850,3423 1851,3422 1851,3421 1853,3419 1862,3419 1863,3418 1863,3416 1863,3416 1864,3416 1865,3415 1867,3416 1867,3417 1869,3420 2115,3419 2117,3418 2117,3417 2117,3416 2118,3416 2119,3415 2130,3415 2132,3416 2132,3417 2132,3418 2167,3418 2168,3419 2169,3419 2171,3420 2171,3421 2171,3422 2172,3423 2173,3423 2175,3424 2175,3427 2175,3428 2355,3428 2356,3427 2357,3427 2358,3426 2358,3425 2360,3423 2365,3422 2368,3419 2376,3419 2378,3418 2378,3417 2378,3416 2379,3416 2380,3415 2391,3415 2394,3418 2394,3419 2394,3419 2399,3419 2402,3422 2402,3423 2402,3423 2403,3423 2405,3425 2405,3427 2405,3427 2571,3427 2573,3429 2573,3430 2574,3431 2583,3431 2585,3433 2585,3434 2586,3435 2587,3435 2589,3437 2589,3478 2589,3478 2923,3477 2924,3477 2924,3476 2925,3474 3031,3474 3035,3478 3363,3477 3366,3474 3371,3474 3372,3475 3372,3476 3374,3478 3453,3478 3454,3479 3454,3480 3456,3482 3457,3482 3458,3483 3458,3484 3459,3485 3460,3486 3461,3486 3462,3487 3462,3547 3461,3548 3460,3548 3459,3549 3459,3550 3457,3552 3452,3552 3451,3553 3451,3554 3445,3560 3437,3560 3435,3562 3435,3563 3435,3563 3434,3563 3433,3564 3367,3564 3365,3563 3365,3562 3364,3560 3348,3560 3344,3556 3285,3556 3284,3555 3019,3556 3018,3557 3018,3558 3016,3560 2848,3560 2846,3559 2846,3558 2845,3556 2844,3556 2843,3555 2423,3556 2421,3558 2421,3559 2421,3559 2420,3560 2419,3560 2417,3559 2417,3558 2416,3556 2368,3556 2367,3555 2087,3556 2086,3557 2086,3558 2085,3559 2085,3560 2085,3560 2084,3560 2081,3558 2081,3557 2081,3556 1906,3556 1905,3555 1724,3556 1723,3556 1723,3558 1722,3560 1667,3560 1663,3556 1483,3556 1482,3555 1166,3556 1165,3557 1165,3567 1165,3567 1164,3567 1161,3570 1161,3575 1161,3575 1160,3575 1157,3578 1157,3579 1157,3579 1152,3579 1149,3582 1149,3583 1149,3583 1148,3583 1145,3586 1145,3587 1145,3587 1124,3587 1122,3586 1122,3561 1122,3560 1035,3560 1034,3559 761,3560 760,3560 760,3561 758,3564 706,3564 705,3565 705,3621 705,3621"/><TextEquiv index="1"><Unicode>renfermé, &amp; m'a laiſſé ſeul avec mes</Unicode></TextEquiv></TextLine><TextLine id="r0_l017"><Coords points="974,3816 974,3815 974,3759 973,3759 749,3759 748,3758 748,3757 746,3755 475,3756 472,3759 445,3759 444,3757 444,3756 442,3755 437,3755 436,3753 436,3752 434,3751 429,3751 428,3749 428,3748 426,3747 417,3747 416,3746 416,3744 415,3743 414,3743 412,3741 413,3740 413,3739 414,3739 415,3739 419,3735 420,3735 420,3734 420,3713 422,3712 423,3712 424,3710 424,3705 426,3704 427,3704 428,3702 428,3701 430,3700 431,3700 432,3698 432,3689 433,3689 434,3689 435,3688 436,3686 436,3685 437,3685 438,3685 440,3682 440,3681 441,3681 450,3681 451,3679 451,3678 453,3677 473,3677 475,3674 475,3673 476,3673 506,3673 506,3672 506,3627 508,3626 509,3626 510,3624 510,3623 512,3622 705,3621 705,3622 705,3625 707,3626 708,3626 709,3628 709,3637 711,3638 712,3638 713,3640 713,3649 714,3649 715,3649 717,3652 717,3677 718,3677 840,3677 842,3674 842,3673 843,3673 934,3673 935,3674 935,3675 937,3677 942,3677 943,3678 943,3683 944,3684 945,3684 947,3686 1136,3685 1142,3679 1142,3678 1143,3677 1148,3677 1150,3675 1150,3674 1151,3673 1290,3673 1290,3672 1290,3662 1292,3661 1293,3661 1293,3660 1294,3659 1294,3658 1296,3657 1300,3657 1302,3659 1302,3663 1304,3665 1512,3664 1512,3664 1512,3663 1514,3661 1590,3661 1590,3661 1590,3617 1593,3614 1608,3614 1610,3617 1610,3618 1611,3618 1824,3618 1824,3617 1824,3616 1827,3614 1839,3614 1840,3612 1840,3611 1842,3610 1844,3612 1844,3613 1845,3614 1846,3614 1848,3616 1848,3661 1849,3662 1964,3661 1965,3663 1965,3664 1971,3669 2046,3669 2046,3670 2046,3671 2049,3673 2050,3673 2050,3674 2050,3675 2051,3676 2051,3684 2053,3685 2054,3685 2054,3686 2054,3688 2055,3689 2055,3723 2056,3723 2273,3723 2273,3722 2273,3673 2274,3673 2279,3673 2281,3670 2281,3669 2282,3669 2287,3669 2289,3666 2289,3665 2290,3665 2334,3665 2335,3666 2533,3665 2534,3667 2534,3668 2536,3669 2759,3669 2760,3670 3123,3669 3123,3668 3123,3623 3125,3622 3126,3622 3127,3620 3127,3619 3129,3618 3142,3618 3142,3617 3142,3616 3145,3614 3147,3616 3147,3617 3148,3618 3149,3618 3150,3619 3150,3620 3152,3622 3153,3622 3154,3623 3154,3645 3155,3646 3345,3645 3345,3645 3345,3644 3347,3642 3352,3642 3353,3641 3353,3640 3355,3638 3356,3638 3357,3637 3357,3636 3359,3634 3376,3634 3376,3635 3376,3636 3379,3638 3391,3638 3392,3640 3392,3641 3393,3641 3394,3641 3396,3644 3396,3665 3397,3665 3465,3665 3466,3667 3466,3680 3465,3681 3463,3681 3462,3682 3462,3739 3461,3740 3462,3746 3460,3747 3459,3747 3459,3748 3459,3749 3456,3751 3451,3751 3451,3752 3451,3753 3448,3755 3443,3755 3443,3756 3443,3757 3440,3759 3355,3759 3354,3758 3195,3759 3191,3755 2839,3755 2838,3754 2399,3755 2397,3753 2397,3752 2396,3751 2375,3751 2374,3750 2160,3751 2160,3751 2160,3768 2158,3770 2157,3770 2156,3771 2156,3772 2154,3774 2153,3774 2152,3775 2152,3776 2150,3778 2149,3778 2148,3779 2148,3780 2146,3782 2141,3782 2140,3783 2140,3784 2138,3786 2137,3786 2136,3787 2136,3787 2136,3788 2134,3790 2114,3790 2113,3789 2113,3760 2112,3759 1906,3759 1905,3758 1634,3759 1633,3761 1633,3762 1631,3763 1536,3763 1536,3764 1536,3808 1534,3809 1399,3810 1399,3810 1399,3811 1398,3812 1387,3812 1387,3811 1387,3759 1386,3759 1322,3759 1321,3757 1321,3756 1319,3755 1033,3755 1033,3756 1033,3761 1030,3763 1029,3763 1029,3764 1029,3769 1027,3770 1026,3770 1025,3772 1025,3773 1023,3774 1022,3774 1021,3776 1021,3777 1019,3778 1014,3778 1013,3777 1013,3776 1012,3775 1011,3775 1009,3773 1009,3759 1008,3758 986,3758 986,3759 986,3815 985,3816"/><TextEquiv index="1"><Unicode>chaînes, mes piſtolets, mes remords &amp;</Unicode></TextEquiv></TextLine><TextLine id="r0_l018"><Coords points="1202,4008 1200,4007 1200,4006 1200,4005 1199,4004 1198,4004 1196,4003 1196,4002 1196,4001 1195,4001 1192,3999 1192,3955 1191,3954 1085,3954 1083,3952 1083,3951 1082,3950 1006,3950 1005,3949 749,3950 745,3954 452,3955 449,3958 432,3958 432,3958 432,3959 429,3962 422,3962 420,3959 420,3958 419,3958 418,3958 416,3955 416,3951 417,3950 418,3950 420,3948 420,3943 421,3942 422,3942 424,3940 424,3939 424,3939 425,3938 426,3938 428,3936 428,3880 428,3880 429,3880 433,3876 437,3876 440,3873 440,3872 440,3872 445,3872 448,3869 448,3868 448,3868 454,3868 455,3868 455,3869 457,3872 680,3871 682,3870 682,3869 682,3868 688,3868 689,3869 689,3872 689,3872 875,3872 876,3871 876,3823 877,3822 877,3821 877,3821 886,3821 888,3819 888,3818 889,3817 894,3817 896,3815 896,3814 897,3813 902,3813 903,3814 1187,3813 1188,3813 1188,3812 1190,3809 1202,3809 1204,3811 1204,3812 1205,3813 1386,3813 1387,3812 1399,3812 1400,3813 1401,3813 1403,3814 1403,3815 1404,3817 1405,3817 1407,3818 1407,3863 1407,3864 1447,3863 1448,3864 1479,3864 1481,3866 1481,3867 1482,3868 1487,3868 1489,3870 1489,3914 1489,3914 1516,3914 1517,3915 1518,3915 1528,3925 1528,3941 1526,3942 1525,3942 1525,3943 1524,3944 1524,3945 1522,3946 1521,3946 1521,3947 1520,3948 1520,3949 1518,3950 1448,3950 1447,3949 1243,3950 1243,3950 1243,4003 1243,4004 1242,4004 1241,4004 1239,4006 1239,4007 1239,4008"/><TextEquiv index="1"><Unicode>mon déſeſpoir.</Unicode></TextEquiv></TextLine><TextLine id="r0_l019"><Coords points="2889,4207 2889,4207 2888,4150 2888,4149 2824,4149 2823,4148 2817,4149 2815,4147 2815,4146 2814,4145 2524,4145 2522,4147 2522,4164 2522,4164 2521,4164 2520,4165 2518,4167 2518,4168 2518,4168 2517,4168 2514,4171 2514,4172 2514,4172 2505,4172 2503,4174 2503,4175 2502,4176 2501,4176 2499,4178 2499,4179 2498,4180 2485,4180 2484,4180 2484,4179 2479,4174 2479,4149 2479,4148 2353,4149 2351,4147 2351,4146 2350,4145 1951,4145 1950,4144 1755,4145 1754,4145 1754,4147 1753,4149 1749,4149 1747,4147 1567,4147 1565,4149 1511,4149 1510,4148 947,4150 946,4150 947,4206 946,4207 938,4207 938,4206 937,4150 937,4150 924,4150 923,4150 923,4151 922,4153 910,4153 908,4151 908,4149 908,4149 867,4149 865,4147 865,4146 864,4145 844,4145 841,4142 841,4137 841,4137 672,4137 670,4136 670,4135 669,4133 668,4133 666,4132 666,4131 665,4129 664,4129 662,4128 662,4115 662,4114 661,4114 658,4112 658,4100 660,4098 661,4098 662,4097 662,4096 664,4094 665,4094 666,4093 666,4092 668,4090 669,4090 670,4089 670,4088 672,4086 673,4086 674,4085 674,4084 676,4082 685,4082 685,4082 685,4081 688,4078 732,4078 732,4078 732,4077 734,4075 845,4075 845,4074 845,4017 847,4016 918,4016 922,4012 926,4012 930,4008 942,4008 943,4009 1137,4008 1137,4009 1137,4010 1141,4013 1142,4013 1142,4014 1142,4063 1143,4063 1302,4063 1302,4062 1302,4059 1303,4059 1312,4059 1320,4067 1508,4066 1508,4066 1508,4065 1510,4063 1511,4063 1512,4062 1512,4061 1514,4059 1527,4059 1528,4058 1528,4010 1530,4008 1531,4008 1532,4007 1532,4006 1534,4004 1561,4004 1562,4005 1563,4005 1563,4006 1563,4063 1564,4063 1800,4063 1801,4061 1801,4060 1803,4059 1956,4058 1959,4055 1960,4055 1961,4057 1961,4058 1963,4059 2046,4059 2047,4060 2227,4060 2228,4059 2323,4059 2323,4058 2323,4014 2326,4012 2327,4012 2327,4011 2327,4006 2330,4004 2349,4004 2351,4006 2351,4007 2352,4008 2353,4008 2355,4010 2355,4059 2356,4060 2424,4059 2425,4061 2425,4062 2427,4063 2432,4063 2433,4065 2433,4066 2435,4067 2436,4067 2436,4068 2436,4069 2437,4070 2437,4113 2438,4113 2643,4113 2643,4112 2643,4072 2645,4071 2646,4071 2647,4069 2647,4068 2649,4067 2654,4067 2655,4065 2655,4064 2657,4063 2658,4063 2659,4061 2659,4060 2661,4059 2662,4059 2663,4057 2663,4056 2665,4055 2670,4055 2670,4055 2670,4056 2673,4059 2967,4058 2967,4058 2967,4053 2969,4051 2970,4051 2971,4050 2971,4049 2972,4048 2973,4047 2974,4047 2975,4046 2975,4033 2976,4032 2977,4032 2979,4030 2979,4029 2980,4028 2981,4028 2982,4027 2982,4023 2983,4022 2983,4021 2984,4020 2985,4020 2997,4008 3005,4008 3006,4007 3006,4006 3008,4004 3016,4004 3018,4007 3018,4008 3019,4008 3137,4008 3139,4010 3139,4062 3140,4063 3196,4063 3197,4064 3197,4065 3199,4067 3204,4067 3205,4068 3361,4067 3361,4067 3361,4041 3362,4040 3363,4040 3365,4038 3365,4033 3366,4032 3367,4032 3369,4030 3369,4029 3370,4028 3375,4028 3377,4026 3377,4025 3378,4024 3391,4024 3392,4026 3392,4031 3393,4031 3394,4031 3396,4034 3396,4059 3397,4059 3450,4059 3450,4060 3450,4061 3453,4063 3458,4063 3458,4064 3458,4065 3461,4067 3465,4067 3474,4077 3474,4081 3477,4083 3478,4083 3478,4084 3478,4105 3477,4106 3475,4106 3474,4107 3474,4132 3473,4133 3472,4133 3470,4135 3470,4140 3469,4141 3468,4141 3466,4143 3466,4144 3465,4145 3460,4145 3458,4147 3458,4148 3457,4149 3452,4149 3451,4150 3451,4151 3449,4153 3385,4153 3384,4154 3384,4171 3383,4172 3382,4172 3381,4173 3381,4174 3380,4175 3380,4179 3379,4180 3378,4180 3377,4181 3377,4182 3375,4184 3374,4184 3373,4185 3373,4190 3371,4192 3370,4192 3369,4193 3369,4194 3367,4196 3356,4196 3355,4195 3354,4195 3353,4195 3353,4149 3353,4148 2901,4149 2900,4150 2901,4207 2900,4207"/><TextEquiv index="1"><Unicode>„Il faut donc mourir, me ſuis - je</Unicode></TextEquiv></TextLine><TextLine id="r0_l020"><Coords points="1089,4422 1084,4417 1083,4417 1083,4417 1083,4344 1082,4343 893,4344 892,4345 892,4350 891,4351 888,4351 888,4350 888,4344 887,4344 818,4344 818,4344 818,4404 817,4405 678,4405 678,4405 678,4345 677,4344 659,4344 658,4346 658,4355 657,4355 655,4355 654,4356 653,4356 652,4355 651,4355 650,4354 650,4345 649,4344 648,4344 646,4342 646,4337 645,4336 644,4336 642,4334 642,4333 641,4332 640,4332 639,4331 448,4332 448,4332 448,4333 445,4336 433,4336 432,4334 432,4325 431,4325 430,4325 428,4322 428,4309 427,4309 410,4309 408,4306 408,4301 407,4301 406,4301 406,4300 405,4299 405,4298 404,4297 404,4288 405,4287 405,4286 406,4285 407,4285 408,4284 408,4283 410,4281 426,4281 428,4279 428,4278 428,4278 429,4278 430,4277 434,4277 436,4275 436,4274 436,4274 437,4274 438,4273 442,4273 444,4271 444,4270 444,4270 445,4270 446,4269 450,4269 451,4268 451,4267 452,4266 493,4266 494,4266 494,4267 495,4269 649,4268 651,4266 661,4266 662,4266 662,4240 662,4239 663,4239 666,4237 666,4232 666,4231 667,4231 670,4229 670,4224 670,4223 671,4223 674,4221 674,4209 675,4207 676,4207 677,4207 676,4206 678,4204 679,4204 680,4203 688,4203 688,4204 689,4210 690,4211 691,4211 693,4213 693,4258 693,4258 852,4258 853,4257 853,4208 854,4207 952,4207 954,4209 1107,4208 1108,4207 1132,4207 1134,4209 1134,4210 1135,4211 1136,4211 1138,4213 1138,4262 1138,4262 1340,4262 1341,4261 1341,4215 1341,4215 1342,4215 1350,4207 1355,4207 1356,4206 1356,4205 1358,4203 1373,4203 1376,4205 1376,4261 1376,4262 1589,4261 1590,4261 1590,4260 1591,4258 1592,4258 1594,4257 1594,4256 1595,4254 1596,4254 1597,4255 1598,4256 1598,4257 1599,4258 1815,4258 1816,4257 1816,4256 1817,4255 1817,4254 1817,4254 1818,4254 1820,4252 1820,4244 1822,4242 1823,4242 1824,4241 1824,4228 1825,4227 1830,4227 1832,4225 1832,4224 1833,4223 1834,4223 1836,4221 1836,4216 1837,4215 1842,4215 1844,4213 1844,4212 1845,4211 1846,4211 1847,4210 1847,4209 1849,4207 1858,4207 1859,4206 1859,4205 1861,4203 1873,4203 1874,4204 1875,4205 1876,4207 1881,4207 1883,4208 1883,4213 1884,4215 1885,4215 1887,4216 1887,4253 1887,4254 1906,4253 1907,4254 2361,4254 2362,4253 2362,4224 2363,4222 2364,4222 2367,4219 2384,4219 2386,4221 2386,4226 2387,4227 2388,4227 2390,4229 2390,4316 2390,4316 2537,4316 2538,4316 2538,4310 2538,4309 2539,4309 2542,4307 2542,4299 2543,4297 2544,4297 2546,4296 2546,4287 2547,4285 2548,4285 2550,4284 2550,4279 2551,4277 2552,4277 2553,4277 2553,4269 2554,4268 2554,4267 2554,4266 2555,4266 2557,4265 2557,4249 2559,4246 2560,4246 2561,4246 2561,4241 2563,4238 2564,4238 2565,4238 2565,4237 2567,4234 2568,4234 2569,4234 2569,4209 2570,4207 2571,4207 2573,4206 2573,4205 2574,4203 2582,4203 2585,4206 2585,4207 2585,4207 2590,4207 2593,4209 2593,4221 2594,4223 2595,4223 2596,4223 2596,4224 2597,4225 2597,4233 2598,4235 2599,4235 2600,4235 2600,4244 2601,4246 2602,4246 2604,4247 2604,4256 2605,4258 2606,4258 2608,4259 2608,4267 2610,4270 2611,4270 2612,4270 2612,4283 2613,4285 2614,4285 2616,4286 2616,4295 2617,4297 2618,4297 2620,4298 2620,4307 2620,4308 2621,4308 2624,4310 2624,4315 2624,4316 2625,4316 2628,4318 2628,4319 2628,4320 2779,4320 2780,4319 2780,4212 2781,4211 2786,4211 2787,4210 2787,4209 2789,4207 2798,4207 2799,4206 2799,4205 2801,4203 2805,4203 2807,4204 2807,4207 2807,4208 2902,4207 2905,4210 2905,4214 2906,4215 2907,4215 2908,4216 2908,4217 2909,4218 2909,4230 2910,4231 2911,4231 2912,4232 2912,4237 2913,4238 2914,4238 2916,4240 2916,4262 2916,4262 3058,4262 3061,4259 3061,4258 3061,4258 3067,4258 3068,4258 3068,4259 3070,4262 3074,4262 3078,4266 3082,4266 3084,4267 3084,4268 3084,4269 3239,4269 3240,4268 3240,4267 3241,4266 3253,4266 3256,4263 3256,4262 3256,4262 3348,4261 3349,4261 3349,4260 3350,4258 3449,4258 3450,4259 3450,4260 3452,4262 3457,4262 3458,4263 3458,4264 3458,4264 3460,4266 3461,4266 3462,4267 3462,4268 3464,4270 3465,4270 3466,4271 3466,4272 3468,4274 3469,4274 3470,4275 3470,4280 3471,4281 3472,4281 3474,4283 3474,4327 3472,4328 3471,4328 3470,4330 3470,4335 3468,4336 3467,4336 3466,4338 3466,4339 3464,4340 3451,4340 3451,4341 3451,4342 3448,4344 3306,4344 3306,4345 3306,4394 3305,4394 3304,4394 3302,4397 3302,4398 3301,4398 3282,4398 3281,4397 3268,4398 3267,4396 3267,4395 3265,4394 3256,4394 3256,4393 3256,4392 3255,4391 3255,4344 3254,4344 3238,4344 3237,4343 3236,4343 3236,4342 3236,4341 3234,4340 3221,4340 3221,4340 3221,4404 3220,4405 3209,4405 3209,4404 3209,4340 3208,4340 3081,4340 3080,4341 3080,4342 3078,4344 3069,4344 3068,4345 3068,4346 3066,4348 3014,4348 3014,4349 3014,4370 3012,4371 3011,4371 3010,4373 3010,4378 3009,4378 3008,4378 3007,4380 3006,4381 3006,4382 3005,4382 3004,4382 3002,4385 3002,4386 3001,4386 3000,4386 2998,4389 2998,4390 2997,4390 2996,4390 2995,4391 2991,4391 2990,4393 2990,4394 2989,4394 2980,4394 2979,4396 2979,4397 2977,4398 2960,4398 2959,4397 2959,4396 2957,4394 2948,4394 2947,4393 2947,4392 2946,4391 2942,4391 2941,4390 2940,4390 2940,4390 2940,4389 2937,4386 2936,4386 2936,4386 2936,4345 2935,4344 2867,4344 2866,4343 2781,4344 2780,4342 2780,4341 2778,4340 2580,4340 2580,4341 2580,4399 2579,4399 2574,4399 2574,4399 2574,4341 2573,4340 2390,4340 2390,4341 2390,4342 2387,4344 2368,4344 2366,4342 2366,4340 2365,4339 1891,4341 1888,4344 1498,4344 1497,4343 1209,4344 1208,4346 1208,4347 1207,4347 1206,4347 1205,4348 1198,4348 1196,4346 1196,4345 1195,4344 1103,4344 1103,4345 1103,4422 1102,4422"/><TextEquiv index="1"><Unicode>“écrié douloureuſement! A l'âge que</Unicode></TextEquiv></TextLine><TextLine id="r0_l021"><Coords points="741,4599 740,4599 740,4544 740,4543 659,4543 658,4544 658,4554 658,4554 657,4554 656,4555 655,4555 654,4556 654,4565 653,4566 652,4566 651,4567 651,4568 649,4570 648,4570 647,4571 647,4572 646,4573 646,4577 645,4578 644,4578 643,4579 643,4584 642,4585 641,4585 639,4587 639,4588 638,4589 637,4589 635,4591 635,4592 634,4593 629,4593 623,4588 623,4531 623,4530 398,4531 397,4531 397,4536 393,4540 393,4541 393,4542 392,4542 391,4543 389,4541 389,4540 388,4539 384,4539 383,4538 382,4538 381,4537 381,4524 383,4523 424,4523 424,4522 424,4469 425,4469 426,4469 427,4468 435,4468 436,4466 436,4465 437,4465 438,4465 439,4464 449,4464 450,4465 451,4465 451,4465 451,4466 453,4468 631,4467 631,4467 631,4466 632,4465 633,4465 635,4463 635,4427 635,4426 636,4426 639,4424 639,4419 639,4418 677,4418 678,4418 678,4406 678,4405 818,4405 819,4406 820,4406 822,4407 822,4408 823,4410 824,4410 826,4411 826,4510 827,4511 1060,4510 1060,4510 1060,4474 1062,4472 1063,4472 1064,4471 1064,4470 1065,4469 1066,4469 1068,4467 1068,4466 1069,4465 1070,4465 1071,4464 1075,4464 1075,4464 1075,4463 1077,4461 1082,4461 1083,4460 1083,4459 1085,4457 1090,4457 1090,4457 1090,4423 1090,4422 1102,4422 1103,4421 1104,4422 1105,4422 1107,4424 1107,4433 1107,4433 1108,4433 1111,4436 1111,4441 1112,4441 1113,4441 1114,4443 1114,4444 1115,4445 1115,4476 1116,4476 1117,4476 1118,4478 1118,4515 1119,4515 1262,4515 1262,4514 1262,4409 1263,4408 1263,4407 1264,4406 1269,4406 1270,4405 1270,4404 1272,4402 1280,4402 1282,4400 1282,4399 1283,4398 1292,4398 1294,4399 1294,4401 1294,4402 1323,4402 1325,4403 1325,4404 1326,4406 1335,4406 1337,4407 1337,4412 1338,4414 1339,4414 1341,4415 1341,4452 1342,4453 1485,4452 1485,4452 1485,4451 1487,4449 1695,4449 1695,4448 1695,4447 1696,4446 1696,4445 1697,4445 1699,4445 1699,4445 1699,4446 1702,4449 1792,4449 1793,4450 1793,4451 1794,4452 1795,4453 1796,4453 1797,4454 1948,4453 1949,4452 1949,4451 1951,4449 1953,4449 1953,4449 1953,4404 1954,4402 1955,4402 1957,4401 1957,4400 1958,4398 1963,4398 1965,4397 1965,4396 1966,4394 1982,4394 1984,4396 1984,4401 1985,4402 1986,4402 1988,4404 1988,4445 1989,4445 2042,4445 2042,4446 2042,4447 2045,4449 2342,4449 2343,4450 2343,4451 2345,4453 2354,4453 2354,4453 2354,4454 2357,4457 2358,4457 2359,4458 2565,4457 2565,4457 2565,4404 2566,4402 2571,4402 2573,4401 2573,4400 2573,4399 2580,4399 2581,4400 2581,4401 2586,4406 2587,4406 2588,4407 2588,4408 2589,4409 2589,4414 2589,4414 2849,4413 2850,4413 2850,4408 2851,4406 2860,4406 2861,4406 2861,4405 2863,4402 2910,4402 2912,4404 2912,4406 2912,4406 3152,4406 3154,4404 3154,4403 3155,4402 3160,4402 3162,4403 3162,4404 3162,4405 3220,4405 3221,4406 3222,4406 3223,4407 3375,4406 3376,4406 3376,4405 3378,4402 3382,4402 3384,4401 3384,4400 3385,4398 3386,4398 3388,4400 3388,4401 3389,4402 3390,4402 3392,4404 3392,4453 3393,4453 3461,4453 3482,4475 3482,4522 3481,4523 3480,4523 3478,4525 3478,4526 3477,4527 3476,4527 3474,4529 3474,4530 3473,4531 3468,4531 3466,4533 3466,4534 3465,4535 3464,4535 3462,4537 3462,4538 3461,4539 3452,4539 3451,4540 3451,4541 3449,4543 3445,4543 3443,4542 3443,4541 3442,4539 3363,4539 3362,4538 3098,4539 3096,4537 3096,4536 3095,4535 2922,4535 2920,4537 2920,4542 2920,4542 2919,4542 2918,4543 2915,4543 2912,4541 2912,4540 2912,4539 2911,4539 2908,4537 2908,4528 2908,4527 2907,4527 2904,4525 2904,4517 2904,4516 2757,4517 2756,4517 2756,4525 2755,4527 2754,4527 2753,4527 2753,4528 2752,4529 2752,4533 2751,4535 2654,4535 2653,4535 2653,4589 2653,4590 2650,4590 2649,4589 2649,4535 2649,4535 2513,4535 2509,4539 2506,4537 2506,4536 2506,4535 2367,4535 2366,4534 2243,4535 2242,4534 2242,4533 2241,4532 2241,4531 2241,4531 2052,4531 2051,4532 2051,4533 2049,4535 1967,4535 1965,4534 1965,4532 1965,4531 1939,4531 1938,4530 1791,4531 1789,4532 1789,4533 1788,4535 1772,4535 1770,4533 1770,4532 1769,4531 1569,4531 1567,4533 1567,4534 1566,4535 1495,4535 1493,4537 1493,4538 1492,4539 1491,4539 1490,4539 1489,4538 1489,4537 1488,4535 1450,4535 1449,4534 1128,4535 1126,4537 1126,4538 1125,4539 1120,4539 1118,4541 1118,4542 1117,4543 1105,4543 1103,4542 1103,4541 1102,4539 1101,4539 1099,4538 1099,4537 1098,4535 952,4536 951,4536 951,4544 949,4547 948,4547 947,4547 947,4556 946,4558 945,4558 943,4559 943,4560 942,4562 941,4562 939,4563 939,4564 938,4566 937,4566 935,4567 935,4568 934,4570 933,4570 931,4571 931,4572 930,4574 921,4574 920,4574 920,4575 918,4578 910,4578 908,4576 908,4575 908,4575 907,4574 906,4574 904,4572 904,4543 904,4543 749,4543 748,4544 748,4599 748,4599"/><TextEquiv index="1"><Unicode>“j'ai, à l'aurore de ma vie! Voilà le</Unicode></TextEquiv></TextLine><TextLine id="r0_l022"><Coords points="2544,4781 2543,4780 2542,4780 2542,4780 2542,4779 2540,4777 2516,4777 2515,4776 2515,4775 2514,4774 2514,4727 2513,4726 2406,4726 2405,4725 1048,4728 1046,4730 1005,4730 1005,4731 1005,4782 1004,4782 986,4783 986,4782 986,4738 985,4738 640,4738 639,4737 639,4736 637,4734 632,4734 631,4733 631,4730 630,4729 437,4730 436,4728 436,4727 434,4726 433,4726 432,4724 432,4719 430,4718 429,4718 428,4716 428,4711 429,4710 431,4710 432,4709 432,4672 433,4671 434,4671 436,4669 436,4668 437,4667 477,4667 479,4665 478,4664 479,4664 480,4664 481,4663 635,4662 635,4662 635,4661 636,4660 637,4660 639,4658 639,4657 640,4656 645,4656 647,4654 647,4653 648,4652 724,4652 724,4652 724,4635 725,4634 725,4633 726,4632 728,4632 728,4632 728,4627 730,4625 730,4624 380,4625 377,4622 380,4620 381,4620 381,4619 381,4618 383,4617 732,4616 732,4616 732,4615 734,4613 735,4613 736,4612 736,4603 738,4601 739,4601 741,4599 818,4599 820,4597 1321,4596 1321,4595 1321,4594 1323,4593 1328,4593 1329,4591 1329,4590 1331,4589 1344,4589 1344,4588 1344,4587 1347,4585 1350,4585 1351,4586 1352,4586 1353,4587 2119,4585 2121,4588 2121,4589 2122,4589 2123,4589 2124,4590 2525,4589 2526,4590 2655,4590 2655,4590 2655,4591 2657,4593 2661,4593 2663,4595 2663,4644 2664,4645 2962,4644 2963,4645 3438,4644 3439,4646 3439,4647 3441,4648 3458,4648 3458,4649 3458,4650 3464,4656 3464,4657 3472,4664 3473,4664 3474,4665 3474,4670 3476,4672 3477,4672 3478,4673 3478,4709 3475,4711 3474,4711 3474,4712 3474,4713 3472,4714 3471,4714 3470,4716 3470,4721 3468,4722 3467,4722 3467,4723 3466,4724 3466,4725 3464,4726 3463,4726 3463,4727 3462,4728 3462,4729 3460,4730 3455,4730 3455,4731 3455,4732 3452,4734 3436,4734 3435,4736 3435,4737 3433,4738 3298,4738 3298,4739 3298,4772 3296,4773 3295,4773 3295,4774 3295,4775 3292,4777 3275,4778 3275,4778 3275,4779 3274,4780"/><TextEquiv index="1"><Unicode>“réſultat de toutes les eſpérances que</Unicode></TextEquiv></TextLine><TextLine id="r0_l023"><Coords points="3448,4977 3447,4977 3447,4960 3447,4959 1429,4964 1426,4961 1426,4957 1425,4956 1424,4956 1423,4955 637,4956 634,4954 634,4953 634,4952 633,4952 631,4951 631,4944 631,4943 398,4944 397,4943 397,4925 398,4925 428,4925 428,4924 428,4902 430,4901 431,4901 432,4899 432,4855 432,4855 433,4855 436,4852 436,4851 436,4851 453,4851 455,4849 455,4848 456,4847 641,4846 642,4846 642,4815 643,4814 643,4813 643,4812 644,4812 646,4811 646,4808 645,4807 312,4808 311,4806 311,4805 309,4804 308,4804 307,4802 307,4801 305,4800 304,4800 304,4799 303,4798 303,4797 301,4796 296,4796 295,4795 295,4794 296,4792 981,4791 982,4790 982,4789 983,4788 984,4788 986,4786 986,4783 986,4783 1821,4781 1822,4780 1876,4780 1879,4782 1879,4783 1879,4784 1880,4784 1882,4786 2645,4784 2646,4785 2929,4784 2933,4788 3019,4788 3022,4791 3022,4792 3022,4792 3183,4792 3186,4794 3186,4795 3186,4796 3187,4796 3189,4797 3189,4843 3189,4844 3406,4843 3408,4845 3408,4870 3408,4870 3476,4870 3478,4872 3478,4873 3479,4874 3480,4874 3482,4876 3482,4888 3476,4894 3459,4894 3458,4895 3458,4977 3458,4977"/><TextEquiv index="1"><Unicode>“j'avois conçues. La mort! Je fais hor-</Unicode></TextEquiv></TextLine><TextLine id="r0_l024"><Coords points="3155,5172 3155,5171 3155,5166 3154,5166 959,5171 959,5171 959,5173 958,5174 942,5174 942,5173 942,5124 941,5124 644,5124 641,5122 641,5117 639,5115 639,5108 639,5107 445,5108 444,5107 444,5106 438,5100 437,5100 436,5099 436,5059 434,5057 433,5057 432,5056 432,5054 434,5053 435,5053 436,5051 436,5046 437,5046 642,5045 642,5045 642,5041 643,5040 643,5039 644,5038 645,5038 647,5036 647,5035 648,5034 657,5034 658,5033 658,5032 660,5030 895,5030 896,5028 896,5027 898,5026 1305,5025 1305,5024 1305,5005 1306,5004 1306,5003 1307,5003 1308,5003 1309,5001 1309,4993 1313,4989 1313,4981 1317,4977 1317,4976 1318,4976 1672,4975 1672,4975 1672,4974 1673,4973 1674,4972 1675,4972 1676,4971 1681,4971 1682,4972 1683,4972 1684,4973 1684,4974 1685,4975 1686,4975 1688,4977 2415,4975 2416,4976 2417,4976 2417,4977 2417,4979 2418,4979 3458,4977 3460,4979 3465,4979 3466,4981 3466,4982 3468,4983 3469,4983 3470,4985 3470,5041 3472,5042 3473,5042 3474,5044 3474,5045 3475,5045 3476,5045 3478,5048 3478,5053 3479,5053 3480,5053 3482,5056 3482,5095 3480,5097 3479,5097 3478,5098 3478,5103 3477,5104 3476,5104 3474,5106 3474,5107 3473,5108 3468,5108 3466,5110 3466,5111 3465,5112 3449,5112 3447,5114 3446,5114 3445,5115 3445,5116 3445,5116 3165,5117 3164,5117 3165,5171 3164,5172"/><TextEquiv index="1"><Unicode>“reur, même à ceux qui m'ont donné</Unicode></TextEquiv></TextLine><TextLine id="r0_l025"><Coords points="2207,5365 2206,5364 2206,5307 2205,5307 2105,5307 2105,5308 2105,5357 2104,5358 2103,5358 2101,5360 2101,5361 2101,5361 2100,5361 2099,5362 2073,5362 2072,5361 2071,5361 2070,5361 2070,5360 2069,5358 2061,5358 2058,5356 2058,5307 2057,5306 1779,5307 1777,5309 1777,5310 1776,5311 1743,5311 1743,5310 1743,5309 1740,5307 1399,5308 1399,5308 1399,5309 1397,5311 1381,5311 1379,5308 1379,5307 1378,5307 1088,5307 1087,5309 1087,5310 1085,5311 1018,5311 1017,5310 648,5311 642,5305 642,5303 641,5302 456,5303 456,5303 456,5304 453,5307 445,5307 437,5299 436,5299 436,5298 436,5296 437,5295 438,5295 440,5293 440,5253 441,5252 442,5252 444,5250 444,5249 444,5249 445,5249 448,5246 448,5245 448,5245 449,5245 450,5244 493,5244 494,5243 494,5242 495,5241 645,5240 646,5240 646,5185 648,5182 649,5182 650,5182 650,5181 652,5178 656,5178 660,5174 671,5174 674,5177 674,5229 674,5229 934,5229 935,5228 935,5183 936,5182 937,5182 939,5180 939,5175 939,5175 940,5175 941,5174 960,5174 962,5175 962,5184 963,5186 964,5186 966,5187 966,5225 966,5226 1183,5225 1185,5224 1185,5211 1185,5210 1186,5210 1189,5208 1189,5207 1189,5206 1190,5206 1192,5205 1192,5204 1193,5202 1194,5202 1196,5201 1196,5196 1197,5194 1198,5194 1199,5194 1200,5193 1200,5192 1201,5190 1206,5190 1208,5189 1208,5188 1209,5186 1214,5186 1216,5185 1216,5184 1217,5182 1222,5182 1224,5180 1224,5179 1225,5178 1230,5178 1231,5177 1231,5176 1233,5174 1261,5174 1262,5173 1262,5172 1264,5170 1267,5172 1267,5173 1267,5174 1334,5174 1335,5175 1486,5174 1489,5177 1489,5178 1489,5178 1494,5178 1497,5181 1497,5182 1497,5182 1498,5182 1501,5185 1501,5197 1502,5198 1503,5198 1504,5199 1504,5225 1504,5225 1889,5225 1890,5224 1890,5223 1892,5221 1900,5221 1902,5223 2082,5222 2083,5221 2162,5221 2163,5220 2163,5173 2164,5172 2164,5171 2165,5170 2168,5170 2169,5171 2170,5171 2171,5171 2171,5172 2172,5174 2177,5174 2179,5175 2179,5180 2180,5182 2181,5182 2183,5183 2183,5184 2184,5186 2185,5186 2187,5187 2187,5192 2188,5194 2189,5194 2191,5195 2191,5200 2192,5202 2193,5202 2195,5203 2195,5204 2195,5205 2196,5205 2199,5207 2199,5208 2199,5209 2200,5209 2203,5211 2203,5220 2203,5221 2337,5221 2338,5222 2654,5221 2655,5220 2655,5171 2655,5171 2656,5171 2659,5168 2659,5167 2659,5167 2669,5167 2671,5168 2671,5169 2671,5170 2675,5170 2676,5171 2677,5171 2678,5171 2678,5224 2678,5225 2809,5225 2810,5226 3063,5225 3064,5224 3064,5176 3066,5174 3067,5174 3068,5173 3068,5172 3070,5170 3089,5170 3090,5171 3207,5171 3209,5172 3209,5173 3209,5174 3210,5174 3213,5176 3213,5225 3213,5226 3417,5225 3420,5228 3420,5229 3420,5229 3421,5229 3423,5231 3423,5252 3423,5252 3479,5252 3482,5255 3482,5256 3482,5256 3483,5256 3486,5259 3486,5260 3486,5260 3487,5260 3490,5263 3490,5274 3487,5276 3486,5276 3486,5277 3486,5278 3483,5280 3478,5280 3478,5281 3478,5282 3471,5288 3412,5288 3412,5289 3412,5309 3411,5310 3411,5311 3410,5311 3397,5311 3396,5310 3081,5311 3080,5309 3080,5307 3079,5307 2874,5307 2873,5306 2816,5307 2815,5305 2815,5304 2813,5303 2629,5303 2627,5305 2627,5306 2626,5307 2550,5307 2550,5308 2550,5356 2548,5358 2524,5358 2522,5360 2522,5361 2521,5362 2509,5362 2507,5361 2507,5360 2506,5358 2505,5358 2503,5357 2503,5308 2502,5307 2331,5308 2331,5308 2331,5309 2329,5311 2321,5311 2319,5308 2319,5307 2318,5307 2211,5307 2211,5307 2211,5364 2211,5365"/><TextEquiv index="1"><Unicode>“la vie. C'eſt mon père qui va débar-</Unicode></TextEquiv></TextLine><TextLine id="r0_l026"><Coords points="2783,5561 2782,5560 2782,5502 2782,5502 2637,5502 2636,5502 2636,5503 2634,5506 2407,5506 2406,5507 2406,5508 2404,5510 2399,5510 2398,5511 2398,5512 2396,5514 2388,5514 2386,5513 2386,5512 2385,5510 2372,5510 2371,5510 2371,5509 2368,5505 2255,5506 2253,5504 2253,5503 2252,5502 1841,5503 1840,5503 1840,5504 1839,5506 1768,5506 1766,5504 1766,5503 1765,5502 1507,5502 1506,5503 1506,5561 1506,5561 1500,5561 1499,5561 1499,5503 1499,5502 1396,5503 1395,5503 1395,5504 1394,5506 1319,5506 1317,5504 1317,5503 1316,5502 940,5503 939,5503 939,5504 938,5506 652,5506 651,5506 651,5505 649,5502 648,5502 647,5502 647,5501 645,5498 644,5498 643,5497 461,5498 459,5499 459,5500 458,5502 449,5502 448,5501 448,5500 438,5490 437,5490 436,5489 436,5483 437,5483 438,5483 439,5482 440,5482 440,5481 440,5452 442,5451 443,5451 444,5449 444,5448 446,5447 447,5447 447,5446 447,5442 448,5441 448,5440 449,5440 450,5440 451,5439 490,5439 490,5438 490,5437 492,5436 646,5435 646,5435 646,5434 648,5432 649,5432 650,5431 650,5430 652,5428 657,5428 658,5427 658,5426 660,5424 665,5424 666,5423 666,5422 668,5420 802,5420 802,5419 802,5414 805,5412 806,5412 806,5411 806,5402 809,5400 810,5400 810,5399 810,5394 812,5393 813,5393 814,5391 814,5386 816,5385 817,5385 818,5383 818,5382 820,5381 825,5381 826,5379 826,5378 828,5377 833,5377 834,5375 834,5374 836,5373 868,5373 869,5371 869,5370 871,5369 876,5369 876,5368 876,5367 879,5365 906,5365 908,5367 908,5419 909,5420 1110,5419 1110,5419 1110,5373 1111,5372 1111,5371 1113,5369 1122,5369 1122,5369 1122,5368 1125,5365 1130,5365 1130,5365 1130,5364 1133,5361 1139,5361 1140,5362 1141,5362 1142,5364 1142,5365 1143,5365 1144,5365 1146,5368 1146,5412 1147,5412 1320,5412 1321,5413 1321,5414 1322,5415 1323,5416 1324,5416 1325,5417 1325,5419 1326,5420 1586,5419 1589,5416 1750,5416 1750,5415 1750,5374 1751,5374 1752,5374 1754,5371 1754,5370 1755,5370 1756,5370 1757,5369 1776,5369 1778,5371 1778,5372 1779,5373 1780,5373 1781,5374 1781,5415 1782,5416 1839,5416 1840,5417 1979,5416 1980,5418 1980,5420 1981,5420 2195,5420 2195,5419 2195,5374 2197,5373 2198,5373 2199,5371 2199,5366 2200,5366 2201,5366 2202,5365 2216,5365 2217,5366 2442,5365 2443,5366 2444,5366 2444,5367 2444,5369 2445,5370 2445,5416 2446,5416 2639,5416 2639,5415 2639,5398 2641,5397 2642,5397 2643,5395 2643,5386 2645,5385 2646,5385 2647,5383 2647,5382 2649,5381 2650,5381 2651,5379 2651,5378 2653,5377 2654,5377 2655,5375 2655,5374 2657,5373 2662,5373 2663,5371 2663,5370 2665,5369 2670,5369 2671,5367 2671,5366 2673,5365 2793,5365 2794,5366 2795,5366 2795,5366 2795,5371 2797,5373 2798,5373 2799,5374 2799,5416 2800,5417 2860,5416 2862,5419 2862,5420 2863,5420 3213,5420 3213,5419 3213,5409 3215,5408 3216,5408 3216,5407 3216,5399 3217,5398 3217,5397 3218,5397 3219,5397 3220,5395 3220,5387 3221,5386 3221,5385 3222,5385 3223,5385 3235,5373 3239,5373 3240,5371 3240,5370 3241,5370 3242,5370 3243,5369 3251,5369 3252,5367 3252,5366 3253,5366 3254,5366 3255,5365 3261,5365 3262,5366 3263,5366 3263,5366 3263,5367 3265,5369 3273,5369 3274,5370 3275,5370 3275,5370 3275,5371 3278,5374 3279,5374 3279,5374 3279,5416 3280,5416 3368,5416 3369,5418 3369,5419 3371,5420 3403,5420 3404,5422 3404,5447 3405,5447 3480,5447 3482,5450 3482,5470 3482,5470 3481,5470 3476,5475 3472,5475 3470,5477 3470,5478 3470,5478 3469,5478 3468,5479 3397,5479 3396,5480 3396,5505 3395,5506 3285,5506 3284,5505 2980,5506 2979,5506 2979,5505 2978,5504 2978,5503 2978,5502 2832,5502 2831,5501 2798,5502 2797,5502 2797,5560 2797,5561"/><TextEquiv index="1"><Unicode>“raſſer la terre de moi. Je ſuis un far-</Unicode></TextEquiv></TextLine><TextLine id="r0_l027"><Coords points="2881,5755 2881,5755 2881,5698 2880,5697 2725,5698 2725,5698 2725,5699 2723,5701 2636,5701 2636,5701 2636,5709 2635,5710 2635,5711 2633,5713 2632,5713 2632,5713 2632,5714 2629,5717 2628,5717 2628,5717 2628,5726 2626,5728 2625,5728 2624,5729 2624,5734 2622,5736 2621,5736 2620,5737 2620,5746 2619,5747 2618,5747 2617,5748 2613,5748 2612,5749 2612,5750 2611,5751 2610,5751 2609,5752 2606,5752 2604,5749 2604,5744 2603,5744 2602,5744 2600,5741 2600,5701 2599,5701 2273,5702 2273,5702 2273,5710 2270,5713 2269,5713 2269,5713 2269,5718 2266,5721 2265,5721 2265,5721 2265,5726 2263,5728 2262,5728 2261,5729 2261,5738 2259,5740 2258,5740 2257,5741 2257,5746 2255,5748 2254,5748 2253,5749 2253,5750 2251,5752 2247,5752 2245,5749 2245,5748 2244,5748 2239,5748 2238,5746 2238,5745 2236,5744 2235,5744 2234,5742 2234,5701 2233,5701 2169,5701 2167,5698 2167,5697 2166,5697 1950,5697 1949,5699 1949,5700 1947,5701 1856,5702 1853,5705 1848,5705 1848,5705 1848,5706 1845,5709 1840,5709 1840,5709 1840,5710 1837,5713 1822,5713 1820,5710 1820,5709 1819,5709 1818,5709 1816,5706 1816,5705 1815,5705 1705,5705 1703,5702 1703,5701 1702,5701 1541,5701 1540,5700 1298,5701 1298,5701 1298,5707 1296,5709 1295,5709 1294,5707 1294,5701 1293,5701 1056,5701 1056,5702 1056,5719 1053,5721 1052,5721 1052,5722 1052,5723 1049,5725 1048,5725 1048,5726 1048,5727 1046,5728 1038,5728 1036,5731 1036,5732 1035,5732 1022,5732 1021,5731 1021,5701 1020,5700 914,5701 914,5701 914,5759 913,5760 905,5760 905,5759 905,5701 904,5701 659,5701 658,5700 658,5699 657,5698 656,5697 655,5697 654,5696 654,5695 652,5693 651,5693 650,5692 650,5689 649,5688 440,5689 440,5688 440,5682 441,5681 442,5681 444,5679 444,5635 444,5635 445,5635 448,5632 448,5631 448,5631 496,5631 498,5629 498,5628 499,5627 669,5626 670,5626 670,5625 671,5623 683,5623 686,5621 685,5571 686,5570 686,5569 687,5568 693,5568 693,5568 693,5567 696,5564 715,5564 717,5567 717,5568 718,5568 719,5568 721,5571 722,5615 722,5615 781,5615 783,5616 783,5617 784,5619 1125,5618 1126,5618 1126,5617 1127,5615 1374,5615 1376,5613 1376,5592 1376,5592 1377,5592 1380,5589 1380,5584 1380,5584 1381,5584 1387,5578 1388,5578 1398,5568 1410,5568 1411,5566 1411,5565 1413,5564 1497,5563 1497,5563 1497,5562 1498,5561 1508,5561 1508,5562 1508,5563 1510,5564 1511,5564 1512,5566 1513,5619 1513,5619 1824,5619 1825,5618 1824,5569 1826,5568 1827,5568 1831,5564 1889,5564 1891,5566 1892,5615 1892,5616 2068,5615 2070,5617 2070,5618 2071,5619 2194,5619 2195,5618 2194,5576 2195,5575 2195,5573 2197,5572 2198,5572 2198,5571 2199,5570 2199,5569 2201,5568 2213,5568 2214,5569 2214,5570 2216,5572 2221,5572 2222,5573 2223,5579 2223,5580 2224,5580 2226,5581 2226,5618 2226,5619 2404,5618 2406,5617 2406,5616 2406,5615 2493,5615 2495,5617 2495,5618 2496,5619 2770,5619 2772,5617 2772,5616 2773,5615 2775,5615 2776,5614 2775,5575 2776,5574 2776,5565 2777,5565 2778,5565 2780,5562 2780,5561 2781,5561 2799,5561 2799,5561 2799,5566 2801,5568 2802,5568 2803,5569 2804,5611 2804,5612 2856,5611 2857,5612 2857,5613 2859,5615 3017,5615 3018,5615 3017,5577 3018,5576 3020,5576 3020,5576 3020,5575 3021,5574 3022,5574 3022,5574 3022,5570 3024,5568 3025,5568 3025,5568 3025,5567 3028,5564 3036,5564 3037,5566 3037,5567 3039,5568 3044,5568 3045,5570 3046,5619 3046,5619 3239,5619 3240,5618 3240,5604 3241,5603 3242,5603 3244,5601 3244,5592 3244,5592 3245,5592 3252,5585 3251,5574 3252,5573 3252,5565 3254,5564 3266,5564 3267,5565 3267,5566 3268,5567 3269,5568 3270,5568 3271,5569 3272,5622 3272,5623 3273,5623 3275,5624 3275,5629 3275,5630 3276,5630 3279,5632 3279,5633 3279,5634 3280,5633 3283,5636 3283,5666 3283,5666 3441,5666 3442,5666 3442,5665 3443,5664 3443,5609 3444,5607 3445,5607 3447,5606 3447,5605 3448,5603 3456,5603 3458,5605 3458,5606 3459,5607 3476,5607 3478,5609 3478,5630 3477,5630 3476,5630 3475,5631 3471,5631 3470,5630 3470,5625 3468,5623 3467,5623 3466,5622 3466,5623 3466,5700 3464,5701 3463,5701 3462,5703 3462,5704 3460,5705 3397,5705 3396,5704 3396,5703 3394,5701 3307,5701 3306,5700 2952,5701 2952,5701 2952,5700 2949,5697 2889,5697 2889,5698 2889,5755 2888,5755"/><TextEquiv index="1"><Unicode>“deau, un fléau. Je m'y croyois aimé....</Unicode></TextEquiv></TextLine><TextLine id="r0_l028"><Coords points="2441,5957 2440,5957 2440,5901 2440,5900 2392,5900 2391,5899 2193,5900 2191,5898 2191,5897 2190,5896 1826,5897 1823,5900 1822,5900 1820,5898 1820,5897 1819,5896 1453,5896 1452,5895 1218,5896 1216,5898 1216,5899 1215,5900 1147,5900 1146,5901 1146,5922 1145,5923 1144,5923 1142,5925 1142,5930 1141,5931 1140,5931 1138,5933 1138,5934 1137,5935 1136,5935 1134,5937 1134,5942 1134,5942 1133,5942 1130,5945 1130,5946 1130,5946 1129,5946 1128,5947 1121,5947 1118,5945 1118,5944 1118,5943 1117,5943 1114,5941 1114,5931 1114,5930 980,5931 978,5929 978,5928 977,5927 976,5927 974,5925 974,5896 974,5896 691,5896 690,5896 690,5895 688,5892 686,5892 685,5893 685,5956 685,5956 675,5956 674,5956 674,5884 674,5883 465,5884 463,5882 463,5881 462,5880 461,5880 459,5878 459,5877 459,5877 458,5877 455,5874 458,5872 459,5872 459,5871 459,5835 462,5833 463,5833 463,5832 463,5831 466,5829 467,5829 467,5828 467,5827 469,5826 508,5826 509,5825 510,5825 510,5824 510,5823 512,5822 646,5821 646,5821 646,5813 650,5809 650,5801 652,5798 653,5798 654,5798 654,5793 656,5790 657,5790 658,5790 658,5789 660,5786 661,5786 662,5786 662,5785 663,5783 664,5783 666,5782 666,5781 667,5779 668,5779 670,5778 670,5777 671,5775 672,5775 673,5775 673,5774 675,5771 676,5771 677,5771 677,5770 679,5767 688,5767 689,5767 689,5766 691,5763 703,5763 705,5762 705,5761 706,5759 722,5759 723,5760 914,5760 916,5761 916,5762 916,5763 917,5763 919,5764 919,5768 920,5769 920,5770 920,5771 922,5771 923,5771 923,5867 924,5868 1118,5867 1118,5867 1118,5824 1120,5822 1126,5822 1126,5822 1126,5781 1127,5779 1128,5779 1130,5778 1130,5777 1131,5775 1148,5775 1149,5776 1149,5777 1151,5779 1152,5779 1153,5780 1153,5781 1154,5782 1154,5810 1155,5810 1344,5810 1344,5809 1344,5804 1346,5802 1347,5802 1348,5801 1348,5800 1350,5798 1351,5798 1352,5797 1352,5788 1353,5787 1354,5787 1356,5785 1356,5780 1357,5779 1358,5779 1360,5777 1360,5772 1361,5771 1362,5771 1364,5769 1364,5768 1365,5767 1370,5767 1372,5765 1372,5764 1373,5763 1374,5763 1375,5762 1376,5761 1376,5760 1377,5759 1386,5759 1387,5758 1387,5757 1389,5755 1392,5755 1393,5756 1394,5756 1395,5756 1395,5757 1396,5759 1404,5759 1405,5760 1502,5759 1505,5762 1505,5763 1505,5763 1506,5763 1508,5765 1508,5812 1511,5814 1714,5814 1715,5812 1715,5811 1717,5810 1718,5810 1719,5811 1719,5812 1721,5814 1722,5814 1723,5815 1723,5817 1724,5818 1929,5817 1929,5817 1929,5798 1930,5797 1930,5796 1931,5794 1932,5794 1933,5794 1933,5786 1934,5785 1934,5784 1934,5783 1935,5783 1938,5781 1938,5780 1938,5779 1939,5779 1941,5778 1941,5777 1942,5775 1943,5775 1945,5774 1945,5773 1946,5771 1947,5771 1949,5770 1949,5769 1950,5767 1951,5767 1953,5766 1953,5765 1954,5763 1963,5763 1965,5762 1965,5761 1966,5759 2060,5759 2062,5761 2062,5814 2063,5814 2225,5814 2226,5815 2226,5816 2228,5818 2229,5818 2230,5819 2230,5820 2232,5822 2233,5822 2234,5823 2234,5864 2235,5865 2390,5864 2390,5864 2390,5769 2391,5767 2392,5767 2394,5766 2394,5765 2395,5763 2403,5763 2405,5765 2405,5766 2406,5767 2587,5767 2589,5766 2589,5761 2590,5759 2743,5759 2745,5757 2745,5756 2745,5756 2746,5756 2747,5755 2753,5755 2754,5756 3058,5755 3061,5757 3061,5758 3061,5759 3062,5759 3064,5760 3064,5761 3065,5762 3065,5813 3066,5814 3310,5813 3310,5813 3310,5804 3310,5803 3311,5803 3314,5801 3314,5796 3314,5795 3315,5795 3316,5794 3317,5794 3318,5794 3318,5789 3320,5786 3321,5786 3322,5786 3322,5781 3323,5779 3324,5779 3325,5779 3325,5778 3327,5775 3328,5775 3329,5775 3329,5774 3331,5771 3336,5771 3337,5771 3337,5770 3339,5767 3363,5767 3364,5768 3364,5769 3365,5770 3370,5775 3371,5775 3372,5776 3372,5777 3373,5778 3373,5782 3374,5783 3375,5783 3376,5784 3376,5785 3377,5786 3377,5810 3378,5810 3446,5810 3446,5811 3446,5812 3449,5814 3457,5814 3474,5832 3474,5836 3477,5838 3478,5838 3478,5839 3478,5848 3477,5849 3476,5849 3474,5851 3474,5887 3473,5888 3472,5888 3471,5889 3470,5890 3470,5891 3469,5892 3468,5892 3467,5893 3467,5954 3467,5954 3455,5954 3454,5954 3454,5900 3454,5899 3453,5900 3375,5900 3374,5899 3071,5900 3068,5897 3068,5896 3068,5896 2992,5896 2991,5895 2567,5896 2565,5898 2565,5899 2564,5900 2449,5900 2448,5901 2448,5957 2448,5957"/><TextEquiv index="1"><Unicode>“Oui, je ſuis un fléau. J'ai été funeſte</Unicode></TextEquiv></TextLine><TextLine id="r0_l029"><Coords points="2519,6151 2519,6151 2519,6092 2518,6091 2292,6092 2292,6092 2292,6109 2291,6110 2290,6110 2288,6112 2288,6120 2285,6123 2285,6127 2282,6130 2281,6130 2281,6130 2281,6131 2278,6134 2277,6134 2277,6134 2277,6139 2274,6142 2269,6142 2269,6142 2269,6144 2268,6145 2265,6145 2265,6144 2265,6143 2264,6143 2262,6141 2261,6141 2261,6140 2261,6099 2260,6099 1980,6099 1980,6100 1980,6141 1978,6142 1973,6142 1973,6143 1973,6144 1971,6145 1969,6145 1968,6144 1968,6143 1967,6142 1939,6142 1937,6140 1937,6095 1936,6094 1614,6095 1614,6096 1614,6097 1613,6098 1613,6099 1612,6099 1563,6099 1563,6100 1563,6113 1560,6115 1559,6115 1559,6116 1559,6129 1557,6130 1556,6130 1555,6131 1555,6132 1555,6133 1553,6134 1552,6134 1551,6136 1551,6137 1549,6138 1540,6138 1540,6139 1540,6140 1537,6142 1532,6142 1532,6143 1532,6144 1529,6146 1521,6146 1520,6148 1520,6149 1519,6149 1516,6149 1516,6149 1516,6147 1515,6146 1499,6146 1498,6145 1497,6145 1497,6145 1497,6144 1495,6142 1494,6142 1493,6141 1493,6140 1491,6138 1490,6138 1489,6137 1489,6128 1487,6126 1486,6126 1485,6125 1485,6095 1484,6094 1034,6095 1032,6093 1032,6092 1031,6091 995,6091 994,6090 706,6091 705,6090 705,6089 703,6087 655,6087 654,6086 654,6085 652,6083 651,6083 650,6082 650,6079 649,6078 475,6079 475,6079 475,6081 473,6083 350,6083 350,6083 350,6093 348,6095 343,6095 343,6094 343,6093 340,6091 339,6091 339,6090 339,6089 338,6088 338,6081 342,6077 342,6072 342,6072 343,6072 344,6071 446,6071 447,6070 447,6069 447,6069 449,6067 450,6067 451,6066 450,6038 451,6037 451,6030 454,6028 463,6028 463,6027 463,6026 465,6025 466,6025 467,6024 498,6024 498,6023 498,6022 500,6021 662,6020 662,6020 662,6019 664,6017 669,6017 670,6016 670,5960 672,5958 673,5958 675,5956 686,5956 686,5957 686,5958 687,5958 688,5958 689,5960 689,5961 691,5962 692,5962 693,5964 693,5973 695,5974 696,5974 697,5976 697,5984 700,5986 701,5986 701,5987 701,5992 704,5994 705,5994 705,5995 705,6005 706,6005 860,6005 861,6006 861,6008 862,6009 994,6008 995,6009 1212,6009 1212,6009 1212,5964 1214,5962 1219,5962 1220,5960 1220,5959 1222,5958 1231,5958 1231,5957 1231,5956 1234,5954 1236,5956 1236,5957 1237,5958 1238,5958 1239,5959 1239,6008 1240,6009 1371,6009 1372,6010 1372,6011 1374,6013 1379,6013 1380,6014 1925,6012 1928,6009 2269,6009 2269,6008 2269,5982 2270,5982 2271,5982 2281,5971 2281,5970 2282,5970 2316,5970 2316,5969 2316,5967 2318,5966 2319,5966 2319,5965 2319,5964 2322,5962 2436,5961 2439,5958 2440,5958 2441,5957 2449,5957 2450,5958 2451,5958 2452,5960 2452,5961 2454,5962 2455,5962 2456,5964 2456,6008 2458,6009 2459,6009 2460,6011 2460,6013 2461,6013 2771,6013 2772,6011 2772,6010 2774,6009 2810,6009 2811,6010 2876,6009 2878,6012 2878,6013 2879,6013 3079,6013 3080,6014 3080,6015 3081,6016 3082,6017 3083,6017 3084,6018 3084,6023 3085,6024 3086,6024 3088,6026 3089,6062 3089,6063 3244,6063 3245,6062 3244,5963 3246,5962 3247,5962 3248,5960 3248,5959 3250,5958 3450,5957 3453,5954 3476,5954 3484,5962 3485,5962 3486,5964 3486,5965 3485,5966 3486,6086 3484,6087 3483,6087 3482,6089 3482,6094 3480,6095 3275,6096 3275,6096 3275,6097 3273,6099 3272,6099 3271,6100 3271,6100 3271,6101 3269,6103 3252,6103 3252,6103 3252,6104 3250,6106 3248,6106 3248,6105 3248,6104 3246,6103 3242,6103 3241,6102 3240,6102 3240,6101 3240,6100 3238,6099 3237,6098 3236,6098 3235,6097 3064,6097 3062,6099 3060,6096 3060,6095 3059,6095 3003,6095 3002,6094 3002,6093 3000,6091 2855,6091 2854,6090 2534,6091 2534,6092 2534,6151 2533,6151"/><TextEquiv index="1"><Unicode>“à tous les gens que j'ai connus. J'ai</Unicode></TextEquiv></TextLine><TextLine id="r0_l030"><Coords points="2894,6348 2893,6348 2893,6347 2892,6345 2891,6344 2890,6344 2889,6344 2889,6298 2889,6297 2513,6298 2511,6297 2511,6296 2510,6294 2384,6294 2383,6293 2126,6294 2125,6295 2125,6296 2123,6298 1919,6298 1918,6299 1918,6300 1916,6302 1911,6302 1909,6304 1908,6304 1907,6305 1906,6305 1905,6305 1904,6305 1902,6303 1902,6302 1902,6302 1901,6302 1900,6301 1794,6301 1793,6300 1793,6299 1792,6298 1588,6298 1587,6299 1587,6300 1586,6301 1584,6301 1582,6300 1582,6299 1582,6298 1480,6298 1479,6297 1109,6298 1108,6297 891,6298 890,6297 889,6297 888,6296 888,6294 888,6294 774,6294 773,6293 772,6293 771,6292 771,6290 771,6290 672,6290 670,6289 670,6288 669,6286 668,6286 667,6285 437,6286 436,6286 436,6292 436,6293 435,6293 434,6294 430,6294 428,6292 428,6287 430,6286 432,6286 432,6285 432,6271 434,6270 435,6270 436,6268 436,6267 437,6266 439,6266 440,6265 440,6224 440,6224 441,6224 444,6221 444,6220 444,6220 445,6220 448,6217 448,6216 448,6216 653,6215 654,6215 654,6214 655,6212 656,6212 658,6211 658,6210 659,6208 660,6208 662,6207 662,6206 663,6204 664,6204 666,6203 666,6202 667,6200 676,6200 677,6200 677,6199 679,6196 691,6196 693,6198 693,6199 694,6200 875,6200 876,6199 876,6140 877,6139 877,6138 877,6138 891,6138 892,6138 892,6139 893,6141 900,6141 901,6142 902,6142 903,6142 904,6143 904,6144 904,6145 909,6145 912,6147 912,6148 912,6149 929,6149 930,6150 1104,6149 1107,6152 1107,6153 1107,6153 1108,6153 1111,6156 1111,6208 1111,6208 1359,6208 1360,6207 1360,6162 1361,6161 1362,6161 1364,6159 1364,6158 1365,6157 1370,6157 1372,6155 1372,6154 1373,6153 1381,6153 1384,6155 1384,6156 1384,6157 1385,6157 1387,6158 1387,6159 1388,6160 1388,6207 1388,6208 1417,6208 1418,6209 1596,6208 1598,6210 1598,6212 1598,6212 1780,6212 1781,6211 1781,6162 1782,6161 1783,6161 1784,6160 1789,6155 1789,6154 1790,6153 1806,6153 1809,6155 1809,6156 1809,6157 1842,6157 1843,6157 1843,6158 1845,6161 1900,6161 1902,6162 1902,6167 1903,6169 1904,6169 1905,6169 1906,6170 1906,6171 1907,6172 1910,6172 1911,6173 1912,6173 1914,6175 1914,6176 1915,6177 1915,6177 1916,6177 1918,6179 1918,6188 1918,6188 1919,6188 1923,6192 1924,6192 1925,6193 1925,6194 1926,6195 1926,6200 1926,6200 1970,6200 1972,6202 1972,6204 1972,6204 2033,6204 2035,6206 2035,6207 2036,6208 2287,6208 2288,6207 2288,6159 2294,6153 2302,6153 2304,6154 2304,6155 2306,6158 2307,6158 2308,6158 2308,6159 2309,6161 2310,6161 2312,6162 2312,6202 2313,6204 2314,6204 2316,6205 2316,6207 2316,6208 2506,6207 2507,6207 2507,6186 2507,6185 2508,6185 2511,6183 2511,6178 2511,6177 2512,6177 2514,6176 2514,6164 2516,6161 2517,6161 2518,6161 2518,6152 2518,6151 2533,6151 2534,6152 2534,6153 2534,6153 2676,6153 2678,6154 2678,6155 2678,6156 2679,6157 2680,6157 2682,6158 2682,6203 2682,6204 2754,6204 2759,6209 3114,6208 3115,6207 3115,6162 3116,6161 3117,6161 3119,6159 3119,6158 3120,6157 3129,6157 3131,6155 3131,6154 3132,6153 3144,6153 3146,6154 3146,6190 3147,6191 3147,6204 3147,6205 3378,6204 3381,6202 3381,6201 3381,6200 3386,6200 3388,6199 3388,6198 3389,6196 3394,6196 3396,6198 3396,6199 3397,6200 3452,6200 3455,6203 3455,6204 3455,6204 3476,6204 3478,6206 3478,6270 3479,6270 3480,6270 3482,6273 3482,6277 3484,6278 3485,6278 3485,6279 3486,6280 3486,6281 3485,6282 3484,6282 3482,6284 3482,6285 3481,6286 3460,6286 3459,6287 3459,6288 3459,6288 3457,6290 3456,6290 3455,6291 3455,6299 3454,6300 3454,6301 3454,6301 3453,6301 3452,6302 3450,6302 3449,6301 3448,6301 3447,6301 3447,6296 3446,6294 3257,6295 3256,6295 3256,6338 3254,6341 3249,6341 3248,6341 3248,6342 3247,6344 3246,6344 3245,6345 3244,6344 3206,6344 3205,6343 3205,6298 3205,6298 2949,6298 2948,6299 2948,6342 2947,6343 2947,6344 2947,6344 2934,6344 2932,6346 2932,6347 2931,6348"/><TextEquiv index="1"><Unicode>“eu le bonheur d'être aimé de quelques</Unicode></TextEquiv></TextLine></TextRegion></Page></PcGts>