4266 7632
2233 518 2694 702 e
997 749 3939 945 “femmes; mais quelle a été leur ré-
1027 937 3928 1131 “compenſe, de ma part? Ah! oui, je ſuis
1038 1128 3943 1317 “un fléau... Je ſuis bien malheureux!...
1215 1312 3943 1508 Ici l'amertume m'a navré. Je répétois
1013 1505 2552 1662 ce vers de Rouſſeau:
1189 1869 2852 2004 C'étoit bien la peine de naître!
1023 2202 3992 2413 Alors j'ai levé mes regards vers le Dieu
1046 2403 3958 2594 qui m'abandonnoit; mais je n'ai pas en-
1035 2584 3958 2780 core oſé fixer en eſprit cet objet redou-
1042 2772 3962 2960 table. J'ai tourné mes regards d'un autre
1050 2949 3962 3140 côté. „Dois-je me donner la mort, di-
1050 3132 3954 3320 “ſois - je? dois - je attendre qu'elle me
1057 3324 3951 3513 “ſoit donnée par un père?“ Mes yeux
1061 3507 4044 3701 ſe ſont reportés vers l'auteur ſuprême.
1050 3699 3962 3889 Je me ſuis proſterné à genoux. „Mon
1065 3883 3962 4076 “Dieu! me diſois-je, tu ordonnes ma
1057 4074 3966 4256 “mort; mais dois-je me la donner ou
1057 4254 3969 4480 “l'attendre?“ Je repenſois à mes pauvres
1057 4439 3973 4628 victimes, que j'entramnois, avec moi, dans
1057 4622 3962 4811 l'abîme. O Laure! ô ma chère Aurore!
1053 4806 3966 4998 comment ſouffrir ſans vous faire reſſen-
1061 4996 3958 5187 tir le contre - coup de mes ſouffrances?
1053 5182 3958 5374 Je reſtois immobile, anéanti, incapable
1046 5369 3958 5560 de prendre un parti, de faire le moindre
1040 5602 1910 5696 mouvement.
1058 5740 3951 5946 Alors ma porte s'eſt ouverte. J'atten-
1054 5924 3958 6138 dois la mort; mais ce n'étoit point mon
