4266 8508
1770 647 2547 892 a.
350 888 3656 1106 redoutable père qui entroit; c'étoit ma
379 1101 3673 1313 mère plus tendre & plus compatiſſante.
429 1312 3644 1519 „O ciel! que vois-je, s'eſt-elle écriée?
408 1519 3652 1731 “Quoi! le monſtre! c'eſt dans cet affreux
404 1727 3656 1941 “état qu'il a mis ſon fils, ſon fils uni-
404 1936 3644 2142 “que, le fruit de mes entrailles! ah!
124 2141 3656 2354 “barbare! & que veulent dire ces piſ-
400 2349 3656 2569 “tolets?“ -- „Ma mère, lui dis - je,
400 2562 3656 2775 “mon père veut me brûler la cervelle.
408 2767 3660 2930 “Il me donne le choix de mourir de
408 2976 3660 3185 “ma main ou de la ſienne. Il va venir
404 3168 3660 3382 “à l'inſtant même, &, ſi je n'ai pas
408 3368 3656 3552 “terminé mon ſort, il va m'immoler
212 3577 3652 3788 “ſous vos yeux maternels.“ -- „Ah!
429 3786 3656 3998 “le monſtre! s'eſt - elle écriée encore;
408 3998 3656 4208 “mais avec l'expreſſion de la plus grande
408 4203 3652 4391 “horreur.“ Elle friſſonnoit, elle étoit
404 4416 3656 4625 dans des convulſions mortelles. „Ah! mon
103 4621 3664 4829 “fils, s'écrioit-elle, ne te donne pas la
400 4825 3660 5026 “mort, ne te la donne pas dans mes
412 5021 3660 5232 “bras; tu aſſaſſinerois ta mère.“ Elle
408 5226 3639 5441 me ſerroit avec force contre ſon cœur.
103 5435 3664 5653 „Le monſtre, diſoit-elle, ne t'égorgera
99 5648 3669 5862 “pas dans mon ſein. Je te défendrai,
99 5852 3664 6070 “j'appellerai la foudre du ciel à mon
112 6061 3639 6257 “aide; il aura ma vie avant la tienne.“
659 6265 3660 6484 Tout-à-coup mon père entre; ma mère,
416 6478 3644 6691 au lieu de me défendre, s'écrie: „Ah!
425 6687 3664 6921 “barbare“ & tombe évanouie à mes
