4266 8217
197 840 3360 1047 “douloureuſe qu'il ſubit, dans un âge
197 1042 3473 1250 “ſi tendre, expie, à tes yeux, ſes for-
193 1249 3336 1447 “faits, & que je contribue à ſon ſalut,
190 1452 3337 1650 “par ce redoutable ſacrifice, en l'em-
177 1649 2984 1862 “pêchant de t'offenſer d'avantage.“
375 1855 3336 2067 Alors, il eſt revenu à moi, le piſtolet
185 2049 3336 2267 à la main. Dois-je te rendre compte ici
185 2251 3332 2462 d'une abominable idée qui m'eſt venue,
177 2458 3323 2678 dont ſur-le-champ, j'ai frémi d'horreur?
84 2656 3336 2867 Je la confie à toi ſeul, & je te conjure,
100 2870 3344 3073 par toutes les puiſſances du ciel & des
104 3055 3336 3260 enfers, de n'en jamais parler à qui que
108 3242 3332 3450 ce ſoit. J'avois deux piſtolets en ma diſ-
80 3449 3319 3662 poſition; en prévenant mon meurtrier,
169 3650 3311 3845 j'évitois moi-même la mort.... Tu frémis
173 3849 3319 4062 d'horreur toi-même; non, mon ami, je
173 4055 3323 4266 n'ai pas été capable de m'arrêter à cette
177 4249 3319 4464 effroyable idée.... Ce n'eſt pas ma faute
169 4452 3319 4663 ſi elle s'eſt préſentée à mon eſprit. Je
173 4650 3328 4859 me ſuis jugé digne de mort, ſimplement
177 4844 3323 5063 pour avoir eu le malheur de la conce-
177 5046 3328 5251 voir; je me ſuis déterminé à mourir.
173 5244 3323 5462 Du bout du pied, j'ai pouſſé, avec hor-
140 5450 3328 5664 reur, loin de moi, mes malheureux
132 5657 3323 5872 piſtolets. J'ai demandé pardon à mon
177 5862 3320 6057 père, ſans lui avouer mon idée crimi-
181 6061 3323 6272 nelle, dont il ne s'eſt pas apperçu.
209 6263 3319 6475 „Demande pardon à ton Dieu, m'a-
205 6466 3319 6684 “t-il dit.“ J'ai demandé pardon à Dieu.
