4266 7859
297 37 527 110 .
2254 654 2721 850 (2o)
1013 890 3967 1097 Cependant ma mère commençoit à reſ-
1013 1089 3960 1285 pirer. Elle reprenoit l'uſage de ſes ſens.
852 1273 3963 1476 „Ah! malheureux que nous ſommes,
1021 1468 3964 1664 “s'écria mon père! elle va troubler notre
994 1660 3960 1851 “Sacrifice. Hâtons-nous.“ Il tire, le coup
1009 1850 3960 2052 part. Mamère, en s'avançant, le reçoit, &
1009 2046 3960 2243 retombe, en diſant: „ah! je me meurs.“
1009 2234 3971 2431 Mon père éperdu: „Ah! mon Dieu,
1009 2425 3975 2624 “qu'ai-je fait, dit - il?“ & je le vois
1009 2616 3979 2812 tomber lui-même dans un profond éva-
1009 2804 3975 3002 nouiſſement. O moment affreux! mon
1009 2972 3975 3171 ami, mon cher ami, ai - je pu y tenir
1014 3167 1879 3348 moi-même?
1518 3615 4090 3903 Fin de la troiſième Partie
1480 4445 3531 4626 RRA.
1028 4840 3979 5066 Paer s, ligne r6, après ſecond; ajoutez du
1189 5065 2364 5215 ſexe plus heureux.
1036 5214 3573 5387 Pag.2o, lig.26, un peu; liſ. un jour.
1036 5371 3994 5567 Pag., lig.s, Kengſington; liſ. Kingſington.
1036 5530 3424 5693 Pag. o, lig.S, maiſon; liſ. priſon.
1040 5681 3409 5854 Pag. r2o, lig. , paſſer; liſ parler,
