4266 7927
1017 830 4228 1034 comme un petit écolier libertin. Je ſuis
899 1032 4224 1253 ſous la férule & la verge de ces Frères
973 1227 4220 1416 aux grands chapeaux, qu'on nomme
1013 1414 4209 1604 Ignorantins, & qui ſont en poſſeſſion
1018 1605 4206 1792 d'adminiſtrer les remèdes de l'ame, du
1014 1800 3996 1987 même côté que les Apothicaires inſinuent
1013 1993 4190 2181 ceux du corps. On ne m'a pas dit pré-
1021 2180 3995 2374 ciſément où je ſuis; mais j'entrevois que
1013 2370 3991 2558 je ſuis à la porte de Rouen, dans une
1017 2557 4064 2702 maiſon de force connue ſous le nom de
1021 2752 3991 2948 S. Yon. Tu te ſerois attendu qu'un homme
1025 2946 3995 3142 comme moi ne devoit être enfermé qu'à
1025 3133 3991 3301 la Baſtille, à Vincennes, à Pierre-En-
1025 3325 3996 3519 ciſe; en un mot, dans quelque priſon
1026 3519 4072 3699 royale. Hé bien, S. Yon, voilà ma Baſ-
731 3709 4003 3904 tille. C'eſt ainſi qu'on traite un homme
1036 3900 4003 4098 qui a bien mérité de la patrie, qui
830 4090 4006 4289 s'eſt occupé de ſes avantages, qui a
1036 4281 4003 4449 fourni au Gouvernement des lumières,
800 4471 4003 4666 & des projets, dont il fera ſans doute
1032 4662 4010 4855 uſage, en étouffant leur auteur; mais
780 4855 4014 5059 je travaillerai encore pour ce Gouver-
1040 5047 4010 5239 nement ingrat. Je continuerai mes tra-
1044 5238 4010 5425 vaux politiques, &, dans le ſéjour de
1036 5429 4007 5620 la honte & de l'obſcurité, je ferai tout
1032 5619 4003 5818 ce qu'il faudra pour arriver au temple
1036 5810 1902 5997 de la gloire.
1002 6000 4003 6200 Ce qui me tourmente le plus, c'eſt
1006 6191 4003 6405 que je crains, que la pauvre Demoiſelle
