4266 8271
1435 484 1726 666 e
136 709 3229 921 Laure ne ſouffre, dans ſon Couvent,
55 918 3258 1120 pour les fautes que ſeul j'ai commiſes,
136 1124 3258 1330 & ne paſſe pour ma complice, tandis
116 1326 3258 1528 qu'elle n'a été que ma victime. J'ai tou-
128 1535 3262 1732 jours auſſi devant les yeux ma pauvre
128 1729 3261 1890 ſœur. Je crains d'avoir contribué à la
132 1935 3262 2141 mettre au déſeſpoir, & à faire le mal-
128 2136 3262 2330 heur de ſa vie entière. Hélas! je ne vou-
133 2343 3267 2537 lois que faire des heureux, &, comptant
128 2540 3266 2746 ſur le bonheur, pour moi, comme pour
128 2741 3266 2944 les autres, je répétois ſans ceſſe, du
124 2943 3129 3116 fond du cœur, ce vers de oltaire:
258 3371 3130 3533 Je veux que tous les cœurs ſoient heureux de ma joie.
128 3689 3278 3895 Je ſouffre beaucoup de ne pouvoir ré-
124 3894 3270 4092 parer le mal que j'ai fait, ſur- tout à ces
96 4096 3270 4302 deux chères perſonnes; & c'eſt-là ce qui
3 4294 3278 4504 me fait ſentir principalement les rigueurs
132 4499 1282 4701 de la captivité.
317 4705 3568 4912 Je t'écris, mon bon ami, ſans ſavoir
7 4895 3286 5115 ſi ma lettre parviendra jamais juſqu'à
136 5104 3290 5319 toi. C'eſt du moins un plaiſir de m'oc-
128 5314 3290 5523 cupper de mon ami. Je converſois auſſi
124 5512 3290 5714 avec toi; je t'écrivois quand on eſt venu
1 5709 3282 5915 m'arrêter de la part du Roi. Juge de
132 5903 3290 6113 ma ſurpriſe. J'ai cru d'abord qu'il étoit
128 6109 3290 6314 queſtion de quelque choſe de plus ri-
133 6315 3283 6513 goureux que cela. Je me ſuis vu dans ces
2359 6525 2742 6719 A ii
