4266 8181
795 743 4124 1143 pp de e uooe i e eenemepoa
956 1142 4107 1344 eſt enterré vivant dans le ſéjour des
1003 1340 4104 1544 morts. Je croyois que ma gloire naiſſante
1003 1541 4104 1707 m'avoit ſuſcité des envieux, avoit donné
996 1740 4101 1938 de l'ombrage au trône; & cela s'eſt
1003 1937 4092 2137 terminé par me voir enfermé, comme
940 2134 4096 2316 un enfant, dans une miſérable maiſon
999 2336 4131 2542 de correction. Ne puis-je pas me regarder,
995 2534 4100 2728 après une pareille chûte, comme Béli-
991 2727 4096 2925 ſaire demandant l'aumône après ſes
838 2930 4085 3124 triomphes, ou comme l'eunuque Narsès
991 3127 3898 3325 obligé de filer après ſes victoires?
1181 3320 4084 3522 Je ne te peindrai pas mon triſte voyage,
992 3523 4097 3717 auprès d'un Exempt de Police, exacte-
985 3717 4093 3891 ment muet & ſourd, & ſans entrailles
988 3915 4093 4085 comme un rocher du nord. Il a été
984 4115 4076 4316 très-court. On me faiſoit courir en poſte,
980 4312 4084 4507 pour aller dans un endroit où je n'étois
977 4508 4085 4706 pas preſſé de me rendre. Enfin nous ſommes
983 4708 4084 4911 arrivés ſur le port d'une ville bâtie au
980 4902 4084 5108 bord d'une grande rivière, qui ſe trouve
985 5109 4081 5255 couverte de vaiſſeaux. C'eſt ſans doute
983 5305 4084 5500 Rouen. J'ai vu le fleuve remonter en
778 5499 4080 5705 arrière, pouſſé par le flux ou reflux de la
916 5697 4080 5891 mer; on m'a fait traverſer un pont de
981 5896 4065 6094 bateaux qui s'ouvroit dans le moment;
742 6096 4068 6296 enfin, au bout d'un fauxbourg, on m'a
980 6290 4080 6508 fait entrer dans la priſon ignoble, quoi-
