4266 8330
2038 444 2652 656 )
853 687 4080 911 Il a eu le malheur de tomber en de
586 902 4076 1104 mauvaiſes mains, & cela étoit pardon-
907 1104 4071 1313 nable à un jeune adoleſcent, abandonné
902 1307 4063 1525 à lui - même, dans les dangers de la
906 1509 4112 1720 capitale. Voilà l'unique ſource du dé-
902 1719 4072 1926 rangement qu'on peut lui reprocher. Les
910 1919 4088 2130 deux ſujets principaux qui l'ont plongé
910 2128 4075 2307 dans le déſordre, ſont un certain Che-
907 2326 4077 2535 valier Marqué, eſcroc de profeſſion, &
906 2531 4076 2740 une nommée Frédégonde, femme de
906 2734 4072 2946 mauvaiſe vie. Nous avons cru devoir les
865 2942 4080 3153 punir comme ils le méritent; l'un eſt
869 3144 4088 3346 enfermé à Bicêtre pour quelque temps,
909 3343 4084 3545 l'autre à la Salpêtrière. C'eſt à vous dé-
906 3541 4084 3740 ſormais, Monſieur, à veiller plus atten-
918 3743 4083 3947 tivement ſur Monſieur votre fils & ſur
914 3946 4080 4151 ſes liaiſons. Quelques mois de retraite
914 4148 4092 4355 ſuffiront pour le faire rentrer en lui-même,
926 4355 4092 4559 & lui donner le temps de ſentir les in-
926 4556 4085 4757 convéniens de la conduite qu'il a menée
926 4757 4092 4960 juſqu'ici. Nous vous le rendrons quand
780 4963 4093 5163 vous le voudrez; enſuite un bon Gou-
611 5164 4137 5372 verneur, en le dirigeant comme il faut,
934 5370 4214 5783 t lu donner le oneee d ſ ſ iae lai
942 5779 4108 5983 neur, en développant les bonnes quali-
954 5982 4140 6215 tés qu'il peut avoir reçu de la nature.
1149 6184 3237 6372 J'ai l'honneur d'être, &c.
