4266 8545
771 1156 2842 1462 Frédégonde, à Levrette.
678 1625 3771 1821 De la Maiſon Royale de la Salpêtrière-
278 2015 3782 2257 Je m'adreſſe à toi, ma chère petite Le-
270 2241 3503 2457 vrette. C'eſt de la Salpêtrière que je t'écris.
266 2449 3499 2661 Oui, je ſuis renfermée dans cette odieuſe
257 2657 3503 2873 maiſon. Une femme comme moi, qui
90 2870 3503 3093 réuniſſoit, chez elle, ce qu'il y avoit de
240 3082 3487 3295 plus brillant parmi nos jeunes Seigneurs;
253 3287 3499 3496 que font-ils, ces brillans Cavaliers, avec
253 3495 3499 3708 tout leur crédit? Ils ſe laiſſent enlever
245 3690 3495 3915 une femme qui faiſoit leurs délices. Ils
82 3914 3495 4125 la laiſſent traiter ſi indignement. Je ne
132 4120 3499 4337 ſais ce qu'eſt devenu le Chevalier Mar-
240 4332 3491 4544 qué; on le dit enfermé à Bicêtre; encore
240 4537 3753 4963 ſeiu, eii u ee ee ee ee ous
240 4957 3495 5173 pas voir un gredin comme cela. C'eſt
249 5170 3487 5383 pour lui que je ſuis enfermée. C'étoit
249 5370 3491 5583 pour lui que je travaillois. Le ſcélérat,
236 5581 1513 5792 il me le payera.
453 5790 3503 6012 O ciel! être arrêtée au moment où
249 5995 3495 6195 nous avions quinze mille francs à man-
249 6203 3491 6423 ger..... Vois tous nos Marquis, tous nos
245 6411 3587 6634 petits Ducs, tous nos Abbés pimpans, ma
2415 6632 2857 6828 Av
