4266 8325
2293 384 2689 574 i
877 625 4181 841 chère amie; qu'ils ſe remuent tous pour
934 837 4119 1045 me faire ſortir de-là, avant que ma trop
926 1040 4111 1248 ignominieuſe diſgrace ſoit connue du
885 1240 4107 1447 Public; ce ſeroit un ſcandale. Je me
926 1451 4107 1659 recommande à toi, ma chère petite
922 1654 4111 1842 bonne amie. Je connois ton bon cœur;
845 1854 4153 2061 tu ſais tout le bien que je te veux. Je
934 2057 4107 2259 t'embraſſe; ta bonne amie FrénéconDe.
736 2475 4103 2724 i
1170 2890 3847 3117 Le Chevalier Marqué, à Levrette.
1939 3240 4027 3469 Du Château Royal de Bicêtre.
927 3648 4107 3881 Ne ſachant à qui m'adreſſer, j'ai re-
894 3871 4107 4083 cours à toi, ma charmante petite Le-
902 4082 4103 4282 vrette, pour me tirer de l'ignominieuſe
898 4278 4099 4477 priſon où je ſuis renfermé. Aurois - tu
898 4481 4095 4689 cru cela, ma petite? Moi, le Chevalier
894 4688 4091 4897 Marqué, moi, enfermé à Bicêtre avec
894 4896 4091 5104 ce qu'il y a de plus vil parmi les hommes?
898 5098 4087 5291 Comment une idée auſſi inconcevable
886 5293 4225 5504 a-t-elle pu entrer dans la tête de ceux
881 5503 4083 5710 qui ſont chargés du Miniſtère? Qu'une
886 5705 4087 5917 malheureuſe, comme Frédégonde, ſoit
890 5909 4087 6121 enfermée à la Salpêtrière, cela eſt dans
877 6104 4075 6324 l'ordre; car j'apprends, pour ma conſo-
878 6311 4087 6519 lation, qu'elle a ſubi ce traitement,
