4266 8147
1562 452 1921 634 ii
-15 639 3368 904 beaucoup trop doux pour elle. Après les
-15 892 3337 1101 indignes tours qu'elle a joués à tout le
-14 1085 3345 1286 monde; après toutes les jeunes Dames
-14 1282 3471 1496 & Demoiſelles qu'elle a débauchées;
-14 1483 3349 1694 après tous les jeunes Seigneurs qu'elle a
-13 1680 3703 1891 ruinés, elle devoit s'attendre à cent fois
-13 1880 3506 2292 e roſe , , rs n empl ſes ialeae
-12 2278 3353 2507 projets, & je me vois traiter comme
-11 2475 3364 2873 ubbéelle de pelſenronu ui eſſ qui
-11 2851 3364 3074 S. Yon, tandis que moi, ſon Gouver-
-10 3069 3368 3268 neur, je ſuis à Bicêtre! N'eſt ce pas une
-10 3258 3368 3480 indignité? Et les quinze mille francs que
-9 3455 3364 3674 j'avois reçus de ſon père, que ſont-ils
-9 3628 3364 3861 devenus? Vois tous les gens diſtingués
-8 3844 3368 4049 qui s'intéreſſent à moi, ſur leſquels le
-8 4047 3372 4258 nom du Chevalier Marqué peut avoir
-8 4250 3376 4449 quelque poids; remue ciel & terre, ma
-7 4418 3620 4650 bonne amie; tire-moi de cette maudite
-7 4647 3526 4870 galère. A mon retour, je volerai dans
-6 4848 3372 5050 tes bras. Je t'établirai Dame & Reine
-6 5045 3372 5249 de mes penſées; je logerai avec toi, &
-4 5246 3372 5450 je ne ſerai plus déſormais qu'à ma chère
-5 5432 1625 5687 petite Levrette.
2432 6395 2799 6597 A v
