4266 7974
2172 349 2557 528 r
877 568 4046 778 lement; j'ai regardé le perſonnage. Je l'ai
888 772 3893 932 reconnu. Ciel! ô ciel! c'étoit Levrette.
1073 958 3892 1158 J'étois interdit. Le petit Frère fémelle
888 1154 3896 1353 m'a recommandé le ſecret, du coin de
885 1347 3900 1543 l'œil. Je me ſuis contenu. Bientôt on eſt
885 1543 3908 1744 venu appeler le grand Frère. Il s'eſt re-
738 1736 4096 1936 tiré, & nous a laiſſé ſeuls. Alors, la chère
892 1927 4031 2116 Levrette & moi, nous avons volé dans
892 2128 3908 2317 les bras l'un de l'autre, avec une ten-
900 2313 3915 2510 dreſſe, que redoubloit encore la ſingu-
900 2509 2792 2679 larité de notre ſituation.
1101 2701 3924 2880 „Allons, mon ami, dit-elle, met-
904 2897 4266 3093 “tons à profit les momens. Nous n'a-
911 3091 4269 3288 “vons pas un inſtant à perdre. Celui
611 3284 4271 3478 “dont j'ai les habits va arriver, les
635 3471 4272 3672 “reclamer, & me mettre dans le plus
908 3667 4272 3867 “grand embarras. Alors, que devien-
904 3865 3927 4062 “drai-je, quand il va venir, au premier
908 4057 4269 4258 “moment, dire que je ſuis une fille,
900 4254 4269 4446 “que je lui ai volé ſes habits & tout
923 4446 3927 4647 “ce qu'il avoit? Profitons de ſon abſence,
915 4643 4274 4841 “pour t'ouvrir les portes de cette mai-
888 4832 3931 5028 “ſon & décamper. Figure-toi, mon cher
915 5025 4270 5221 “ami, que je venois de Paris, par ce
919 5221 4271 5410 “qu'on appelle les Batelets & les Ma-
927 5417 4276 5612 “zettes. J'ai rencontré, dans la route,
692 5608 4276 5808 “un petit Frère aſſez gentil, à-peu-près
788 5806 4276 6004 “de mon âge, qui venoit auſſi à Rouen.
938 5994 4277 6210 “J'ai dit,“voilà une trouvaille, il faut
