4266 8838
1784 410 2477 616 i
72 661 3741 889 en profiter. „A moitié route, à Bon-
386 880 3746 1106 “nières, nous avons ſoupé, & nous
399 1100 3750 1319 “devions paſſer deux heures ſur un lit,
395 1311 3741 1479 “en attendant la nouvelle Galiotte. J'ai
16 1530 4094 1758 “fait amitié au petit Frère. Je l'ai en-
395 1741 3741 1966 “gagé à ſouper tête-à-tête avec moi.
399 1952 3737 2175 “Je lui ai bien fait expliquer où il
343 2175 3741 2373 “alloit, & comment il devoit être
365 2382 3751 2611 “reçu; enfin j'ai tiré de lui, ſans qu'il
137 2614 3750 2834 “s'en apperçût, tous les renſeignemens,
382 2821 3969 3040 “qui pouvoient me mettre à même de
386 3035 3742 3261 “jouer ſon rôle, en me préſentant ſous
390 3246 3745 3446 “ſes habits. Il m'a montré ſon obédience,
386 3466 3750 3688 “par laquelle il étoit adreſſé à Rouen,
12 3681 3745 3896 “à S. Yon. Il m'a dit qu'il avoit le
180 3896 3741 4120 “ſommeil très - dur, & m'a prié de
8 4111 3745 4336 “l'éveiller quand il faudroit partir. Je
369 4326 3745 4545 “le lui ai promis, & j'ai fait enſorte
373 4545 3732 4760 “qu'il couchât dans ma chambre; ce-
352 4765 3741 4981 “pendant, je lui ai verſé force raſades,
369 4980 3737 5203 “pour ſeconder le penchant qu'il avoit
365 5199 3754 5414 “à dormir profondément. Quand il a
360 5405 3737 5629 “fallu ſe coucher, il ne vouloit pas ſe
365 5623 3745 5856 “déshabiller. Je l'ai engagé à le faire
373 5844 3745 6071 “complettement, en lui en donnant
373 6042 3732 6281 “l'exemple. A peine a-t-il été au lit,
368 6257 3995 6489 “qu'il a ronflé. J'ai bien prié Dieu de
369 6468 3741 6705 “l'aſſoupir doublement. Et je me ſuis
356 6689 3732 6919 “revêtue de ſes habits, en lui laiſſant
