4266 8128
1698 397 2080 581 ier
7 625 3377 844 “vos mains; elle vous diroit, peut-
15 833 3381 1037 “être, pour ſe débarraſſer de vous,
3 1029 3723 1234 “qu'elle ne va point à Evreux, qu'elle
11 1222 3377 1428 “va à Rouen, que ſais-je moi? Pour
3 1422 3381 1624 “ſon bien, il faudroit lui dire, d'un
50 1623 3393 1834 “ton ferme & décidé, que vous ſavez
3 1824 3398 2020 “qu'elle doit aller à Evreux, que vous
7 2018 3597 2221 “êtes chargés de l'y conduire; & que,
27 2213 3405 2411 “ſi elle ne veut pas de bon gré, vous
11 2408 3412 2613 “ſaurez bien la faire marcher par force;
14 2598 3420 2809 “mais il faudroit au moins la laiſſer
3 2799 3424 2998 “dormir tout ſon ſoû; car elle a be-
9 2991 3428 3192 “ſoin de repos. Mes drôles paroiſſoient
8 3188 3441 3394 “enchantés de ma propoſition; ils m'ont
368 3381 3436 3582 “promis d'attendre tranquillement ſon
6 3581 3437 3781 “réveil, & de la mener, malgré elle,
361 3774 3432 3978 “s'il le falloit, à Evreux. Je les ai laiſſés
211 3976 3436 4178 “très - charmés, à ce que je voyois,
368 4171 3444 4372 “d'avoir une petite poulette à conduire
372 4368 3436 4572 “au milieu d'eux. Je ſuis partie, je ſuis
376 4568 3445 4767 “arrivée, & me voilà. J'ai préſenté les
384 4767 3452 4967 “lettres d'obédience. On attendoit un
380 4963 3448 5163 “jeune petit Frère, qu'on n'avoit jamais
384 5158 3460 5361 “vu, on m'a pris pour celui qu'on at-
396 5359 3452 5548 “tendoit; mais quelle en ſera la ſuite?“
569 5548 3460 5721 J'embraſſai, de tout mon cœur, ma
400 5736 3463 5937 chère Levrette, & j'applaudis à ſon heu-
400 5933 3461 6139 reuſe adreſſe. „Cela n'eſt peut-être pas
396 6133 3463 6338 “bien régulier, reprit-elle. Je plains ce
