4266 8192
1788 505 2185 690 C.
84 740 3469 959 mon courage, & toujours diſpoſé à ſe
81 943 3469 1149 ranger du côté de l'opprimé, ſe preſſe
415 1141 3473 1356 autour de moi, & me fait évader par
348 1343 1903 1546 une longue allée.
475 1527 3477 1753 Je remercie mes libérateurs, & je ne
411 1740 3477 1947 ſais plus que devenir. La nuit appro-
177 1938 3477 2136 choit; je me retire dans une Auberge,
403 2136 3481 2347 pour méditer profondément ſur les
388 2334 3282 2533 moyens de ſauver ma petite Levrette.
276 2537 3489 2739 Cependant je vois arriver une jeune
411 2731 3488 2932 fille, aſſez bien miſe, au milieu de cinq
403 2929 3493 3116 ou ſix ſoldats, qui en faiſoient leur jouet.
415 3121 3494 3320 Ils étoient preſque tous ivres. Ils la for-
391 3322 3489 3521 çoient de danſer en rond avec eux. Sa
388 3516 3493 3917 leerteumemt, , u l ll omumleell, la
419 3917 3489 4111 Maréchauſſée parut; ſoudain tous les
415 4119 3493 4321 braves ſoldats diſparurent, &, par reſ-
423 4317 3489 4519 pect, laiſsèrent la place libre aux archers
427 4516 3577 4720 qui interrogèrent la pauvre délaiſſée.
427 4716 3500 4913 Elle leur dit que ces malheureux l'avoient
435 4920 3500 5120 rencontrée ſur la route de Paris à Rouen,
431 5117 3508 5313 à moitié chemin; que là, ils s'étoient
439 5316 3512 5511 emparés d'elle, & que, depuis plus de
439 5507 3512 5712 douze lieues, ils la tourmentoient in-
273 5701 3512 5908 dignement, ſans qu'elle leur eût donné
447 5895 3512 6098 lieu de la traiter ſi injurieuſement. La
443 6094 3512 6312 Maréchauſſée promit de pourſuivre ces
