4266 7971
2099 512 2869 732 .
936 785 4236 963 inſolens, & laiſſa la Demoiſelle dans
935 981 2009 1178 mon Auberge.
1108 1170 4235 1366 Je l'acoſtai. Je la regardai de près. Je
920 1371 3936 1556 crus lui trouver un air hommaſſe, qui ne
915 1562 3935 1759 la rendoit pas fort attrayante. De ſon
919 1751 3931 1957 côté, elle paroiſſoit honteuſe devant
904 1951 3927 2144 moi, & gênée de mes regards. „Mon
905 2145 3936 2338 “Frère, me dit-elle, pourquoi m'exa-
904 2340 3919 2531 “minez - vous?“ -- „Mademoiſelle,
900 2529 4219 2726 “lui répondis-je, j'ai quelques raiſons
758 2725 3915 2918 “pour cela. Je crois que je puis vous
892 2914 3896 3107 “obliger, & je ſais votre hiſtoire.“
892 3106 3919 3304 Il me paroiſſoit viſible que c'étoit le
888 3303 3969 3495 Frère à qui Levrette avoit joué, en ma
888 3492 3946 3696 faveur, un tour pendable. „Ces habits-
877 3688 3900 3881 “là ne vous appartiennent pas, lui dis-
874 3882 3889 4077 “je. Ce ſont ceux d'une Demoiſelle.“
878 4077 3889 4267 -- „J'en conviens, répondit - il; mais
877 4266 3888 4463 “je ne les ai pas volés. On m'a pris les
865 4458 3881 4652 “miens.“ -- „Hé bien, repris - je, je
865 4651 3873 4848 “vous les remettrai.“ -- „Ah! mon
861 4847 4089 5044 “Frère, me dit - il, ne me trahiſſez
854 5040 3865 5236 “pas.“ -- „Je ne ſuis pas Frère, lui
858 5228 3862 5429 “répliquai - je, ce ſont vos habits que
854 5425 3861 5622 “je porte; la Demoiſelle me les a
854 5582 3862 5816 “prêtés, je m'en ſuis ſervi pour m'é-
855 5817 3847 6011 “chapper de S. Yon, où j'étois Pen-
847 6011 3835 6154 “ſionnaire. Racontez moi votre hiſtoire.
