4266 8176
3 600 3331 817 “drez que vous devez en recevoir une,
122 806 3327 1015 “qu'un compagnon de voyage vous a
74 1002 3330 1216 “promis de vous prêter, pour lever
257 1204 3330 1418 “le plan d'une perſpective. Je me dé-
249 1407 3667 1615 “guiſerai juſqu'aux dents, je ferai por-
249 1609 3334 1805 “ter la chambre - noire, à votre Cou-
245 1803 3330 2018 “vent. Vous chercherez la Demoiſelle,
240 2005 3331 2216 “dès que vous ſerez arrivé; vous la
47 2204 3322 2390 “ferez entrer, & vous l'enfermerez dans
62 2405 3335 2612 “la chambre - noire, ſans qu'on s'en
50 2602 3331 2822 “apperçoive. Nous la chargerons ſur les
245 2811 3331 3015 “épaules du Crocheteur; vous aurez
237 3002 3541 3214 “ſoin de me reconduire bien poliment,
249 3207 3342 3409 “juſqu'à la porte, de peur que, ſi je
3 3401 3334 3568 “ſortois ſeul, on ne voulût viſiter la
241 3595 3553 3779 “machine, avant de me mettre dehors.
241 3794 3498 3994 “Ainſi, ma chère Levrette ſera délivrée,
241 4008 3334 4202 “& nous vous aurons la plus grande
245 4200 1368 4404 “obligation.“
443 4412 3441 4608 Le petit Frère approuva mon projet
245 4611 3802 4809 avec tranſport, & me promit de l'exé-
3 4809 3335 5007 cuter au péril de ſa vie. Je lui rendis
245 4995 3334 5206 ſes habits; je pris les ſiens qui étoient
233 5205 3334 5397 ceux de Levrette. Nous nous embraſ-
11 5397 3338 5632 sâmes, & il me quitta pour entrer au
249 5588 948 5737 Couvent.
455 5776 3347 5994 J'allai ſur-le-champ chez un Miroitier.
11 5979 3338 6193 Je me pourvus d'une grande chambre-
3 6185 3342 6407 noire, propre pour mes deſſins. Je me
1232 6358 1478 6459 L
617 6391 1649 6608 Tome Ii.
