4266 7968
1034 575 4279 818 déguiſai de manière qu'on ne pouvoit
1027 781 4279 1031 pas me reconnoître. Pour faire la loi,
746 980 4278 1199 en cas qu'il fallût recourir à la force,
1023 1178 4278 1389 j'engageai deux des ſoldats, conducteurs
1026 1373 4278 1587 du Frère, à venir avec moi, pour me
1035 1568 4277 1804 ſeconder. L'un des deux, déguiſé en
1027 1774 4277 2198 tauue mneddnmna le bra , eur je ſeipmois
1046 2170 1887 2368 de boîter.
1186 2354 4276 2575 Je fus reçu à bras ouverts; on étoit
1038 2568 4275 2771 prévenu. Le Frère Mathématicien, accom-
871 2764 4275 2970 pagné du Supérieur, me fit le plus
1038 2962 4274 3165 gracieux accueil. Je fis voir ma chambre-
1046 3158 4274 3363 noire, que tous les Frères admirèrent.
777 3355 4273 3581 Le mathématicien feignit de deſſiner le
727 3550 2794 3750 trait d'une perſpective.
1248 3737 4273 3955 Cependant je cherchois, de tous mes
720 3950 4272 4350 apérroue le s e ee poen uſe ee
1054 4336 4271 4546 Elle me dit tout bas: „Ces gens ne
715 4534 4271 4740 “veulent rien perdre. Je leur ai enlevé
1065 4732 4270 4961 “un Penſionnaire; ils veulent que je
1069 4931 4270 5144 “le remplace. Ils ont écrit en Cour,
1066 5130 4269 5332 “pour ſavoir ce qu'ils doivent faire. En
1062 5322 4269 5528 “attendant, ils me traitent, comme un
1058 5519 4269 5721 “de leurs priſonniers, ni mieux, ni
1054 5718 4268 5922 “plus mal. J'ai le bonheur qu'ils ne
1058 5918 4268 6121 “m'ont pas reconnue pour une femme.“
1054 6111 4267 6329 -- „Tâche, lui dis - je, ma chère Le-
