4266 8103
2009 377 2655 580 o
998 585 4044 815 “Comme elle a paru joyeuſe de me voir
1018 806 3459 1005 “enfermée auſſi bien qu'elle!“
998 1230 4048 1454 L-
1689 1615 3552 1827 Le Chevalier Marqué,
1491 1995 3509 2194 à Mademoiſelle la Voirie.
1916 2337 3822 2541 Du Château Royal de Bicêtre.
1010 2642 1233 2752 L
846 2752 4047 2939 aon jour, ma chère la Voirie. 1u
990 2958 4048 3166 es une bonne fille, & tu portes là un
990 3157 4051 3360 nom qui ne te convient guères. On t'a
990 3356 4043 3564 nommée ainſi, je crois, parce que ton
717 3547 4043 3763 nom de famille eſt la Voiſerie. Dorénavant
979 3762 4055 3982 je t'apellerai toujours Roſe A-tout-venant,
987 3965 4043 4176 cela eſt plus joli. Quoi qu'il en ſoit, je
983 4164 4043 4364 ne ſais ce qu'eſt devenue la petite Le-
986 4359 4043 4562 vrette. Je l'avois priée de s'intéreſſer à
990 4562 4039 4765 moi, pour me faire rendre ma liberté;
994 4757 4036 4964 car tu dois ſavoir que je ſuis enfermé
994 4954 4031 5169 dans un château royal, qui appartint jadis
991 5162 4032 5359 à François premier, & que je m'y en-
994 5351 4032 5558 nuie beaucoup. Madame Frédégonde eſt
990 5554 4032 5753 logée auſſi, de ſon côté, dans une très-
990 5753 4028 5952 grande maiſon, où l'on exerce, envers les
990 5936 4024 6155 gens, malgré eux, les devoirs de l'hoſ-
