4266 8525
929 708 4167 925 pour ſoutenir ſa bienveillance, & me
654 925 4171 1129 maintenir dans ſon eſtime. Je joins ici
933 1137 4175 1346 la lettre véridique & ſincère que je lui
933 1350 1483 1504 adreſſe.
1158 1554 4175 1771 O ma brave chevalière! ſi je pouvois
942 1775 4188 1959 voir, ſeulement de loin, la maiſon dou-
942 1983 4188 2192 loureuſe que tu habites, je dirois comme
937 2200 2838 2408 un certain petit Poëte,
1146 2546 3909 2704 Maiſon, qui renfermez l'objet de mes amours.
607 2812 4199 3051 Son ami lui diſoit, mettez palais; il
552 3049 4195 3253 reliſoit toujours, maiſon, & l'ami, lui
946 3262 4192 3470 criant toujours de mettre palais, comme
936 3469 4199 3691 un terme plus noble: „Hél comment
941 3686 4199 3899 “veux-tu que je mette palais, s'écria-
949 3895 4195 4095 “t-il? Ma maîtreſſe eſt à l'Hôpital.“
953 4107 4199 4325 Elle le méritoit peut-être; mais l'incom-
961 4315 4199 4545 parable Frédégonde à l'Hôpital! Ah! c'eſt
957 4541 1982 4703 une atrocité.
1383 4896 3696 5088 Lettre du Chevalier Marqué,
1279 5250 4209 5454 à Monſieur de Perlencour père.
970 5745 4195 5966 „J'ai profité, Monſieur, de la retraite
982 5957 4191 6170 de Monſieur votre fils, pour en faire
975 6171 4188 6379 une de mon côté, qui ne durera qu'au-
983 6379 4192 6588 tant que celle du charmant élève confié,
979 6592 4192 6800 par vous, à mes ſoins. Je ſuis dans un
