4266 8098
-15 687 3291 904 château royal, où le Roi a bien voulu
-15 895 3295 1104 m'accorder un appartement. Je me cache
-14 1087 3291 1303 à tous mes amis, pour n'être pas troublé
-14 1295 3295 1483 dans ma ſolitude; daignez donc trouver
-14 1466 3295 1695 bon, Monſieur, que je ne vous nomme
-13 1682 3299 1913 pas le lieu qui me récele pour quelque
-13 1882 3299 2087 temps. Je m'y occupe de Monſieur votre
-12 2059 3295 2282 fils. Je fais des plans pour ſon éducation,
-12 2273 3546 2492 que vous avez ſi noblement ébauchée,
-11 2460 3303 2644 & dont les fruits auroient été ſi bril-
-11 2644 3283 2876 lans, s'il n'avoit pas eu le malheur d'être
-11 2873 669 3083 égaré.
390 3045 3304 3254 On vous a peut - être mandé, Mon-
-10 3192 3291 3458 ſieur, que deux perſonnes, qui paſſent
-9 3451 3291 3681 pour avoir le plus contribué à ſes écarts
-9 3643 3307 3877 précoces, ſon auſſi punies. On m'a nom-
-8 3843 3299 4048 mé une certaine Frédégonde, ſur laquelle
-8 4035 3303 4241 on paroît paſſer condamnation aſſez vo-
-8 4214 3307 4422 lontiers; mais on eſt fâché d'avoir ca-
-7 4412 3307 4634 lomnié le Chevalier Marqué, homme
-6 4627 3304 4824 vraîment honnête, & dont on reconnoît
-6 4824 3299 5030 univerſellement l'innocence & le mérite.
-6 5005 3299 5229 Je ne ſais pas s'il eſt, en effet, renfermé,
-5 5221 3291 5411 comme on le dit. S'il l'eſt, au reſte,
-5 5411 3299 5616 il ne tardera pas à recouvrer ſa liberté;
-5 5608 3299 5800 car on reconnoit, qu'il y a eu de la
-4 5796 3307 6000 mépriſe. Il étoit queſtion d'un autre
-4 5979 3303 6200 homme, qui portoit à - peu - près le
-3 6187 3322 6409 même nom, & qui a eu le bonheur
2548 6399 2842 6553 Bv
