4266 7986
1481 490 1852 658 .
1 715 3211 903 airs! Je ſortirai, avant toi, malheureux;
1 914 3222 1106 & alors j'emploierai tout mon crédit, pour
1 1106 3226 1301 que tu ne revoies pas ſi-tôt les rayons
1 1301 838 1510 du jour.
1 1672 2108 1910 =E
241 2063 3253 2277 Céſar de Perlencour, à Dumoulin.
1301 2434 3172 2602 De la priſon de l'Abbaye.
37 2815 3431 3035 IssTAT d'aimer eſt arrivé pour
49 3014 3244 3206 moi, mon cher ami. J'ai été frappé. J'ai
53 3192 3500 3405 ſenti une commotion, un treſſaillement;
71 3397 3244 3597 j'ai été électriſé. J'avois cru, juſqu'ici,
68 3592 3255 3793 connoître l'amour; j'ignorois ce que c'eſt
60 3783 3240 3983 que cette impérieuſe paſſion. Levrette
76 3979 3248 4178 eſt charmante par ſa jolie petite figure,
75 4173 3263 4370 adorable par ſon ame unique; je tra-
102 4365 3259 4557 verſerois, pour elle, des bûchers en-
98 4553 3301 4757 flammés; mais à préſent, je vois que
102 4755 3259 5138 la 'eatuitſe lae de liſage ed uae
106 5138 3256 5334 Beauté régulière; elle a autant de piquant
137 5329 3248 5532 qu'une jolie femme, avec plus de dignité;
133 5517 3267 5716 elle eſt pêtrie de graces autant que de
156 5701 3608 5902 nobleſſe. Je croyois l'adorer, je l'adorois
156 5899 3275 6116 même, ſi l'on veut; mais je n'avois pas,
163 6091 3305 6352 pour elle, de l'amour. Enfin, ce ſenti-
2457 6298 3134 6490 Bvi
