4266 9195
8 715 3769 951 puis aller me jeter à ſes pieds, lui dé-
12 944 3764 1168 voiler ma paſſion, lui ouvrir mon cœur,
290 1172 3773 1400 ce cœur plein d'elle, qui ne peut reſ-
147 1391 3778 1620 pirer que par elle! Ah! mon ami, quelle
290 1615 3773 1848 ſituation! quel tourment & quelles dé-
286 1835 3778 2072 lices! Je ne vois plus qu'elle dans la
294 2069 3778 2296 nature, je ne rêve plus qu'elle. Je vis
277 2291 3787 2527 plus dans elle que dans moi. Quel eſt
281 2515 3778 2748 donc cet être céleſte qui m'inſpire une
277 2747 3782 3205 eeie l ee pun ni , at de une e
277 3196 3778 3415 toutes les Reines. C'eſt une jeune fille,
268 3415 3782 3649 d'une condition vulgaire, je le répète,
26 3634 3787 3858 d'après le bruit commun; mais il y a sûre-
277 3863 2896 4087 ment là quelque déguiſement.
487 4083 3787 4283 J'ai fait recueillir des informations,
26 4315 3791 4772 anee dela ua poiun f'ane il t at eune
290 4758 3791 4986 Beauté de près & de ſang-froid. Cela eſt
290 4984 3976 5213 trop au-deſſus de lui. Il avoue cependant
290 5215 3800 5441 qu'elle eſt bien gentille. „Elle appartient,
290 5439 3943 5663 “dit-il, à des gens très-honnêtes; mais
21 5663 3787 5886 “peu fortunés.“ Il a parlé d'un homme
290 5886 3791 6106 comme il faut, riche même, qui auroit
282 6100 3783 6323 des deſſeins ſur la Demoiſelle; mais des
286 6321 3778 6562 deſſeins honorables. On lui a répondu qu'on
277 6545 3827 6777 n'aimoit que les gens de ſa propre ſphère,
290 6768 3764 6999 & qu'on ne deſiroit pas de monter dans
286 6992 3939 7238 une plus élevée. Si elle ne veut pas
