4266 8080
916 554 3955 753 monter dans ma ſphère, je deſcendrai
916 753 3994 944 dans la ſienne; ce ſera toujours m'élever
900 947 3946 1150 que d'approcher d'elle. Hâtons-nous de
900 1145 3946 1349 ſortir de cette priſon, pour aller préſenter
599 1348 3681 1540 nos adorations à cette belle perſonne.
1107 1544 3955 1740 Je ſens que cette paſſion va influer
900 1742 3958 1934 ſur mes talents, & me donner plus de
900 1933 3962 2132 ſenſibilité. Mes ouvrages vont être brû-
905 2137 3963 2325 lans. Je ſuis déjà devenu Poëte Erotique.
905 2332 3967 2531 Promethée n'auroit pu m'embrâſer de
908 2530 3954 2733 plus de feux. Apollon, tout entier, n'au-
900 2729 3966 2924 roit pu faire paſſer plus d'enthouſiaſme
909 2925 3967 3120 dans mon ame. Je reçois une nouvelle
912 3127 3965 3319 exiſtence. Je n'avois fait, juſqu'ici, que
911 3318 3962 3517 végéter. Je ſuis à préſent au monde;
908 3513 3966 3700 que dis-je? Je ſuis dans les cieux. Je te
904 3708 3969 3911 quitte pour aller contempler, de ma niche
861 3907 3279 4102 obſcure, la Beauté que j'adore.
1111 4625 3955 4824 Lettre Miniſtérielle, à Monſieur de
1852 4972 3038 5160 Perlencour père.
3077 5304 3744 5425 Verſailles.
915 5591 3981 5832 uisou'it vous plaît, Monſieur, de
916 5826 3973 6025 nous dire du bien d'un homme, juſqu'ici
822 6021 3973 6250 très-ſuſpect, qui ſe nomme le Chevalier
