4266 8067
2311 297 2691 483 .
982 511 4280 744 à cette chère fille, & toutes les raiſons
982 737 4279 938 que j'avois de deſirer ſa délivrance. „Je
803 938 4279 1141 “la connois, m'a dit l'Exempt, c'eſt un
978 1138 4278 1339 “excellent caractère. Je ſais pourquoi
982 1339 4278 1543 “elle eſt enfermée. On n'a pas inten-
982 1515 4277 1759 “tion que ce ſoit pour long-temps. Il
982 1746 4277 1957 “vous ſera facile d'obtenir ſa liberté;
990 1949 4277 2154 “& ce ſera un nouveau plaiſir, pour
990 2148 4276 2356 “tous les deux, qu'elle la tienne de
990 2348 4276 2558 “vous. Allez la voir; en voici la per-
990 2550 4275 2752 “miſſion par écrit. Vous vous concerterez
914 2749 4275 2973 “enſemble, pour dreſſer un placet dont
990 2956 2598 3151 “je me chargerai.“
1205 3150 4274 3366 J'ai remercié de tout mon cœur l'obli-
1002 3350 4273 3564 geant Inſpecteur, & j'ai volé au château
652 3549 4273 3768 malheureux qui renfermoit ma chère
994 3760 4273 3967 Levrette. Je l'ai demandée; on me l'a
918 3955 4272 4179 bientôt amenée; nous avons volé dans
1006 4154 4272 4378 les bras l'un de l'autre; ô réunion dé-
1010 4353 4271 4572 licieuſe! Levrette n'a point l'habit groſ-
803 4556 4271 4777 ſier de la maiſon. Elle eſt vêtue preſque
1006 4763 4270 4977 comme une Religieuſe, ou du moins
1010 4966 4270 5197 comme une Sœur. Elle eſt à croquer ſous
1014 5161 4269 5397 ce joli ajuſtement. „O! mon bon ami,
1014 5364 4269 5596 “m'a-t-elle dit, j'ai le bonheur de te
1022 5562 4269 5789 “voir. Tu es libre, & tu penſes à moi.“
1018 5766 4268 5998 -- „Puis-je être libre, ma chère amie,
966 5965 4268 6191 “lui ai - je répondu, ſi tu n'es libre
1018 6180 4267 6408 “comme moi? Je viens me concerter
