4266 8861
-1 510 3509 743 “avec toi pour obtenir ta délivrance.“
-1 708 3536 967 Je lui ai raconté tout ce que m'avoit
-2 956 3531 1185 dit l'Officier de Police. Elle m'a comblé
-2 1182 3540 1409 de remercîmens & de bénédictions. „Je
-3 1407 3842 1625 “ne ſuis pas malheureuſe ici, m'a-t-elle
-3 1620 3536 1846 “dit; il y a une Sœur qui a un cœur
-4 1842 3531 2069 “du ſiècle d'or, & qui a bien voulu
-4 2056 3540 2285 “m'attacher à ſon ſervice particulier;
-5 2274 3549 2504 “je la ſeconde dans toutes ſes opéra-
-5 2493 3536 2727 “tions bienfaiſantes, & elle me procure,
-6 2716 3531 2955 “autant qu'elle peut, les douceurs de
-6 2933 3540 3164 “la vie. Je jouis ici des agrémens de
-7 3153 3531 3383 “l'innocence. Je ſuis dans une maiſon,
-7 3373 3811 3603 “où ma vertu, ma pauvre vertu, dont
-8 3585 3676 3823 “on a, juſqu'ici, fait ſi peu de cas, ſe
-8 3809 3549 4038 “trouve en sûreté du moins, & n'eſt
-9 4036 3540 4285 “point attaquée par les hommes cruels.
-9 4251 3540 4484 “Qu'importe que je ſois dans un Hô-
-10 4477 3536 4718 “pital? j'y puis être honnête; cela vaut
-10 4695 3536 4941 “mieux que d'être dans le monde au
-11 4916 3540 5140 “comble de la fortune; mais au ſein du
-11 5135 3536 5367 “déréglement. J'ai le bonheur de faire
-12 5357 3536 5599 “un peu de bien. Je ſoigne les malades,
-12 5580 3540 5827 “avec la Sœur ma maîtreſſe. Je ne ſuis
-12 5798 3536 6014 “point un membre tout-à-fait inutile ſur
-13 6012 3536 6263 “la terre, tandis qu'auparavant j'étois
-13 6233 3536 6480 “regardée comme un membre infecté,
-14 6453 3527 6684 “qu'il falloit retrancher. Je conſentirois
-14 6674 3536 6906 “preſqu'à paſſer ici ma vie, dans ce ſort
