4266 7990
-15 686 3478 1099 ouns etaine ee eampili eode laen
-14 1089 3323 1291 chappe, avec l'encens pour me recevoir.
-14 1265 3583 1494 J'étois honteux de la profanation; & je
-13 1481 3277 1683 craignois fort d'être inquiété par la ſuite,
-13 1678 2885 1891 quand le myſtère ſeroit découvert.
235 1871 3277 2070 La grande porte du Couvent étoit ou-
-12 2053 3277 2261 verte. Les Nones s'avançoient en proceſ-
-12 2261 3281 2467 ſion. Elles me firent l'honneur de s'age-
-11 2462 3296 2662 nouiller toutes devant moi. Il fallut que
-11 2656 3284 2872 je leur donnaſſe gravement ma bénédic-
-10 2854 3568 3051 tion. La Prieure demanda mille pardons
-10 3044 3280 3246 à Mon Eminence, de ne pas lui faire
-10 3238 3276 3436 une réception digne d'elle, s'excuſant ſur
-9 3432 3281 3631 ce qu'elle n'avoit pas ſu aſſez tôt l'hon-
-9 3629 3273 3828 neur que je voulois bien faire à ſon
-8 3796 3273 4020 Monaſtète. Enſuite, elle me baiſa la
-8 4019 3277 4215 main, un genou en terre; les autres Re-
-8 4187 3265 4418 ligieuſes, l'une après l'autre, eurent le
-7 4408 3269 4610 même honneur. Les Novices, les Pen-
-7 4603 3269 4810 ſionnaires eurent auſſi leur tour. Il s'en
-6 4795 3273 4999 trouvoit de très-jolies, auxquelles j'aurois
-6 4992 3269 5192 rendu fort volontiers le baiſer. Toutes
-5 5189 3273 5401 les petites cloches du Couvent, dont
-5 5357 3269 5593 l'une étoit caſſée, ſonnoient en volée, ce
-5 5577 3273 5778 qui ne m'empêchoit pas d'entendre quel-
-4 5770 3261 5968 ques-uns des propos des Nones. „Mon
-4 5964 3265 6159 “Dieu! qu'il eſt jeune & joli, diſoient-
-3 6155 3253 6376 “elles.“ Quelques - unes ajoutoient:
2291 6372 2881 6558 Ci
