4266 8148
809 671 4132 884 „Mais cette figure-là ne m'eſt pas in-
1033 884 4120 1081 “connue.“ Il ne leur venoit pas dans
681 1088 4128 1287 l'eſprit que c'étoit la même qui avoit
1025 1291 4120 1490 paru, chez elles, quelque temps aupa-
890 1490 4112 1665 ravant, ſous l'habit de femme. La Mère
1024 1683 4107 1890 S. Amand étoit plaiſante par ſa ſurpriſe;
1020 1886 4135 2089 elle cherchoit à ſe rappeler où elle m'a-
1020 2089 4103 2290 voit vu, & ne pouvoit en venir à bout.
1226 2287 4099 2434 On me fit voir toute la maiſon avec
1016 2490 4095 2693 emphaſe; enſuite on me mena dans une
666 2688 4091 2893 ſalle où l'on avoit préparé une ſuperbe
1012 2891 4087 3092 collation. Je témoignai aux pieuſes Dames
1016 3090 4087 3295 combien j'étois ſenſible à leurs politeſſes,
785 3292 4079 3492 & combien j'avois de plaiſir à les voir:
1020 3492 4079 3694 „Mais je n'apperçois point, parmi vous,
1008 3693 4079 3892 “leur dis-je, la jeune perſonne que je
1001 3897 4076 4096 “cherche, & pour laquelle je viens
809 4095 4075 4296 “particulièrement.“ On me ſupplia de
810 4249 4071 4493 la nommer. „C'eſt, repris - je, Made-
989 4493 4072 4692 “moiſelle Laure de Lyſange.“ A ce
968 4691 4063 4894 nom, toutes les Religieuſes rougirent,
992 4885 4059 5097 & la Prieure pâlit. „Monſeigneur, dit-
984 5088 4051 5275 “elle, cette Demoiſelle a mérité....“
980 5294 4039 5493 -- „Contentez - vous, interrompis - je,
964 5489 4039 5697 “de dire qu'elle a été ſoupçonnée de
948 5696 4039 5899 “mériter... Mais on ne doit pas punir,
950 5890 4035 6093 “ſur de ſimples ſoupçons, ſur-tout une
961 6094 4036 6293 “perſonne d'une naiſſance ſi diſtinguée.
953 6293 4029 6515 “J'avoue qu'elle me touche de près.
