<PcGts xmlns="http://schema.primaresearch.org/PAGE/gts/pagecontent/2017-07-15" xmlns:xsi="http://www.w3.org/2001/XMLSchema-instance" xsi:schemaLocation="http://schema.primaresearch.org/PAGE/gts/pagecontent/2017-07-15 http://schema.primaresearch.org/PAGE/gts/pagecontent/2017-07-15/pagecontent.xsd"><Metadata><Creator>User123</Creator><Created>2020-10-14T11:42:29</Created><LastChange>2020-10-14T11:42:29</LastChange></Metadata><Page imageFilename="0060.png" imageHeight="8732" imageWidth="4266"><TextRegion id="r0" type="paragraph" orientation="-0.0"><Coords points="1,1 4264,1 4264,8730 1,8730"/><TextLine id="r0_l001"><Coords points="1528,834 1527,834 1527,800 1527,799 1291,799 1290,799 1290,792 1291,791 1527,791 1527,791 1527,593 1527,592 1426,592 1425,592 1425,584 1426,583 1971,583 1971,583 1971,580 1972,579 1988,579 1988,580 1988,583 1989,583 1993,583 1993,584 1993,587 1994,587 1997,587 1997,588 1997,596 1998,596 2001,596 2001,597 2001,604 2002,604 2005,604 2005,605 2005,613 2006,613 2010,613 2010,614 2010,617 2011,617 2018,617 2018,618 2018,621 2019,621 2022,621 2022,622 2022,710 2022,710 2019,710 2018,711 2018,723 2018,723 2015,723 2014,724 2014,727 2014,727 2011,727 2010,728 2010,736 2010,736 2006,736 2005,737 2005,752 2005,752 2002,752 2001,753 2001,757 2001,757 1998,757 1997,758 1997,761 1997,761 1994,761 1993,762 1993,769 1993,769 1985,769 1984,770 1984,774 1984,774 1545,774 1544,775 1544,834 1544,834"/><TextEquiv index="1"><Unicode></Unicode></TextEquiv></TextLine><TextLine id="r0_l002"><Coords points="838,1049 837,1049 837,1046 837,1045 804,1045 803,1045 803,1041 803,1040 800,1040 799,1040 799,1016 799,1015 72,1015 71,1015 71,863 71,862 47,862 46,862 46,855 47,854 452,854 452,854 452,851 453,850 456,850 456,850 456,842 457,841 460,841 460,841 460,838 461,837 655,837 655,837 655,825 656,824 659,824 659,824 659,813 660,812 668,812 668,813 668,824 669,824 3080,824 3080,825 3080,829 3081,829 3085,829 3085,830 3085,867 3086,867 3648,867 3648,868 3648,871 3649,871 3652,871 3652,872 3652,875 3652,875 3086,875 3085,876 3085,879 3086,879 3453,879 3453,880 3453,884 3454,884 3500,884 3500,885 3500,888 3501,888 3504,888 3504,889 3504,892 3505,892 3508,892 3508,893 3508,901 3509,901 3512,901 3512,902 3512,905 3513,905 3521,905 3521,906 3521,956 3522,956 3529,956 3529,957 3529,968 3529,968 3526,968 3525,969 3525,977 3525,977 3179,977 3178,978 3178,981 3178,981 3158,981 3157,982 3157,1023 3157,1023 3149,1023 3148,1024 3148,1028 3148,1028 3132,1028 3131,1029 3131,1032 3131,1032 1846,1032 1845,1033 1845,1036 1845,1036 1824,1036 1823,1037 1823,1040 1823,1040 855,1040 854,1041 854,1045 854,1045 847,1045 846,1046 846,1049 846,1049"/><TextEquiv index="1"><Unicode>“Ses parens, à qui elle a rendu un</Unicode></TextEquiv></TextLine><TextLine id="r0_l003"><Coords points="652,1260 651,1260 651,1249 651,1248 30,1248 29,1248 29,1228 29,1227 25,1227 24,1227 24,1223 25,1222 29,1222 29,1222 29,1113 30,1112 490,1112 490,1112 490,1109 491,1108 1417,1108 1417,1108 1417,1084 1418,1083 1421,1083 1421,1083 1421,1075 1422,1074 1425,1074 1425,1074 1425,1071 1426,1070 1430,1070 1430,1070 1430,1067 1431,1066 1434,1066 1434,1066 1434,1062 1435,1061 1447,1061 1447,1061 1447,1058 1448,1057 1658,1057 1658,1057 1658,1054 1659,1053 1662,1053 1662,1053 1662,1050 1663,1049 2839,1049 2839,1049 2839,1046 2840,1045 3347,1045 3347,1045 3347,1041 3348,1040 3356,1040 3356,1040 3356,1037 3357,1036 3377,1036 3377,1037 3377,1040 3378,1040 3381,1040 3381,1041 3381,1049 3382,1049 3385,1049 3385,1050 3385,1104 3386,1104 3440,1104 3440,1105 3440,1108 3441,1108 3445,1108 3445,1109 3445,1129 3446,1129 3652,1129 3652,1130 3652,1133 3653,1133 3656,1133 3656,1134 3656,1138 3656,1138 3530,1138 3529,1139 3529,1205 3529,1205 2819,1205 2818,1206 2818,1239 2818,1239 2806,1239 2805,1239 2805,1228 2805,1227 2603,1227 2602,1227 2602,1202 2602,1201 813,1201 812,1202 812,1256 812,1256 792,1256 791,1257 791,1260 791,1260"/><TextEquiv index="1"><Unicode>“compte exact de l'affaire, ſont aſſu-</Unicode></TextEquiv></TextLine><TextLine id="r0_l004"><Coords points="30,1480 29,1480 29,1473 29,1472 25,1472 24,1472 24,1465 25,1464 33,1464 33,1464 33,1270 34,1269 37,1269 37,1270 37,1273 38,1273 41,1273 41,1274 41,1324 42,1324 532,1324 532,1324 532,1304 533,1303 537,1303 537,1303 537,1295 538,1294 541,1294 541,1294 541,1283 542,1282 545,1282 545,1282 545,1278 546,1277 807,1277 807,1277 807,1274 808,1273 812,1273 812,1273 812,1270 813,1269 820,1269 820,1269 820,1266 821,1265 1087,1265 1087,1265 1087,1261 1088,1260 1104,1260 1104,1260 1104,1257 1105,1256 1108,1256 1108,1257 1108,1260 1109,1260 1116,1260 1116,1261 1116,1265 1117,1265 1464,1265 1464,1266 1464,1269 1465,1269 1468,1269 1468,1270 1468,1320 1469,1320 2479,1320 2479,1320 2479,1304 2480,1303 2484,1303 2484,1303 2484,1291 2485,1290 2488,1290 2488,1290 2488,1283 2489,1282 2496,1282 2496,1282 2496,1278 2497,1277 2509,1277 2509,1277 2509,1274 2510,1273 2759,1273 2759,1273 2759,1270 2760,1269 2763,1269 2763,1269 2763,1266 2764,1265 2771,1265 2771,1265 2771,1261 2772,1260 2788,1260 2788,1261 2788,1277 2789,1277 3072,1277 3072,1278 3072,1282 3073,1282 3076,1282 3076,1283 3076,1307 3077,1307 3428,1307 3428,1308 3428,1311 3429,1311 3432,1311 3432,1312 3432,1315 3433,1315 3436,1315 3436,1316 3436,1320 3437,1320 3445,1320 3445,1321 3445,1324 3446,1324 3449,1324 3449,1325 3449,1332 3450,1332 3495,1332 3495,1333 3495,1337 3496,1337 3525,1337 3525,1338 3525,1341 3526,1341 3665,1341 3665,1342 3665,1354 3665,1354 3543,1354 3542,1355 3542,1358 3542,1358 3539,1358 3538,1359 3538,1366 3538,1366 3530,1366 3529,1367 3529,1370 3529,1370 3496,1370 3495,1371 3495,1375 3495,1375 3454,1375 3453,1376 3453,1392 3453,1392 3450,1392 3449,1393 3449,1396 3449,1396 3446,1396 3445,1397 3445,1400 3445,1400 3441,1400 3440,1401 3440,1404 3440,1404 3255,1404 3254,1405 3254,1409 3254,1409 3073,1409 3072,1410 3072,1425 3072,1425 3069,1425 3068,1426 3068,1438 3068,1438 3065,1438 3064,1439 3064,1447 3064,1447 3060,1447 3059,1448 3059,1455 3059,1455 3056,1455 3055,1456 3055,1459 3055,1459 3043,1459 3042,1459 3042,1456 3042,1455 3039,1455 3038,1455 3038,1448 3038,1447 3022,1447 3021,1447 3021,1422 3021,1421 2883,1421 2882,1421 2882,1414 2882,1413 2849,1413 2848,1413 2848,1410 2848,1409 2328,1409 2327,1410 2327,1421 2327,1421 2324,1421 2323,1422 2323,1425 2323,1425 2320,1425 2319,1426 2319,1430 2319,1430 2315,1430 2314,1431 2314,1434 2314,1434 2311,1434 2310,1435 2310,1438 2310,1438 2188,1438 2187,1438 2187,1435 2187,1434 2184,1434 2183,1434 2183,1431 2183,1430 1765,1430 1764,1430 1764,1426 1764,1425 1761,1425 1760,1425 1760,1414 1760,1413 902,1413 901,1414 901,1417 901,1417 538,1417 537,1417 537,1414 537,1413 516,1413 515,1413 515,1410 515,1409 38,1409 37,1410 37,1480 37,1480"/><TextEquiv index="1"><Unicode>“rés de ſon innocence; &amp; le jeune-</Unicode></TextEquiv></TextLine><TextLine id="r0_l005"><Coords points="51,1688 50,1688 50,1680 50,1679 38,1679 37,1679 37,1507 37,1506 34,1506 33,1506 33,1481 34,1480 2539,1480 2539,1480 2539,1477 2540,1476 3313,1476 3313,1476 3313,1473 3314,1472 3326,1472 3326,1473 3326,1476 3327,1476 3330,1476 3330,1477 3330,1527 3331,1527 3334,1527 3334,1528 3334,1531 3335,1531 3385,1531 3385,1532 3385,1536 3386,1536 3419,1536 3419,1537 3419,1540 3420,1540 3436,1540 3436,1541 3436,1544 3437,1544 3440,1544 3440,1545 3440,1557 3441,1557 3521,1557 3521,1558 3521,1561 3522,1561 3525,1561 3525,1562 3525,1565 3526,1565 3529,1565 3529,1566 3529,1578 3529,1578 3522,1578 3521,1579 3521,1582 3521,1582 3458,1582 3457,1583 3457,1616 3457,1616 3454,1616 3453,1617 3453,1620 3453,1620 3107,1620 3106,1621 3106,1679 3106,1679 3103,1679 3102,1680 3102,1684 3102,1684 3094,1684 3093,1684 3093,1680 3093,1679 59,1679 58,1680 58,1688 58,1688"/><TextEquiv index="1"><Unicode>“homme, dont vous avez à vous plain-</Unicode></TextEquiv></TextLine><TextLine id="r0_l006"><Coords points="68,1901 67,1900 63,1900 62,1900 62,1727 62,1726 47,1726 46,1726 46,1723 46,1722 38,1722 37,1722 37,1714 38,1713 41,1713 41,1713 41,1710 42,1709 486,1709 486,1709 486,1702 487,1701 490,1701 490,1701 490,1697 491,1696 1726,1696 1726,1696 1726,1693 1727,1692 1760,1692 1760,1693 1760,1696 1761,1696 1764,1696 1764,1697 1764,1701 1765,1701 2556,1701 2556,1701 2556,1697 2557,1696 2564,1696 2564,1696 2564,1693 2565,1692 3127,1692 3127,1692 3127,1689 3128,1688 3330,1688 3330,1689 3330,1692 3331,1692 3334,1692 3334,1693 3334,1743 3335,1743 3394,1743 3394,1744 3394,1747 3395,1747 3406,1747 3406,1748 3406,1751 3407,1751 3411,1751 3411,1752 3411,1756 3412,1756 3415,1756 3415,1757 3415,1794 3416,1794 3601,1794 3601,1795 3601,1802 3601,1802 3598,1802 3597,1803 3597,1806 3597,1806 3522,1806 3521,1807 3521,1840 3521,1840 3517,1840 3516,1841 3516,1849 3516,1849 3513,1849 3512,1850 3512,1853 3512,1853 3509,1853 3508,1854 3508,1857 3508,1857 3505,1857 3504,1858 3504,1861 3504,1861 3496,1861 3495,1862 3495,1866 3495,1866 3060,1866 3059,1867 3059,1895 3059,1895 3018,1895 3017,1895 3017,1892 3017,1891 3014,1891 3013,1891 3013,1884 3013,1883 2739,1883 2738,1883 2738,1858 2738,1857 1943,1857 1942,1858 1942,1866 1942,1866 1939,1866 1938,1867 1938,1878 1938,1878 1934,1878 1933,1879 1933,1883 1933,1883 1930,1883 1929,1884 1929,1887 1929,1887 1922,1887 1921,1887 1921,1841 1921,1840 1075,1840 1074,1841 1074,1857 1074,1857 779,1857 778,1858 778,1861 778,1861 775,1861 774,1862 774,1866 774,1866 766,1866 765,1867 765,1870 765,1870 745,1870 744,1870 744,1841 744,1840 635,1840 634,1840 634,1837 634,1836 466,1836 465,1836 465,1833 465,1832 457,1832 456,1832 456,1829 456,1828 250,1828 249,1828 249,1824 249,1823 237,1823 236,1823 236,1727 236,1726 76,1726 75,1727 75,1900 75,1900 72,1900 71,1901"/><TextEquiv index="1"><Unicode>“dre, eſt venu ſe jeter à leurs pieds,</Unicode></TextEquiv></TextLine><TextLine id="r0_l007"><Coords points="30,2113 29,2113 29,2083 29,2082 25,2082 24,2082 24,1956 24,1955 21,1955 20,1955 20,1951 21,1950 29,1950 29,1950 29,1943 30,1942 67,1942 67,1942 67,1902 68,1901 71,1901 71,1902 71,1942 72,1942 884,1942 884,1942 884,1917 885,1916 888,1916 888,1916 888,1913 889,1912 892,1912 892,1912 892,1909 893,1908 1332,1908 1332,1908 1332,1905 1333,1904 3246,1904 3246,1904 3246,1901 3247,1900 3258,1900 3258,1901 3258,1904 3259,1904 3262,1904 3262,1905 3262,1955 3263,1955 3525,1955 3525,1956 3525,1959 3526,1959 3533,1959 3533,1960 3533,1963 3534,1963 3538,1963 3538,1964 3538,1967 3538,1967 3534,1967 3533,1968 3533,1971 3533,1971 3530,1971 3529,1972 3529,1980 3529,1980 3522,1980 3521,1981 3521,2060 3521,2060 2840,2060 2839,2061 2839,2065 2839,2065 2836,2065 2835,2066 2835,2069 2835,2069 2832,2069 2831,2070 2831,2073 2831,2073 2828,2073 2827,2074 2827,2077 2827,2077 2823,2077 2822,2078 2822,2082 2822,2082 2811,2082 2810,2083 2810,2086 2810,2086 2226,2086 2225,2087 2225,2111 2225,2111 2197,2111 2196,2111 2196,2108 2196,2107 2193,2107 2192,2107 2192,2057 2192,2056 474,2056 473,2057 473,2107 473,2107 470,2107 469,2108 469,2111 469,2111 38,2111 37,2112 37,2113 37,2113"/><TextEquiv index="1"><Unicode>“pour leur demander pardon, en leur</Unicode></TextEquiv></TextLine><TextLine id="r0_l008"><Coords points="1096,2323 1095,2323 1095,2307 1095,2306 436,2306 435,2306 435,2303 435,2302 432,2302 431,2302 431,2260 431,2259 296,2259 295,2259 295,2256 295,2255 284,2255 283,2255 283,2252 283,2251 237,2251 236,2251 236,2248 236,2247 233,2247 232,2247 232,2235 233,2234 236,2234 236,2234 236,2184 237,2183 435,2183 435,2183 435,2180 436,2179 439,2179 439,2179 439,2155 439,2154 34,2154 33,2154 33,2138 33,2137 25,2137 24,2137 24,2133 25,2132 29,2132 29,2132 29,2114 30,2113 37,2113 37,2114 37,2120 38,2120 2560,2120 2560,2120 2560,2116 2561,2115 3415,2115 3415,2115 3415,2112 3416,2111 3432,2111 3432,2112 3432,2115 3433,2115 3436,2115 3436,2116 3436,2158 3437,2158 3491,2158 3491,2159 3491,2162 3492,2162 3495,2162 3495,2163 3495,2170 3496,2170 3516,2170 3516,2171 3516,2175 3517,2175 3525,2175 3525,2176 3525,2183 3525,2183 3522,2183 3521,2184 3521,2255 3521,2255 3517,2255 3516,2256 3516,2259 3516,2259 3200,2259 3199,2260 3199,2264 3199,2264 2815,2264 2814,2265 2814,2268 2814,2268 1139,2268 1138,2269 1138,2319 1138,2319 1130,2319 1129,2320 1129,2323 1129,2323"/><TextEquiv index="1"><Unicode>“jurant que leur Demoiſelle n'étoit</Unicode></TextEquiv></TextLine><TextLine id="r0_l009"><Coords points="51,2332 2646,2332 2646,2540 51,2540"/><TextEquiv index="1"><Unicode>“aucunement ſa complice.“</Unicode></TextEquiv></TextLine><TextLine id="r0_l010"><Coords points="212,2540 3534,2540 3534,2722 212,2722"/><TextEquiv index="1"><Unicode>La Prieure étoit interdite &amp; fort</Unicode></TextEquiv></TextLine><TextLine id="r0_l011"><Coords points="2104,2976 2103,2976 2103,2916 2103,2915 42,2915 41,2916 41,2928 41,2928 38,2928 37,2928 37,2925 37,2924 34,2924 33,2924 33,2899 33,2898 30,2898 29,2898 29,2895 29,2894 25,2894 24,2894 24,2891 25,2890 29,2890 29,2890 29,2866 30,2865 33,2865 33,2865 33,2861 34,2860 41,2860 41,2860 41,2777 42,2776 452,2776 452,2776 452,2760 453,2759 460,2759 460,2759 460,2756 461,2755 469,2755 469,2756 469,2759 470,2759 985,2759 985,2760 985,2763 986,2763 2721,2763 2721,2763 2721,2760 2722,2759 2729,2759 2729,2760 2729,2763 2730,2763 2733,2763 2733,2764 2733,2771 2734,2771 2738,2771 2738,2772 2738,2814 2739,2814 3440,2814 3440,2815 3440,2822 3441,2822 3445,2822 3445,2823 3445,2831 3446,2831 3449,2831 3449,2832 3449,2835 3450,2835 3453,2835 3453,2836 3453,2843 3454,2843 3529,2843 3529,2844 3529,2869 3529,2869 3526,2869 3525,2870 3525,2873 3525,2873 3454,2873 3453,2874 3453,2894 3453,2894 3450,2894 3449,2895 3449,2898 3449,2898 3446,2898 3445,2899 3445,2903 3445,2903 3433,2903 3432,2904 3432,2907 3432,2907 3297,2907 3296,2908 3296,2972 3296,2972 2108,2972 2107,2973 2107,2976 2107,2976"/><TextEquiv index="1"><Unicode>embarraſſée: „Madame la Prieure, re-</Unicode></TextEquiv></TextLine><TextLine id="r0_l012"><Coords points="1147,3188 1146,3188 1146,3175 1146,3174 415,3174 414,3174 414,3170 414,3169 372,3169 371,3169 371,3141 371,3140 368,3140 367,3141 367,3179 367,3179 364,3179 363,3179 363,3141 363,3140 38,3140 37,3140 37,3090 37,3089 30,3089 29,3089 29,3010 29,3009 21,3009 20,3009 20,3005 21,3004 24,3004 24,3004 24,2993 25,2992 29,2992 29,2992 29,2988 30,2987 33,2987 33,2987 33,2976 34,2975 41,2975 41,2976 41,3030 42,3030 587,3030 587,3030 587,2980 588,2979 592,2979 592,2979 592,2976 593,2975 609,2975 609,2976 609,2979 610,2979 613,2979 613,2980 613,2987 614,2987 812,2987 812,2988 812,2992 813,2992 820,2992 820,2993 820,3034 821,3034 2090,3034 2090,3034 2090,2984 2091,2983 2094,2983 2094,2983 2094,2980 2095,2979 2103,2979 2103,2979 2103,2977 2104,2976 2107,2976 2107,2977 2107,2979 2108,2979 2115,2979 2115,2980 2115,2992 2116,2992 2424,2992 2424,2993 2424,2996 2425,2996 2429,2996 2429,2997 2429,3030 2430,3030 2484,3030 2484,3031 2484,3034 2485,3034 3216,3034 3216,3034 3216,3031 3217,3030 3279,3030 3279,3030 3279,2984 3280,2983 3284,2983 3284,2983 3284,2976 3285,2975 3288,2975 3288,2975 3288,2973 3289,2972 3296,2972 3296,2973 3296,2975 3297,2975 3305,2975 3305,2976 3305,2983 3306,2983 3309,2983 3309,2984 3309,3030 3310,3030 3389,3030 3389,3031 3389,3034 3390,3034 3394,3034 3394,3035 3394,3038 3395,3038 3398,3038 3398,3039 3398,3047 3399,3047 3402,3047 3402,3048 3402,3059 3403,3059 3406,3059 3406,3060 3406,3080 3407,3080 3495,3080 3495,3081 3495,3085 3496,3085 3504,3085 3504,3086 3504,3089 3505,3089 3508,3089 3508,3090 3508,3093 3509,3093 3516,3093 3516,3094 3516,3097 3517,3097 3521,3097 3521,3098 3521,3119 3522,3119 3525,3119 3525,3120 3525,3131 3525,3131 3522,3131 3521,3132 3521,3136 3521,3136 3517,3136 3516,3137 3516,3144 3516,3144 3509,3144 3508,3145 3508,3148 3508,3148 3492,3148 3491,3149 3491,3152 3491,3152 3310,3152 3309,3153 3309,3178 3309,3178 2874,3178 2873,3178 2873,3175 2873,3174 2396,3174 2395,3174 2395,3170 2395,3169 2392,3169 2391,3169 2391,3158 2391,3157 2226,3157 2225,3157 2225,3153 2225,3152 2222,3152 2221,3152 2221,3145 2221,3144 2023,3144 2022,3144 2022,3141 2022,3140 2019,3140 2018,3140 2018,3137 2018,3136 1782,3136 1781,3136 1781,3128 1781,3127 1151,3127 1150,3128 1150,3188 1150,3188"/><TextEquiv index="1"><Unicode>“pris-je, amenez-moi, je vous prie,</Unicode></TextEquiv></TextLine><TextLine id="r0_l013"><Coords points="2417,3394 2416,3394 2416,3390 2416,3389 2408,3389 2407,3389 2407,3331 2407,3330 2298,3330 2297,3331 2297,3334 2297,3334 2252,3334 2251,3335 2251,3360 2251,3360 2248,3360 2247,3361 2247,3364 2247,3364 2243,3364 2242,3364 2242,3335 2242,3334 2201,3334 2200,3334 2200,3331 2200,3330 2125,3330 2124,3331 2124,3351 2124,3351 2087,3351 2086,3352 2086,3360 2086,3360 2083,3360 2082,3360 2082,3357 2082,3356 2078,3356 2077,3356 2077,3352 2077,3351 2074,3351 2073,3351 2073,3331 2073,3330 1985,3330 1984,3331 1984,3334 1984,3334 1829,3334 1828,3335 1828,3339 1828,3339 1824,3339 1823,3339 1823,3335 1823,3334 1469,3334 1468,3334 1468,3331 1468,3330 1295,3330 1294,3331 1294,3334 1294,3334 1007,3334 1006,3334 1006,3331 1006,3330 887,3330 838,3330 837,3331 837,3334 837,3334 817,3334 816,3334 816,3331 816,3330 584,3330 583,3331 583,3334 583,3334 533,3334 532,3334 532,3331 532,3330 415,3330 414,3330 414,3327 414,3326 411,3326 410,3326 410,3310 410,3309 267,3309 266,3310 266,3313 266,3313 233,3313 232,3314 232,3318 232,3318 224,3318 223,3318 223,3314 223,3313 220,3313 219,3313 219,3268 219,3267 80,3267 79,3267 79,3263 79,3262 76,3262 75,3262 75,3259 76,3258 228,3258 228,3258 228,3255 229,3254 232,3254 232,3254 232,3251 233,3250 274,3250 274,3251 274,3254 275,3254 283,3254 283,3255 283,3262 284,3262 321,3262 321,3262 321,3230 322,3229 355,3229 355,3229 355,3187 356,3186 359,3186 359,3186 359,3183 360,3182 363,3182 363,3182 363,3180 364,3179 367,3179 367,3180 367,3229 368,3229 414,3229 414,3229 414,3192 415,3191 579,3191 579,3192 579,3250 580,3250 731,3250 731,3250 731,3196 732,3195 736,3195 736,3195 736,3192 737,3191 748,3191 748,3191 748,3187 749,3186 752,3186 752,3187 752,3191 753,3191 757,3191 757,3192 757,3195 758,3195 761,3195 761,3196 761,3224 762,3224 765,3224 765,3225 765,3246 766,3246 1138,3246 1138,3246 1138,3200 1139,3199 1142,3199 1142,3199 1142,3192 1143,3191 1146,3191 1146,3191 1146,3189 1147,3188 1227,3188 1227,3188 1227,3187 1228,3186 1260,3186 1260,3187 1260,3191 1261,3191 1409,3191 1409,3191 1409,3187 1410,3186 1421,3186 1421,3187 1421,3191 1422,3191 1425,3191 1425,3192 1425,3199 1426,3199 1612,3199 1612,3200 1612,3250 1613,3250 1878,3250 1878,3250 1878,3247 1879,3246 2111,3246 2111,3246 2111,3192 2112,3191 2115,3191 2115,3191 2115,3187 2116,3186 2132,3186 2132,3187 2132,3191 2133,3191 2141,3191 2141,3192 2141,3224 2142,3224 2285,3224 2285,3224 2285,3196 2286,3195 2336,3195 2336,3195 2336,3192 2337,3191 2340,3191 2340,3192 2340,3195 2341,3195 2344,3195 2344,3196 2344,3246 2345,3246 2534,3246 2534,3246 2534,3242 2535,3241 2539,3241 2539,3241 2539,3230 2540,3229 2543,3229 2543,3229 2543,3221 2544,3220 2547,3220 2547,3220 2547,3208 2548,3207 2551,3207 2551,3207 2551,3204 2552,3203 2556,3203 2556,3203 2556,3196 2557,3195 2560,3195 2560,3195 2560,3192 2561,3191 2564,3191 2564,3191 2564,3187 2565,3186 2573,3186 2573,3186 2573,3183 2574,3182 2598,3182 2598,3183 2598,3186 2599,3186 2602,3186 2602,3187 2602,3199 2603,3199 2606,3199 2606,3200 2606,3241 2607,3241 2691,3241 2691,3242 2691,3246 2692,3246 2907,3246 2907,3246 2907,3242 2908,3241 2924,3241 2924,3242 2924,3246 2925,3246 2932,3246 2932,3247 2932,3250 2933,3250 2937,3250 2937,3251 2937,3254 2938,3254 3064,3254 3064,3254 3064,3187 3065,3186 3068,3186 3068,3186 3068,3183 3069,3182 3072,3182 3072,3183 3072,3186 3073,3186 3085,3186 3085,3187 3085,3191 3086,3191 3229,3191 3229,3192 3229,3195 3230,3195 3233,3195 3233,3196 3233,3241 3234,3241 3415,3241 3415,3242 3415,3246 3416,3246 3423,3246 3423,3247 3423,3250 3424,3250 3432,3250 3432,3251 3432,3271 3433,3271 3521,3271 3521,3272 3521,3279 3522,3279 3525,3279 3525,3280 3525,3292 3525,3292 3517,3292 3516,3293 3516,3301 3516,3301 3446,3301 3445,3302 3445,3330 3445,3330 2921,3330 2920,3331 2920,3334 2920,3334 2857,3334 2856,3335 2856,3377 2856,3377 2844,3377 2843,3378 2843,3381 2843,3381 2840,3381 2839,3382 2839,3385 2839,3385 2832,3385 2831,3386 2831,3389 2831,3389 2785,3389 2784,3389 2784,3386 2784,3385 2781,3385 2780,3385 2780,3382 2780,3381 2777,3381 2776,3381 2776,3378 2776,3377 2772,3377 2771,3377 2771,3331 2771,3330 2607,3330 2606,3331 2606,3334 2606,3334 2463,3334 2462,3335 2462,3339 2462,3339 2459,3339 2458,3340 2458,3351 2458,3351 2455,3351 2454,3352 2454,3360 2454,3360 2451,3360 2450,3361 2450,3368 2450,3368 2447,3368 2446,3369 2446,3373 2446,3373 2442,3373 2441,3374 2441,3389 2441,3389 2421,3389 2420,3390 2420,3394 2420,3394"/><TextEquiv index="1"><Unicode>“Mademoiſelle Laure de Lyſange. Mon-</Unicode></TextEquiv></TextLine><TextLine id="r0_l014"><Coords points="2341,3614 2340,3614 2340,3547 2340,3546 2087,3546 2086,3547 2086,3597 2086,3597 2078,3597 2077,3598 2077,3601 2077,3601 2040,3601 2039,3601 2039,3547 2039,3546 1765,3546 1764,3547 1764,3550 1764,3550 1757,3550 1756,3550 1756,3547 1756,3546 1748,3546 1747,3546 1747,3543 1747,3542 1257,3542 1256,3543 1256,3608 1256,3608 1244,3608 1243,3608 1243,3543 1243,3542 978,3542 977,3543 977,3546 977,3546 935,3546 934,3546 934,3543 934,3542 703,3542 702,3543 702,3563 702,3563 698,3563 697,3564 697,3580 697,3580 694,3580 693,3581 693,3584 693,3584 690,3584 689,3585 689,3588 689,3588 681,3588 680,3589 680,3593 680,3593 673,3593 672,3594 672,3597 672,3597 652,3597 651,3598 651,3601 651,3601 648,3601 647,3601 647,3598 647,3597 631,3597 630,3597 630,3594 630,3593 622,3593 621,3593 621,3585 621,3584 618,3584 617,3584 617,3539 617,3538 411,3538 410,3538 410,3534 410,3533 406,3533 405,3533 405,3530 405,3529 212,3529 211,3529 211,3526 211,3525 63,3525 62,3525 62,3509 62,3508 47,3508 46,3508 46,3505 47,3504 211,3504 211,3504 211,3479 212,3478 215,3478 215,3478 215,3467 216,3466 219,3466 219,3466 219,3462 220,3461 223,3461 223,3461 223,3458 224,3457 414,3457 414,3457 414,3454 415,3453 422,3453 422,3453 422,3446 423,3445 427,3445 427,3445 427,3429 428,3428 431,3428 431,3428 431,3420 432,3419 435,3419 435,3419 435,3416 436,3415 439,3415 439,3415 439,3407 440,3406 448,3406 448,3406 448,3403 449,3402 452,3402 452,3402 452,3399 453,3398 456,3398 456,3398 456,3395 457,3394 486,3394 486,3395 486,3398 487,3398 592,3398 592,3399 592,3449 593,3449 596,3449 596,3450 596,3457 597,3457 854,3457 854,3457 854,3454 855,3453 1032,3453 1032,3454 1032,3457 1033,3457 1231,3457 1231,3457 1231,3403 1232,3402 1239,3402 1239,3402 1239,3399 1240,3398 1396,3398 1396,3399 1396,3402 1397,3402 1400,3402 1400,3403 1400,3411 1401,3411 1404,3411 1404,3412 1404,3432 1405,3432 1409,3432 1409,3433 1409,3445 1410,3445 1624,3445 1624,3445 1624,3407 1625,3406 1629,3406 1629,3406 1629,3403 1630,3402 1637,3402 1637,3402 1637,3399 1638,3398 1641,3398 1641,3398 1641,3395 1642,3394 1650,3394 1650,3395 1650,3457 1651,3457 1925,3457 1925,3457 1925,3433 1926,3432 1929,3432 1929,3432 1929,3424 1930,3423 1933,3423 1933,3423 1933,3412 1934,3411 1938,3411 1938,3411 1938,3407 1939,3406 1946,3406 1946,3407 1946,3411 1947,3411 1950,3411 1950,3412 1950,3423 1951,3423 1955,3423 1955,3424 1955,3428 1956,3428 1959,3428 1959,3429 1959,3432 1960,3432 1963,3432 1963,3433 1963,3440 1964,3440 1967,3440 1967,3441 1967,3457 1968,3457 2247,3457 2247,3458 2247,3461 2248,3461 2255,3461 2255,3462 2255,3466 2256,3466 2259,3466 2259,3467 2259,3470 2260,3470 2264,3470 2264,3471 2264,3474 2265,3474 2268,3474 2268,3475 2268,3487 2269,3487 2272,3487 2272,3488 2272,3516 2273,3516 2357,3516 2357,3517 2357,3521 2358,3521 2365,3521 2365,3522 2365,3525 2366,3525 2543,3525 2543,3525 2543,3462 2544,3461 2556,3461 2556,3461 2556,3458 2557,3457 2827,3457 2827,3458 2827,3461 2828,3461 3042,3461 3042,3461 3042,3454 3043,3453 3047,3453 3047,3453 3047,3429 3048,3428 3051,3428 3051,3428 3051,3416 3052,3415 3055,3415 3055,3415 3055,3412 3056,3411 3059,3411 3059,3411 3059,3407 3060,3406 3064,3406 3064,3406 3064,3403 3065,3402 3072,3402 3072,3402 3072,3399 3073,3398 3076,3398 3076,3398 3076,3395 3077,3394 3106,3394 3106,3395 3106,3398 3107,3398 3110,3398 3110,3399 3110,3402 3111,3402 3203,3402 3203,3403 3203,3406 3204,3406 3207,3406 3207,3407 3207,3411 3208,3411 3212,3411 3212,3412 3212,3415 3213,3415 3216,3415 3216,3416 3216,3423 3217,3423 3220,3423 3220,3424 3220,3432 3221,3432 3224,3432 3224,3433 3224,3453 3225,3453 3385,3453 3385,3454 3385,3457 3386,3457 3389,3457 3389,3458 3389,3461 3390,3461 3398,3461 3398,3462 3398,3470 3399,3470 3402,3470 3402,3471 3402,3483 3403,3483 3406,3483 3406,3484 3406,3508 3407,3508 3508,3508 3508,3509 3508,3512 3509,3512 3512,3512 3512,3513 3512,3516 3513,3516 3516,3516 3516,3517 3516,3525 3517,3525 3521,3525 3521,3526 3521,3529 3522,3529 3525,3529 3525,3530 3525,3533 3526,3533 3529,3533 3529,3534 3529,3546 3529,3546 3526,3546 3525,3547 3525,3563 3525,3563 3522,3563 3521,3564 3521,3571 3521,3571 3513,3571 3512,3572 3512,3576 3512,3576 3509,3576 3508,3577 3508,3580 3508,3580 3496,3580 3495,3581 3495,3584 3495,3584 3492,3584 3491,3584 3491,3581 3491,3580 3479,3580 3478,3580 3478,3543 3478,3542 3221,3542 3220,3543 3220,3546 3220,3546 3217,3546 3216,3546 3216,3543 3216,3542 2379,3542 2378,3543 2378,3563 2378,3563 2375,3563 2374,3564 2374,3567 2374,3567 2366,3567 2365,3568 2365,3571 2365,3571 2362,3571 2361,3572 2361,3576 2361,3576 2358,3576 2357,3577 2357,3614 2357,3614"/><TextEquiv index="1"><Unicode>“ſeigneur l'Archevêque, mon frère,</Unicode></TextEquiv></TextLine><TextLine id="r0_l015"><Coords points="63,3814 62,3814 62,3780 62,3779 51,3779 50,3779 50,3755 50,3754 42,3754 41,3754 41,3750 42,3749 46,3749 46,3749 46,3746 47,3745 58,3745 58,3745 58,3623 59,3622 62,3622 62,3623 62,3631 63,3631 67,3631 67,3632 67,3745 68,3745 211,3745 211,3745 211,3725 212,3724 215,3724 215,3724 215,3683 216,3682 219,3682 219,3682 219,3678 220,3677 223,3677 223,3677 223,3674 224,3673 405,3673 405,3673 405,3670 406,3669 410,3669 410,3669 410,3666 411,3665 1235,3665 1235,3665 1235,3623 1236,3622 1239,3622 1239,3622 1239,3611 1240,3610 1243,3610 1243,3610 1243,3609 1244,3608 1256,3608 1256,3609 1256,3610 1257,3610 1260,3610 1260,3611 1260,3665 1261,3665 1476,3665 1476,3666 1476,3669 1477,3669 1662,3669 1662,3670 1662,3673 1663,3673 2268,3673 2268,3673 2268,3670 2269,3669 2336,3669 2336,3669 2336,3619 2337,3618 2340,3618 2340,3618 2340,3615 2341,3614 2357,3614 2357,3615 2357,3618 2358,3618 2361,3618 2361,3619 2361,3682 2362,3682 3051,3682 3051,3682 3051,3615 3052,3614 3076,3614 3076,3615 3076,3618 3077,3618 3212,3618 3212,3619 3212,3669 3213,3669 3356,3669 3356,3670 3356,3673 3357,3673 3406,3673 3406,3674 3406,3677 3407,3677 3411,3677 3411,3678 3411,3703 3412,3703 3512,3703 3512,3704 3512,3707 3513,3707 3516,3707 3516,3708 3516,3720 3516,3720 3513,3720 3512,3721 3512,3724 3512,3724 3424,3724 3423,3725 3423,3758 3423,3758 2984,3758 2983,3759 2983,3787 2983,3787 2976,3787 2975,3787 2975,3746 2975,3745 2413,3745 2412,3746 2412,3754 2412,3754 2370,3754 2369,3755 2369,3758 2369,3758 1972,3758 1971,3759 1971,3762 1971,3762 1964,3762 1963,3762 1963,3759 1963,3758 1879,3758 1878,3758 1878,3755 1878,3754 1202,3754 1201,3755 1201,3758 1201,3758 1096,3758 1095,3759 1095,3813 1095,3813 1067,3813 1066,3813 1066,3755 1066,3754 72,3754 71,3755 71,3814 71,3814"/><TextEquiv index="1"><Unicode>“vous en prie comme moi.“ -- „Mon-</Unicode></TextEquiv></TextLine><TextLine id="r0_l016"><Coords points="631,4024 630,4024 630,4021 630,4020 622,4020 621,4020 621,4017 621,4016 618,4016 617,4016 617,4013 617,4012 614,4012 613,4012 613,3966 613,3965 495,3965 494,3965 494,3962 494,3961 411,3961 410,3961 410,3949 410,3948 216,3948 215,3948 215,3945 215,3944 212,3944 211,3944 211,3941 212,3940 215,3940 215,3940 215,3890 216,3889 257,3889 257,3889 257,3886 258,3885 410,3885 410,3885 410,3881 411,3880 414,3880 414,3880 414,3877 415,3876 422,3876 422,3876 422,3869 423,3868 427,3868 427,3868 427,3852 428,3851 431,3851 431,3851 431,3843 432,3842 435,3842 435,3842 435,3835 436,3834 439,3834 439,3834 439,3831 440,3830 443,3830 443,3830 443,3822 443,3821 68,3821 67,3821 67,3818 67,3817 63,3817 62,3817 62,3815 63,3814 465,3814 466,3813 473,3813 473,3814 473,3817 474,3817 579,3817 579,3818 579,3821 580,3821 583,3821 583,3822 583,3825 584,3825 2082,3825 2082,3825 2082,3822 2083,3821 3025,3821 3025,3822 3025,3825 3026,3825 3216,3825 3216,3826 3216,3830 3217,3830 3220,3830 3220,3831 3220,3880 3221,3880 3301,3880 3301,3881 3301,3885 3302,3885 3305,3885 3305,3886 3305,3893 3306,3893 3419,3893 3419,3894 3419,3897 3420,3897 3474,3897 3474,3898 3474,3902 3475,3902 3483,3902 3483,3903 3483,3906 3484,3906 3487,3906 3487,3907 3487,3910 3488,3910 3491,3910 3491,3911 3491,3919 3492,3919 3495,3919 3495,3920 3495,3944 3495,3944 3492,3944 3491,3945 3491,3948 3491,3948 3488,3948 3487,3949 3487,3952 3487,3952 3484,3952 3483,3953 3483,3957 3483,3957 3479,3957 3478,3958 3478,3961 3478,3961 3348,3961 3347,3962 3347,3969 3347,3969 3344,3969 3343,3970 3343,3974 3343,3974 2667,3974 2666,3975 2666,4012 2666,4012 1414,4012 1413,4013 1413,4020 1413,4020 1405,4020 1404,4021 1404,4024 1404,4024"/><TextEquiv index="1"><Unicode>“ſeigneur, répondit-elle, il faut obéir.“</Unicode></TextEquiv></TextLine><TextLine id="r0_l017"><Coords points="2739,4465 2738,4465 2738,4461 2738,4460 2730,4460 2729,4460 2729,4457 2729,4456 2726,4456 2725,4456 2725,4450 2725,4449 61,4449 60,4448 59,4448 58,4448 58,4402 58,4401 55,4401 54,4401 54,4148 54,4147 51,4147 50,4147 50,4144 50,4143 47,4143 46,4143 46,4135 47,4134 50,4134 50,4134 50,4000 51,3999 58,3999 58,4000 58,4024 59,4024 350,4024 350,4025 350,4029 351,4029 401,4029 401,4030 401,4033 402,4033 3288,4033 3288,4034 3288,4037 3289,4037 3292,4037 3292,4038 3292,4096 3293,4096 3436,4096 3436,4097 3436,4098 3437,4098 3911,4098 3911,4099 3911,4101 3911,4101 3441,4101 3440,4102 3440,4126 3441,4126 3512,4126 3512,4127 3512,4130 3513,4130 3521,4130 3521,4131 3521,4134 3522,4134 3525,4134 3525,4135 3525,4380 3526,4380 3529,4380 3529,4381 3529,4384 3529,4384 3526,4384 3525,4385 3525,4393 3525,4393 3522,4393 3521,4394 3521,4397 3521,4397 3509,4397 3508,4398 3508,4401 3508,4401 3234,4401 3233,4402 3233,4456 3233,4456 3208,4456 3207,4457 3207,4460 3207,4460 2760,4460 2759,4461 2759,4465 2759,4465"/><TextEquiv index="1"><Unicode>ne l ee, dl e t t lon eena</Unicode></TextEquiv></TextLine><TextLine id="r0_l018"><Coords points="51,4613 50,4613 50,4601 51,4600 54,4600 54,4600 54,4597 55,4596 58,4596 58,4596 58,4449 59,4448 60,4448 61,4449 79,4449 79,4450 79,4460 80,4460 668,4460 668,4461 668,4520 669,4520 752,4520 752,4521 752,4524 753,4524 757,4524 757,4525 757,4579 758,4579 795,4579 795,4580 795,4583 796,4583 799,4583 799,4584 799,4596 800,4596 803,4596 803,4597 803,4604 803,4604 800,4604 799,4605 799,4609 799,4609 792,4609 791,4610 791,4613 791,4613"/><TextEquiv index="1"><Unicode>revenir.</Unicode></TextEquiv></TextLine><TextLine id="r0_l019"><Coords points="451,4895 451,4894 431,4874 431,4873 411,4853 411,4852 390,4831 390,4830 370,4810 370,4809 361,4799 72,4799 71,4799 71,4737 71,4736 68,4736 67,4736 67,4720 68,4719 236,4719 236,4719 236,4660 237,4659 3525,4659 3525,4660 3525,4668 3525,4668 248,4668 247,4669 255,4676 689,4676 689,4677 689,4680 690,4680 2602,4680 2602,4681 2602,4685 2603,4685 2691,4685 2691,4686 2691,4736 2692,4736 3487,4736 3487,4737 3487,4744 3488,4744 3512,4744 3512,4745 3512,4748 3513,4748 3516,4748 3516,4749 3516,4829 3516,4829 3505,4829 3504,4830 3504,4833 3504,4833 3501,4833 3500,4834 3500,4837 3500,4837 3479,4837 3478,4838 3478,4841 3478,4841 3475,4841 3474,4842 3474,4846 3474,4846 3467,4846 3466,4847 3466,4858 3466,4858 3158,4858 3157,4859 3157,4892 3157,4892 3115,4892 3114,4893 3114,4897 3114,4897 2701,4897 2700,4898 2700,4900 2700,4900 469,4900 468,4901"/><TextEquiv index="1"><Unicode>Enfin la Prieure, embarraſſée, reparut</Unicode></TextEquiv></TextLine><TextLine id="r0_l020"><Coords points="2472,5115 2471,5115 2471,5050 2471,5049 2341,5049 2340,5050 2340,5053 2340,5053 2337,5053 2336,5054 2336,5070 2336,5070 2332,5070 2331,5071 2331,5074 2331,5074 2328,5074 2327,5075 2327,5078 2327,5078 2324,5078 2323,5079 2323,5083 2323,5083 2311,5083 2310,5084 2310,5087 2310,5087 2303,5087 2302,5087 2302,5084 2302,5083 2298,5083 2297,5083 2297,5058 2297,5057 2193,5057 2192,5057 2192,5054 2192,5053 1909,5053 1908,5053 1908,5050 1908,5049 1537,5049 1536,5049 1536,5046 1536,5045 745,5045 744,5045 744,5041 744,5040 703,5040 702,5040 702,5037 702,5036 643,5036 642,5036 642,5033 642,5032 419,5032 418,5032 418,5029 418,5028 406,5028 405,5028 405,5024 405,5023 233,5023 232,5023 232,5020 232,5019 229,5019 228,5019 228,4995 228,4994 102,4994 101,4995 101,5088 101,5088 97,5088 96,5087 93,5087 92,5087 92,4995 92,4994 85,4994 84,4995 84,5066 84,5066 80,5066 79,5066 79,4978 79,4977 72,4977 71,4977 71,4969 72,4968 228,4968 228,4968 228,4952 229,4951 236,4951 236,4951 236,4948 237,4947 240,4947 240,4947 240,4944 241,4943 249,4943 249,4943 249,4940 250,4939 422,4939 422,4940 422,4943 423,4943 647,4943 647,4943 647,4897 648,4896 651,4896 651,4896 651,4893 652,4892 664,4892 664,4892 664,4889 665,4888 668,4888 668,4889 668,4892 669,4892 672,4892 672,4893 672,4956 673,4956 892,4956 892,4956 892,4952 893,4951 901,4951 901,4952 901,4956 902,4956 1231,4956 1231,4956 1231,4906 1232,4905 1235,4905 1235,4905 1235,4902 1236,4901 1248,4901 1248,4901 1248,4897 1249,4896 1256,4896 1256,4897 1256,4901 1257,4901 1260,4901 1260,4902 1260,4956 1261,4956 1540,4956 1540,4956 1540,4952 1541,4951 1548,4951 1548,4951 1548,4919 1549,4918 1552,4918 1552,4919 1552,4922 1553,4922 1557,4922 1557,4923 1557,4960 1558,4960 1773,4960 1773,4960 1773,4914 1774,4913 1777,4913 1777,4913 1777,4910 1778,4909 1832,4909 1832,4910 1832,4964 1833,4964 2192,4964 2192,4964 2192,4961 2193,4960 2204,4960 2204,4961 2204,4964 2205,4964 2217,4964 2217,4965 2217,4968 2218,4968 2221,4968 2221,4969 2221,4973 2222,4973 2225,4973 2225,4974 2225,4977 2226,4977 2230,4977 2230,4978 2230,5023 2231,5023 2471,5023 2471,5023 2471,4990 2472,4989 2475,4989 2475,4989 2475,4982 2476,4981 2479,4981 2479,4981 2479,4978 2480,4977 2484,4977 2484,4977 2484,4974 2485,4973 2488,4973 2488,4973 2488,4969 2489,4968 2492,4968 2492,4968 2492,4965 2493,4964 2501,4964 2501,4964 2501,4961 2502,4960 2687,4960 2687,4960 2687,4902 2688,4901 2691,4901 2692,4900 2700,4900 2701,4901 2704,4901 2704,4902 2704,4905 2705,4905 2708,4905 2708,4906 2708,4909 2709,4909 3093,4909 3093,4909 3093,4906 3094,4905 3097,4905 3097,4905 3097,4898 3098,4897 3114,4897 3114,4898 3114,4901 3115,4901 3119,4901 3119,4902 3119,4947 3120,4947 3169,4947 3169,4948 3169,4956 3170,4956 3440,4956 3440,4957 3440,4960 3441,4960 3491,4960 3491,4961 3491,4964 3492,4964 3495,4964 3495,4965 3495,4968 3496,4968 3500,4968 3500,4969 3500,4977 3501,4977 3504,4977 3504,4978 3504,5032 3505,5032 3512,5032 3512,5033 3512,5036 3513,5036 3516,5036 3516,5037 3516,5049 3516,5049 3166,5049 3165,5049 3165,5046 3165,5045 2967,5045 2966,5046 2966,5049 2966,5049 2646,5049 2645,5050 2645,5053 2645,5053 2569,5053 2568,5054 2568,5104 2568,5104 2531,5104 2530,5104 2530,5101 2530,5100 2527,5100 2526,5100 2526,5096 2526,5095 2523,5095 2522,5095 2522,5050 2522,5049 2489,5049 2488,5050 2488,5115 2488,5115"/><TextEquiv index="1"><Unicode>avec la touchante Laure, qui étoit un</Unicode></TextEquiv></TextLine><TextLine id="r0_l021"><Coords points="1858,5480 1857,5480 1857,5477 1857,5476 1012,5476 1011,5476 1011,5473 1011,5472 825,5472 824,5472 824,5469 824,5468 770,5468 769,5468 769,5465 769,5464 533,5464 532,5464 532,5460 532,5459 389,5459 388,5459 388,5456 388,5455 372,5455 371,5455 371,5452 371,5451 301,5451 300,5451 300,5448 300,5447 229,5447 228,5447 228,5338 228,5337 89,5337 88,5337 88,5147 88,5146 76,5146 75,5146 75,5101 75,5100 72,5100 71,5100 71,5096 72,5095 79,5095 79,5096 79,5108 80,5108 96,5108 96,5108 96,5089 97,5088 101,5088 101,5089 101,5108 102,5108 786,5108 786,5109 786,5112 787,5112 3305,5112 3305,5113 3305,5116 3306,5116 3309,5116 3309,5117 3309,5171 3310,5171 3394,5171 3394,5172 3394,5176 3395,5176 3398,5176 3398,5177 3398,5180 3399,5180 3406,5180 3406,5181 3406,5184 3407,5184 3415,5184 3415,5185 3415,5193 3416,5193 3419,5193 3419,5194 3419,5201 3420,5201 3690,5201 3690,5202 3690,5210 3690,5210 3517,5210 3516,5211 3516,5464 3516,5464 3513,5464 3512,5465 3512,5468 3512,5468 3509,5468 3508,5469 3508,5472 3508,5472 3505,5472 3504,5473 3504,5476 3504,5476 2417,5476 2416,5477 2416,5480 2416,5480"/><TextEquiv index="1"><Unicode>ie lau ſin tule oi lanen</Unicode></TextEquiv></TextLine><TextLine id="r0_l022"><Coords points="3293,5734 3292,5734 3292,5731 3292,5730 3289,5730 3288,5730 3288,5693 3288,5692 3225,5692 3224,5692 3224,5689 3224,5688 2938,5688 2937,5689 2937,5692 2937,5692 2480,5692 2479,5692 2479,5689 2479,5688 2277,5688 2276,5689 2276,5692 2276,5692 2108,5692 2107,5693 2107,5696 2107,5696 2099,5696 2098,5696 2098,5693 2098,5692 2057,5692 2056,5692 2056,5689 2056,5688 1744,5688 1743,5689 1743,5692 1743,5692 1672,5692 1671,5692 1671,5689 1671,5688 1477,5688 1476,5689 1476,5701 1476,5701 1473,5701 1472,5701 1472,5689 1472,5688 1359,5688 1358,5689 1358,5692 1358,5692 1194,5692 1193,5693 1193,5696 1193,5696 1185,5696 1184,5697 1184,5701 1184,5701 1160,5701 1159,5701 1159,5693 1159,5692 1156,5692 1155,5692 1155,5689 1155,5688 948,5688 947,5688 947,5685 947,5684 659,5684 643,5684 642,5685 642,5734 642,5734 614,5734 613,5734 613,5676 613,5675 461,5675 460,5675 460,5672 460,5671 394,5671 393,5671 393,5668 393,5667 385,5667 384,5667 384,5664 384,5663 330,5663 329,5663 329,5659 329,5658 114,5658 113,5659 113,5663 113,5663 106,5663 105,5663 105,5617 105,5616 102,5616 101,5616 101,5596 101,5595 97,5595 96,5595 96,5566 96,5565 85,5565 84,5565 84,5562 84,5561 80,5561 79,5561 79,5558 80,5557 96,5557 96,5557 96,5537 96,5536 93,5536 92,5536 92,5528 93,5527 101,5527 101,5528 101,5578 102,5578 245,5578 245,5578 245,5575 246,5574 274,5574 274,5575 274,5578 275,5578 287,5578 287,5579 287,5582 288,5582 414,5582 414,5583 414,5586 415,5586 630,5586 630,5587 630,5591 631,5591 706,5591 706,5591 706,5541 707,5540 710,5540 710,5540 710,5537 711,5536 723,5536 723,5537 723,5540 724,5540 918,5540 918,5541 918,5599 919,5599 985,5599 985,5600 985,5603 986,5603 989,5603 989,5604 989,5607 990,5607 994,5607 994,5608 994,5654 995,5654 1193,5654 1193,5654 1193,5562 1193,5561 1151,5561 1150,5561 1150,5558 1151,5557 1176,5557 1176,5557 1176,5549 1177,5548 1180,5548 1180,5548 1180,5545 1181,5544 1227,5544 1227,5545 1227,5548 1228,5548 1277,5548 1277,5549 1277,5557 1278,5557 1282,5557 1282,5558 1282,5603 1283,5603 1447,5603 1447,5603 1447,5600 1448,5599 1531,5599 1531,5600 1531,5603 1532,5603 1654,5603 1654,5603 1654,5553 1655,5552 1658,5552 1658,5552 1658,5549 1659,5548 1662,5548 1662,5548 1662,5545 1663,5544 1679,5544 1679,5545 1679,5603 1680,5603 2141,5603 2141,5603 2141,5549 2142,5548 2145,5548 2145,5548 2145,5545 2146,5544 2170,5544 2170,5545 2170,5603 2171,5603 2386,5603 2386,5603 2386,5583 2387,5582 2391,5582 2391,5582 2391,5575 2392,5574 2395,5574 2395,5574 2395,5566 2396,5565 2399,5565 2399,5565 2399,5558 2400,5557 2403,5557 2403,5557 2403,5549 2404,5548 2412,5548 2412,5549 2412,5552 2413,5552 2416,5552 2416,5553 2416,5561 2417,5561 2420,5561 2420,5562 2420,5569 2421,5569 2424,5569 2424,5570 2424,5578 2425,5578 2429,5578 2429,5579 2429,5599 2430,5599 2636,5599 2636,5600 2636,5603 2637,5603 2932,5603 2932,5603 2932,5600 2933,5599 3102,5599 3102,5599 3102,5596 3103,5595 3106,5595 3106,5595 3106,5579 3107,5578 3110,5578 3110,5578 3110,5570 3111,5569 3114,5569 3114,5569 3114,5562 3115,5561 3119,5561 3119,5561 3119,5553 3120,5552 3123,5552 3123,5552 3123,5549 3124,5548 3131,5548 3131,5548 3131,5545 3132,5544 3140,5544 3140,5544 3140,5541 3141,5540 3148,5540 3148,5540 3148,5537 3149,5536 3161,5536 3161,5537 3161,5540 3162,5540 3174,5540 3174,5541 3174,5544 3175,5544 3178,5544 3178,5545 3178,5599 3179,5599 3419,5599 3419,5599 3419,5596 3420,5595 3423,5595 3423,5596 3423,5599 3424,5599 3449,5599 3449,5600 3449,5607 3450,5607 3453,5607 3453,5608 3453,5650 3454,5650 3487,5650 3487,5651 3487,5654 3488,5654 3682,5654 3682,5654 3682,5651 3683,5650 3686,5650 3686,5651 3686,5658 3686,5658 3501,5658 3500,5659 3500,5679 3500,5679 3496,5679 3495,5680 3495,5688 3495,5688 3297,5688 3296,5689 3296,5734 3296,5734"/><TextEquiv index="1"><Unicode>mes pieds. J'aurois voulu être aux ſiens.</Unicode></TextEquiv></TextLine><TextLine id="r0_l023"><Coords points="2150,5972 2149,5972 2149,5909 2149,5908 2036,5908 2035,5909 2035,5916 2035,5916 2032,5916 2031,5917 2031,5925 2031,5925 2028,5925 2027,5926 2027,5933 2027,5933 2023,5933 2022,5934 2022,5946 2022,5946 2019,5946 2018,5947 2018,5959 2018,5959 1998,5959 1997,5959 1997,5956 1997,5955 1994,5955 1993,5955 1993,5909 1993,5908 1769,5908 1768,5908 1768,5905 1768,5904 1312,5904 1311,5904 1311,5901 1311,5900 1278,5900 1277,5901 1277,5968 1277,5968 1273,5968 1272,5968 1272,5901 1272,5900 1113,5900 1112,5901 1112,5904 1112,5904 1084,5904 1083,5904 1083,5901 1083,5900 944,5900 943,5900 943,5896 943,5895 859,5895 858,5895 858,5892 858,5891 787,5891 786,5891 786,5888 786,5887 681,5887 680,5887 680,5884 680,5883 677,5883 676,5883 676,5879 676,5878 483,5878 482,5879 482,5883 482,5883 461,5883 460,5883 460,5879 460,5878 339,5878 338,5878 338,5875 338,5874 224,5874 223,5874 223,5871 223,5870 110,5870 109,5871 109,5946 109,5946 106,5946 105,5946 105,5934 105,5933 102,5933 101,5933 101,5871 101,5870 97,5870 96,5871 96,5921 96,5921 89,5921 88,5921 88,5862 89,5861 219,5861 219,5861 219,5858 220,5857 232,5857 232,5857 232,5782 232,5781 97,5781 96,5781 96,5748 97,5747 228,5747 228,5747 228,5731 229,5730 350,5730 350,5731 350,5734 351,5734 355,5734 355,5735 355,5739 356,5739 405,5739 405,5740 405,5798 406,5798 486,5798 486,5799 486,5802 487,5802 642,5802 642,5803 642,5806 643,5806 719,5806 719,5806 719,5757 720,5756 723,5756 723,5756 723,5752 724,5751 926,5751 926,5752 926,5756 927,5756 1040,5756 1040,5757 1040,5760 1041,5760 1045,5760 1045,5761 1045,5811 1046,5811 1239,5811 1239,5811 1239,5761 1240,5760 1243,5760 1243,5760 1243,5757 1244,5756 1265,5756 1265,5757 1265,5777 1266,5777 1269,5777 1269,5778 1269,5815 1270,5815 1514,5815 1514,5815 1514,5812 1515,5811 1519,5811 1519,5812 1519,5815 1520,5815 1692,5815 1692,5815 1692,5765 1693,5764 1696,5764 1696,5764 1696,5761 1697,5760 1705,5760 1705,5760 1705,5757 1706,5756 1713,5756 1713,5757 1713,5760 1714,5760 1718,5760 1718,5761 1718,5815 1719,5815 1874,5815 1874,5816 1874,5819 1875,5819 2115,5819 2115,5819 2115,5816 2116,5815 2162,5815 2162,5815 2162,5765 2163,5764 2170,5764 2170,5765 2170,5773 2171,5773 2175,5773 2175,5774 2175,5819 2176,5819 2420,5819 2420,5819 2420,5816 2421,5815 2424,5815 2424,5815 2424,5799 2425,5798 2429,5798 2429,5798 2429,5790 2430,5789 2433,5789 2433,5789 2433,5778 2434,5777 2437,5777 2437,5777 2437,5774 2438,5773 2441,5773 2441,5773 2441,5769 2442,5768 2446,5768 2446,5768 2446,5765 2447,5764 2450,5764 2450,5764 2450,5761 2451,5760 2454,5760 2454,5760 2454,5757 2455,5756 2479,5756 2479,5757 2479,5760 2480,5760 2488,5760 2488,5761 2488,5798 2489,5798 2509,5798 2509,5799 2509,5815 2510,5815 2962,5815 2962,5815 2962,5761 2963,5760 2966,5760 2966,5760 2966,5757 2967,5756 2983,5756 2983,5757 2983,5760 2984,5760 2992,5760 2992,5761 2992,5828 2993,5828 3279,5828 3279,5828 3279,5761 3280,5760 3406,5760 3406,5760 3406,5757 3407,5756 3415,5756 3415,5757 3415,5760 3416,5760 3419,5760 3419,5761 3419,5811 3420,5811 3491,5811 3491,5812 3491,5815 3492,5815 3495,5815 3495,5816 3495,5819 3496,5819 3500,5819 3500,5820 3500,5823 3501,5823 3504,5823 3504,5824 3504,5828 3505,5828 3508,5828 3508,5829 3508,5832 3509,5832 3512,5832 3512,5833 3512,5836 3513,5836 3516,5836 3516,5837 3516,5853 3516,5853 3513,5853 3512,5854 3512,5883 3512,5883 3509,5883 3508,5884 3508,5891 3508,5891 3505,5891 3504,5892 3504,5895 3504,5895 3501,5895 3500,5896 3500,5900 3500,5900 3496,5900 3495,5901 3495,5904 3495,5904 3458,5904 3457,5904 3457,5901 3457,5900 3280,5900 3279,5900 3279,5892 3279,5891 3196,5891 3195,5892 3195,5904 3195,5904 3192,5904 3191,5905 3191,5908 3191,5908 3187,5908 3186,5908 3186,5892 3186,5891 3175,5891 3174,5892 3174,5933 3174,5933 3170,5933 3169,5934 3169,5942 3169,5942 3166,5942 3165,5942 3165,5892 3165,5891 3043,5891 3042,5892 3042,5895 3042,5895 3039,5895 3038,5896 3038,5900 3038,5900 3001,5900 3000,5901 3000,5904 3000,5904 2899,5904 2898,5905 2898,5908 2898,5908 2883,5908 2882,5908 2882,5905 2882,5904 2756,5904 2616,5904 2615,5905 2615,5908 2615,5908 2531,5908 2530,5908 2530,5905 2530,5904 2524,5904 2337,5904 2336,5905 2336,5908 2336,5908 2163,5908 2162,5909 2162,5972 2162,5972"/><TextEquiv index="1"><Unicode>Elle n'oſoit lever les yeux ſur moi. „Ne</Unicode></TextEquiv></TextLine><TextLine id="r0_l024"><Coords points="2341,6166 2340,6166 2340,6125 2340,6124 2214,6124 2213,6124 2213,6121 2213,6120 2099,6120 2098,6120 2098,6116 2098,6115 1913,6115 1912,6116 1912,6120 1912,6120 1846,6120 1845,6121 1845,6124 1845,6124 1833,6124 1832,6124 1832,6121 1832,6120 1579,6120 1578,6121 1578,6132 1578,6132 1575,6132 1574,6133 1574,6141 1574,6141 1570,6141 1569,6142 1569,6145 1569,6145 1562,6145 1561,6146 1561,6149 1561,6149 1537,6149 1536,6149 1536,6116 1536,6115 1359,6115 1358,6116 1358,6120 1358,6120 1350,6120 1349,6121 1349,6124 1349,6124 1346,6124 1345,6124 1345,6121 1345,6120 1329,6120 1328,6120 1328,6116 1328,6115 1037,6115 1036,6115 1036,6112 1036,6111 792,6111 791,6112 791,6132 791,6132 787,6132 786,6133 786,6141 786,6141 783,6141 782,6142 782,6145 782,6145 779,6145 778,6146 778,6149 778,6149 775,6149 774,6150 774,6154 774,6154 766,6154 765,6155 765,6158 765,6158 728,6158 727,6158 727,6155 727,6154 720,6154 719,6154 719,6150 719,6149 711,6149 710,6149 710,6142 710,6141 707,6141 706,6141 706,6095 706,6094 622,6094 621,6094 621,6091 621,6090 512,6090 511,6090 511,6087 511,6086 449,6086 448,6086 448,6083 448,6082 444,6082 443,6082 443,6074 443,6073 233,6073 232,6074 232,6077 232,6077 220,6077 219,6077 219,6074 219,6073 106,6073 105,6073 105,6002 106,6001 109,6001 109,6002 109,6018 110,6018 249,6018 249,6018 249,5985 250,5984 257,5984 257,5985 257,6018 258,6018 261,6018 261,6018 261,6015 262,6014 439,6014 439,6014 439,6011 440,6010 448,6010 448,6010 448,6006 449,6005 456,6005 456,6005 456,6002 457,6001 664,6001 664,6001 664,5956 665,5955 680,5955 680,5956 680,5963 681,5963 685,5963 685,5964 685,6018 686,6018 824,6018 824,6019 824,6022 825,6022 943,6022 943,6023 943,6027 944,6027 994,6027 994,6028 994,6031 995,6031 1193,6031 1193,6031 1193,6028 1194,6027 1260,6027 1260,6027 1260,5972 1261,5971 1265,5971 1265,5971 1265,5968 1266,5967 1272,5967 1273,5968 1277,5968 1277,5969 1277,5971 1278,5971 1282,5971 1282,5972 1282,6027 1283,6027 1358,6027 1358,6028 1358,6031 1359,6031 1455,6031 1455,6032 1455,6035 1456,6035 1459,6035 1459,6036 1459,6039 1460,6039 1464,6039 1464,6040 1464,6048 1465,6048 1468,6048 1468,6049 1468,6090 1469,6090 1595,6090 1595,6090 1595,6002 1596,6001 1722,6001 1722,6001 1722,5981 1723,5980 1726,5980 1726,5980 1726,5977 1727,5976 1734,5976 1734,5976 1734,5972 1735,5971 1895,5971 1895,5972 1895,5976 1896,5976 1900,5976 1900,5977 1900,6031 1901,6031 2082,6031 2082,6031 2082,5977 2083,5976 2094,5976 2094,5976 2094,5972 2095,5971 2111,5971 2112,5972 2162,5972 2162,5973 2162,5980 2163,5980 2166,5980 2166,5981 2166,6031 2167,6031 2348,6031 2348,6031 2348,6002 2349,6001 2352,6001 2352,6001 2352,5994 2353,5993 2374,5993 2374,5994 2374,5997 2375,5997 2378,5997 2378,5998 2378,6001 2379,6001 2382,6001 2382,6002 2382,6031 2383,6031 2615,6031 2615,6031 2615,6023 2616,6022 2619,6022 2619,6023 2619,6027 2620,6027 2623,6027 2623,6028 2623,6031 2624,6031 2822,6031 2822,6032 2822,6035 2823,6035 3123,6035 3123,6035 3123,5972 3124,5971 3131,5971 3131,5971 3131,5968 3132,5967 3394,5967 3394,5968 3394,5971 3395,5971 3398,5971 3398,5972 3398,6022 3399,6022 3474,6022 3474,6023 3474,6027 3475,6027 3487,6027 3487,6028 3487,6031 3488,6031 3491,6031 3491,6032 3491,6035 3492,6035 3495,6035 3495,6036 3495,6043 3496,6043 3500,6043 3500,6044 3500,6052 3501,6052 3504,6052 3504,6053 3504,6098 3504,6098 3501,6098 3500,6099 3500,6103 3500,6103 3496,6103 3495,6104 3495,6107 3495,6107 3492,6107 3491,6108 3491,6111 3491,6111 3475,6111 3474,6112 3474,6115 3474,6115 3462,6115 3461,6116 3461,6120 3461,6120 3458,6120 3457,6120 3457,6116 3457,6115 3259,6115 3258,6116 3258,6120 3258,6120 2938,6120 2937,6121 2937,6124 2937,6124 2887,6124 2886,6124 2886,6121 2886,6120 2595,6120 2594,6121 2594,6132 2594,6132 2590,6132 2589,6133 2589,6141 2589,6141 2586,6141 2585,6142 2585,6145 2585,6145 2582,6145 2581,6146 2581,6149 2581,6149 2574,6149 2573,6150 2573,6154 2573,6154 2557,6154 2556,6154 2556,6125 2556,6124 2375,6124 2374,6125 2374,6141 2374,6141 2370,6141 2369,6142 2369,6145 2369,6145 2366,6145 2365,6146 2365,6154 2365,6154 2362,6154 2361,6155 2361,6162 2361,6162 2358,6162 2357,6163 2357,6166 2357,6166"/><TextEquiv index="1"><Unicode>“craignez rien, lui dis-je, ma belle</Unicode></TextEquiv></TextLine><TextLine id="r0_l025"><Coords points="2028,6393 2027,6393 2027,6383 2027,6382 1545,6382 1544,6382 1544,6366 1544,6365 1401,6365 1400,6365 1400,6362 1400,6361 1397,6361 1396,6361 1396,6337 1396,6336 1185,6336 1184,6336 1184,6332 1184,6331 1067,6331 1066,6331 1066,6328 1066,6327 1050,6327 1049,6327 1049,6324 1049,6323 974,6323 973,6323 973,6320 973,6319 863,6319 862,6319 862,6315 862,6314 842,6314 841,6314 841,6311 841,6310 106,6310 105,6310 105,6188 105,6187 97,6187 96,6187 96,6176 97,6175 418,6175 418,6175 418,6163 419,6162 422,6162 422,6162 422,6159 423,6158 511,6158 511,6159 511,6162 512,6162 520,6162 520,6163 520,6166 521,6166 532,6166 532,6167 532,6170 533,6170 541,6170 541,6171 541,6175 542,6175 943,6175 943,6176 943,6179 944,6179 1040,6179 1040,6180 1040,6183 1041,6183 2420,6183 2420,6184 2420,6187 2421,6187 2856,6187 2856,6188 2856,6192 2857,6192 2860,6192 2860,6193 2860,6230 2861,6230 3478,6230 3478,6231 3478,6234 3479,6234 3483,6234 3483,6235 3483,6238 3484,6238 3487,6238 3487,6239 3487,6242 3488,6242 3495,6242 3495,6243 3495,6251 3496,6251 3500,6251 3500,6252 3500,6255 3501,6255 3504,6255 3504,6256 3504,6259 3505,6259 3508,6259 3508,6260 3508,6306 3508,6306 3505,6306 3504,6307 3504,6310 3504,6310 3501,6310 3500,6311 3500,6314 3500,6314 3496,6314 3495,6315 3495,6319 3495,6319 3488,6319 3487,6320 3487,6323 3487,6323 3467,6323 3466,6324 3466,6327 3466,6327 3310,6327 3309,6328 3309,6387 3309,6387 2032,6387 2031,6388 2031,6393 2031,6393"/><TextEquiv index="1"><Unicode>“Demoiſelle, je ſuis aſſuré de votre</Unicode></TextEquiv></TextLine><TextLine id="r0_l026"><Coords points="2701,6602 2700,6602 2700,6599 2700,6598 2688,6598 2687,6598 2687,6548 2687,6547 1697,6547 1696,6548 1696,6573 1696,6573 1693,6573 1692,6574 1692,6581 1692,6581 1689,6581 1688,6582 1688,6585 1688,6585 1685,6585 1684,6586 1684,6594 1684,6594 1680,6594 1679,6595 1679,6598 1679,6598 1663,6598 1662,6598 1662,6582 1662,6581 1266,6581 1265,6581 1265,6578 1265,6577 1261,6577 1260,6577 1260,6544 1260,6543 1143,6543 1142,6543 1142,6540 1142,6539 1071,6539 1070,6539 1070,6535 1070,6534 135,6534 134,6535 134,6556 134,6556 131,6556 130,6556 130,6540 130,6539 119,6539 118,6539 118,6519 119,6518 130,6518 130,6518 130,6425 131,6424 422,6424 422,6424 422,6375 423,6374 427,6374 427,6374 427,6370 428,6369 439,6369 439,6370 439,6374 440,6374 443,6374 443,6375 443,6378 444,6378 448,6378 448,6379 448,6429 449,6429 1434,6429 1434,6429 1434,6425 1435,6424 1438,6424 1438,6424 1438,6421 1439,6420 1442,6420 1442,6420 1442,6417 1443,6416 1447,6416 1447,6416 1447,6413 1448,6412 2014,6412 2014,6412 2014,6396 2015,6395 2027,6395 2027,6395 2027,6394 2028,6393 2031,6393 2031,6394 2031,6395 2032,6395 3292,6395 3292,6395 3292,6388 3293,6387 3309,6387 3309,6388 3309,6391 3310,6391 3313,6391 3313,6392 3313,6446 3314,6446 3487,6446 3487,6447 3487,6450 3488,6450 3495,6450 3495,6451 3495,6454 3496,6454 3500,6454 3500,6455 3500,6463 3500,6463 3496,6463 3495,6464 3495,6467 3495,6467 3492,6467 3491,6468 3491,6534 3491,6534 3488,6534 3487,6535 3487,6539 3487,6539 3149,6539 3148,6540 3148,6594 3148,6594 2734,6594 2733,6595 2733,6598 2733,6598 2726,6598 2725,6599 2725,6602 2725,6602"/><TextEquiv index="1"><Unicode>“innocence, &amp; je viens ici pour prier</Unicode></TextEquiv></TextLine><TextLine id="r0_l027"><Coords points="1740,6824 1739,6824 1739,6764 1739,6763 1566,6763 1565,6763 1565,6760 1565,6759 1486,6759 1485,6759 1485,6756 1485,6755 1211,6755 1210,6755 1210,6751 1210,6750 1054,6750 1053,6750 1053,6747 1053,6746 821,6746 820,6746 820,6743 820,6742 808,6742 807,6742 807,6739 807,6738 720,6738 719,6738 719,6734 719,6733 428,6733 427,6733 427,6730 427,6729 415,6729 414,6729 414,6717 414,6716 279,6716 278,6716 278,6713 278,6712 233,6712 232,6712 232,6709 232,6708 229,6708 228,6708 228,6705 228,6704 224,6704 223,6704 223,6641 223,6640 127,6640 126,6640 126,6637 126,6636 123,6636 122,6636 122,6633 123,6632 418,6632 418,6632 418,6590 419,6589 427,6589 427,6589 427,6586 428,6585 443,6585 443,6586 443,6594 444,6594 774,6594 774,6595 774,6598 775,6598 795,6598 795,6599 795,6602 796,6602 3318,6602 3318,6603 3318,6606 3319,6606 3322,6606 3322,6607 3322,6615 3323,6615 3483,6615 3483,6616 3483,6674 3484,6674 3487,6674 3487,6675 3487,6678 3488,6678 3491,6678 3491,6679 3491,6691 3492,6691 3495,6691 3495,6692 3495,6738 3495,6738 3492,6738 3491,6739 3491,6746 3491,6746 3475,6746 3474,6747 3474,6750 3474,6750 3467,6750 3466,6751 3466,6755 3466,6755 2404,6755 2403,6756 2403,6759 2403,6759 2091,6759 2090,6760 2090,6763 2090,6763 1757,6763 1756,6764 1756,6824 1756,6824"/><TextEquiv index="1"><Unicode>“les Révérendes Mères de vous rendre</Unicode></TextEquiv></TextLine><TextLine id="r0_l028"><Coords points="2717,7037 2716,7037 2716,7010 2716,7009 2574,7009 2573,7009 2573,7006 2573,7005 2370,7005 2369,7005 2369,6988 2369,6987 419,6987 418,6988 418,6992 418,6992 415,6992 414,6993 414,7000 414,7000 411,7000 410,7001 410,7004 410,7004 402,7004 401,7004 401,7001 401,7000 398,7000 397,7000 397,6959 397,6958 157,6958 156,6958 156,6955 156,6954 152,6954 151,6954 151,6950 152,6949 397,6949 397,6949 397,6929 397,6928 224,6928 223,6928 223,6925 223,6924 216,6924 215,6924 215,6912 216,6911 219,6911 219,6911 219,6908 220,6907 223,6907 223,6907 223,6866 224,6865 261,6865 261,6865 261,6861 262,6860 414,6860 414,6860 414,6819 415,6818 418,6818 418,6818 418,6815 419,6814 587,6814 587,6814 587,6811 588,6810 600,6810 600,6810 600,6806 601,6805 676,6805 676,6805 676,6802 677,6801 689,6801 689,6802 689,6805 690,6805 693,6805 693,6806 693,6822 694,6822 2920,6822 2920,6822 2920,6819 2921,6818 2928,6818 2928,6818 2928,6815 2929,6814 3207,6814 3207,6815 3207,6818 3208,6818 3216,6818 3216,6819 3216,6873 3217,6873 3284,6873 3284,6874 3284,6877 3285,6877 3470,6877 3470,6878 3470,6882 3471,6882 3474,6882 3474,6883 3474,6886 3475,6886 3478,6886 3478,6887 3478,6924 3479,6924 3483,6924 3483,6925 3483,6941 3484,6941 3500,6941 3500,6942 3500,6945 3501,6945 3504,6945 3504,6946 3504,6949 3504,6949 3501,6949 3500,6950 3500,6962 3500,6962 3496,6962 3495,6963 3495,6970 3495,6970 3479,6970 3478,6971 3478,6975 3478,6975 3369,6975 3368,6976 3368,6979 3368,6979 2781,6979 2780,6980 2780,7036 2780,7036 2726,7036 2725,7037"/><TextEquiv index="1"><Unicode>“juſtice.“ Ma voix la frappa. Elle leva</Unicode></TextEquiv></TextLine><TextLine id="r0_l029"><Coords points="2455,7104 2454,7104 2454,7039 2454,7038 2370,7038 2369,7038 2369,7035 2369,7034 2362,7034 2361,7034 2361,7026 2362,7025 2365,7025 2365,7025 2365,7022 2366,7021 2369,7021 2369,7021 2369,7006 2371,7004 2467,7004 2468,7003 2479,7003 2480,7004 2484,7004 2484,7005 2484,7013 2485,7013 2488,7013 2488,7014 2488,7021 2489,7021 2492,7021 2492,7022 2492,7038 2493,7038 2539,7038 2539,7039 2539,7042 2540,7042 2568,7042 2568,7043 2568,7047 2569,7047 2573,7047 2573,7048 2573,7050 2571,7052 2571,7053 2569,7055 2569,7056 2568,7057 2568,7058 2567,7059 2567,7060 2566,7061 2566,7062 2565,7063 2565,7064 2565,7064 2493,7064 2492,7065 2492,7068 2492,7068 2489,7068 2488,7069 2488,7076 2488,7076 2485,7076 2484,7077 2484,7089 2484,7089 2480,7089 2479,7090 2479,7103 2478,7104"/><TextEquiv index="1"><Unicode></Unicode></TextEquiv></TextLine><TextLine id="r0_l030"><Coords points="2823,7241 2822,7241 2822,7192 2822,7191 2523,7191 2522,7191 2522,7187 2522,7186 2506,7186 2505,7186 2505,7183 2505,7182 2497,7182 2496,7182 2496,7179 2496,7178 2489,7178 2488,7178 2488,7175 2488,7174 2485,7174 2484,7174 2484,7170 2484,7169 2480,7169 2479,7169 2479,7166 2479,7165 2476,7165 2475,7165 2475,7162 2475,7161 2468,7161 2467,7161 2467,7149 2467,7148 2463,7148 2462,7148 2462,7145 2462,7144 2459,7144 2458,7144 2458,7137 2458,7136 2455,7136 2454,7136 2454,7105 2455,7104 2478,7104 2479,7103 2564,7103 2564,7103 2564,7065 2565,7064 2565,7063 2566,7062 2566,7061 2567,7060 2567,7059 2568,7058 2568,7057 2569,7056 2569,7055 2571,7053 2571,7052 2573,7050 2712,7050 2712,7050 2712,7039 2713,7038 2716,7038 2717,7037 2767,7037 2768,7036 2780,7036 2780,7037 2780,7038 2781,7038 2784,7038 2784,7039 2784,7042 2785,7042 2788,7042 2788,7043 2788,7051 2789,7051 2848,7051 2848,7052 2848,7055 2849,7055 2856,7055 2856,7056 2856,7182 2856,7182 2853,7182 2852,7183 2852,7203 2852,7203 2849,7203 2848,7204 2848,7220 2848,7220 2844,7220 2843,7221 2843,7229 2843,7229 2840,7229 2839,7230 2839,7233 2839,7233 2836,7233 2835,7234 2835,7237 2835,7237 2832,7237 2831,7238 2831,7241 2831,7241"/><TextEquiv index="1"><Unicode>iij</Unicode></TextEquiv></TextLine></TextRegion></Page></PcGts>