4266 8064
1077 703 4125 918 les yeux ſur moi. O ciel! de quelle ſur-
1066 913 4110 1113 priſe elle fut confondue! Elle devint
1058 1112 4105 1312 rouge comme du feu, & l'amour ſembla
1054 1312 4223 1516 paroître dans ſes yeux avec la pudeur.
796 1511 4219 1719 Je la relevai. „Mademoiſelle, lui dis-je,
808 1706 4094 1907 “en la conduiſant devant un crucifix,
976 1902 4176 2106 “c'eſt devant ce maître ſuprême, qu'il
1030 2101 4086 2305 “faut tomber à genoux, pour le prendre
1034 2296 4067 2501 “à témoin de votre innocence.“ Elle
1038 2499 4133 2695 ſe jeta à genoux devant la ſainte image;
1034 2695 4078 2898 elle prit à témoin le Dieu du ciel &
1038 2890 4074 3095 de la terre, qu'elle étoit innocente de
1007 3093 4070 3285 toute complicité avec le jeune-homme
1028 3290 4075 3478 qu'on l'accuſoit d'avoir favoriſé. Elle
1011 3484 4063 3688 l'aſſura par ſerment. „Nous vous croyons,
1019 3687 4059 3867 “ma Sœur, lui dis-je, en lui donnant
1012 3888 4052 4083 “le baiſer de paix. Pardonnez de tout
1011 4090 4055 4283 “votre cœur aux Révérendes Mères,
1007 4273 4043 4479 “qui vous ont outragée ſans le vouloir,
675 4476 4039 4672 “& qui vous ont punie, parce qu'elles
1000 4673 4040 4868 “vous croyoient coupable. C'eſt l'amour
987 4871 4035 5071 “de la pureté & le zèle de la vertu
991 5070 4031 5262 “qui les ont inſpirées, & qui les rendent
992 5267 2126 5423 “excuſables.
1198 5461 4020 5661 Laure a pardonné de bon cœur à toutes
995 5649 4020 5867 les Religieuſes, & les a toutes embraſ-
983 5856 4008 6059 ſées. „Meſdames, repris - je, & vous
987 6043 4008 6251 “Madame la Prieure, j'ai l'honneur de
981 6259 4009 6455 “vous recommander bien ſpécialement
