4266 8070
-15 701 3265 904 “cette belle Demoiſelle, qui me touche
-14 897 3278 1105 “de très-près, & qui eſt l'ornement &
-14 1101 3281 1299 “la gloire de ſa famille.“ Toutes les
-14 1288 3277 1497 femelles, en chœur, m'aſſurèrent qu'elles
-14 1490 3277 1696 auroient le ſoin le plus aſſidu d'un ſi
-13 1685 3366 1916 précieux dépôt. Alors je fis aſſeoir, à
-13 1887 3277 2082 côté de moi, ma chère Laure, & nous
-12 2078 3273 2281 allions procéder à la fonction grave de
-12 2276 3265 2493 ma ger la collation qui nous attendoit....
439 2459 3510 2675 iout-à-coup, une Converſe accourt.
-11 2669 3281 2871 „Monſeigneur, Meſdames dit - elle,
-11 2863 3285 3059 “toute eſſoufflée, je viens d'apperce-
-10 3054 3475 3254 “voir, par une fenêtre, Monſeigneur
-10 3253 3285 3451 “l'Archevêque qui vient vous rendre
-9 3448 3511 3651 “viſite.“ -- „O ciel! me dis-je, quel
-9 3642 3281 3843 “embarras! mais il faut ici de la tête.“
-8 3841 3285 4041 -- „Ah! Monſeigneur, me dit la
-8 4036 3285 4241 “Prieure, Monſeigneur l'Archevêque
-8 4232 3289 4435 “accourt pour faire, à Votre Eminence,
-7 4423 3285 4620 “les honneurs de notre maiſon.“ -- „Je
-7 4620 3281 4826 “vais me hâter, répondis-je, de l'aller
-6 4817 3281 5027 “recevoir. Il faut que je ſorte au-devant
-6 5011 3289 5224 “de lui;“ & ſur - le - champ, je volai
-5 5202 1603 5415 comme un oiſeau.
447 5414 3285 5616 Les Religieuſes ne pouvoient me ſuivre.
-5 5521 3289 5811 Je ſuis déjà dehors. Monſeigneur deſcen-
-4 5788 3499 5996 doit de voiture. Je cours au-devant de
-4 5982 3281 6210 lui, il accourt au-devant moi, tout étonné
-3 6185 3285 6403 de voir un Cardinal qu'il ne connoît pas.
2340 6399 2706 6544 Civ
