4266 8203
1006 715 4242 930 „Monſeigneur, lui dis-je, je ſuis venu
998 922 4242 1125 “pour délivrer une Demoiſelle de condi-
986 1117 4075 1325 “tion, qu'on puniſſoit ici comme cou-
982 1320 4071 1528 “pable, quoiqu'elle fût parfaitement in-
982 1523 4079 1723 “nocente. Vous êtes le protecteur de l'in-
688 1726 4071 1929 “nocence; informez-vous, protégez-la,
970 1925 4079 2128 “& pardonnez - moi les moyens que j'ai
990 2120 4067 2331 “employés pour lui faire rendre juſtice.“
982 2323 4079 2528 A ces mots, je tire ma profonde révé-
982 2526 4071 2733 rence au Prélat ſtupéfait, qui balbutioit,
990 2725 4075 2933 de ſon côté: „Monſeigneur, Votre
978 2925 4170 3116 “Eminence....“ Je monte en voiture &
747 3135 2674 3386 je pars triomphant.
1149 3334 4075 3538 J'étois un peu inquiet; mais je pen-
978 3529 4071 3734 ſois que le Prélat, rigoureuſement juſte,
978 3732 4091 3935 s'informeroit de ce qui regardoit la chère
982 3935 4075 4143 Laure; & que, la découvrant innocente,
974 4134 4079 4325 il ne pourroit conſentir à la laiſſer op-
975 4334 1536 4533 primer.
1101 4528 4071 4741 Je me fis reconduire chez la Voirie,
982 4731 4063 4940 où je me décardinaliſai. Je payai bien
695 4934 4067 5139 tout mon monde, & je les renvoyai
620 5137 4067 5340 tous contens. J'écrivis ſur - le - champ à
970 5332 4059 5535 Monſeigneur l'Archevêque, pour lui
974 5531 4059 5735 avouer le fait avec toutes ſes circonſ-
974 5734 4059 5939 tances, en lui demandant humblement
974 5933 4055 6136 pardon, de l'abus que j'avois fait de ſon
982 6136 4059 6335 nom, de l'eſpèce de profanation que j'avois
986 6327 4063 6542 faite d'une dignité ſacrée; mais en ſoute-
