4266 9356
1781 566 2587 820 .
13 816 3793 1084 nant toujours que c'étoit pour une bonne
17 1060 3807 1300 œuvre, en lui recommandant la perſonne
26 1291 3816 1537 opprimée & innocente. Je me gardai bien
22 1516 3811 1759 de ſigner cette lettre; mais je l'envoyai
13 1741 3811 1987 à ſon adreſſe. Enſuite je voulus ſavoir ce
4 1975 3816 2442 le eui reiae eoii eounv a n lee
17 2427 3816 2669 des Religieuſes, tout ce qu'on lui avoit
44 2654 3816 2893 dit, & ce qui avoit pu en réſulter pour
34 2884 3817 3113 ou contre ma chère Laure. Il falloit
35 3109 3825 3345 trouver un nouveau moyen de m'intro-
40 3334 3825 3559 duire dans le Monaſtère. Celui que j'a-
62 3564 3816 3789 vois employé n'étoit plus de miſe, &
62 3789 3073 4035 d'ailleurs devenoit trop coûteux.
521 4014 3816 4246 Je ſus qu'on devoit blanchir le Cou-
76 4239 3820 4477 vent. Je m'introduiſis parmi les bar-
58 4446 3816 4703 bouilleurs, comme un pauvre diable de
98 4702 3807 4934 ce métier. J'avois une lettre toute prête,
89 4927 3820 5389 au s le ouieur de la ean ourerr
98 5349 3820 5616 Je la priois de me rendre compte de ce
103 5602 3826 5850 qui s'étoit paſſé, à ſon égard, depuis
116 5832 3829 6079 ma ſortie; de me mander, ſur-tout, ſi
121 6057 3834 6298 elle avoit été bien ou mal traitée; de
134 6277 3834 6507 m'indiquer les moyens d'avoir une cor-
143 6498 3830 6725 reſpondance avec elle; de me faire ſa-
152 6725 3834 6969 voir où étoit ſa chambre, de quel côté
152 6948 3829 7201 donnoit ſa fenêtre. Je lui apprenois tout
