4266 8266
2332 350 2717 541 o
797 573 4209 794 tement. Enfin j'ai reçu l'aveu flatteur,
988 794 4120 1004 que mes ſoins ont touché ſon cœur, &
992 992 4116 1202 que je ſuis aimé, puiſqu'il faut le dire.
996 1198 4120 1409 Quelles délices, ſi j'avois aimé moi-
992 1404 4120 1594 même, ou, du moins, ſi j'avois aimé
996 1597 4120 1808 auſſi excluſivement, que je paroiſſois
996 1803 4125 2009 l'être! Mais il n'y en a que plus de
1004 2005 4125 2222 mérite de mon côté; car enfin c'eſt la
867 2215 4193 2425 pure généroſité qui me conduit, &
1004 2414 4161 2627 je fais sûrement autant que ſi j'étois
1016 2618 4125 2829 entraîné par le plus violent amour;
1045 2824 4129 3030 „mais, me diras - tu, n'aimes - tu plus
1020 3028 4134 3221 “la belle Laure?“ Je l'adore, mon
1028 3236 4137 3437 cher ami; mais j'en adore peut - être
1032 3434 4141 3638 encore plus une autre à préſent. C'eſt ma
1032 3636 4141 3838 nouvelle maîtreſſe qui m'inſpire des ſen-
1044 3839 4141 4046 timens que j'avois ignorés juſqu'à ce
1040 4048 4153 4248 jour. Je vais te parler d'elle dans ma
1045 4241 4153 4452 prochaine lettre. Oui, je me reconnois
1044 4446 4150 4658 à préſent pour amoureux; juſqu'ici je
1049 4655 2487 4858 ne l'avois pas été.
1041 5089 1239 5219 .
2151 5073 4126 5238 L
2393 5440 2838 5583 Suite.
1048 5751 4149 6078 eſt temps de te parler de ma nou-
1061 6062 4153 6276 velle maîtreſſe. Après avoir ſatisfait à ce
1065 6248 4149 6486 que la générofité me preſcrivoit à l'égard
