4266 8013
1629 356 2347 584 (.
-15 600 3645 802 de Mademoiſelle de Lyſange, il m'étoit
-6 789 3358 1004 bien permis d'aller ſatisfaire mon cœur,
-4 996 3366 1186 en cherchant à voir l'objet réel de mes
-2 1190 3370 1388 adorations. J'eus le bonheur de la ren-
-3 1380 3607 1590 contrer, le ſoir même du jour où j'avois
0 1574 3463 1785 été Cardinal. Je l'examinai de près. Elle
-7 1768 3618 1978 eſt d'un châtain clair. Ses cheveux ſont
-1 1950 3378 2171 ſans poudre, à l'angloiſe; les boucles
-1 2163 3389 2334 en tombent naturellement & relèvent
5 2346 3393 2560 la blancheur de ſon teint, où le prin-
16 2555 3397 2757 temps épanouit ſes fleurs, où la pure blan-
0 2749 3401 2948 cheur ſe mêle & ſe nuance mollement
14 2943 3405 3143 au pudique incarnat. La roſe eſt toute
14 3137 3405 3521 liſe paroite, jaut quenle, ſoine,
22 3517 3409 3715 des dents éblouiſſantes. Ses beaux yeux,
22 3715 3409 3913 ou le brun porte une légère teinte de
32 3888 3416 4112 bleu, ſont d'une douceur angélique. Sa
22 4107 3416 4308 miſe bourgeoiſe, ſans être brillante ni
21 4304 3424 4502 recherchée, eſt d'une exquiſe propreté,
24 4498 3420 4700 qui n'exclut point une douce négligence
26 4668 3176 4886 & une ſorte d'abandon qui enchante.
577 4890 3424 5094 Mais la deſcription eſt un peu longue,
32 5088 3420 5287 retournons à la narration. J'examinois
41 5247 3428 5477 la belle qui, de ſon côté, ne m'exami-
37 5459 3765 5674 noit point. J'ai entendu qu'on l'appeloit
42 5658 3424 5862 Aurore; Aurore, quel joli nom! Elle
42 5851 3432 6050 a répondu, de la voix la plus mélodieuſe,
30 6046 3436 6256 & m'a laiſſé tout émerveillé, pour ren-
