4266 8648
2146 294 2683 490 (
809 545 4224 758 trer chez elle. J'ai demandé en bas quel
805 762 4122 967 étoit cette jolie Demoiſelle: „Qui, m'a-
801 975 4122 1192 “t-on dit? La petite Belle-en-Deuil?“
795 1191 4121 1404 Ma charmante s'appelle donc Aurore
723 1400 4108 1615 Belle-en-Deuil; & ſon nom de famille
788 1616 4122 1831 eſt auſſi joli que celui de baptême. J'ai
788 1835 4118 2044 queſtionné ſur l'état de ſon père & de
788 2048 4122 2210 ſa mère. „Ce ſont de bien honnêtes-
788 2265 4118 2474 “gens, m'a - t - on dit. Cela n'eſt pas
784 2478 4122 2687 “riche; mais cela, dit-on, l'a été beau-
715 2695 4122 2908 “coup. Il y a eu des pertes.“ Je pour-
727 2907 4117 3122 rai les réparer. Je pourrai faire du bien
714 3121 2192 3337 à ce que j'aime.
1004 3337 4112 3553 J'ai rencontré le Chevalier Marqué;
778 3550 4112 3766 je lui ai parlé de ma nouvelle paſſion.
766 3767 4113 3984 „Dites donc, s'écria - t - il, de votre
497 3976 4108 4194 “nouveau caprice.“ -- „Ah! repris-
774 4198 4100 4417 “je, je l'adore.“ Je lui confiai ce que
761 4410 4104 4623 je venois d'apprendre de la médiocrité
676 4615 4100 4823 de ſa fortune. „Hé bien, dit-il, vous
770 4836 4151 5058 “aurez à meilleur marché cette petite
770 5049 4100 5271 “paſſade.“ -- „Elle n'aime pas, dit-
642 5266 4074 5488 “on, les gens d'un rang ſupérieur.“
761 5479 4091 5662 - „Hé bien, on la traitera en bour-
659 5688 4083 5916 “geoiſe. Il faut ſervir les gens ſelon
655 5894 4083 6127 “leur goût.“ -- „C'eſt bien mon in-
650 6111 4078 6358 “tention. Je voudrois vivre avec elle,
740 6339 4074 6555 “pendant quelque temps, ſous l'habit
757 6552 4083 6792 “& le nom d'un petit bourgeois, d'un
