4266 8253
-15 684 3678 906 -- „Je me charge, dit-il, de les faire
-15 887 3467 1110 “vendre à votre profit. Cela vous fera
-15 1102 3459 1313 “une petite ſomme, qui ne pourra
-14 1297 3455 1513 “vous nuire.“ La Belle, enchantée, le
-14 1504 3540 1714 remercia avec tranſport. Il promit vingt-
-13 1706 3361 1918 cinq louis par mois, en compta douze
-13 1896 3357 2124 & demi pour la première quinzaine; &,
-12 2112 3353 2323 dès lendemain, l'appartement fut libre,
-12 2304 1536 2542 & me fut remis.
23 2521 3374 2708 La Dame du Chevalier ſe vit inſtallée,
-11 2711 3370 2962 par lui, dans un Temple conſacré aux
-11 2927 3365 3140 myſtères de Vénus; elle fut introduite
-10 3130 3365 3338 dans un très - joli appartement meublé
-10 3333 3361 3542 avec goût, qu'elle ſuppoſa être à elle,
-9 3511 3361 3739 ſelon ce qu'on lui diſoit, & qui appar-
-9 3738 3666 3950 tenoit réellement à la Prêtreſſe de Mer-
-8 3943 3519 4179 cure. On lui laiſſa croire tout ce qu'elle
-8 4145 3361 4343 voulut; & je me meublai, de mon côté,
-8 4339 3524 4577 fort modeſtement dans ſon appartement
-7 4551 3150 4769 vacant, vis-à vis de ma belle Aurore.
264 4764 3373 4972 Cette conduite n'a pas trop mon approba-
-6 4931 3548 5174 tion. Le Chevalier Marqué m'a beaucoup
-6 5161 3540 5392 applaudi, quand je lui ai raconté le tour
-5 5365 3353 5560 que j'avois joué au Couvent de Laure,
-5 5556 3621 5787 ſous les habits d'un Cardinal; il m'a
-4 5762 3357 5983 dit que je me formois. Pour moi, je ne
-4 5961 3341 6180 l'applaudis pas, lui, je trouve qu'il eſt trop
3255 6140 3524 6222 n
-4 6164 701 6393 formé.
396 6370 3357 6566 J'ai ſalué la belle Aurore comme ma
