4266 8680
2230 412 2680 606 (.
655 638 4160 878 voiſine. Elle m'a répondu avec honnêteté;
815 866 4068 1089 ſon père & ſa mère paroiſſent auſſi fort
816 1094 1763 1292 honnêtes.
959 1292 4060 1498 De-là je me ſuis rendu ſur le toît de
803 1505 4064 1723 la chère Laure, & ſur ſon balcon. Elle
803 1720 4068 1930 m'a reçu comme ſon ſauveur. Elle me
803 1930 4068 2150 regarde comme un ange qui deſcend du
798 2141 4068 2360 ciel exprès pour la voir. Combien elle
807 2351 4068 2511 eſt noble & touchante! combien l'édu-
803 2570 4064 2785 cation & les lumières de la Philoſophie
693 2779 4072 2997 ajoutent au charme impoſant qu'inſpire
807 2991 4064 3205 toute ſa perſonne! quel plaiſir d'être
803 3205 4072 3423 aimé par un être de cette élévation!
798 3416 4072 3632 Elle eſt digne que je converſe avec elle
798 3626 4072 3794 dans les cieux. Mes autres Divinités
798 3841 4076 4057 ont quelque choſe de plus terreſtre, &
807 4047 4072 4268 me laiſſent plus, en effet, ſur la terre.
786 4266 4076 4476 Le Chevalier Marqué veut abſolument
794 4472 4085 4682 que je l'enlève de ſon Couvent. Elle
794 4682 4081 4905 m'avoue, elle-même, qu'on l'y perſécute
794 4897 4076 5116 cruellement. On veut l'engager à prendre
794 5111 4085 5336 le voile, & elle a de la répugnance
794 5326 4072 5536 pour ce pénible état. Je vois que, ſi j'a-
790 5536 4081 5761 vois une maiſon décente où je puſſe la
794 5743 4076 5972 conduire, elle m'y ſuivroit; mais dois-
798 5957 4076 6181 je chercher à l'abuſer? Une Demoiſelle
803 6168 3879 6353 ſi honnête! Ah! ce ſeroit un crime....
