4266 8707
2028 473 2807 704 (.
874 729 4143 973 la conduiſiſſe d'abord chez ſa mère. Nous
538 950 4143 1128 avons trouvé cette méchante femme ſur
878 1171 4138 1400 ſon grabat. Elle eſt devenue horrible. Sa
682 1383 4219 1602 fille lui a remis ſix louis, qu'elle a reçus
857 1595 4138 1827 durement ſans la remercier, & lui re-
844 1808 4134 2065 prochant qu'elle faiſoit trop peu pour ſa
848 2054 1294 2233 mère.
865 2232 4134 2436 Le ſoir, nous nous ſommes dédom-
844 2457 4138 2685 magés de cette ſcène déſagréable, par
835 2674 4134 2896 un ſouper délicieux, par lequel nous
844 2879 4134 3108 avons célébré la délivrance de la chère
835 3107 4138 3327 Levrette. Nous étions une ſociété, non
831 3319 4138 3541 pas des plus régulières; mais au moins
848 3540 2359 3757 des plus aimables.
844 3727 4143 3968 Frédégonde eſt furieuſe. Elle écume,
831 3963 4138 4182 ſelon ſa propre expreſſion. Tout le monde
831 4177 4143 4389 recouvre ſa liberté. Elle ſeule eſt encore
585 4396 4147 4818 emone, , ues le sueues mu'ell ſiun
823 4815 4134 5034 poſe auteurs de ſa longue captivité. Si
827 5034 4134 5254 elle avoit du poiſon, la malheureuſe ſe
823 5251 2920 5471 feroit bientôt brûler vive.
814 5645 4128 5913 c
1943 6072 2709 6229 Suite.
818 6529 4121 6753 'auuste Frédégonde eſt enfin libre
818 6737 4121 6957 à ſon tour. C'eſt le Chevalier Marqué,
