4266 8895
1 686 3623 927 qui eſt venu, ce matin, m'annoncer
1 918 3627 1138 cette heureuſe nouvelle. Il avoit le vi-
1 1138 3614 1363 ſage tout égratigné, tout enſanglanté.
1 1332 3619 1578 Ce ſont les prémices de la bonne hu-
1 1571 3619 1789 meur de cette belle Reine, qu'il a eu
1 1785 3619 2012 le bonheur de recueillir. Elle lui en de-
25 2005 3744 2223 voit, diſoit-elle, &, comme elle eſt exacte
38 2221 3653 2449 à payer, dès qu'elle a apperçu l'heureux
1 2441 3990 2664 Chevalier, elle s'eſt précipitée ſur lui,
29 2661 3614 2877 & elle a joué de tout ſon cœur, des
1 2874 3610 3101 pieds, des poings, des ongles & des
8 3092 3601 3311 dents. Le Chevalier m'a aſſuré que,
1 3304 3606 3525 grace à ſes efforts, la Déeſſe a remporté
241 3519 3610 3735 autant de contuſions, que lui d'égrati-
1 3739 3614 3955 gnures. Ne voulant pas m'en fier unique-
1 3952 3597 4177 ment à lui, je ſuis allé faire ma révé-
3 4171 3593 4391 rence à la digne Dame. Je l'ai trouvée
1 4391 3593 4612 exactement telle que le Chevalier me
12 4602 3593 4826 l'avoit dépeinte, les yeux pochés, le viſage
1 4826 3588 5044 meurtri, ſans compter le reſte du corps,
3 5038 3593 5262 dont je puis juger par ce qui eſt appa-
1 5251 3593 5477 rent. Elle m'a reçu avec ſa dignité or-
1 5474 3588 5694 dinaire, & elle m'a promis ſa protec-
1 5689 3575 5896 tion; mais elle m'a défendu de voir le
17 5906 3576 6113 Chevalier Marqué, qu'elle traite de
3 6112 3580 6342 gredin, d'eſcroc. Elle m'a raconté, ſur
1 6328 3575 6548 ſon compte, des traits indignes, & tout
3 6544 3571 6764 ce qu'elle a dit porte un grand air de
1 6759 3584 7001 vérité; mais je dois confeſſer que le Che-
