4266 8553
937 751 4125 979 valier, de ſon côté, m'avoit raconté un
793 962 4113 1182 nombre, à- peu-près égal, d'avantures
929 1176 4233 1397 qui paroiſſent auſſi vraies, & où la
929 1384 4232 1599 Deeſſe joue un rôle qui n'a pas beſoin
582 1591 4104 1797 d'être caractériſé plus en détail, pour
904 1806 4100 2009 être déteſté. Il faut avouer que ces ſortes
900 2008 4092 2236 de gens - là ſont admirables, pour ſe
863 2219 4096 2438 rendre mutuellement juſtice. J'ai pour-
896 2438 4088 2657 tant pu, d'abord, être engoué de ces
557 2649 4195 2868 eſpèces. O Levrette! que tu es grande,
553 2856 4158 3067 d'avoir pu reſter honnête au milieu de
892 3058 4084 3278 tant de corruption! O noble & intéreſ-
578 3269 4080 3485 ſante Laure! quelle prodigieuſe diſtance
859 3485 4080 3637 de cette femme à vous! Comme vous
743 3687 4076 3902 êtes d'une ſphère différente, quoique
884 3898 4072 4105 toutes deux du même ſexe! O touchante
880 4113 4071 4321 Aurore! figure angélique, dont la terre
652 4319 4071 4530 n'eſt pas digne, peut-être, pouvez-vous
875 4522 4067 4717 avoir le ſexe de commun avec cette
404 4726 2282 4947 odieuſe femme?
470 5066 4048 5378 e
2045 5525 2849 5749 Suite.
751 5849 4034 6192 La malheureuſe Frédégonde eſt déj
834 6188 4026 6403 remontée & rétablie dans toute ſa gloire.
834 6395 4026 6610 Elle a repris le ton le plus arrogant; elle
834 6597 4022 6813 dit qu'elle vient de faire un voyage
