4266 8091
1341 561 1842 806 .
-14 974 3480 1232 Lettre d'Adèle de Perlencour, à ſon frère.
2308 1367 3138 1521 Lyon.
-13 1739 3203 1953 „Mon frère, je t'écris à genoux. J'ai
-13 1942 3199 2150 “la mort dans le cœur. Ah! mon frère,
-12 2136 3203 2341 “tu m'as mis au déſeſpoir. Cruel! as-tu
-12 2331 3304 2534 “pu m'écrire la lettre dénaturée qui
-11 2528 3203 2731 “m'a donné mille coups de poignard?
-11 2722 3207 2970 “Je n'ai donc plus perſonne ſur la terre.
-10 2916 3211 3109 “Ma mère .... ô don du ciel! le premier
-10 3102 3211 3305 “que Dieu puiſſe accorder à ſes foibles
-10 3300 3207 3495 “créatures! une mère... Je n'en ai point.
-9 3493 3207 3689 “C'eſt une ennemie. C'eſt la main la plus
-9 3684 3211 3883 “chère, qui m'enfonce le poignard dans
-8 3878 3215 4076 “le ſein. Mon père m'abandonne, lui
-8 4069 3215 4274 “qui m'avoit toujours montré de la
-8 4261 3211 4469 “tendreſſe, lui dans lequel j'avois trouvé
-7 4450 3211 4658 “un cœur ouvert pour moi... Il eſt fermé
-7 4645 3211 4857 “ce cœur; & mon frère!.... Ah! c'eſt-
-6 4834 3250 5051 “là ce qui me déſeſpère. Mon frère,
-6 5030 3203 5239 “avec lequel je fus ſi intimement unie,
-5 5224 3335 5435 “qu'il ſembloit que nous ne faiſions
-5 5415 3203 5635 “qu'un; mon frère, avec lequel je
-5 5613 3207 5821 “jouois, je folâtrois, je pleurois ſi ten-
-4 5803 3203 6007 “drement, aux jours de mon enfance;
-4 5998 3199 6206 “mon frère m'arrache de ſon cœur. Il
-3 6188 3219 6408 “devient mon ennemi. Il me con-
2353 6406 2687 6605 Di
