4266 8119
1056 714 4203 915 “damne à la mort, à être enſevelie vi-
1051 922 4202 1131 “vante. Le malheureux! & c'eſt pour
1046 1119 4201 1324 “s'enrichir de ma dépouille! Il oſe me
1046 1319 4198 1524 “faire des reproches, auxquels je ne
1046 1524 4190 1721 “comprends rien. Barbare! quel re-
998 1717 4186 1926 “proche as-tu à me faire? Quelle ombre
1051 1926 4162 2131 “de faute ai-je commiſe contre toi? En
990 2126 4185 2323 “quoi ai - je manqué un ſeul inſtant à
1051 2323 4158 2529 “la tendreſſe fraternelle que je te de-
982 2527 4165 2729 “vois? Hé bien, cruels! vous voulez
1055 2728 4154 2930 “une victime; vous l'aurez.... O mon
1051 2925 4154 3131 “Dieu! ils m'ont miſe au déſeſpoir.
1059 3126 4149 3331 “Ne m'impute point le coup affreur
1055 3326 4146 3534 “que ce déſeſpoir m'inſpire, & le
1059 3524 4145 3728 “crime où il m'entraîne. Ne l'impute
978 3727 4130 3935 “qu'à ceux qui m'y forcent, ne le puns
990 3932 4133 4136 “que ſur eux, ou plutôt daigne le par-
970 4129 4129 4328 “donner à eux comme à moi. Mon
1063 4326 4125 4535 “frère, ma voix t'appelle dans les té-
794 4518 4122 4727 “nèbres; mon frère, qu'elle retentiſe
754 4723 4069 4938 “dans ton cœur; mon frère, je ſuis
1075 4938 4113 5133 “mourante, mourante par toi; mon
1051 5121 4113 5313 “frère, le remords va entrer dans ton
1047 5333 4061 5539 “cœur, avec tous ſes ſerpents; mon
986 5522 4105 5744 “frère, il eſt peut - être temps encore;
1038 5735 4097 5911 “ſois un frère, ſois un homme, ne
1039 5944 3011 6141 “ſois pas un monſtre.“
1231 6128 4105 6327 O ciel! mon cher Dumoulin, que
1018 6305 4105 6554 penſer de cette lettre? Qu'eſt-il arriré
