4266 8486
2917 638 3319 727 L
54 811 3361 1056 à ma ſœur? Mon Dieu! pourquoi cette
7 1043 3644 1268 malheureuſe lettre n'eſt-elle pas tombée
75 1268 3619 1492 plutôt entre mes mains? Seroit-il encore
79 1474 3340 1693 temps de lui rendre quelque ſervice au-
71 1686 3332 1902 près de ma mère? car il paroît que c'eſt à
24 1896 3327 2121 cette mère rigoureuſe pour elle, qu'elle
3 2107 3327 2316 impute ſur-tout ſes malheurs. Lui ſeroit-
79 2317 3501 2540 il arrivé quelque malheur? Ah! mande-
84 2532 3335 2752 moi, ſur - le-champ, ce qu'eſt devenue
58 2743 2147 2972 ma chère ſœur Adèle.
68 3546 3095 3786 Dumoulin, à Céſar de Perlencour.
2659 3974 3299 4142 Lyon.
75 4378 3303 4593 udemandes des nouvelles de ta ſœur,
50 4604 3310 4821 malheureux! Tu n'en recevras plus. Elle
50 4811 3302 5036 n'y eſt plus. Jouis de ſon bien, puiſque
50 5027 3289 5251 u en fus ſi avide; mais ne me regarde
33 5230 1796 5471 plus comme ton ami.
1382 5856 1834 5958 a
2304 6959 2727 7172 D i
