4266 8305
1352 636 1976 888 o
203 876 3298 1096 ton écriture pour m'égarer, pour m'en-
191 1096 3290 1301 flammer contre ma ſœur; & l'infortunée
99 1298 3294 1733 pee e i uoit oue j ſeee ilſli
195 1702 3258 1919 quel point je ſuis innocent ou coupable.
1 2071 3279 2309 E
204 2511 3259 2719 Dumoulin, à Céſar de Perlencour.
2591 2919 3249 3075 Lyon.
35 3294 3298 3519 u veux donc être inſtruit, malheu-
31 3506 3298 3711 reux! tu veux qu'une affreuſe lumière
35 3711 3294 3914 t'éclaire. Hé bien, pour ta punition,
31 3908 3062 4111 apprens ton malheur & ton crime.
43 4098 3290 4298 D'abord je ne t'ai jamais rien écrit
43 4310 3494 4516 contre ta ſœur. Elle n'a jamais eu, contre
43 4513 3298 4718 toi, l'ombre d'un tort. Si l'on a contre-
35 4709 3294 4914 fait mon écriture pour te tromper, ſi
31 4917 3294 5118 tu n'a pas ſu diſtinguer la main d'un
207 5113 3470 5322 fauſſaire, de celle de ton ami, tant pis
211 5322 3298 5529 pour toi. Pourquoi vis-tu avec des ſcélé-
219 5525 3298 5730 rats, qui parviendront à te rendre auſſi
63 5709 3302 5924 abominable qu'eux? Ces malheureux ont
63 5921 3502 6127 nui à notre correſpondance. Je m'en
71 6113 3302 6329 ſuis apperçu pluſieurs fois. J'ai vu qu'ils
215 6322 3310 6538 avoient intercepté nos lettres, qu'ils en
75 6516 3318 6733 avoient ſouſtrait pluſieurs que tu m'a-
2395 6734 2787 6878 Div
