4266 8299
1364 490 1876 676 (.
75 722 3332 937 cette démarche, ſi naturelle & ſi honnête,
196 933 3328 1136 n'avoit fait que précipiter le malheur de
196 1136 3324 1347 ſon amante. a mère, qui vouloit te
196 1335 3670 1538 ſacrifier ſa fille, & qui avoit la fierté
19 1537 3344 1746 de ne pas vouloir la donner ſans dot,
200 1738 3324 1951 contraignit cette infortunée de prendre
199 1943 3328 2156 le voile; ton père, toujours trop foible,
11 2144 3328 2350 ne s'oppoſa pas, comme il le devoit, à
208 2342 3509 2547 cette cruauté. L'infortunée compta que,
208 2547 3465 2760 pendant ſon année de noviciat, elle
208 2748 3324 2958 auroit le bonheur de pouvoir déſarmer
3 2941 3324 3162 la rigueur de ſa mère. Elle prit l'habit
208 3151 3332 3356 qui lui déplaiſoit tant, pour ne pas heur-
3 3352 3324 3558 ter de front celle dont dépendoit ſon
3 3549 3324 3754 ſort; mais elle eſpéroit; elle s'adreſſoit
6 3750 3320 3962 à tout le monde. Hélas! tous les cœurs
3 3952 3304 4173 étoient fermés à la Beauté, à l'innocence,
23 4161 917 4310 à la vertu.
377 4342 3328 4556 Elle comptoit, ſur - tout, batbare,
3 4547 3320 4764 elle comptoit ſur toi. Elle croyoit que,
196 4757 3320 4958 quoiqu'il fût queſtion de ton intérêt, tu
11 4958 3324 5166 ſerois aſſez généreux pour ne pas vou-
3 5155 3308 5367 loir qu'on te ſacrifiât ta ſœur. Elle t'a
7 5357 3316 5542 écrit avec toute la douceur & la ten-
7 5558 3308 5767 dreſſe qui caractériſoient ſon ame. Quelle
11 5759 3296 5964 réponſe atroce tu as oſé lui faire! Son
11 5960 3316 6170 amant, diſpoſé à t'aimer comme un frère,
208 6157 3308 6335 & comme un bienfaiteur, eſt allé te
11 6363 3316 6592 trouver pour ſeconder ſa lettre, & pour
2370 6568 2942 6731 Dv
