<PcGts xmlns="http://schema.primaresearch.org/PAGE/gts/pagecontent/2017-07-15" xmlns:xsi="http://www.w3.org/2001/XMLSchema-instance" xsi:schemaLocation="http://schema.primaresearch.org/PAGE/gts/pagecontent/2017-07-15 http://schema.primaresearch.org/PAGE/gts/pagecontent/2017-07-15/pagecontent.xsd"><Metadata><Creator>User123</Creator><Created>2020-10-14T11:42:28</Created><LastChange>2020-10-14T11:42:28</LastChange></Metadata><Page imageFilename="0089.png" imageHeight="8512" imageWidth="4266"><TextRegion id="r0" type="paragraph" orientation="-0.25"><Coords points="1,1 4264,1 4264,8510 1,8510"/><TextLine id="r0_l001"><Coords points="2266,471 2694,473 2693,660 2265,658"/><TextEquiv index="1"><Unicode>a.</Unicode></TextEquiv></TextLine><TextLine id="r0_l002"><Coords points="639,704 4088,719 4087,935 638,920"/><TextEquiv index="1"><Unicode>implorer tes ſecours, tu l'as reçu de la</Unicode></TextEquiv></TextLine><TextLine id="r0_l003"><Coords points="976,1133 976,1132 976,1070 975,1070 853,1069 852,1070 830,1070 829,1072 829,1073 827,1074 822,1074 821,1073 821,1072 820,1071 819,1070 818,1070 817,1069 817,1055 818,1053 819,1053 821,1052 821,993 823,991 824,991 825,990 825,989 827,987 840,987 842,985 842,984 843,983 845,983 846,982 887,983 887,983 887,984 888,985 888,986 889,987 1073,987 1074,986 1074,985 1076,983 1173,984 1173,983 1173,931 1174,930 1175,929 1175,929 1176,929 1177,928 1177,927 1178,926 1178,925 1178,925 1179,925 1180,924 1187,924 1188,925 1189,925 1190,925 1190,926 1191,928 1192,928 1193,929 1194,929 1195,929 1194,932 1195,933 1256,933 1256,934 1256,935 1257,936 1257,941 1258,941 1259,941 1261,944 1261,953 1262,953 1263,953 1265,956 1265,961 1267,962 1268,962 1269,964 1269,969 1271,970 1272,970 1273,972 1273,978 1274,978 1352,979 1352,979 1352,980 1355,983 1426,983 1427,984 1427,985 1429,987 1434,987 1435,988 1435,989 1437,991 1438,991 1439,992 1439,997 1441,999 1442,999 1443,1000 1443,1001 1445,1003 1446,1003 1448,1005 1617,1006 1617,1005 1617,940 1618,939 1618,938 1620,937 1621,937 1622,935 1622,934 1624,933 1629,933 1630,931 1631,930 1632,929 1642,929 1643,929 1643,930 1645,933 1650,933 1651,934 1651,990 1652,991 1868,992 1869,991 1874,991 1875,989 1875,988 1877,987 1958,987 1958,987 1958,939 1960,937 1965,937 1967,935 1967,934 1968,933 1969,933 1972,931 1972,930 1972,929 1982,929 1984,931 1983,986 1984,986 2298,988 2298,987 2298,947 2301,945 2306,945 2307,943 2307,942 2309,941 2318,941 2319,942 2319,943 2320,944 2321,945 2322,945 2323,946 2323,989 2324,990 2502,991 2502,990 2502,938 2504,937 2505,937 2506,936 2506,935 2506,934 2508,933 2576,933 2576,933 2576,934 2577,935 2577,936 2578,937 2584,937 2585,938 2585,990 2586,991 2831,992 2832,991 2858,991 2858,992 2858,993 2861,995 2866,995 2867,997 2867,998 2868,998 2870,1000 2871,1000 2871,1001 2871,1002 2874,1004 2875,1004 2875,1005 2875,1014 2878,1016 2879,1016 2879,1017 2879,1018 2880,1019 2880,1023 2881,1023 3054,1024 3054,1023 3054,942 3056,941 3057,941 3058,940 3058,940 3058,939 3060,937 3300,938 3301,937 3306,937 3307,936 3307,935 3309,933 3314,933 3315,935 3315,936 3317,937 3331,937 3332,939 3332,940 3334,941 3339,941 3340,943 3340,944 3342,945 3343,945 3344,947 3344,995 3345,995 3389,995 3390,997 3390,998 3391,998 3434,999 3436,1001 3436,1002 3437,1003 3438,1003 3440,1005 3440,1006 3441,1007 3442,1007 3444,1009 3444,1052 3444,1053 3671,1054 3672,1053 3672,996 3674,995 3675,995 3676,993 3677,992 3677,991 3678,991 3692,991 3693,992 3693,993 3695,995 3795,995 3798,998 3991,999 3992,998 3992,997 3994,995 4011,995 4013,998 4013,999 4014,999 4024,999 4025,1001 4025,1007 4026,1007 4027,1007 4028,1008 4029,1008 4029,1009 4029,1056 4029,1056 4168,1057 4170,1058 4170,1064 4168,1066 4029,1065 4029,1066 4029,1069 4027,1070 4022,1070 4021,1072 4021,1077 4019,1078 4005,1078 4005,1079 4005,1080 4002,1082 3800,1081 3799,1082 3560,1081 3560,1082 3560,1094 3558,1095 3557,1095 3556,1097 3556,1102 3554,1103 3549,1103 3547,1106 3547,1107 3546,1107 3545,1107 3543,1110 3543,1111 3542,1111 3524,1111 3523,1113 3523,1114 3521,1115 3519,1115 3518,1114 3518,1113 3516,1111 3515,1111 3515,1111 3515,1110 3514,1108 3514,1082 3513,1082 3436,1082 3436,1081 3436,1080 3434,1079 3196,1078 3195,1079 3195,1080 3193,1082 3187,1082 3187,1081 3187,1080 3185,1079 3129,1078 3129,1078 3129,1077 3126,1074 3008,1074 3008,1074 3008,1114 3007,1115 3006,1115 3005,1116 3002,1116 3001,1115 3000,1115 3000,1114 3000,1074 2999,1074 2920,1073 2919,1074 2856,1074 2854,1077 2854,1078 2853,1078 2847,1078 2847,1079 2847,1080 2846,1081 2846,1082 2845,1082 2689,1081 2689,1082 2689,1109 2688,1110 2688,1111 2687,1111 2686,1111 2684,1114 2684,1115 2683,1115 2682,1115 2680,1118 2680,1119 2679,1119 2678,1119 2676,1122 2676,1123 2674,1124 2673,1124 2672,1126 2672,1127 2670,1128 2656,1128 2655,1130 2655,1131 2653,1132 2644,1132 2643,1134 2643,1135 2641,1136 2609,1136 2609,1137 2609,1138 2608,1138 2597,1138 2597,1137 2597,1078 2596,1078 2511,1078 2510,1076 2510,1075 2509,1075 2319,1074 2319,1074 2319,1110 2318,1111 2317,1111 2316,1112 2304,1112 2303,1110 2303,1108 2302,1108 2125,1107 2124,1105 2124,1078 2123,1078 2025,1078 2024,1079 1896,1078 1896,1078 1896,1126 1894,1128 1893,1128 1892,1129 1892,1130 1890,1132 1888,1132 1887,1130 1887,1129 1885,1128 1868,1128 1867,1126 1867,1125 1865,1124 1864,1124 1863,1122 1863,1121 1862,1120 1862,1079 1861,1079 1726,1078 1726,1078 1726,1077 1723,1074 1619,1074 1616,1071 1428,1070 1426,1072 1426,1073 1425,1074 1268,1073 1267,1074 1245,1074 1244,1073 1244,1072 1243,1071 994,1070 994,1071 994,1133 993,1133"/><TextEquiv index="1"><Unicode>manière la plus indigne. Enfin, tu as</Unicode></TextEquiv></TextLine><TextLine id="r0_l004"><Coords points="3187,1349 3187,1348 3187,1346 3186,1346 2806,1344 2805,1342 2805,1341 2804,1341 1464,1335 1464,1335 1464,1334 1461,1331 1460,1331 1460,1331 1460,1323 1459,1322 818,1319 817,1318 817,1317 816,1316 816,1274 815,1273 809,1273 808,1272 808,1201 811,1198 812,1198 812,1198 812,1197 815,1194 833,1194 833,1194 833,1193 836,1190 969,1191 969,1190 970,1142 972,1140 973,1140 974,1139 974,1134 975,1133 994,1133 995,1134 995,1135 995,1135 2469,1141 2470,1140 2596,1141 2597,1140 2597,1138 2597,1138 2609,1138 2610,1139 2819,1140 2821,1142 3291,1144 3292,1145 3293,1145 3294,1146 3294,1147 3295,1148 3294,1191 3295,1191 3916,1194 3917,1195 3917,1196 3920,1199 3921,1199 3921,1199 3921,1200 3924,1203 4012,1203 4013,1205 4013,1206 4015,1207 4020,1207 4021,1209 4021,1223 4022,1223 4023,1223 4024,1224 4025,1224 4025,1225 4025,1243 4024,1244 4022,1244 4021,1245 4021,1280 4018,1282 4017,1282 4017,1283 4017,1284 4014,1286 4009,1286 4008,1288 4008,1289 4006,1290 4005,1290 4005,1291 4005,1292 4004,1293 4004,1306 4003,1306 4002,1306 4000,1309 4000,1322 3998,1323 3997,1323 3996,1325 3996,1326 3994,1327 3763,1326 3763,1327 3763,1333 3763,1333 4209,1335 4210,1336 4211,1336 4212,1337 4212,1347 4210,1348 3763,1346 3763,1347 3763,1350 3762,1350 3198,1348 3197,1349"/><TextEquiv index="1"><Unicode>mis le comble au déſeſpoir dont cette</Unicode></TextEquiv></TextLine><TextLine id="r0_l005"><Coords points="3359,1556 3358,1555 3357,1555 3357,1555 3357,1545 3356,1544 3105,1543 3103,1541 3103,1531 3102,1530 1643,1524 1643,1524 1643,1540 1638,1545 1638,1546 1637,1547 1602,1547 1601,1545 1601,1494 1601,1494 1437,1493 1436,1492 814,1489 813,1489 813,1488 807,1481 806,1481 804,1480 804,1433 803,1431 802,1431 800,1430 800,1429 803,1426 804,1426 804,1426 804,1421 807,1418 812,1418 812,1418 812,1417 815,1414 816,1414 817,1413 817,1412 819,1410 820,1410 821,1409 821,1408 822,1407 823,1406 824,1406 825,1405 825,1404 827,1402 840,1402 842,1400 842,1399 843,1398 940,1399 940,1398 941,1345 942,1344 1252,1345 1253,1344 1262,1344 1265,1342 1265,1341 1265,1340 1364,1341 1365,1340 1366,1340 1367,1339 1373,1339 1374,1340 1375,1340 1377,1342 3186,1350 3187,1349 3754,1351 3755,1350 3762,1350 3763,1351 3763,1359 3763,1359 3894,1360 3896,1361 3895,1409 3896,1410 3966,1410 3966,1410 3966,1411 3968,1413 4211,1414 4212,1416 4212,1418 4213,1418 4215,1418 4216,1420 4216,1422 4215,1423 3972,1422 3971,1422 3972,1423 4012,1423 4013,1425 4013,1426 4015,1427 4016,1427 4017,1429 4017,1464 4018,1464 4020,1464 4021,1466 4021,1476 4022,1476 4023,1476 4025,1479 4025,1492 4024,1493 4019,1493 4017,1495 4017,1496 4016,1497 4015,1497 4012,1500 4012,1501 4012,1501 4011,1501 4010,1502 3675,1501 3674,1502 3395,1500 3394,1501 3394,1550 3391,1552 3390,1552 3390,1553 3390,1554 3388,1555 3387,1555 3386,1556"/><TextEquiv index="1"><Unicode>adorable perſonne étoit déjà pénétrée.</Unicode></TextEquiv></TextLine><TextLine id="r0_l006"><Coords points="3473,1767 3472,1766 2739,1763 2739,1762 2739,1761 2738,1760 2738,1759 2737,1759 2723,1759 2722,1757 2722,1756 2720,1755 2719,1755 2718,1753 2718,1752 2716,1751 2715,1751 2713,1748 2713,1747 2712,1747 2710,1747 2709,1745 2709,1707 2709,1706 1295,1700 1294,1701 1294,1712 1293,1713 1292,1713 1290,1715 1290,1720 1288,1722 1287,1722 1286,1723 1286,1736 1285,1737 1285,1738 1284,1738 1278,1738 1278,1739 1278,1740 1277,1741 1277,1742 1276,1742 1266,1742 1265,1741 1265,1719 1265,1718 1216,1718 1215,1717 1208,1717 1207,1716 1207,1715 1205,1713 1200,1713 1199,1712 1199,1711 1197,1709 1196,1709 1194,1707 1194,1706 1194,1706 1063,1705 1061,1704 1061,1699 1061,1698 815,1697 813,1696 813,1695 813,1694 811,1692 810,1692 808,1691 809,1557 808,1556 778,1556 777,1555 776,1555 775,1554 775,1549 776,1547 1979,1552 1980,1551 1981,1551 1982,1552 3942,1561 3943,1560 3944,1560 3945,1559 3951,1559 3952,1560 3953,1560 3954,1560 3954,1561 3956,1564 3957,1564 3958,1564 3958,1565 3959,1566 3959,1591 3959,1592 4156,1593 4158,1594 4158,1599 4156,1601 3959,1600 3959,1600 3959,1617 3959,1618 4020,1618 4022,1620 4022,1621 4023,1622 4024,1622 4025,1624 4025,1625 4027,1626 4028,1626 4029,1628 4029,1633 4031,1634 4032,1634 4033,1636 4033,1679 4034,1679 4087,1680 4087,1680 4087,1683 4083,1687 4083,1688 4083,1688 4030,1688 4029,1689 4029,1696 4029,1696 4028,1696 4025,1699 4025,1700 4025,1700 4024,1700 4023,1701 4018,1701 4017,1702 4017,1703 4015,1705 3798,1704 3797,1705 3797,1757 3794,1759 3793,1759 3793,1760 3793,1761 3790,1763 3477,1762 3477,1762 3477,1766 3476,1767"/><TextEquiv index="1"><Unicode>Ah! je me ſens indigné. Je ne puis</Unicode></TextEquiv></TextLine><TextLine id="r0_l007"><Coords points="2806,1975 2805,1973 2805,1972 2804,1971 2804,1962 2804,1962 2782,1962 2780,1960 2780,1959 2780,1959 2590,1958 2589,1957 2589,1909 2589,1909 2308,1908 2307,1907 2307,1906 2306,1905 2096,1904 2095,1904 2095,1956 2094,1958 2085,1958 2082,1960 2082,1961 2082,1962 2064,1962 2062,1960 2062,1909 2062,1909 1935,1908 1933,1907 1933,1906 1932,1904 1723,1903 1722,1904 1722,1918 1721,1919 1721,1920 1721,1920 1720,1921 1719,1921 1717,1923 1717,1928 1716,1929 1715,1929 1713,1931 1713,1936 1711,1938 1710,1938 1709,1939 1709,1940 1707,1942 1706,1942 1705,1943 1705,1944 1703,1946 1702,1946 1701,1947 1701,1948 1699,1950 1698,1950 1697,1951 1697,1952 1695,1954 1690,1954 1688,1953 1688,1914 1688,1913 1449,1912 1448,1912 1448,1927 1447,1929 1445,1929 1444,1929 1444,1930 1443,1931 1443,1932 1443,1933 1441,1933 1439,1931 1439,1912 1439,1912 1428,1912 1427,1911 1427,1910 1422,1905 1082,1903 1081,1904 863,1903 862,1904 862,1957 861,1958 839,1958 838,1959 838,1960 837,1961 837,1962 836,1962 830,1962 829,1961 829,1960 828,1958 814,1958 813,1958 813,1957 812,1956 813,1828 812,1827 812,1824 814,1821 823,1821 825,1820 825,1819 826,1817 835,1817 837,1816 837,1815 838,1813 840,1813 842,1815 842,1816 842,1816 1072,1817 1074,1816 1074,1815 1075,1813 1181,1814 1182,1813 1182,1809 1182,1809 1183,1809 1184,1808 1185,1808 1186,1807 1186,1801 1186,1801 1187,1801 1188,1800 1189,1800 1190,1799 1190,1793 1191,1792 1192,1792 1195,1789 1195,1788 1195,1788 1196,1788 1199,1785 1199,1784 1199,1784 1200,1784 1203,1781 1203,1772 1204,1771 1205,1771 1207,1769 1207,1768 1208,1767 1209,1767 1211,1765 1211,1764 1212,1763 1217,1763 1219,1761 1219,1760 1220,1759 1225,1759 1228,1757 1228,1756 1228,1755 1247,1755 1248,1756 1248,1757 1250,1759 1251,1759 1252,1760 1252,1761 1253,1762 1363,1763 1364,1763 1364,1764 1365,1765 1365,1770 1365,1771 1367,1771 1368,1771 1368,1772 1369,1773 1369,1820 1369,1821 1568,1822 1569,1821 1578,1821 1581,1818 1581,1817 1581,1817 1599,1817 1601,1818 1601,1819 1602,1821 1842,1822 1843,1821 2010,1821 2012,1820 2012,1806 2012,1805 2013,1805 2014,1804 2015,1804 2016,1804 2016,1794 2017,1792 2018,1792 2020,1791 2020,1782 2022,1779 2023,1780 2024,1779 2024,1778 2025,1777 2025,1776 2026,1775 2031,1775 2033,1773 2033,1772 2034,1771 2035,1771 2037,1769 2037,1764 2038,1763 2047,1763 2049,1761 2049,1760 2050,1759 2052,1759 2054,1760 2054,1761 2055,1763 2064,1763 2066,1764 2066,1765 2067,1767 2180,1767 2182,1769 2182,1770 2182,1770 2183,1771 2184,1771 2186,1773 2186,1820 2186,1820 2489,1822 2490,1821 2612,1821 2613,1822 2613,1823 2616,1826 2787,1827 2788,1826 2788,1797 2789,1796 2790,1796 2792,1794 2792,1789 2793,1788 2794,1788 2795,1787 2797,1785 2797,1784 2797,1784 2807,1784 2809,1785 2809,1786 2809,1787 2810,1788 2811,1788 2813,1789 2813,1820 2813,1821 2869,1821 2871,1823 2871,1824 2871,1824 3207,1826 3208,1825 3461,1826 3462,1825 3596,1825 3597,1825 3597,1774 3599,1771 3604,1771 3606,1770 3606,1769 3607,1767 3612,1767 3614,1769 3614,1770 3615,1771 3620,1771 3622,1773 3622,1820 3622,1820 3808,1821 3809,1821 3809,1778 3811,1775 3812,1775 3813,1775 3813,1774 3815,1771 3816,1771 3817,1771 3817,1770 3819,1767 3938,1768 3939,1767 3940,1767 3942,1765 3942,1764 3943,1763 3948,1763 3950,1764 3950,1765 3950,1766 3951,1767 3952,1767 3954,1768 3954,1769 3955,1770 3955,1803 3955,1804 3960,1804 3963,1806 3963,1807 3963,1808 3964,1808 3967,1810 3967,1824 3967,1825 4014,1825 4017,1828 4017,1829 4017,1829 4018,1829 4021,1832 4021,1833 4021,1833 4022,1833 4025,1836 4025,1845 4026,1846 4028,1846 4030,1848 4029,1853 4031,1854 4032,1854 4033,1856 4033,1857 4034,1857 4185,1858 4187,1860 4187,1861 4188,1862 4189,1862 4190,1863 4190,1862 4191,1793 4192,1792 4193,1792 4195,1793 4194,1878 4195,1879 4207,1879 4208,1881 4208,1886 4207,1887 4206,1887 4205,1888 4196,1888 4195,1888 4195,1898 4194,1900 4188,1900 4187,1900 4187,1935 4186,1937 4185,1937 4184,1938 4182,1938 4181,1937 4180,1937 4179,1936 4179,1900 4179,1900 4034,1899 4033,1900 4033,1912 4033,1912 4032,1912 4029,1915 4029,1916 4029,1916 4028,1916 4027,1917 4020,1917 4019,1916 4018,1916 4017,1916 4017,1915 4016,1913 3629,1912 3628,1913 3613,1912 3612,1913 3611,1913 3610,1914 3610,1916 3610,1916 3528,1916 3527,1917 3527,1936 3526,1937 3520,1937 3519,1937 3519,1935 3518,1934 3518,1919 3518,1918 3397,1917 3394,1915 3394,1914 3394,1913 3233,1913 3232,1913 3232,1965 3231,1966 3230,1966 3221,1975 3197,1975 3196,1974 3195,1974 3195,1973 3195,1972 3193,1971 3189,1971 3188,1970 3187,1970 3187,1969 3187,1968 3186,1967 3186,1913 3186,1913 2880,1911 2879,1912 2810,1912 2809,1912 2809,1973 2807,1975"/><TextEquiv index="1"><Unicode>pourſuivre; reſpirons; je reprendrai la</Unicode></TextEquiv></TextLine><TextLine id="r0_l008"><Coords points="1917,2202 1917,2202 1917,2121 1917,2120 1511,2118 1510,2119 1510,2123 1509,2124 1507,2124 1506,2124 1506,2123 1505,2122 1505,2118 1505,2117 1158,2116 1157,2116 1157,2188 1154,2191 863,2189 861,2190 860,2190 859,2191 852,2191 851,2190 850,2190 850,2190 850,2171 850,2170 823,2170 821,2169 821,2168 820,2166 807,2166 804,2164 804,2163 804,2162 803,2162 802,2161 801,2161 800,2161 800,2159 802,2157 803,2157 804,2156 804,2151 806,2149 811,2149 812,2148 813,2057 812,2056 812,2051 810,2049 809,2049 808,2048 808,2039 806,2037 805,2037 804,2036 804,2035 806,2032 807,2032 808,2032 808,2031 809,2029 810,2029 811,2029 813,2027 813,2026 814,2024 815,2024 817,2023 817,2022 818,2020 886,2021 887,2020 887,1980 888,1979 889,1979 891,1977 891,1972 893,1970 906,1970 908,1968 908,1967 908,1967 909,1967 910,1966 915,1966 916,1965 916,1964 918,1962 931,1962 933,1963 933,2019 933,2020 1076,2020 1078,2022 1078,2023 1078,2023 1417,2025 1418,2024 1418,1977 1419,1976 1419,1975 1419,1975 1420,1975 1423,1972 1423,1971 1423,1971 1424,1971 1425,1970 1433,1970 1435,1968 1435,1967 1435,1967 1436,1967 1437,1966 1441,1966 1443,1967 1443,1968 1444,1970 1445,1970 1447,1971 1447,1972 1449,1975 1450,1975 1452,1977 1452,2027 1452,2027 1852,2029 1853,2028 2084,2029 2085,2028 2514,2030 2515,2029 2516,2029 2517,2028 2683,2028 2684,2028 2684,2027 2686,2024 2912,2025 2913,2025 2913,1980 2913,1979 2919,1979 2921,1978 2921,1977 2922,1975 2923,1975 2924,1974 2925,1974 2926,1975 2928,1975 2929,1976 2929,1977 2931,1979 2936,1979 2937,1980 2937,1981 2938,1982 2938,2032 2938,2032 3023,2033 3025,2034 3025,2035 3025,2036 3385,2037 3386,2037 3386,1985 3387,1983 3388,1983 3390,1982 3390,1981 3391,1979 3398,1980 3399,1979 3409,1979 3411,1980 3411,2031 3411,2032 3633,2033 3635,2034 3635,2035 3636,2037 3641,2037 3643,2038 3643,2039 3644,2041 3649,2041 3652,2043 3652,2044 3652,2045 3653,2045 3656,2047 3656,2048 3656,2049 3657,2049 3660,2051 3660,2056 3661,2058 3662,2058 3664,2059 3664,2075 3665,2076 3664,2086 3665,2087 3701,2087 3701,2087 3701,2088 3702,2089 3702,2090 3703,2091 3709,2091 3709,2091 3709,2092 3710,2093 3710,2105 3711,2106 4024,2107 4024,2108 4024,2124 4024,2124 3701,2123 3700,2124 3629,2124 3628,2125 3357,2123 3356,2124 3355,2124 3354,2125 3352,2127 3352,2128 3352,2128 3096,2127 3095,2128 2856,2127 2855,2128 2855,2176 2854,2177 2854,2178 2854,2178 2844,2178 2842,2180 2842,2181 2841,2182 2811,2182 2809,2180 2809,2179 2808,2178 2808,2178 2807,2178 2805,2176 2805,2125 2805,2125 2516,2124 2514,2122 1975,2119 1974,2120 1925,2120 1924,2121 1924,2200 1925,2201 1925,2202 1924,2202"/><TextEquiv index="1"><Unicode>plume dans un moment plus calme.</Unicode></TextEquiv></TextLine><TextLine id="r0_l009"><Coords points="801,2288 4205,2303 4204,2528 800,2513"/><TextEquiv index="1"><Unicode>ae</Unicode></TextEquiv></TextLine><TextLine id="r0_l010"><Coords points="2249,2589 2889,2592 2888,2756 2248,2753"/><TextEquiv index="1"><Unicode>Suite.</Unicode></TextEquiv></TextLine><TextLine id="r0_l011"><Coords points="1091,3193 1090,3192 1090,3190 1089,3189 1089,3188 1088,3187 1088,3185 1087,3184 1087,3182 1086,3181 1086,3179 1085,3178 1085,3176 1084,3175 1084,3174 1083,3173 1083,3171 1082,3170 1082,3168 1081,3167 1081,3165 1080,3164 1080,3162 1079,3161 1079,3159 1078,3158 960,3158 959,3157 958,3157 958,3156 958,3155 955,3153 929,3153 929,3152 929,3151 926,3149 917,3149 916,3147 916,3146 914,3145 905,3145 904,3143 904,3142 902,3141 892,3141 892,3140 892,3139 891,3138 891,3133 890,3133 881,3133 880,3132 879,3132 879,3131 879,3130 878,3130 877,3130 876,3129 875,3129 875,3128 875,3127 872,3124 865,3124 865,3124 865,3023 866,3022 866,3018 867,3017 867,3013 868,3012 868,3010 869,3009 869,3007 870,3006 870,3004 871,3003 871,3002 872,3001 872,3000 873,2999 873,2998 874,2997 874,2996 875,2996 1065,2996 1065,2996 1066,2957 1066,2956 1123,2957 1124,2957 1124,2966 1124,2967 3081,2975 3083,2977 3083,2979 3083,2979 3164,2979 3166,2981 3166,2982 3167,2984 3169,2984 3170,2984 3170,2985 3172,2988 4185,2992 4186,2993 4187,2993 4188,2993 4188,2994 4188,2995 4189,2995 4192,2997 4191,3198 4191,3199 4193,3199 4195,3200 4195,3206 4194,3207 1324,3194 1324,3195"/><TextEquiv index="1"><Unicode>n a employé, pour la gagner,</Unicode></TextEquiv></TextLine><TextLine id="r0_l012"><Coords points="817,3394 817,3394 817,3393 812,3388 812,3387 811,3386 810,3386 808,3384 808,3380 810,3377 813,3380 813,3381 814,3382 815,3382 816,3382 816,3257 817,3256 817,3255 819,3253 824,3253 825,3252 825,3251 827,3249 832,3249 833,3248 833,3247 835,3245 836,3245 836,3245 837,3244 837,3243 839,3241 840,3241 841,3240 848,3240 850,3243 850,3244 851,3244 852,3244 854,3247 854,3248 855,3248 1093,3249 1095,3247 1095,3246 1096,3245 1097,3245 1099,3243 1099,3242 1100,3241 1103,3242 1103,3242 1103,3243 1104,3244 1179,3244 1180,3245 1219,3245 1219,3245 1219,3226 1221,3224 1227,3224 1227,3225 1227,3245 1228,3245 1409,3246 1409,3245 1410,3196 1411,3195 1412,3195 1414,3193 1414,3192 1415,3191 1416,3191 1417,3190 1418,3189 1418,3188 1419,3187 1432,3187 1433,3186 1436,3186 1437,3187 1438,3187 1439,3187 1439,3197 1439,3198 1440,3198 1441,3199 1442,3199 1443,3199 1442,3243 1443,3244 1584,3245 1584,3245 1584,3246 1587,3249 1592,3249 1593,3250 1593,3251 1595,3253 1797,3254 1798,3253 1936,3253 1936,3253 1937,3201 1938,3199 1960,3199 1962,3201 1962,3202 1962,3202 1963,3203 1964,3203 1966,3205 1966,3207 1967,3208 1966,3248 1967,3248 2094,3249 2095,3250 2095,3251 2097,3253 2355,3254 2355,3253 2356,3201 2361,3196 2361,3195 2361,3195 2371,3195 2373,3194 2373,3193 2374,3191 2376,3191 2377,3192 2377,3193 2379,3195 2384,3195 2385,3196 2385,3197 2386,3198 2386,3218 2386,3218 2650,3219 2651,3219 2651,3218 2652,3217 2652,3216 2653,3216 2655,3215 2655,3210 2657,3207 2658,3207 2659,3207 2659,3206 2661,3203 2671,3203 2672,3203 2672,3197 2674,3194 2675,3194 2676,3194 2676,3193 2676,3192 2687,3192 2689,3194 2849,3195 2850,3196 2850,3205 2850,3205 3032,3206 3033,3205 3033,3204 3034,3203 3127,3203 3128,3203 3128,3202 3129,3201 3129,3200 3129,3199 3143,3199 3145,3201 3144,3252 3145,3252 3294,3253 3294,3254 3294,3255 3295,3256 3295,3257 3296,3257 3505,3258 3505,3257 3506,3204 3507,3203 3508,3203 3511,3201 3511,3200 3511,3199 3521,3199 3522,3199 3522,3198 3523,3197 3523,3196 3523,3195 3525,3195 3527,3197 3527,3198 3527,3198 3528,3199 3529,3199 3531,3201 3531,3221 3532,3222 3531,3261 3532,3261 3761,3262 3762,3261 3767,3261 3767,3261 3767,3260 3770,3257 3849,3257 3849,3257 3850,3207 3851,3206 3851,3205 3852,3203 3853,3203 3855,3202 3855,3201 3857,3199 3873,3199 3876,3201 3876,3202 3876,3203 3877,3203 3880,3205 3879,3229 3880,3230 3880,3252 3881,3253 4024,3253 4025,3255 4025,3260 4027,3261 4028,3261 4029,3263 4029,3288 4030,3288 4195,3289 4195,3288 4195,3287 4197,3286 4198,3286 4200,3289 4200,3290 4201,3290 4202,3290 4203,3292 4203,3293 4204,3294 4204,3296 4203,3297 4203,3298 4202,3299 4201,3299 4199,3301 4199,3302 4198,3303 4043,3302 4042,3303 4042,3334 4041,3335 4041,3336 4041,3336 4040,3336 4038,3338 4038,3346 4037,3347 4037,3348 4036,3348 4035,3348 4033,3351 4033,3352 4031,3353 4021,3353 4021,3354 4021,3376 4018,3378 3863,3378 3863,3378 3863,3380 3862,3381 3861,3381 3860,3382 3801,3381 3801,3382 3801,3397 3798,3399 3797,3399 3797,3400 3797,3401 3795,3402 3794,3402 3793,3403 3758,3403 3757,3402 3756,3402 3755,3401 3755,3400 3754,3399 3753,3399 3751,3397 3751,3346 3750,3345 3578,3344 3577,3346 3577,3347 3575,3348 3573,3348 3572,3347 3572,3346 3570,3344 3561,3344 3560,3343 3560,3342 3559,3340 3365,3339 3364,3340 3154,3339 3153,3340 2952,3340 2950,3341 2950,3342 2948,3344 2940,3344 2939,3345 2897,3344 2896,3343 2896,3342 2894,3340 2727,3340 2726,3338 2726,3337 2726,3337 2481,3336 2480,3337 2466,3336 2465,3337 2465,3338 2464,3339 2464,3340 2463,3340 2296,3340 2294,3342 2294,3343 2293,3344 2224,3343 2224,3344 2224,3351 2221,3353 2220,3353 2220,3354 2220,3363 2200,3382 2199,3382 2199,3383 2199,3384 2196,3386 2195,3386 2195,3387 2195,3388 2192,3390 2183,3390 2182,3389 2182,3342 2181,3341 2013,3340 2012,3339 2012,3338 2011,3336 1789,3335 1788,3336 1788,3339 1786,3340 1776,3340 1776,3340 1776,3339 1774,3336 1773,3336 1771,3335 1771,3331 1771,3330 1589,3330 1587,3332 1582,3332 1581,3332 1581,3333 1579,3336 1566,3336 1565,3337 1487,3336 1485,3335 1485,3334 1484,3332 1479,3332 1477,3331 1477,3329 1477,3328 1268,3327 1260,3335 1260,3336 1260,3336 1250,3336 1249,3337 1249,3338 1248,3339 1248,3340 1247,3340 1174,3340 1174,3339 1174,3338 1172,3337 863,3335 861,3336 838,3336 838,3336 838,3335 833,3330 833,3329 833,3328 827,3328 825,3327 825,3268 823,3265 822,3265 821,3266 821,3393 819,3394"/><TextEquiv index="1"><Unicode>toutes les voies; la ſéduction la plus</Unicode></TextEquiv></TextLine><TextLine id="r0_l013"><Coords points="2208,3610 2207,3609 2207,3608 2205,3606 2188,3606 2186,3604 2186,3579 2185,3578 2005,3577 2004,3576 2004,3549 2004,3548 1820,3548 1819,3547 1818,3547 1817,3546 1817,3545 1817,3545 1677,3544 1676,3545 1676,3559 1675,3560 1669,3560 1668,3559 1668,3544 1668,3544 1611,3544 1609,3545 1609,3546 1608,3548 1604,3548 1601,3545 1601,3544 1601,3544 1347,3543 1346,3544 1326,3543 1325,3544 1322,3544 1321,3543 1320,3543 1319,3543 1319,3542 1317,3539 1095,3538 1094,3539 1079,3539 1078,3540 1078,3597 1077,3597 1076,3597 1075,3598 1054,3598 1053,3600 1053,3601 1052,3601 1051,3601 1050,3602 1038,3602 1037,3601 1037,3594 1036,3593 1036,3541 1036,3540 827,3539 825,3538 825,3537 824,3535 818,3535 817,3535 817,3532 818,3531 819,3531 820,3530 821,3530 821,3530 821,3458 822,3457 823,3457 824,3456 825,3404 826,3402 827,3402 829,3401 829,3400 830,3398 844,3398 845,3398 845,3397 847,3394 848,3394 850,3396 850,3397 851,3398 856,3398 858,3400 858,3405 859,3406 860,3406 862,3408 861,3451 862,3451 907,3452 908,3453 908,3455 909,3456 1167,3457 1168,3456 1173,3456 1173,3455 1173,3454 1176,3452 1318,3452 1320,3451 1320,3450 1321,3448 1322,3448 1324,3450 1324,3451 1324,3451 1594,3453 1595,3452 1733,3452 1734,3452 1734,3429 1734,3428 1735,3428 1738,3426 1738,3425 1739,3423 1740,3423 1742,3422 1742,3421 1743,3419 1761,3419 1763,3418 1763,3417 1764,3415 1953,3416 1954,3416 1954,3408 1954,3407 1955,3407 1960,3402 1965,3402 1966,3402 1966,3401 1968,3398 1981,3398 1983,3400 1983,3449 1984,3450 1983,3460 1984,3460 2281,3462 2281,3461 2282,3407 2282,3407 2283,3407 2284,3406 2293,3406 2294,3405 2294,3404 2296,3402 2304,3402 2307,3404 2307,3405 2307,3406 2308,3406 2311,3408 2311,3422 2311,3423 2573,3424 2574,3423 2575,3423 2576,3422 2576,3417 2577,3416 2577,3415 2577,3415 2578,3415 2581,3412 2581,3411 2581,3411 2582,3411 2585,3408 2585,3407 2585,3407 2586,3407 2589,3404 2589,3403 2589,3403 2590,3403 2591,3402 2596,3402 2597,3402 2597,3401 2599,3398 2616,3398 2618,3400 2618,3401 2619,3402 2624,3402 2626,3404 2626,3405 2626,3405 2781,3406 2784,3408 2784,3409 2784,3410 2785,3410 2788,3412 2787,3460 2788,3461 2788,3463 2789,3464 3102,3465 3104,3463 3104,3462 3105,3461 3106,3461 3107,3460 3180,3461 3181,3460 3183,3462 3183,3463 3185,3465 3203,3465 3203,3465 3203,3466 3212,3475 3212,3480 3213,3481 3214,3481 3216,3483 3216,3517 3217,3518 3368,3518 3369,3517 3369,3516 3370,3515 3371,3515 3372,3514 3414,3515 3414,3514 3415,3411 3415,3411 3421,3411 3423,3409 3423,3408 3425,3406 3426,3406 3427,3405 3427,3404 3429,3402 3432,3404 3432,3405 3432,3406 3441,3406 3444,3408 3444,3417 3445,3419 3455,3419 3456,3419 3456,3420 3457,3421 3456,3464 3457,3465 3627,3466 3628,3465 3737,3465 3739,3463 3739,3462 3740,3461 3741,3461 3742,3460 3869,3461 3870,3459 3871,3437 3872,3436 3873,3436 3875,3434 3875,3429 3877,3427 3878,3427 3880,3425 3880,3420 3881,3419 3882,3419 3883,3418 3884,3417 3884,3416 3885,3415 3886,3415 3887,3414 3888,3413 3888,3412 3889,3411 3894,3411 3896,3409 3896,3408 3898,3406 3907,3406 3909,3404 3909,3403 3910,3402 3927,3402 3929,3403 3929,3404 3930,3406 3964,3406 3967,3408 3967,3413 3968,3415 3969,3415 3971,3417 3970,3466 3971,3467 3971,3472 3973,3473 3974,3473 3975,3475 3975,3481 3976,3481 4007,3481 4009,3484 4009,3489 4010,3489 4039,3489 4040,3490 4041,3490 4042,3492 4042,3504 4041,3505 4041,3506 4041,3506 4040,3506 4037,3509 4037,3514 4037,3514 4036,3514 4035,3515 3976,3515 3975,3516 3975,3538 3973,3540 3972,3540 3971,3541 3971,3542 3969,3544 3964,3544 3963,3544 3963,3545 3961,3548 3825,3547 3824,3548 3753,3548 3751,3550 3751,3551 3750,3552 3640,3552 3639,3552 3639,3608 3637,3610 3627,3610 3626,3611 3611,3610 3610,3609 3610,3561 3610,3560 3582,3560 3581,3560 3581,3553 3581,3552 3379,3551 3378,3552 3378,3554 3376,3556 3375,3556 3374,3557 3374,3558 3373,3559 3373,3560 3373,3560 3291,3560 3290,3561 3290,3568 3290,3568 3289,3568 3286,3571 3286,3572 3285,3572 3284,3572 3283,3573 3278,3573 3278,3573 3278,3574 3271,3581 3254,3581 3253,3579 3253,3553 3253,3553 2947,3552 2946,3552 2946,3591 2943,3594 2881,3593 2879,3596 2879,3597 2878,3597 2877,3597 2875,3600 2875,3601 2873,3602 2868,3602 2867,3604 2867,3605 2865,3606 2851,3606 2851,3607 2851,3608 2848,3610 2839,3610 2838,3609 2838,3608 2836,3606 2819,3606 2806,3593 2805,3593 2805,3592 2805,3552 2805,3552 2710,3552 2709,3551 2709,3550 2708,3549 2459,3547 2456,3550 2456,3551 2455,3552 2436,3552 2435,3553 2435,3560 2435,3560 2434,3560 2431,3563 2431,3564 2431,3564 2428,3564 2427,3564 2427,3553 2427,3552 2225,3551 2224,3552 2224,3604 2221,3606 2216,3606 2215,3608 2215,3609 2213,3610"/><TextEquiv index="1"><Unicode>importune &amp; la plus fatigante, la perſé-</Unicode></TextEquiv></TextLine><TextLine id="r0_l014"><Coords points="3423,3821 3423,3820 3423,3756 3423,3756 3403,3756 3402,3756 3402,3775 3402,3776 3398,3776 3397,3777 3396,3777 3394,3775 3394,3756 3394,3756 3239,3755 3236,3757 3236,3758 3236,3759 3067,3758 3066,3759 3066,3817 3065,3817 3064,3817 3063,3818 3056,3818 3055,3817 3054,3817 3054,3817 3054,3816 3051,3813 3030,3813 3026,3809 3025,3809 3025,3808 3025,3756 3025,3756 2716,3755 2713,3757 2713,3758 2713,3759 2711,3759 2710,3760 2703,3759 2701,3758 2701,3757 2700,3755 2483,3755 2481,3756 2481,3758 2480,3760 2466,3759 2464,3758 2464,3757 2463,3755 2228,3754 2227,3755 2175,3755 2174,3755 2174,3754 2173,3753 2173,3752 2173,3751 1904,3750 1903,3751 1894,3751 1891,3753 1891,3754 1891,3755 1881,3755 1879,3753 1879,3752 1879,3752 1660,3751 1659,3751 1659,3799 1657,3801 1656,3801 1655,3802 1655,3803 1653,3805 1614,3805 1614,3804 1614,3803 1613,3802 1613,3748 1613,3748 1298,3746 1297,3747 1103,3747 1102,3747 1101,3747 1099,3749 1099,3750 1098,3751 960,3751 958,3752 958,3753 957,3755 955,3755 954,3754 954,3753 953,3752 844,3751 841,3749 841,3748 841,3747 840,3747 837,3745 837,3744 837,3743 832,3743 828,3739 824,3739 823,3738 822,3738 821,3738 821,3737 819,3734 818,3734 817,3734 817,3686 818,3685 819,3685 821,3683 821,3682 822,3681 823,3681 826,3679 826,3677 826,3676 832,3676 833,3676 833,3675 842,3666 842,3665 842,3664 876,3665 877,3664 1005,3664 1008,3662 1008,3661 1008,3660 1009,3660 1012,3658 1012,3657 1012,3656 1061,3656 1062,3656 1062,3615 1062,3614 1063,3614 1067,3610 1068,3610 1069,3610 1069,3609 1071,3606 1089,3606 1090,3607 1090,3608 1091,3609 1091,3659 1091,3659 1388,3661 1389,3660 1389,3607 1390,3606 1391,3606 1393,3604 1394,3603 1394,3602 1394,3602 1395,3602 1396,3601 1410,3601 1411,3602 1413,3602 1414,3602 1414,3620 1415,3622 1416,3622 1418,3623 1418,3624 1419,3626 1420,3626 1423,3628 1423,3663 1423,3664 1617,3665 1618,3664 1628,3664 1630,3662 1630,3661 1631,3660 1716,3660 1717,3660 1717,3612 1718,3610 1719,3610 1720,3610 1722,3608 1722,3607 1722,3606 1727,3606 1730,3604 1730,3603 1730,3602 1731,3602 1732,3601 1734,3601 1735,3602 1736,3602 1738,3604 1738,3605 1738,3605 1739,3605 1742,3608 1742,3618 1742,3618 1753,3618 1755,3620 1755,3663 1755,3663 2033,3665 2034,3664 2277,3665 2278,3664 2331,3664 2332,3663 2332,3623 2333,3622 2334,3622 2335,3621 2336,3620 2336,3619 2337,3618 2338,3618 2339,3617 2340,3616 2340,3615 2341,3614 2342,3614 2343,3613 2344,3612 2344,3611 2345,3610 2409,3610 2410,3611 2410,3612 2411,3613 2411,3614 2411,3614 2412,3614 2415,3617 2415,3635 2415,3635 2438,3635 2439,3636 2439,3637 2440,3638 2624,3639 2626,3638 2626,3637 2627,3635 2628,3635 2630,3634 2630,3633 2631,3631 2644,3631 2647,3629 2647,3628 2647,3627 2816,3628 2817,3627 2817,3619 2817,3619 2818,3619 2822,3616 2822,3615 2822,3614 2836,3614 2838,3616 2838,3617 2838,3617 3135,3618 3137,3617 3137,3616 3138,3614 3151,3614 3153,3616 3153,3629 3155,3631 3156,3631 3157,3632 3157,3633 3159,3635 3164,3635 3166,3637 3166,3667 3166,3668 3468,3669 3469,3668 3469,3619 3470,3618 3471,3618 3473,3616 3473,3615 3474,3614 3656,3615 3657,3614 3799,3614 3801,3613 3801,3612 3802,3610 3824,3610 3826,3612 3826,3613 3827,3614 3827,3614 3828,3614 3830,3616 3830,3617 3830,3617 3960,3618 3963,3620 3963,3679 3964,3680 3964,3683 3964,3684 3965,3684 3967,3687 3967,3688 3968,3688 3969,3688 3971,3691 3971,3693 3972,3693 4037,3693 4037,3694 4037,3699 4038,3700 4038,3701 4039,3701 4041,3701 4041,3702 4041,3703 4042,3704 4042,3716 4040,3718 4039,3718 4038,3719 4038,3720 4036,3722 4035,3722 4034,3723 4034,3724 4032,3726 4031,3726 4030,3727 4030,3728 4029,3729 4029,3730 4029,3730 3968,3730 3967,3731 3967,3737 3965,3739 3964,3739 3963,3739 3963,3814 3962,3815 3851,3814 3851,3815 3851,3816 3849,3817 3848,3817 3847,3818 3824,3818 3823,3817 3822,3817 3822,3817 3822,3816 3820,3814 3819,3813 3818,3813 3818,3813 3818,3812 3817,3811 3815,3809 3814,3809 3813,3808 3813,3765 3813,3764 3709,3764 3708,3763 3707,3763 3706,3762 3705,3761 3705,3760 3705,3760 3615,3759 3614,3760 3614,3820 3613,3820 3432,3820 3431,3821"/><TextEquiv index="1"><Unicode>cution la plus cruelle &amp; la plus déſeſpé-</Unicode></TextEquiv></TextLine><TextLine id="r0_l015"><Coords points="3824,4021 3821,4019 3821,4014 3821,4013 3733,4013 3730,4010 3730,3968 3730,3968 3475,3967 3473,3965 3473,3964 3473,3964 3217,3963 3216,3963 3216,3968 3215,3969 3215,3970 3215,3971 3209,3971 3208,3970 3208,3969 3207,3968 3122,3967 3120,3966 3120,3965 3119,3963 2858,3962 2857,3963 2807,3963 2805,3964 2805,3965 2804,3967 2736,3967 2735,3966 2735,3965 2734,3964 2699,3963 2697,3962 2697,3961 2696,3959 2691,3959 2689,3958 2689,3957 2687,3954 2686,3954 2684,3953 2684,3952 2684,3951 2511,3951 2510,3951 2510,3952 2508,3955 2507,3955 2506,3955 2506,3956 2504,3959 2503,3959 2502,3959 2502,3960 2500,3963 2495,3963 2494,3963 2494,3964 2492,3967 2481,3967 2480,3968 2475,3967 2473,3966 2473,3965 2472,3963 2280,3963 2278,3961 2278,3960 2278,3960 2019,3959 2018,3959 1978,3959 1977,3958 1976,3958 1975,3958 1975,3957 1974,3955 1753,3954 1752,3955 1541,3954 1540,3955 1361,3955 1360,3955 1360,3957 1359,3959 1198,3958 1197,3959 1107,3959 1106,3960 857,3958 856,3959 844,3959 842,3958 842,3957 841,3955 825,3955 824,3954 822,3954 821,3954 821,3953 819,3950 818,3950 817,3950 817,3948 816,3947 816,3946 817,3945 817,3944 819,3942 820,3942 820,3942 820,3941 824,3937 825,3873 825,3872 826,3872 827,3871 832,3871 833,3871 833,3870 835,3867 843,3867 846,3870 1093,3871 1095,3870 1095,3869 1096,3867 1178,3868 1179,3867 1196,3867 1199,3870 1508,3871 1510,3870 1510,3869 1511,3867 1516,3867 1518,3866 1518,3865 1519,3863 1687,3864 1688,3864 1688,3853 1689,3851 1690,3851 1692,3850 1692,3845 1694,3842 1695,3842 1696,3842 1696,3837 1698,3834 1699,3834 1701,3833 1701,3827 1701,3826 1702,3826 1704,3824 1705,3824 1705,3823 1705,3822 1710,3822 1711,3821 1712,3821 1713,3821 1713,3820 1715,3817 1716,3817 1717,3817 1717,3816 1719,3813 1748,3813 1751,3816 1751,3817 1751,3817 1756,3817 1759,3820 1759,3870 1759,3870 1802,3871 1804,3872 1804,3873 1805,3875 1978,3875 1979,3875 1979,3823 1979,3822 1980,3822 1981,3821 1990,3821 1991,3821 1991,3820 1993,3817 1994,3817 1995,3817 1995,3816 1997,3813 2005,3813 2009,3817 2010,3817 2011,3818 2012,3819 2012,3820 2012,3820 2042,3821 2043,3822 2044,3822 2045,3822 2045,3823 2047,3826 2048,3826 2049,3826 2049,3827 2051,3830 2052,3830 2053,3830 2053,3831 2054,3832 2054,3870 2054,3871 2302,3872 2303,3871 2303,3834 2303,3834 2401,3834 2402,3834 2402,3828 2403,3826 2418,3826 2419,3825 2420,3826 2421,3826 2423,3828 2423,3874 2423,3874 2494,3875 2495,3876 2496,3876 2498,3877 2498,3878 2498,3879 2499,3880 2500,3880 2502,3881 2502,3882 2503,3884 2504,3884 2506,3885 2506,3886 2507,3888 2508,3888 2510,3889 2510,3894 2510,3895 2683,3895 2686,3892 2687,3892 2688,3892 2688,3891 2693,3886 2693,3885 2693,3884 2703,3884 2705,3883 2705,3882 2706,3881 2709,3881 2710,3880 2716,3880 2717,3879 2717,3828 2718,3827 2718,3826 2718,3826 2719,3826 2722,3823 2722,3822 2722,3822 2723,3822 2724,3821 2739,3821 2740,3822 2741,3822 2742,3822 2742,3823 2744,3826 2745,3826 2747,3827 2747,3879 2747,3880 2983,3881 2984,3880 3040,3880 3041,3879 3181,3880 3182,3879 3273,3879 3274,3878 3274,3826 3274,3826 3275,3826 3278,3823 3278,3822 3278,3822 3279,3822 3280,3821 3420,3822 3421,3821 3431,3821 3432,3821 3432,3829 3432,3830 3605,3830 3606,3830 3606,3821 3606,3820 3613,3820 3614,3821 3614,3830 3614,3830 3759,3831 3760,3830 3770,3830 3772,3832 3772,3874 3772,3874 3945,3875 3946,3874 3946,3827 3948,3825 3949,3825 3950,3824 3950,3823 3952,3821 3953,3821 3954,3820 3954,3819 3956,3817 3957,3817 3958,3816 3958,3815 3958,3815 3962,3815 3963,3815 3963,3816 3963,3817 3968,3817 3969,3818 3970,3818 3971,3819 3971,3825 3971,3825 3972,3825 3975,3828 3975,3867 3975,3867 4014,3867 4017,3870 4017,3871 4017,3871 4031,3871 4033,3873 4033,3874 4035,3876 4036,3876 4037,3877 4037,3878 4038,3879 4037,3941 4038,3942 4038,3949 4039,3949 4190,3950 4191,3951 4191,4012 4192,4013 4193,4012 4194,4012 4195,4013 4195,4015 4194,4017 4192,4017 4191,4017 4191,4019 4191,4020 4188,4020 4187,4019 4187,3959 4187,3959 4028,3958 4025,3961 4025,3962 4025,3962 4024,3962 4023,3963 3843,3962 3842,3963 3842,4020 3841,4021"/><TextEquiv index="1"><Unicode>rante: enfin l'année du noviciat étoit</Unicode></TextEquiv></TextLine><TextLine id="r0_l016"><Coords points="1103,4225 1014,4224 1011,4222 1011,4221 1011,4220 1001,4220 999,4219 999,4168 999,4167 839,4166 838,4166 838,4165 836,4162 835,4162 833,4161 833,4151 833,4150 832,4150 829,4148 829,4147 829,4146 828,4146 825,4144 826,4136 823,4133 822,4133 821,4132 821,4114 822,4112 823,4112 825,4111 825,4102 827,4099 828,4099 829,4099 829,4098 831,4095 832,4095 833,4095 833,4094 835,4091 836,4091 837,4091 837,4090 839,4087 840,4087 841,4087 841,4086 843,4083 848,4083 850,4082 850,4081 851,4079 876,4080 877,4079 894,4079 895,4078 895,4006 896,4006 4192,4020 4193,4021 4195,4021 4195,4021 4195,4024 4195,4025 904,4011 903,4011 905,4013 3792,4025 3792,4026 3792,4027 3797,4032 3797,4074 3797,4074 4027,4075 4029,4077 4029,4078 4030,4079 4035,4079 4038,4082 4038,4083 4038,4083 4039,4083 4042,4086 4185,4087 4187,4088 4187,4094 4186,4095 4134,4095 4134,4095 4133,4231 4133,4232 3478,4229 3477,4229 3477,4231 3477,4232 3476,4232 3475,4233 3173,4232 3172,4232 3172,4236 3172,4237 1114,4228 1113,4228"/><TextEquiv index="1"><Unicode>expirée, &amp; l'on ne pouvoit cependant</Unicode></TextEquiv></TextLine><TextLine id="r0_l017"><Coords points="2710,4445 2709,4444 2709,4405 2709,4405 1909,4401 1908,4402 1908,4415 1908,4415 1907,4415 1906,4416 1904,4418 1904,4419 1904,4419 1882,4419 1875,4425 1875,4426 1875,4427 1291,4424 1290,4425 1290,4426 1288,4428 1268,4428 1267,4427 1266,4427 1265,4427 1265,4426 1263,4423 1254,4423 1253,4423 1253,4422 1252,4420 905,4419 904,4418 904,4371 904,4371 824,4370 823,4369 822,4369 821,4369 822,4365 821,4364 821,4359 822,4357 823,4357 825,4356 825,4293 827,4290 828,4290 829,4290 829,4289 831,4286 840,4286 841,4286 841,4285 843,4282 898,4283 899,4282 899,4240 900,4239 900,4237 901,4237 902,4237 904,4234 904,4233 905,4233 906,4233 908,4230 908,4229 909,4229 910,4229 911,4228 919,4228 920,4229 920,4230 921,4231 922,4232 923,4232 925,4234 925,4235 926,4236 927,4237 928,4237 930,4239 2124,4244 2124,4243 2124,4242 2127,4240 2128,4240 2128,4239 2128,4238 2130,4237 2135,4237 2137,4235 2137,4234 2139,4232 3173,4237 3174,4238 3174,4286 3174,4287 3943,4290 3951,4297 3951,4298 3951,4299 3957,4299 3958,4299 3958,4300 3959,4301 3959,4310 3959,4311 3960,4311 3963,4313 3963,4314 3963,4315 4039,4315 4042,4318 4042,4319 4043,4320 4043,4320 4044,4320 4046,4322 4045,4383 4046,4384 4046,4385 4045,4386 4009,4386 4008,4387 4008,4398 4007,4399 4006,4399 4004,4401 4004,4402 4003,4403 3968,4403 3967,4404 3967,4418 3966,4419 3764,4418 3763,4419 3763,4435 3762,4436 3761,4436 3760,4437 3760,4438 3758,4440 3382,4438 3381,4439 3381,4440 3381,4440 3371,4440 3369,4439 3369,4438 3368,4436 3355,4436 3353,4435 3353,4434 3352,4433 3352,4408 3352,4407 2722,4405 2721,4405 2721,4444 2721,4445"/><TextEquiv index="1"><Unicode>rien gagner; elle ne vouloit pas pro-</Unicode></TextEquiv></TextLine><TextLine id="r0_l018"><Coords points="3217,4653 3216,4652 3216,4639 3216,4639 2296,4635 2295,4634 860,4627 858,4626 859,4582 858,4581 822,4581 821,4580 821,4496 822,4494 875,4495 876,4494 877,4494 878,4493 878,4492 879,4491 879,4490 879,4490 955,4490 958,4487 958,4486 958,4486 1161,4487 1162,4486 1247,4486 1248,4486 1248,4459 1250,4457 1251,4457 1252,4456 1485,4457 1485,4457 1485,4433 1486,4432 1504,4432 1505,4431 1505,4430 1507,4428 1509,4428 1510,4430 1510,4431 1512,4432 1513,4432 1514,4434 1514,4439 1515,4439 3460,4448 3460,4447 3460,4446 3463,4444 3640,4445 3641,4444 3868,4445 3869,4444 3879,4444 3879,4444 3879,4445 3880,4446 3880,4480 3881,4481 4199,4482 4199,4483 4199,4484 4200,4485 4200,4486 4199,4487 4199,4489 4197,4490 3880,4489 3880,4489 3880,4497 3880,4498 3961,4498 3963,4499 3963,4500 3964,4502 3969,4502 3971,4504 3971,4505 3973,4507 3974,4507 3975,4508 3975,4513 3977,4515 3978,4515 3979,4516 3979,4523 3979,4523 4035,4523 4038,4526 4038,4527 4038,4527 4039,4527 4042,4530 4042,4531 4042,4531 4043,4531 4046,4534 4046,4556 4046,4556 4052,4556 4054,4558 4054,4598 4054,4598 4062,4598 4063,4599 4062,4605 4061,4606 3220,4603 3219,4603 3219,4652 3219,4653"/><TextEquiv index="1"><Unicode>noncer des vœux; mais on a dit à l'in-</Unicode></TextEquiv></TextLine><TextLine id="r0_l019"><Coords points="3334,4856 3333,4856 3333,4851 3333,4850 1624,4843 1623,4842 868,4838 866,4837 866,4836 865,4834 864,4834 862,4833 863,4790 862,4789 827,4789 826,4788 825,4788 825,4788 825,4787 822,4784 821,4784 821,4784 821,4716 819,4714 818,4714 817,4713 817,4711 818,4710 828,4710 829,4709 829,4708 831,4706 833,4706 833,4706 833,4691 835,4689 836,4689 837,4688 837,4675 840,4672 845,4672 846,4671 846,4666 848,4664 849,4664 850,4663 850,4662 852,4660 853,4660 854,4659 854,4658 856,4656 857,4656 858,4655 858,4654 860,4652 861,4652 861,4652 862,4651 862,4650 865,4647 870,4647 871,4646 871,4645 873,4644 874,4644 875,4642 875,4641 876,4640 876,4639 877,4639 2051,4644 2052,4643 2073,4643 2075,4645 4017,4653 4018,4652 4019,4652 4021,4650 4021,4649 4022,4648 4023,4648 4024,4647 4035,4647 4036,4648 4037,4648 4037,4649 4037,4650 4038,4651 4038,4709 4040,4710 4049,4710 4050,4712 4050,4767 4048,4768 4047,4768 4046,4770 4046,4775 4044,4776 4043,4776 4042,4778 4042,4783 4040,4784 4039,4784 4037,4787 4037,4801 4036,4801 4035,4801 4031,4805 3353,4802 3353,4803 3353,4830 3353,4830 4198,4834 4199,4836 4199,4837 4201,4838 4202,4838 4203,4840 4203,4842 4202,4843 3353,4839 3352,4840 3352,4856 3352,4856"/><TextEquiv index="1"><Unicode>fortunée que ſon amant étoit enfermé</Unicode></TextEquiv></TextLine><TextLine id="r0_l020"><Coords points="3980,5066 3979,5066 3980,5018 3979,5017 3901,5017 3901,5016 3901,5015 3900,5014 3900,5005 3899,5005 3756,5004 3755,5003 3755,5002 3754,5001 3753,5001 3752,5000 3555,4999 3554,5000 3302,4999 3301,5000 3078,4999 3077,5000 3072,5000 3070,5003 3070,5004 3069,5004 3068,5004 3067,5005 3037,5005 3037,5005 3037,5019 3035,5021 3034,5021 3033,5022 3033,5023 3031,5025 3029,5025 3029,5024 3029,5023 3028,5022 3028,5021 3027,5021 3026,5021 3025,5019 3025,5000 3024,5000 2862,4999 2861,5000 2728,5000 2727,5001 2726,5001 2726,5001 2726,5002 2724,5004 2723,5004 2722,5005 2603,5004 2602,5005 2531,5005 2531,5005 2531,5052 2529,5054 2480,5054 2479,5055 2478,5055 2477,5053 2477,5001 2476,5001 2473,5000 2473,5000 2473,4999 2470,4996 2251,4996 2250,4997 2099,4996 2099,4996 2099,5007 2098,5008 2097,5008 2095,5010 2095,5019 2093,5021 2084,5021 2082,5023 2082,5024 2081,5025 2071,5025 2071,5025 2071,5026 2070,5027 2070,5028 2069,5029 2066,5029 2066,5028 2066,4997 2065,4997 1967,4996 1967,4996 1967,4995 1965,4993 1652,4992 1651,4993 1651,4994 1649,4996 1594,4996 1591,4993 1310,4991 1309,4992 1273,4992 1273,4993 1273,4995 1271,4996 1270,4996 1270,4997 1270,4998 1269,4999 1269,5000 1268,5000 1265,5000 1265,5000 1265,4999 1259,4993 946,4992 946,4992 946,4993 943,4996 866,4995 865,4996 847,4996 845,4994 845,4993 844,4992 838,4992 838,4992 838,4991 827,4980 823,4980 822,4979 821,4979 821,4979 821,4978 818,4975 817,4975 817,4975 817,4952 817,4951 818,4951 821,4949 821,4940 823,4938 824,4938 825,4937 825,4932 827,4930 828,4930 829,4929 829,4928 832,4925 833,4925 833,4925 833,4924 836,4921 837,4921 837,4921 837,4920 840,4917 841,4917 841,4917 841,4916 844,4913 857,4913 858,4912 858,4911 860,4909 862,4909 862,4909 862,4858 863,4857 863,4856 864,4855 865,4855 867,4853 867,4852 868,4851 876,4852 877,4851 899,4851 900,4852 900,4870 902,4872 903,4872 904,4873 904,4904 905,4905 1129,4906 1130,4905 1349,4906 1350,4905 1355,4905 1356,4906 1540,4906 1541,4905 1563,4906 1564,4905 1754,4905 1754,4905 1754,4859 1755,4858 1755,4857 1757,4855 1762,4855 1763,4854 1763,4853 1765,4851 1770,4851 1771,4850 1771,4849 1773,4847 1779,4847 1779,4848 1779,4849 1782,4851 1783,4851 1784,4853 1784,4908 1785,4908 1961,4909 1962,4908 1962,4907 1964,4905 1978,4905 1979,4907 1979,4912 1981,4913 1998,4913 2000,4916 2000,4917 2001,4917 2002,4917 2004,4920 2004,4962 2004,4962 2198,4963 2199,4963 2199,4952 2199,4951 2200,4951 2203,4949 2203,4948 2203,4947 2204,4947 2207,4945 2207,4940 2209,4938 2210,4938 2211,4937 2211,4936 2213,4934 2214,4934 2216,4932 2216,4931 2217,4930 2218,4930 2220,4928 2220,4927 2221,4926 2222,4926 2224,4924 2224,4886 2226,4884 2227,4884 2228,4883 2228,4882 2230,4880 2231,4880 2232,4879 2232,4878 2234,4876 2235,4876 2236,4875 2236,4874 2238,4872 2250,4873 2251,4872 2255,4872 2257,4869 2257,4868 2258,4868 2259,4868 2260,4867 2267,4867 2268,4868 2269,4868 2269,4868 2269,4869 2270,4870 2272,4872 2273,4872 2273,4872 2273,4873 2276,4876 2277,4876 2278,4877 2278,4882 2280,4884 2281,4884 2282,4885 2282,4903 2284,4905 2343,4905 2344,4906 2344,4911 2345,4912 2492,4913 2494,4915 2494,4916 2495,4917 2630,4917 2630,4917 2630,4903 2632,4901 2633,4901 2634,4900 2634,4867 2635,4866 2635,4865 2637,4863 2650,4863 2651,4865 2651,4866 2654,4868 2655,4868 2655,4869 2655,4870 2658,4872 2659,4872 2659,4873 2659,4874 2660,4875 2660,4917 2661,4917 2704,4918 2705,4916 2705,4915 2707,4914 2709,4914 2710,4913 2943,4914 2944,4913 3174,4914 3174,4913 3174,4860 3176,4859 3182,4859 3182,4858 3182,4857 3183,4856 3183,4855 3184,4855 3206,4855 3207,4856 3352,4856 3353,4858 3353,4912 3354,4912 3739,4914 3739,4914 3739,4869 3741,4867 3742,4867 3743,4866 3743,4865 3745,4863 3750,4863 3751,4862 3751,4861 3753,4859 3754,4859 3755,4858 3755,4857 3757,4855 3767,4855 3767,4856 3767,4857 3772,4862 3772,4871 3774,4872 3958,4873 3958,4872 3958,4866 3959,4865 3959,4864 3961,4863 3962,4863 3963,4861 3963,4860 3965,4859 3966,4859 3967,4858 3967,4857 3969,4855 3978,4855 3979,4857 3979,4862 3981,4863 3982,4863 3983,4865 3983,4866 3984,4867 3984,4905 3985,4905 4020,4905 4021,4907 4021,4912 4023,4913 4044,4913 4057,4926 4058,4926 4058,4927 4058,4983 4058,4983 4190,4984 4191,4984 4191,4990 4189,4992 4050,4991 4050,4992 4050,5007 4047,5009 4046,5009 4046,5010 4046,5015 4045,5016 4045,5017 4044,5017 3985,5017 3985,5018 3984,5065 3983,5066"/><TextEquiv index="1"><Unicode>dans un cachot, &amp; qu'on ne lui rendroit</Unicode></TextEquiv></TextLine><TextLine id="r0_l021"><Coords points="3628,5271 3628,5270 3628,5213 3627,5213 3235,5211 3234,5212 3132,5211 3131,5212 3121,5212 3120,5211 3120,5210 3119,5209 2743,5208 2743,5208 2743,5209 2740,5212 2654,5211 2653,5212 2560,5212 2560,5212 2560,5260 2558,5262 2548,5262 2548,5262 2548,5263 2545,5266 2515,5266 2514,5264 2514,5263 2513,5263 2512,5262 2511,5262 2510,5260 2510,5208 2509,5208 2503,5208 2502,5206 2502,5205 2501,5205 2307,5204 2307,5204 2307,5205 2304,5208 2251,5208 2250,5209 2245,5209 2245,5209 2245,5210 2242,5212 2178,5212 2178,5213 2178,5220 2177,5220 2175,5220 2174,5221 2070,5221 2070,5221 2070,5260 2068,5262 2034,5262 2033,5260 2033,5259 2032,5259 2031,5258 2030,5258 2029,5256 2029,5205 2028,5205 1804,5204 1804,5204 1804,5244 1803,5245 1802,5245 1800,5247 1800,5252 1799,5253 1798,5253 1797,5254 1764,5253 1763,5254 1761,5254 1760,5253 1759,5253 1759,5253 1759,5252 1756,5249 1755,5249 1755,5249 1755,5247 1754,5246 1754,5201 1753,5200 1740,5200 1738,5198 1738,5197 1737,5196 1736,5196 1735,5195 1730,5195 1730,5195 1730,5194 1727,5191 1547,5190 1547,5191 1547,5203 1545,5204 1544,5204 1543,5206 1543,5207 1541,5208 1540,5208 1539,5207 1539,5205 1538,5204 1381,5204 1381,5204 1381,5256 1380,5257 1379,5257 1378,5258 1374,5258 1373,5256 1373,5205 1372,5205 1056,5203 1055,5204 871,5204 871,5204 871,5206 870,5207 870,5208 869,5208 864,5208 862,5206 862,5205 861,5204 851,5204 850,5203 850,5202 848,5200 810,5200 808,5198 810,5195 811,5195 812,5195 812,5190 814,5187 816,5187 817,5187 817,5064 818,5063 823,5063 825,5061 825,5060 826,5059 827,5059 828,5058 837,5058 837,5058 837,5057 840,5054 857,5054 858,5056 858,5115 859,5115 1053,5116 1053,5116 1053,5061 1056,5058 1069,5058 1070,5057 1070,5056 1072,5054 1113,5055 1114,5054 1185,5054 1186,5055 1186,5106 1187,5107 1510,5108 1510,5108 1510,5093 1511,5092 1512,5092 1514,5090 1514,5085 1515,5084 1516,5084 1518,5082 1518,5069 1520,5067 1525,5067 1526,5066 1526,5065 1528,5063 1529,5063 1530,5062 1532,5062 1533,5063 1534,5063 1535,5065 1535,5066 1536,5066 1537,5066 1539,5069 1539,5128 1541,5129 1723,5130 1730,5123 1730,5122 1731,5121 1736,5121 1737,5120 1738,5120 1738,5120 1738,5119 1741,5116 1758,5116 1759,5115 1759,5114 1761,5112 1762,5112 1763,5114 1763,5115 1764,5115 1908,5116 1908,5116 1908,5069 1910,5067 1911,5067 1912,5066 1912,5065 1914,5063 1915,5063 1916,5062 1922,5062 1923,5063 1924,5063 1925,5065 1925,5066 1926,5066 1927,5067 1928,5067 1929,5069 1929,5070 1930,5070 1931,5071 1932,5071 1933,5073 1933,5074 1935,5075 1936,5075 1937,5077 1937,5078 1939,5079 1940,5079 1941,5081 1941,5082 1942,5083 1942,5116 1943,5116 2215,5117 2215,5117 2215,5073 2217,5071 2227,5071 2228,5073 2228,5074 2230,5075 2231,5075 2232,5077 2232,5078 2234,5079 2235,5079 2236,5081 2236,5090 2239,5092 2240,5092 2240,5093 2240,5094 2243,5096 2244,5096 2244,5097 2244,5102 2245,5103 2245,5104 2246,5105 2247,5105 2249,5107 2249,5120 2250,5121 2318,5121 2319,5122 2319,5123 2320,5124 2505,5125 2506,5123 2506,5122 2508,5121 2522,5121 2522,5121 2522,5122 2525,5125 2659,5125 2659,5125 2659,5082 2660,5081 2660,5080 2661,5079 2662,5079 2666,5075 2667,5075 2667,5075 2667,5074 2670,5071 2793,5072 2794,5071 2795,5071 2797,5068 2797,5067 2798,5067 2799,5067 2801,5064 2801,5063 2802,5063 2803,5063 2805,5060 2805,5059 2807,5058 2808,5059 2809,5059 2809,5059 2809,5060 2811,5062 2860,5062 2861,5063 2862,5063 2863,5065 2863,5066 2865,5067 2866,5067 2867,5069 2867,5070 2869,5071 2870,5071 2871,5073 2871,5115 2872,5115 2940,5116 2942,5118 2942,5119 2944,5121 2949,5121 2950,5122 2950,5123 2952,5125 3140,5125 3141,5124 3141,5123 3143,5121 3204,5122 3205,5121 3244,5121 3245,5120 3306,5120 3307,5119 3307,5118 3308,5117 3309,5117 3310,5116 3469,5117 3469,5116 3469,5067 3470,5067 3471,5067 3476,5062 3483,5062 3484,5063 3485,5063 3485,5063 3485,5064 3488,5067 3489,5067 3489,5067 3489,5068 3490,5069 3490,5077 3492,5079 3493,5079 3494,5080 3494,5115 3495,5116 3537,5116 3538,5117 3539,5117 3539,5118 3539,5119 3542,5121 3543,5121 3543,5122 3543,5123 3546,5125 3563,5125 3565,5127 3747,5128 3747,5128 3747,5127 3749,5125 3841,5125 3842,5124 3842,5123 3844,5121 3868,5122 3869,5121 3950,5121 3950,5121 3950,5122 3953,5125 3958,5125 3958,5125 3958,5126 3961,5129 3962,5129 3962,5129 3962,5130 3970,5138 3971,5138 3971,5139 3971,5140 3973,5141 3974,5141 3975,5142 3975,5142 3975,5068 3976,5067 3977,5067 3978,5066 3982,5066 3982,5067 3982,5145 3983,5145 4043,5145 4044,5146 4045,5146 4046,5148 4046,5149 4048,5150 4049,5150 4050,5152 4050,5165 4049,5166 4048,5166 4046,5168 4046,5169 4045,5170 4044,5170 4043,5171 4039,5171 4037,5173 4037,5174 4036,5175 3972,5175 3971,5176 3971,5186 3969,5187 3968,5187 3967,5189 3967,5194 3965,5195 3964,5195 3963,5196 3963,5197 3960,5200 3959,5200 3959,5200 3959,5201 3956,5204 3955,5204 3955,5204 3955,5205 3952,5208 3930,5208 3930,5208 3930,5209 3927,5212 3772,5211 3772,5212 3772,5265 3770,5266 3769,5266 3767,5269 3767,5270 3766,5270 3735,5270 3735,5270 3735,5269 3732,5266 3731,5266 3731,5265 3731,5264 3730,5263 3730,5213 3729,5213 3642,5213 3642,5213 3642,5270 3641,5271"/><TextEquiv index="1"><Unicode>la liberté qu'après qu'elle auroit pro-</Unicode></TextEquiv></TextLine><TextLine id="r0_l022"><Coords points="1152,5469 1152,5468 1152,5418 1151,5418 824,5416 823,5415 821,5415 821,5415 821,5409 819,5407 818,5407 817,5406 817,5400 816,5399 816,5338 815,5336 814,5336 813,5336 813,5335 812,5334 812,5331 815,5328 841,5328 841,5328 841,5327 844,5324 880,5325 881,5324 1040,5324 1041,5323 1041,5322 1043,5320 1162,5321 1163,5320 1236,5320 1236,5320 1236,5309 1238,5307 1239,5307 1240,5306 1240,5301 1242,5299 1243,5299 1244,5298 1244,5289 1246,5287 1247,5287 1247,5287 1248,5277 1250,5274 1251,5274 1252,5274 1252,5273 1254,5270 1414,5271 1415,5270 1421,5270 1422,5269 1422,5268 1424,5266 2965,5273 2968,5270 3625,5273 3627,5271 3858,5272 3860,5270 3878,5270 3879,5270 3879,5271 3880,5272 3880,5273 3880,5274 3886,5274 3888,5275 3888,5282 3888,5283 3982,5283 3983,5284 3984,5284 3985,5285 3984,5324 3985,5324 3987,5324 3987,5325 3987,5326 3988,5327 3988,5328 3989,5328 4028,5328 4029,5330 4029,5331 4031,5332 4032,5332 4033,5334 4033,5335 4034,5336 4036,5337 4037,5337 4037,5338 4037,5339 4038,5340 4040,5341 4041,5341 4041,5342 4041,5343 4042,5343 4044,5345 4045,5345 4046,5347 4046,5348 4048,5349 4049,5349 4050,5351 4050,5352 4052,5353 4053,5353 4054,5355 4054,5381 4053,5382 4051,5382 4050,5383 4050,5414 4048,5415 4047,5415 4046,5416 3922,5416 3921,5417 3921,5418 3920,5419 3919,5419 3918,5420 3854,5420 3853,5421 3486,5419 3486,5419 3486,5445 3486,5446 4177,5449 4179,5450 4179,5451 4179,5452 4180,5452 4183,5454 4183,5455 4181,5457 3486,5454 3486,5454 3486,5464 3485,5465 3485,5472 3484,5473 3483,5473 3482,5474 2425,5469 2425,5470 2425,5474 2424,5474"/><TextEquiv index="1"><Unicode>noncé ſes vœux. Alors, elle a pris ſon</Unicode></TextEquiv></TextLine><TextLine id="r0_l023"><Coords points="818,5677 817,5676 817,5583 817,5582 812,5582 811,5581 810,5581 808,5580 808,5579 807,5577 794,5577 787,5571 787,5570 787,5569 777,5569 775,5568 775,5567 774,5566 773,5564 772,5564 771,5564 771,5563 769,5560 768,5560 767,5560 767,5558 767,5557 758,5557 757,5556 756,5556 754,5555 754,5554 754,5553 749,5553 748,5552 747,5552 746,5551 746,5541 745,5540 744,5540 742,5538 742,5537 741,5536 719,5536 717,5534 717,5532 717,5532 702,5532 700,5530 700,5529 703,5527 704,5527 705,5525 705,5524 707,5523 725,5523 725,5522 725,5520 727,5519 734,5519 734,5518 734,5515 735,5515 1010,5516 1010,5516 1011,5504 1012,5503 1012,5496 1013,5494 1143,5495 1144,5494 1144,5476 1145,5475 1145,5474 1146,5473 1147,5473 1149,5471 1149,5470 1150,5469 1369,5470 1370,5469 1808,5471 1809,5470 1812,5470 1813,5470 1813,5471 1813,5472 3354,5478 3355,5477 3357,5477 3358,5478 3359,5478 3361,5480 3361,5481 3362,5482 3363,5482 3365,5484 3365,5489 3365,5489 3463,5490 3464,5490 3464,5491 3465,5492 3465,5493 3465,5494 3471,5494 3473,5495 3473,5496 3475,5499 3476,5499 3477,5499 3477,5505 3477,5506 3478,5506 3479,5507 3480,5507 3481,5507 3481,5512 3483,5515 3489,5515 3490,5515 3490,5516 3491,5517 3490,5522 3491,5523 3497,5523 3498,5524 3498,5528 3499,5529 3981,5531 3982,5532 3983,5532 3983,5533 3983,5534 3984,5535 3984,5560 3985,5560 4043,5560 4044,5561 4045,5561 4046,5563 4046,5564 4048,5565 4049,5565 4050,5567 4050,5580 4049,5581 4048,5581 4046,5583 4046,5584 4044,5586 4027,5586 4025,5588 4025,5630 4026,5630 4186,5631 4187,5632 4187,5633 4184,5636 4023,5635 4022,5636 3964,5636 3964,5637 3964,5685 3963,5685 3779,5684 3778,5685 3773,5685 3772,5684 3772,5683 3770,5681 3760,5681 3760,5681 3760,5680 3759,5679 3759,5645 3758,5644 1638,5635 1638,5635 1638,5667 1636,5669 1631,5669 1630,5670 1630,5671 1628,5673 899,5670 899,5670 899,5677 898,5678"/><TextEquiv index="1"><Unicode>parti. Depuis cet inſtant la chère per-</Unicode></TextEquiv></TextLine><TextLine id="r0_l024"><Coords points="2334,5889 2333,5888 1949,5886 1949,5886 1949,5879 1948,5878 1523,5876 1522,5875 1522,5874 1520,5872 1519,5872 1518,5871 1518,5857 1518,5856 1325,5855 1323,5854 1323,5834 1323,5833 874,5832 873,5831 872,5831 871,5830 871,5829 869,5827 827,5826 825,5825 825,5757 825,5756 823,5756 821,5755 822,5703 821,5702 772,5702 771,5701 771,5700 768,5697 767,5697 767,5697 767,5691 768,5689 778,5689 779,5689 779,5688 780,5687 780,5686 780,5685 842,5685 843,5685 843,5677 843,5676 1679,5680 1680,5680 1680,5679 1681,5677 3954,5687 3956,5685 4137,5686 4138,5685 4139,5685 4141,5686 4141,5687 4141,5688 4142,5689 4143,5689 4145,5690 4145,5692 4143,5694 4129,5694 4129,5694 4129,5696 4127,5698 4059,5697 4059,5698 4058,5805 4058,5805 4057,5805 4056,5806 4055,5806 4054,5807 4054,5813 4053,5814 4051,5814 4050,5815 4050,5834 4049,5835 4043,5835 4042,5836 4042,5837 4040,5839 4035,5839 4033,5841 4033,5843 4033,5843 4005,5843 4004,5844 4004,5847 4004,5847 3806,5846 3805,5847 3805,5874 3805,5874 4193,5876 4195,5878 4195,5884 4194,5884 3805,5882 3805,5883 3805,5892 3804,5892 3803,5892 3802,5893 2339,5887 2337,5889"/><TextEquiv index="1"><Unicode>ſonne, qui avoit paru ſi abattue depuis</Unicode></TextEquiv></TextLine><TextLine id="r0_l025"><Coords points="2718,6106 2718,6105 2718,6103 2717,6103 1999,6099 1998,6098 1983,6098 1982,6097 1410,6095 1410,6094 1410,6065 1410,6065 877,6063 875,6061 875,6039 875,6039 852,6038 850,6037 850,6036 849,6034 844,6034 841,6032 841,6031 841,6030 836,6030 833,6028 833,6023 832,6021 831,6021 829,6020 830,5969 829,5968 827,5968 825,5966 825,5965 824,5964 823,5964 818,5959 817,5959 817,5959 817,5956 817,5955 818,5955 822,5951 843,5951 846,5949 846,5948 846,5947 847,5947 850,5945 850,5940 851,5938 1674,5942 1676,5941 1676,5940 1677,5938 1832,5939 1833,5938 1833,5895 1834,5894 1834,5893 1834,5893 1835,5893 1838,5890 1838,5889 1838,5889 1839,5889 1840,5888 1949,5888 1950,5888 1950,5887 1950,5886 3937,5895 3938,5894 3938,5893 3938,5893 3940,5893 3941,5892 3942,5892 3943,5893 3944,5893 3946,5894 3946,5895 3946,5896 3947,5896 3951,5899 3951,5900 3951,5901 3952,5901 3954,5902 3954,5907 3955,5909 3956,5909 3959,5911 3959,5912 3959,5913 3968,5913 3969,5914 3970,5914 3971,5915 3971,5946 3971,5946 4021,5946 4022,5947 4023,5947 4025,5949 4025,5950 4026,5951 4027,5951 4029,5953 4029,5954 4030,5955 4031,5955 4033,5957 4033,5962 4034,5963 4048,5963 4049,5964 4049,5965 4052,5968 4053,5968 4054,5969 4054,5971 4055,5972 4054,5983 4053,5984 4051,5984 4050,5985 4050,6037 4051,6037 4199,6038 4199,6039 4199,6042 4199,6042 4050,6041 4049,6042 4048,6042 4046,6044 4046,6053 4044,6055 3885,6055 3884,6055 3884,6061 3883,6063 2959,6059 2958,6059 2958,6069 2957,6071 2956,6071 2954,6072 2954,6078 2954,6079 2953,6079 2944,6088 2938,6088 2937,6089 2927,6088 2925,6090 2925,6091 2923,6092 2914,6092 2912,6095 2912,6096 2911,6096 2738,6096 2738,6096 2738,6105 2737,6106"/><TextEquiv index="1"><Unicode>un an, a pris un air de grandeur &amp; de</Unicode></TextEquiv></TextLine><TextLine id="r0_l026"><Coords points="2299,6310 2298,6309 2298,6302 2298,6302 1854,6300 1853,6299 1852,6299 1850,6297 1850,6296 1849,6295 1819,6295 1817,6293 1817,6292 1817,6292 1816,6292 1815,6291 889,6287 887,6285 887,6284 885,6282 884,6282 883,6281 883,6280 882,6279 877,6279 875,6277 875,6242 875,6242 827,6241 825,6240 825,6239 824,6237 823,6237 821,6236 822,6175 821,6174 821,6168 821,6167 822,6167 823,6166 825,6165 825,6164 825,6163 826,6163 827,6162 832,6162 833,6162 833,6161 835,6158 836,6158 837,6158 837,6128 839,6125 840,6125 841,6125 841,6116 842,6115 842,6114 842,6113 843,6113 846,6111 846,6110 846,6109 847,6109 850,6107 850,6106 851,6104 861,6104 862,6104 862,6103 864,6100 865,6100 866,6100 866,6099 868,6097 873,6097 875,6095 875,6093 876,6092 902,6092 903,6093 1418,6095 1419,6096 1998,6098 1999,6099 2003,6099 2004,6100 2004,6102 2004,6102 3156,6107 3159,6105 3164,6105 3166,6103 3166,6101 3167,6100 3937,6103 3938,6102 3938,6101 3939,6100 3948,6100 3950,6101 3950,6102 3951,6104 3952,6104 3954,6105 3954,6106 3955,6107 3955,6120 3955,6121 3961,6121 3963,6123 3963,6150 3963,6150 4015,6150 4016,6151 4016,6152 4018,6154 4023,6154 4025,6156 4025,6157 4027,6159 4028,6159 4029,6160 4029,6161 4031,6163 4032,6163 4033,6164 4033,6165 4035,6167 4036,6167 4037,6168 4037,6169 4038,6170 4038,6174 4038,6174 4198,6175 4199,6176 4199,6177 4200,6178 4200,6187 4200,6187 4201,6187 4204,6190 4201,6192 4039,6191 4037,6194 4037,6195 4035,6196 4034,6196 4034,6197 4033,6232 4032,6233 4031,6233 4029,6235 4029,6236 4028,6237 4027,6237 4025,6239 4025,6240 4024,6241 4015,6241 4012,6244 4012,6245 4012,6245 4011,6245 4010,6246 3877,6246 3876,6246 3876,6260 3875,6262 3238,6259 3237,6259 3237,6301 3235,6304 2964,6303 2963,6303 2963,6304 2962,6305 2962,6306 2961,6308 2938,6308 2937,6309 2304,6306 2303,6306 2303,6309 2303,6310"/><TextEquiv index="1"><Unicode>fermeté, qui en a impoſé à tout le</Unicode></TextEquiv></TextLine><TextLine id="r0_l027"><Coords points="3720,6520 3719,6519 3719,6461 3719,6461 3698,6461 3697,6461 3697,6463 3695,6466 3694,6466 3693,6466 3693,6472 3693,6473 3692,6473 3691,6474 3690,6474 3689,6474 3689,6484 3688,6486 3687,6486 3684,6488 3684,6489 3684,6490 3683,6490 3680,6492 3680,6493 3680,6494 3679,6494 3676,6496 3676,6501 3675,6503 3670,6503 3668,6504 3668,6505 3667,6507 3658,6507 3656,6505 3656,6504 3655,6503 3655,6462 3655,6462 3396,6461 3395,6462 3154,6460 3153,6461 2982,6461 2981,6462 2980,6462 2979,6462 2979,6463 2978,6465 2977,6465 2976,6466 2962,6466 2961,6465 2960,6465 2959,6464 2958,6463 2958,6462 2958,6462 2777,6461 2776,6461 2776,6475 2775,6476 2775,6477 2775,6478 2765,6478 2764,6477 2764,6476 2763,6475 2763,6474 2763,6474 2757,6474 2755,6472 2755,6471 2754,6470 2749,6470 2747,6468 2747,6463 2746,6462 2541,6461 2539,6459 2539,6458 2539,6458 2375,6457 2373,6459 2373,6460 2372,6461 2250,6461 2249,6462 2208,6461 2207,6461 2207,6458 2207,6457 2008,6456 2007,6457 2006,6457 2004,6459 2004,6460 2003,6461 1997,6461 1996,6461 1996,6460 1994,6457 1952,6457 1949,6454 1777,6453 1776,6453 1776,6452 1775,6451 1775,6450 1775,6449 1570,6449 1568,6450 1568,6451 1567,6453 1566,6453 1563,6450 1428,6449 1427,6449 1427,6509 1427,6510 1419,6510 1418,6509 1418,6449 1418,6449 1327,6449 1326,6450 1242,6449 1240,6448 1240,6447 1240,6446 896,6445 895,6445 895,6464 894,6466 890,6466 887,6463 887,6454 887,6454 860,6453 858,6452 858,6451 858,6450 857,6449 856,6449 855,6448 854,6449 854,6505 854,6505 839,6505 838,6505 838,6446 838,6445 836,6445 833,6443 833,6442 833,6441 827,6441 825,6440 826,6374 825,6373 825,6372 826,6370 827,6370 829,6369 829,6368 830,6366 831,6366 832,6365 833,6365 833,6364 834,6362 847,6362 850,6360 850,6359 850,6358 853,6358 854,6359 854,6360 855,6361 1100,6363 1103,6360 1103,6359 1104,6358 1227,6358 1228,6358 1228,6309 1229,6308 1230,6308 1231,6307 1235,6307 1236,6306 1236,6305 1237,6304 1238,6304 1239,6303 1250,6303 1251,6304 1252,6304 1252,6305 1252,6306 1253,6307 1255,6308 1256,6308 1257,6310 1257,6336 1257,6336 1286,6336 1287,6337 1288,6337 1290,6339 1290,6357 1290,6357 1320,6357 1323,6360 1323,6361 1323,6361 1334,6362 1335,6362 1335,6363 1337,6366 1338,6366 1339,6366 1339,6367 1341,6370 1342,6370 1344,6371 1344,6372 1345,6374 1346,6374 1348,6375 1348,6385 1348,6386 1349,6386 1350,6387 1351,6387 1352,6387 1352,6410 1352,6411 1538,6411 1539,6411 1539,6321 1538,6320 1527,6320 1526,6319 1526,6310 1528,6308 1529,6308 1529,6308 1531,6306 1531,6305 1532,6304 1533,6304 1534,6303 1591,6304 1592,6303 1655,6303 1655,6302 1655,6301 1658,6299 1716,6299 1717,6301 1717,6302 1720,6304 1721,6304 1721,6305 1721,6306 1722,6307 1722,6344 1723,6345 1724,6345 1725,6346 1725,6347 1726,6348 1726,6360 1726,6360 1792,6361 1793,6362 1794,6362 1801,6368 1801,6369 1801,6370 1977,6370 1979,6372 1979,6373 1979,6373 2143,6374 2145,6373 2145,6355 2145,6354 2146,6354 2149,6352 2149,6347 2150,6345 2151,6345 2153,6344 2153,6335 2155,6332 2156,6332 2157,6332 2157,6327 2159,6324 2160,6324 2161,6324 2161,6323 2163,6320 2164,6320 2165,6320 2165,6319 2168,6316 2169,6316 2169,6316 2169,6315 2172,6312 2177,6312 2178,6311 2178,6310 2180,6308 2202,6308 2203,6309 2303,6310 2305,6312 2310,6312 2311,6313 2311,6315 2312,6316 2335,6316 2336,6317 2336,6360 2336,6361 2513,6362 2514,6361 2514,6355 2516,6353 2517,6353 2518,6352 2518,6347 2519,6346 2519,6345 2519,6345 2520,6345 2522,6343 2522,6339 2523,6338 2523,6337 2523,6337 2524,6337 2527,6334 2527,6325 2528,6324 2529,6324 2530,6323 2531,6322 2531,6321 2532,6320 2537,6320 2539,6318 2539,6317 2541,6316 2546,6316 2548,6313 2548,6312 2549,6312 2576,6312 2576,6312 2576,6313 2579,6316 2580,6316 2580,6316 2580,6317 2581,6318 2581,6323 2581,6324 2699,6324 2701,6326 2701,6373 2701,6374 2873,6374 2876,6372 2876,6371 2876,6370 2881,6370 2884,6368 2884,6367 2884,6366 3028,6367 3029,6366 3029,6354 3029,6354 3030,6354 3033,6351 3033,6342 3034,6341 3035,6341 3036,6340 3037,6339 3037,6338 3038,6337 3039,6337 3040,6336 3041,6335 3041,6334 3042,6333 3043,6333 3044,6332 3045,6332 3045,6331 3047,6328 3048,6328 3050,6327 3050,6326 3051,6324 3052,6324 3054,6323 3054,6322 3055,6320 3081,6320 3082,6321 3082,6322 3084,6324 3089,6324 3091,6326 3091,6336 3091,6336 3092,6336 3095,6339 3095,6369 3095,6369 3394,6371 3395,6370 3400,6370 3403,6367 3403,6366 3403,6366 3571,6366 3572,6367 3572,6368 3573,6369 3573,6373 3573,6373 3758,6374 3759,6374 3759,6360 3761,6357 3762,6357 3763,6357 3763,6356 3765,6353 3766,6353 3767,6353 3767,6331 3769,6328 3870,6329 3871,6328 3871,6322 3874,6320 3875,6320 3875,6319 3875,6318 3878,6316 3883,6316 3884,6314 3884,6313 3886,6312 3932,6312 3934,6309 3934,6308 3935,6308 3936,6308 3938,6305 3938,6304 3939,6304 3942,6304 3942,6304 3942,6306 3944,6308 3954,6308 3954,6308 3954,6310 3955,6311 3955,6356 3955,6357 4026,6357 4027,6358 4028,6358 4029,6359 4029,6360 4031,6362 4032,6362 4033,6363 4033,6369 4034,6370 4035,6370 4036,6371 4038,6373 4038,6374 4038,6374 4039,6374 4042,6377 4042,6378 4042,6378 4048,6378 4050,6380 4050,6386 4050,6386 4051,6386 4054,6389 4054,6410 4051,6413 4050,6448 4049,6449 4035,6449 4033,6451 4033,6452 4032,6453 4010,6453 4009,6454 4009,6455 4007,6457 3847,6457 3846,6457 3846,6517 3846,6517 3838,6517 3837,6518 3831,6518 3830,6518 3830,6462 3830,6461 3730,6461 3729,6461 3729,6519 3729,6520"/><TextEquiv index="1"><Unicode>monde. Elle a fait ſon teſtament; elle</Unicode></TextEquiv></TextLine><TextLine id="r0_l028"><Coords points="2583,6752 2582,6751 2580,6749 2580,6748 2580,6748 2579,6748 2576,6745 2576,6744 2576,6744 1432,6739 1431,6738 1431,6736 1431,6736 1430,6736 1429,6735 1428,6735 1427,6734 1427,6732 1427,6732 1192,6731 1190,6729 1190,6728 1189,6727 1188,6727 1186,6725 1186,6678 1186,6678 984,6677 983,6677 983,6675 982,6674 982,6662 982,6661 928,6661 927,6660 926,6660 925,6659 926,6658 924,6657 847,6656 846,6655 846,6650 844,6648 834,6648 833,6647 833,6646 832,6645 831,6644 830,6644 829,6643 829,6563 830,6561 832,6561 833,6561 833,6509 835,6507 836,6507 838,6505 1713,6509 1715,6507 1721,6507 1722,6508 3847,6518 3847,6518 3847,6519 3848,6520 3849,6520 3851,6522 3851,6527 3852,6528 3854,6528 3855,6529 3855,6564 3855,6565 4002,6565 4004,6567 4004,6568 4005,6569 4006,6569 4008,6571 4008,6615 4008,6615 4036,6615 4037,6616 4037,6617 4038,6618 4038,6619 4038,6619 4048,6619 4050,6621 4050,6622 4051,6623 4051,6623 4052,6623 4054,6625 4054,6626 4055,6627 4060,6627 4062,6629 4061,6668 4062,6668 4076,6669 4077,6670 4078,6670 4079,6671 4079,6672 4078,6674 4072,6673 4071,6674 4071,6709 4070,6710 4069,6710 4068,6711 3997,6711 3996,6712 3996,6730 3995,6731 3994,6731 3993,6732 3992,6733 3992,6734 3991,6735 2586,6729 2585,6730 2585,6751 2584,6752"/><TextEquiv index="1"><Unicode>inſtituoit ſon cruel frère fon héritier.</Unicode></TextEquiv></TextLine></TextRegion></Page></PcGts>