4266 8267
1453 583 1848 791 .
178 830 3476 1038 Elle a fait faire ſon cercueil; & mille
190 1048 3269 1256 circonſtances annonçoient, de ſa part,
190 1250 3281 1457 un projet qu'on auroit dû redouter da-
194 1449 3281 1656 vantage. On l'entendoit dire de temps
198 1652 3281 1859 en temps: „Mon Dieu, tu connois mon
197 1850 3277 2041 “innocence, tu vois la violence qu'on
15 2047 3281 2254 “me fait. Tu ne m'imputeras pas la
15 2251 3288 2459 “faute. Elle n'eſt pas libre ni volon-
15 2450 3285 2657 “taire.“ Elle paſſoit des jours entiers
7 2653 3289 2860 ſur les ſaints degrés de l'autel. Elle im-
7 2851 3288 3059 ploroit le ciel, avec une ferveur, qui
15 3048 3539 3269 faiſoit fondre en larmes toute la Com-
218 3260 1001 3453 munauté.
27 3451 3289 3658 Enfin le jour fatal étant arrivé, on
31 3646 3281 3857 l'a parée, pour la ſacrifier, de toute
46 3848 3292 4055 la pompe mondaine. Avant que la cé-
43 4051 3292 4251 rémonie commençât, elle a demandé
47 4242 3292 4453 à voir ſon père au Parloir. Ce père trop
67 4444 3301 4651 foible s'étoit abſenté, pour n'être pas
55 4647 3300 4849 témoin du meurtre dont il ſe rendoit
59 4846 3300 5048 coupable, en le ſouffrant, quand il pou-
58 5048 3292 5251 voit l'empêcher. La mère, plus cruelle,
59 5247 3412 5454 avoit eu plus de fermeté. La victime, au
66 5441 3559 5654 défaut de ſon père, a demandé ſa ma-
66 5643 3300 5852 râtre, qui s'eſt rendue au Parloir. Adèle
237 5847 3308 6053 s'y eſt fait porter dans ſon cercueil. Sa
71 6033 3300 6244 perſécutrice l'a regardée d'un œil interdit.
86 6232 3352 6431 Elle l'a vu ſe lever & fermer, au verrou,
2320 6442 2713 6638 Dv
