4266 8096
2119 489 2697 671 (.
926 712 3955 913 tel. La mère, qui avoit été muette &
918 909 4017 1111 interdite juſqu'ici, ſaiſie d'horreur, vou-
915 1102 4017 1308 loit l'empêcher; mais elle étoit retenue
918 1296 3932 1503 par la grille. Elle vouloit crier; mais
899 1487 3935 1698 elle étoit pétrifiée. Enfin ſa voix s'eſt fait
918 1686 3938 1897 un paſſage; elle a crié au ſecours. On
918 1881 4071 2088 a été long-temps ſans venir. Cependant
919 2083 4083 2286 le poiſon opéroit. La mère en apperce-
692 2271 4079 2466 voit les horribles effets; elle voyoit les
918 2473 4079 2678 palpitations, les treſſaillemens, les tour-
922 2668 4079 2872 mens inexprimables de ſa victime dé-
922 2855 4083 3068 chirée dans le fond des entrailles. Les
923 3052 4087 3250 ſiennes ont dû ſe remuer à la fin, ſe
922 3250 4087 3451 déchirer réciproquement. Elle continuoit
841 3445 4094 3651 de crier, & d'implorer, d'une voix
704 3650 4102 3847 éteinte, le ciel, & ſa fille mourante.
658 3841 4106 4041 Enfin, l'on eſt venu; mais on a trouvé
665 4009 3970 4249 la porte fermée. On frappoit vainement
930 4227 3973 4619 e puiſmn co ilumuit , en lte ,
934 4612 4125 4811 effrayante opération. Enfin la victime
930 4806 4126 5023 affoiblie, agoniſante, s'eſt traînée,
930 5006 4126 5201 comme elle a pu, vers ſon cercueil, s'y
934 5187 4126 5392 eſt couchée, pour attendre la mort, les
934 5392 4110 5595 yeux levés au ciel. On a enfoncé la
919 5594 4157 5793 porte; on a couru à elle. Il n'étoit plus
934 5785 4157 5984 temps. On a emporté le cadavre dans
942 5972 4168 6184 ſon cercueil; on l'a ſouſtrait aux regards
934 6167 4036 6386 de ſa mère, qui étoit bourrelée, dé-
