<PcGts xmlns="http://schema.primaresearch.org/PAGE/gts/pagecontent/2017-07-15" xmlns:xsi="http://www.w3.org/2001/XMLSchema-instance" xsi:schemaLocation="http://schema.primaresearch.org/PAGE/gts/pagecontent/2017-07-15 http://schema.primaresearch.org/PAGE/gts/pagecontent/2017-07-15/pagecontent.xsd"><Metadata><Creator>User123</Creator><Created>2020-10-14T11:42:31</Created><LastChange>2020-10-14T11:42:31</LastChange></Metadata><Page imageFilename="0095.png" imageHeight="8310" imageWidth="4266"><TextRegion id="r0" type="paragraph" orientation="-0.0"><Coords points="1,1 4264,1 4264,8308 1,8308"/><TextLine id="r0_l001"><Coords points="2295,441 2688,441 2688,628 2295,628"/><TextEquiv index="1"><Unicode>(.</Unicode></TextEquiv></TextLine><TextLine id="r0_l002"><Coords points="1726,886 1723,884 1723,883 1722,881 1721,881 1719,880 1719,862 1719,861 1539,861 1537,860 1537,859 1536,857 1535,857 1533,856 1533,834 1533,833 1228,833 1225,831 1225,830 1225,829 981,829 978,827 978,826 978,825 973,825 970,823 970,822 970,821 969,821 966,819 966,818 966,817 965,817 962,815 962,810 962,809 961,809 958,807 958,802 958,801 957,801 954,799 954,775 957,772 958,772 958,772 958,771 961,768 962,768 962,768 962,763 965,760 966,760 966,760 966,755 967,754 967,753 968,752 974,752 974,752 974,751 975,750 975,749 976,748 982,748 982,748 982,747 989,740 994,740 995,739 995,738 997,736 1278,736 1278,736 1278,693 1279,692 1280,692 1287,685 1287,684 1288,683 1294,683 1294,683 1294,682 1295,681 1295,680 1296,679 3447,679 3448,678 3448,677 3450,675 3601,675 3602,674 3602,673 3604,671 3613,671 3614,673 3614,674 3616,675 3617,675 3618,677 3618,683 3619,683 3981,683 3982,685 3982,711 3983,711 4179,711 4181,714 4181,723 4181,723 4180,723 4179,724 4174,724 4173,725 4173,884 4171,886"/><TextEquiv index="1"><Unicode>cruelle, qui l'a miſe à deux doigts du</Unicode></TextEquiv></TextLine><TextLine id="r0_l003"><Coords points="1349,1089 1348,1089 1348,1041 1348,1040 971,1040 970,1039 968,1039 967,1039 967,1038 966,1037 966,1029 965,1027 964,1027 963,1027 963,1026 962,1025 962,1021 961,1019 960,1019 959,1019 959,1018 958,1017 958,1005 957,1003 956,1003 954,1002 954,959 954,958 952,958 950,957 950,949 953,946 954,946 954,946 954,945 957,942 966,942 966,942 966,941 969,938 1258,938 1258,938 1258,899 1259,898 1260,898 1261,897 1262,897 1262,897 1262,896 1265,893 1266,893 1266,893 1266,892 1268,890 1272,890 1273,889 1274,889 1274,889 1274,888 1277,885 2664,885 2665,886 2666,886 2667,888 2667,893 2669,894 3269,894 3270,896 3270,901 3272,902 3273,902 3274,904 3274,909 3276,910 3277,910 3277,911 3278,912 3278,913 3280,914 3281,914 3282,916 3282,921 3284,922 3285,922 3286,924 3286,930 3287,930 3330,930 3331,932 3331,933 3333,934 3827,934 3829,937 3829,938 3830,938 3977,938 3979,941 3979,942 3980,942 4172,942 4173,944 4173,957 4172,958 4170,958 4169,959 4169,1058 4167,1060 3250,1060 3249,1061 3249,1085 3249,1085 2919,1085 2917,1087 2866,1087 2865,1088 1355,1088 1354,1089"/><TextEquiv index="1"><Unicode>tombeau. Elle ne doit pas être encore</Unicode></TextEquiv></TextLine><TextLine id="r0_l004"><Coords points="4162,1460 4160,1459 4160,1332 4160,1331 4044,1331 4043,1332 4043,1395 4043,1395 4042,1395 4041,1396 4040,1396 4039,1397 4039,1423 4038,1424 3992,1424 3990,1426 3990,1427 3989,1428 3704,1428 3703,1429 3703,1444 3703,1444 3696,1444 3695,1444 3695,1437 3695,1436 2283,1436 2282,1437 2282,1439 2281,1440 1353,1440 1351,1439 1351,1438 1350,1436 1345,1436 1343,1435 1343,1433 1343,1432 948,1432 946,1431 946,1430 945,1429 945,1428 944,1428 942,1427 942,1280 941,1278 940,1278 938,1277 938,1272 940,1270 941,1270 942,1269 942,1151 944,1149 949,1149 950,1148 950,1147 951,1146 952,1145 953,1145 954,1144 1197,1144 1197,1144 1197,1131 1200,1128 1201,1128 1201,1128 1201,1119 1204,1116 1205,1116 1205,1116 1205,1107 1210,1102 1210,1101 1211,1100 1217,1100 1217,1100 1217,1099 1226,1090 1226,1089 1227,1088 1233,1088 1233,1088 1233,1087 1236,1084 1253,1084 1254,1086 1254,1087 1256,1088 1261,1088 1262,1089 1355,1089 1355,1090 1355,1091 1356,1092 1357,1092 1358,1092 1359,1094 1359,1095 1361,1096 1362,1096 1363,1098 1363,1105 1364,1105 2109,1105 2110,1104 2111,1104 2111,1104 2112,1103 2112,1102 2114,1100 2115,1100 2115,1100 2116,1099 2116,1098 2118,1096 2289,1096 2290,1095 2290,1094 2292,1092 2293,1092 2294,1091 2294,1090 2296,1088 2799,1088 2800,1087 2800,1086 2802,1084 3471,1084 3472,1083 3472,1082 3474,1080 3480,1080 3480,1081 3480,1082 3481,1083 3481,1084 3482,1084 4010,1084 4010,1085 4010,1086 4012,1087 4013,1088 4014,1088 4015,1090 4015,1140 4016,1140 4029,1140 4031,1143 4031,1144 4032,1144 4033,1144 4035,1147 4035,1148 4036,1148 4037,1148 4039,1151 4039,1152 4040,1152 4041,1152 4043,1155 4043,1160 4045,1161 4046,1161 4047,1163 4047,1205 4047,1205 4046,1205 4045,1206 4044,1206 4043,1207 4043,1258 4044,1258 4164,1258 4165,1260 4165,1262 4166,1262 4168,1262 4169,1264 4169,1265 4168,1266 4168,1326 4165,1329 4165,1459 4164,1460"/><TextEquiv index="1"><Unicode>l miaieereuſee liiies ou ii da ooe-</Unicode></TextEquiv></TextLine><TextLine id="r0_l005"><Coords points="3312,1691 3310,1690 3310,1636 3310,1635 3105,1635 3104,1636 3104,1637 3102,1639 3016,1639 3015,1640 3015,1645 3013,1647 3012,1647 3011,1648 3011,1653 3009,1655 3008,1655 3007,1656 3007,1665 3005,1667 3004,1667 3003,1668 3003,1673 2994,1682 2994,1683 2994,1683 2980,1683 2979,1683 2979,1682 2977,1679 2976,1679 2975,1679 2975,1678 2974,1677 2974,1640 2974,1639 2536,1639 2533,1637 2533,1636 2533,1635 2235,1635 2234,1636 2234,1637 2233,1638 2232,1638 2231,1639 1591,1639 1590,1640 1590,1641 1588,1643 1385,1643 1384,1644 1384,1652 1383,1653 1383,1654 1382,1655 1381,1655 1379,1657 1379,1658 1378,1659 1377,1659 1375,1661 1375,1662 1374,1663 1373,1663 1371,1665 1371,1666 1370,1667 1365,1667 1363,1669 1363,1670 1362,1671 1345,1671 1343,1670 1343,1640 1343,1639 982,1639 981,1638 980,1638 979,1638 979,1637 978,1635 962,1635 961,1634 960,1634 958,1633 958,1632 957,1630 952,1630 950,1629 950,1628 949,1626 948,1626 946,1625 946,1514 946,1513 944,1513 942,1512 942,1511 941,1509 940,1509 938,1508 938,1503 940,1501 941,1501 942,1500 942,1499 943,1498 944,1497 945,1497 946,1496 946,1495 948,1493 965,1493 966,1492 966,1491 968,1489 970,1489 971,1491 971,1492 972,1492 973,1493 974,1493 974,1494 974,1495 977,1497 978,1497 979,1499 979,1545 980,1545 1090,1545 1091,1546 1092,1546 1092,1547 1092,1548 1094,1549 1276,1549 1277,1550 1278,1550 1278,1551 1278,1552 1281,1554 1282,1554 1282,1555 1282,1556 1283,1556 1472,1556 1472,1556 1472,1504 1473,1503 1473,1502 1474,1501 1479,1501 1481,1499 1481,1498 1482,1497 1634,1497 1634,1498 1634,1499 1637,1501 1642,1501 1642,1502 1642,1503 1645,1505 1646,1505 1646,1506 1646,1507 1647,1508 1647,1549 1648,1549 1649,1549 1651,1552 1651,1553 1652,1553 1929,1553 1930,1552 1930,1551 1931,1550 1932,1550 1933,1549 1942,1549 1942,1549 1942,1548 1945,1545 2213,1545 2213,1545 2213,1503 2215,1501 2398,1501 2400,1499 2400,1498 2401,1497 2402,1497 2404,1495 2404,1494 2405,1493 2427,1493 2428,1495 2428,1496 2430,1497 2435,1497 2436,1499 2436,1500 2438,1501 2439,1501 2440,1503 2440,1549 2441,1549 2719,1549 2719,1549 2719,1507 2721,1505 2722,1505 2723,1504 2723,1499 2725,1497 2730,1497 2732,1495 2732,1494 2733,1493 2751,1493 2752,1495 2752,1545 2753,1545 3216,1545 3217,1547 3217,1548 3219,1549 3407,1549 3407,1549 3407,1496 3408,1495 3408,1494 3409,1493 3414,1493 3416,1491 3416,1490 3417,1489 3422,1489 3424,1487 3424,1486 3425,1485 3435,1485 3436,1487 3436,1493 3437,1493 3536,1493 3537,1495 3537,1537 3538,1537 3829,1537 3829,1537 3829,1494 3830,1493 3831,1493 3833,1491 3833,1490 3834,1489 3835,1489 3837,1487 3837,1486 3838,1485 3840,1485 3841,1484 3842,1484 3843,1485 3889,1485 3889,1486 3889,1487 3892,1489 3965,1489 3969,1493 3970,1493 3970,1494 3970,1541 3971,1541 4021,1541 4023,1544 4023,1545 4024,1545 4025,1545 4027,1548 4027,1553 4028,1553 4029,1553 4031,1556 4031,1561 4032,1561 4033,1561 4035,1564 4035,1573 4036,1573 4161,1573 4162,1574 4164,1574 4164,1575 4164,1576 4165,1577 4165,1584 4164,1585 4164,1586 4164,1586 4036,1586 4035,1587 4035,1617 4034,1618 4033,1618 4031,1620 4031,1625 4029,1627 4028,1627 4027,1628 4027,1629 4026,1630 4021,1630 4019,1632 4019,1633 4018,1634 4018,1634 4017,1634 4016,1635 4008,1635 4007,1636 4007,1645 4005,1647 4002,1645 4002,1632 4002,1631 3323,1631 3322,1632 3322,1691 3322,1691"/><TextEquiv index="1"><Unicode>beau, lui mettre ſous les yeux l'horrible</Unicode></TextEquiv></TextLine><TextLine id="r0_l006"><Coords points="2898,1901 2897,1901 2897,1842 2897,1841 2757,1841 2756,1842 2756,1880 2754,1882 2749,1882 2748,1883 2748,1884 2747,1885 2746,1885 2745,1886 2738,1886 2736,1885 2736,1842 2736,1841 2405,1841 2404,1842 2404,1892 2402,1894 2401,1894 2400,1895 2400,1896 2398,1898 2343,1898 2342,1899 2332,1899 2331,1899 2331,1842 2331,1841 2191,1841 2189,1840 2189,1839 2188,1837 1896,1837 1895,1836 1708,1836 1707,1837 1707,1852 1706,1853 1705,1853 1703,1855 1703,1861 1703,1861 1697,1861 1695,1863 1695,1864 1695,1864 1694,1865 1693,1865 1691,1867 1691,1868 1690,1869 1681,1869 1679,1871 1679,1872 1678,1873 1664,1873 1663,1873 1663,1842 1663,1841 1336,1841 1335,1842 1335,1872 1334,1873 1333,1873 1331,1875 1331,1876 1330,1877 1329,1877 1327,1879 1327,1884 1326,1885 1321,1885 1319,1887 1319,1888 1317,1890 1308,1890 1307,1891 1307,1892 1305,1894 1292,1894 1290,1896 1290,1897 1289,1898 1277,1898 1274,1896 1274,1895 1274,1894 1265,1894 1256,1885 1255,1885 1254,1885 1254,1879 1254,1878 1253,1878 1250,1876 1250,1838 1250,1837 1021,1837 1019,1836 1019,1835 1018,1833 1005,1833 1003,1832 1003,1831 1002,1829 989,1829 987,1828 987,1827 986,1825 981,1825 979,1824 979,1819 978,1817 977,1817 975,1816 975,1815 974,1813 969,1813 966,1811 966,1810 966,1809 965,1809 962,1807 962,1806 961,1804 960,1804 958,1803 958,1794 957,1792 956,1792 954,1791 954,1786 953,1784 952,1784 950,1783 950,1754 952,1752 953,1752 954,1751 954,1742 956,1740 957,1740 958,1739 958,1734 960,1732 961,1732 962,1731 962,1730 964,1728 965,1728 967,1726 967,1725 969,1723 970,1723 971,1722 971,1721 973,1719 978,1719 979,1718 979,1717 981,1715 982,1715 983,1714 983,1713 985,1711 986,1711 987,1710 987,1709 989,1707 994,1707 995,1706 995,1705 997,1703 1014,1703 1015,1702 1015,1701 1017,1699 1026,1699 1028,1697 1028,1696 1029,1695 1038,1695 1039,1697 1039,1698 1041,1699 1050,1699 1052,1702 1052,1703 1053,1703 1058,1703 1060,1706 1060,1707 1061,1707 1074,1707 1080,1714 1080,1715 1081,1715 1107,1715 1108,1717 1108,1748 1109,1748 1237,1748 1238,1750 1238,1751 1240,1752 1572,1752 1574,1750 1574,1749 1575,1748 1585,1748 1586,1750 1586,1751 1588,1752 1589,1752 1589,1753 1590,1754 1590,1755 1592,1756 1593,1756 1594,1758 1594,1759 1596,1760 1601,1760 1602,1762 1602,1763 1604,1764 1605,1764 1606,1766 1606,1779 1608,1780 1609,1780 1610,1782 1610,1808 1611,1808 1869,1808 1869,1808 1869,1786 1870,1785 1871,1785 1872,1784 1873,1784 1873,1784 1873,1778 1874,1777 1875,1777 1875,1777 1886,1766 1886,1765 1887,1764 1889,1764 1889,1764 1889,1730 1891,1728 1892,1728 1892,1728 1894,1726 1894,1725 1895,1724 1896,1723 1897,1723 1898,1722 1898,1721 1900,1719 1901,1719 1902,1718 1902,1717 1904,1715 1909,1715 1910,1714 1910,1713 1912,1711 1936,1711 1937,1712 1938,1712 1938,1713 1938,1714 1941,1716 1942,1716 1942,1717 1942,1718 1945,1720 2124,1720 2124,1720 2124,1706 2135,1695 2155,1695 2157,1698 2157,1752 2158,1752 2483,1752 2485,1750 2485,1749 2486,1748 2610,1748 2610,1748 2610,1734 2613,1731 2614,1731 2614,1731 2614,1726 2617,1723 2618,1723 2618,1723 2618,1718 2625,1711 2626,1711 2626,1711 2626,1705 2628,1703 2634,1703 2634,1703 2634,1702 2641,1695 2670,1695 2671,1697 2671,1699 2672,1699 2714,1699 2715,1701 2715,1748 2716,1748 2920,1748 2922,1746 2922,1745 2923,1744 2933,1744 2934,1746 2934,1748 2935,1748 3095,1748 3096,1750 3096,1751 3098,1752 3366,1752 3367,1751 3367,1750 3369,1748 3573,1748 3573,1748 3573,1698 3574,1697 3574,1696 3575,1695 3576,1695 3580,1691 3593,1691 3593,1691 3593,1690 3594,1689 3594,1688 3595,1687 3597,1687 3598,1689 3598,1690 3600,1691 3605,1691 3606,1693 3606,1744 3607,1744 3811,1744 3812,1743 3812,1742 3814,1740 3816,1740 3817,1739 3950,1739 3950,1739 3950,1693 3952,1691 3957,1691 3958,1690 3958,1689 3960,1687 3965,1687 3966,1689 3966,1690 3967,1690 3968,1691 3969,1691 3970,1693 3970,1744 3971,1744 4014,1744 4015,1746 4015,1747 4016,1748 4017,1748 4018,1748 4019,1750 4019,1751 4020,1752 4021,1752 4022,1752 4023,1754 4023,1808 4024,1808 4033,1808 4035,1811 4035,1828 4034,1829 4029,1829 4027,1831 4027,1832 4026,1833 4004,1833 4003,1834 4003,1847 4002,1848 4002,1849 4002,1849 4001,1849 3998,1852 3998,1853 3998,1853 3992,1853 3990,1852 3990,1834 3990,1833 3511,1833 3507,1837 3381,1837 3379,1839 3379,1840 3378,1841 3295,1841 3294,1842 3294,1893 3294,1893 3293,1893 3292,1894 3290,1896 3290,1897 3289,1898 3288,1897 3287,1897 3286,1897 3286,1896 3285,1894 3253,1894 3252,1893 3251,1893 3250,1893 3250,1892 3249,1890 3248,1890 3246,1889 3246,1838 3246,1837 3027,1837 3026,1838 3026,1899 3026,1899 2911,1899 2910,1900 2910,1901 2910,1901"/><TextEquiv index="1"><Unicode>Gorgone, &amp; la perſécuter pendant la</Unicode></TextEquiv></TextLine><TextLine id="r0_l007"><Coords points="1603,2102 1602,2102 1602,2040 1602,2039 1540,2039 1537,2042 1537,2043 1537,2043 1528,2043 1525,2046 1525,2047 1525,2047 1418,2047 1417,2048 1275,2048 1274,2049 1274,2071 1274,2071 1273,2071 1270,2074 1270,2075 1270,2075 1269,2075 1266,2078 1266,2083 1265,2084 1264,2084 1262,2086 1262,2087 1261,2088 1260,2088 1258,2090 1258,2091 1257,2092 1248,2092 1246,2094 1246,2095 1245,2096 1231,2096 1230,2097 1230,2098 1229,2099 1229,2100 1229,2100 1220,2100 1217,2098 1217,2097 1217,2096 1203,2096 1202,2096 1202,2095 1201,2094 1191,2083 1190,2083 1189,2083 1189,2036 1189,2035 940,2035 938,2034 938,2021 940,2019 953,2019 954,2018 954,1915 954,1914 953,1914 950,1912 950,1911 950,1910 949,1910 946,1908 946,1904 948,1902 949,1902 949,1902 950,1901 950,1900 952,1898 953,1898 954,1897 962,1897 962,1897 962,1896 964,1894 965,1894 966,1893 977,1893 979,1896 979,1897 980,1898 981,1898 982,1898 983,1900 983,1913 985,1914 986,1914 987,1916 987,1942 988,1942 1079,1942 1080,1944 1080,1950 1081,1950 1123,1950 1124,1952 1124,1954 1125,1954 1419,1954 1420,1953 1420,1952 1422,1950 1609,1950 1610,1952 1610,1953 1612,1954 1621,1954 1622,1956 1622,1958 1623,1958 1800,1958 1800,1958 1800,1904 1803,1901 1804,1901 1804,1901 1804,1900 1806,1898 1807,1898 1808,1897 1822,1897 1823,1898 1824,1898 1825,1900 1825,1901 1827,1902 1832,1902 1833,1904 1833,1905 1834,1905 1835,1906 1836,1906 1837,1908 1837,1950 1838,1950 1900,1950 1902,1953 1902,1954 1903,1954 2327,1954 2327,1954 2327,1903 2328,1902 2329,1902 2332,1899 2343,1899 2343,1900 2343,1901 2344,1901 2345,1901 2347,1904 2347,1905 2348,1905 2349,1905 2351,1908 2351,1950 2352,1950 2398,1950 2400,1953 2400,1954 2401,1954 2471,1954 2472,1956 2472,1957 2474,1958 2479,1958 2481,1961 2481,1962 2482,1962 2483,1962 2485,1965 2485,2011 2486,2011 2642,2011 2642,2011 2642,1912 2645,1909 2646,1909 2647,1908 2647,1907 2648,1906 2649,1906 2651,1904 2651,1903 2652,1902 2653,1902 2654,1901 2656,1901 2657,1902 2896,1902 2897,1901 2954,1901 2954,1901 2954,1900 2955,1899 2956,1898 2957,1898 2958,1897 2964,1897 2965,1898 2966,1898 2967,1899 3027,1899 3027,1900 3027,1901 3028,1901 3029,1901 3031,1904 3031,1905 3032,1905 3033,1905 3035,1908 3035,1913 3036,1913 3037,1913 3039,1916 3039,1925 3041,1926 3042,1926 3043,1928 3043,1933 3045,1934 3046,1934 3047,1936 3047,1941 3049,1942 3050,1942 3051,1944 3051,1958 3052,1958 3212,1958 3214,1956 3214,1955 3215,1954 3285,1954 3286,1953 3286,1952 3288,1950 3614,1950 3614,1950 3614,1907 3615,1906 3616,1906 3621,1901 3622,1901 3622,1901 3622,1900 3625,1897 3751,1897 3752,1896 3752,1895 3753,1894 3754,1894 3755,1893 3763,1893 3764,1892 3764,1891 3766,1889 3818,1889 3819,1890 3820,1890 3820,1891 3820,1892 3823,1894 3824,1894 3824,1895 3824,1896 3825,1897 3825,1942 3826,1942 3876,1942 3877,1944 3877,1945 3879,1946 4006,1946 4007,1948 4007,1950 4008,1950 4013,1950 4023,1961 4023,1970 4024,1970 4025,1970 4026,1971 4027,1971 4027,1972 4027,2006 4029,2007 4038,2007 4039,2009 4039,2014 4041,2015 4042,2015 4043,2017 4043,2023 4044,2023 4168,2023 4168,2024 4168,2025 4173,2030 4173,2034 4172,2035 4113,2035 4112,2036 4112,2075 4111,2076 4110,2076 4108,2075 4108,2074 4107,2073 4107,2036 4107,2035 3596,2035 3594,2037 3594,2038 3593,2039 3522,2039 3521,2040 3521,2083 3520,2084 3519,2084 3512,2091 3512,2092 3512,2092 3466,2092 3464,2091 3464,2040 3464,2039 2716,2039 2715,2040 2715,2043 2715,2043 2714,2043 2713,2044 2711,2046 2711,2047 2711,2047 2709,2047 2708,2048 2707,2048 2706,2047 2522,2047 2521,2047 2521,2046 2519,2043 2251,2043 2250,2043 2250,2042 2248,2039 1969,2039 1966,2042 1966,2043 1966,2043 1814,2043 1813,2043 1813,2042 1812,2041 1812,2040 1812,2039 1619,2039 1618,2040 1618,2102 1618,2102"/><TextEquiv index="1"><Unicode>longueur des nuits. Voilà ce qu'elle a</Unicode></TextEquiv></TextLine><TextLine id="r0_l008"><Coords points="2324,2304 2323,2304 2323,2247 2323,2246 2267,2246 2266,2247 2266,2261 2265,2262 2227,2262 2226,2263 2226,2292 2225,2293 2225,2294 2225,2294 2212,2294 2209,2297 2209,2298 2209,2298 2187,2298 2185,2297 2185,2296 2185,2295 2176,2295 2175,2294 2174,2294 2173,2294 2173,2243 2173,2242 2159,2242 2157,2241 2157,2240 2156,2238 2008,2238 2007,2239 2007,2240 2005,2242 2000,2242 1999,2243 1999,2244 1997,2246 1988,2246 1987,2247 1987,2248 1986,2249 1986,2250 1986,2250 1985,2250 1982,2248 1982,2247 1982,2246 1977,2246 1974,2244 1974,2243 1974,2242 1624,2242 1622,2244 1622,2245 1621,2246 1600,2246 1598,2245 1598,2244 1597,2242 1526,2242 1462,2242 1460,2244 1460,2245 1459,2246 1458,2246 1456,2248 1456,2249 1455,2250 1451,2250 1444,2244 1444,2231 1444,2230 1443,2230 1440,2228 1440,2219 1440,2218 1439,2218 1436,2216 1436,2211 1435,2209 1434,2209 1432,2208 1432,2203 1431,2201 1430,2201 1428,2200 1428,2191 1427,2189 1426,2189 1424,2188 1424,2183 1423,2181 1422,2181 1420,2180 1420,2179 1419,2177 1300,2177 1299,2178 1299,2251 1298,2252 1298,2253 1297,2254 1296,2254 1295,2255 1295,2267 1294,2268 1294,2269 1293,2270 1292,2270 1291,2271 1291,2272 1289,2274 1288,2274 1287,2275 1287,2276 1285,2278 1284,2278 1283,2279 1283,2280 1281,2282 1276,2282 1274,2284 1274,2285 1273,2286 1272,2286 1270,2288 1270,2289 1269,2290 1260,2290 1258,2289 1258,2243 1258,2242 948,2242 946,2241 946,2163 948,2161 953,2161 954,2160 954,2139 957,2136 966,2136 966,2136 966,2131 969,2128 970,2128 970,2128 970,2124 971,2123 971,2122 973,2120 974,2120 975,2119 975,2114 977,2112 982,2112 983,2111 983,2110 985,2108 986,2108 987,2107 987,2102 989,2100 1002,2100 1003,2099 1003,2098 1005,2096 1022,2096 1023,2095 1023,2094 1025,2092 1035,2092 1035,2093 1035,2096 1036,2096 1119,2096 1121,2099 1121,2100 1122,2100 1123,2100 1124,2102 1124,2106 1127,2108 1128,2108 1128,2109 1128,2136 1129,2136 1196,2136 1197,2138 1197,2157 1198,2157 1274,2157 1274,2158 1274,2159 1277,2161 1319,2161 1319,2161 1319,2126 1321,2124 1322,2124 1323,2123 1323,2122 1325,2120 1338,2120 1339,2119 1339,2118 1341,2116 1346,2116 1347,2118 1347,2161 1348,2161 1524,2161 1525,2160 1525,2159 1527,2157 1598,2157 1598,2157 1598,2106 1600,2104 1601,2104 1603,2102 1659,2102 1661,2100 1666,2100 1666,2100 1666,2099 1667,2098 1667,2097 1668,2096 1670,2096 1671,2098 1671,2099 1673,2100 1727,2100 1727,2101 1727,2102 1736,2111 1736,2120 1737,2120 1738,2120 1740,2123 1740,2128 1741,2128 1742,2128 1744,2131 1744,2140 1745,2140 1746,2140 1748,2143 1748,2169 1749,2169 1884,2169 1886,2167 1886,2166 1887,2165 1888,2165 1890,2163 1890,2162 1891,2161 1900,2161 1902,2159 1902,2158 1903,2157 1977,2157 1979,2155 1979,2154 1980,2153 1981,2153 1982,2152 1996,2152 1997,2153 1998,2153 1999,2155 1999,2156 2001,2157 2006,2157 2007,2159 2007,2160 2009,2161 2010,2161 2011,2163 2011,2164 2013,2165 2014,2165 2015,2166 2149,2166 2150,2165 2155,2165 2157,2163 2157,2162 2158,2161 2204,2161 2205,2160 2205,2159 2207,2157 2209,2157 2209,2158 2209,2159 2212,2161 2322,2161 2322,2161 2322,2112 2323,2111 2323,2110 2325,2108 2330,2108 2330,2108 2330,2107 2333,2104 2467,2104 2469,2102 2469,2101 2470,2100 2480,2100 2480,2101 2480,2102 2483,2104 2532,2104 2533,2106 2533,2111 2535,2112 2536,2112 2537,2114 2537,2157 2538,2157 2605,2157 2606,2159 2606,2160 2607,2160 2608,2160 2610,2163 2610,2164 2612,2165 2746,2165 2748,2163 2748,2162 2749,2161 2779,2161 2780,2163 2780,2164 2781,2164 2782,2164 2784,2167 2784,2172 2786,2173 2787,2173 2788,2174 2923,2174 2936,2161 2940,2161 2941,2160 2942,2160 2942,2160 2942,2159 2944,2157 2974,2157 2974,2158 2974,2159 2976,2160 3112,2160 3112,2160 3112,2159 3114,2157 3204,2157 3205,2156 3306,2156 3306,2156 3306,2155 3308,2153 3310,2153 3310,2153 3310,2143 3313,2140 3314,2140 3314,2140 3314,2135 3317,2132 3318,2132 3318,2132 3318,2123 3321,2120 3322,2120 3322,2120 3322,2111 3329,2104 3346,2104 3347,2106 3347,2153 3348,2153 3471,2153 3472,2152 3662,2152 3662,2152 3662,2111 3663,2110 3663,2109 3664,2108 3670,2108 3670,2109 3670,2110 3671,2111 3671,2152 3672,2152 3763,2152 3764,2151 3764,2150 3765,2149 3766,2149 3767,2148 3889,2148 3889,2148 3889,2147 3892,2144 3948,2144 3949,2145 3950,2145 3950,2146 3950,2148 3951,2148 3976,2148 3977,2149 4067,2149 4067,2150 4067,2151 4068,2152 4068,2165 4069,2165 4071,2165 4071,2166 4071,2167 4072,2168 4072,2175 4071,2176 4071,2177 4071,2177 4040,2177 4039,2178 4039,2200 4038,2201 4033,2201 4031,2203 4031,2204 4030,2205 3996,2205 3995,2206 3995,2227 3994,2228 3994,2229 3994,2229 3993,2229 3990,2232 3990,2233 3989,2234 3983,2234 3982,2235 3982,2249 3981,2250 3977,2250 3976,2249 3975,2249 3974,2249 3974,2239 3974,2238 3888,2238 3885,2236 3885,2235 3885,2234 3705,2234 3703,2236 3703,2237 3703,2237 3702,2237 3701,2238 3498,2238 3497,2239 3497,2293 3496,2294 3495,2294 3494,2295 3492,2297 3492,2298 3492,2298 3454,2298 3452,2297 3452,2296 3452,2295 3451,2295 3448,2293 3448,2243 3448,2242 3408,2242 3407,2243 3407,2300 3407,2300 3399,2300 3398,2301 3396,2301 3395,2301 3395,2243 3395,2242 3174,2242 3173,2243 3173,2277 3172,2278 3171,2278 3168,2281 3168,2282 3168,2282 3167,2282 3164,2285 3164,2286 3164,2286 3163,2286 3160,2289 3160,2290 3160,2290 3159,2290 3156,2293 3156,2294 3156,2294 3151,2294 3148,2297 3148,2298 3148,2298 3139,2298 3136,2301 3136,2302 3136,2302 3134,2302 3133,2303 3132,2303 3131,2302 3130,2302 3128,2301 3128,2300 3127,2298 3110,2298 3109,2297 2975,2297 2974,2298 2965,2298 2962,2301 2962,2302 2962,2302 2948,2302 2946,2301 2946,2300 2945,2298 2935,2298 2934,2298 2934,2297 2932,2294 2927,2294 2926,2294 2926,2288 2926,2287 2925,2287 2918,2281 2918,2243 2918,2242 2604,2242 2602,2244 2602,2245 2602,2245 2601,2245 2600,2246 2596,2246 2594,2245 2594,2244 2593,2242 2417,2242 2416,2243 2416,2244 2414,2246 2331,2246 2330,2247 2330,2304 2330,2304"/><TextEquiv index="1"><Unicode>fait; voilà ce qu'elle a gagné pour en-</Unicode></TextEquiv></TextLine><TextLine id="r0_l009"><Coords points="3130,2506 3129,2506 3129,2465 3129,2464 3066,2464 3063,2467 3063,2472 3063,2472 3054,2472 3051,2475 3051,2476 3051,2476 3050,2476 3049,2477 3034,2477 3033,2476 3032,2476 3031,2476 3031,2445 3031,2444 2765,2444 2764,2445 2764,2463 2763,2464 2762,2464 2760,2466 2760,2475 2758,2477 2757,2477 2756,2478 2756,2479 2754,2481 2753,2481 2752,2482 2752,2487 2750,2489 2749,2489 2748,2490 2748,2491 2746,2493 2745,2493 2744,2494 2744,2495 2742,2497 2738,2497 2735,2495 2735,2494 2735,2493 2734,2493 2731,2491 2731,2449 2731,2448 2665,2448 2661,2444 2402,2444 2399,2447 2399,2448 2399,2448 2398,2448 2396,2450 2396,2451 2395,2452 2393,2452 2391,2451 2391,2450 2390,2448 1976,2448 1974,2447 1974,2446 1973,2444 1588,2444 1586,2446 1586,2447 1585,2448 1506,2448 1505,2448 1505,2447 1504,2446 1504,2445 1504,2444 1317,2444 1314,2442 1314,2441 1314,2440 948,2440 946,2439 946,2438 945,2437 945,2436 944,2436 942,2435 942,2389 942,2388 816,2388 815,2387 814,2387 813,2387 813,2386 811,2383 806,2383 805,2383 805,2382 804,2381 804,2379 805,2378 805,2377 807,2375 946,2375 946,2375 946,2361 948,2359 949,2359 951,2357 951,2356 952,2355 961,2355 967,2349 967,2348 968,2347 1023,2347 1023,2347 1023,2305 1026,2302 1027,2302 1027,2302 1027,2301 1030,2298 1046,2298 1048,2301 1048,2302 1049,2302 1281,2302 1282,2304 1282,2309 1284,2310 1285,2310 1286,2312 1286,2355 1287,2355 1358,2355 1359,2357 1359,2358 1361,2359 1601,2359 1602,2361 1602,2362 1604,2363 1828,2363 1828,2363 1828,2362 1831,2359 2111,2359 2112,2361 2112,2362 2114,2363 2314,2363 2314,2363 2314,2309 2317,2306 2322,2306 2324,2304 2331,2304 2331,2305 2331,2306 2332,2306 2337,2306 2339,2309 2339,2358 2341,2359 2342,2359 2343,2361 2343,2363 2344,2363 2589,2363 2590,2362 2590,2361 2592,2359 2593,2359 2594,2358 2594,2353 2596,2351 2597,2351 2598,2350 2598,2337 2601,2334 2602,2334 2602,2334 2602,2329 2605,2326 2606,2326 2606,2326 2606,2320 2607,2319 2608,2319 2617,2310 2618,2310 2618,2310 2618,2309 2621,2306 2626,2306 2626,2306 2626,2305 2629,2302 2653,2302 2655,2305 2655,2306 2656,2306 2657,2306 2659,2309 2659,2310 2660,2310 2763,2310 2764,2312 2764,2327 2765,2327 2767,2327 2768,2329 2768,2330 2769,2331 2770,2331 2771,2331 2772,2333 2772,2359 2773,2359 2880,2359 2881,2358 2881,2357 2882,2356 2883,2355 2884,2355 2885,2354 2885,2353 2887,2351 2897,2351 2897,2352 2897,2357 2898,2358 2898,2359 2899,2359 2917,2359 2918,2361 2918,2362 2920,2363 2924,2367 2925,2367 2926,2369 2926,2416 2927,2416 3189,2416 3189,2416 3189,2389 3190,2388 3191,2388 3193,2386 3193,2381 3195,2379 3196,2379 3197,2378 3197,2378 3197,2377 3199,2375 3200,2375 3201,2374 3201,2374 3201,2373 3203,2371 3204,2371 3204,2371 3205,2370 3205,2369 3207,2367 3216,2367 3218,2365 3218,2364 3219,2363 3224,2363 3226,2361 3226,2360 3227,2359 3350,2359 3350,2359 3350,2358 3353,2355 3387,2355 3387,2355 3387,2313 3390,2310 3391,2310 3391,2310 3391,2305 3394,2302 3395,2302 3396,2301 3398,2301 3399,2300 3408,2300 3408,2301 3408,2302 3409,2302 3597,2302 3598,2301 3598,2300 3600,2298 3762,2298 3764,2301 3764,2302 3765,2302 3953,2302 3954,2301 3954,2300 3955,2299 3956,2299 3958,2297 3958,2296 3960,2294 3973,2294 3974,2296 3974,2351 3975,2351 4018,2351 4019,2353 4019,2354 4021,2355 4022,2355 4023,2357 4023,2358 4025,2359 4026,2359 4027,2361 4027,2362 4029,2363 4030,2363 4031,2365 4031,2383 4032,2383 4163,2383 4165,2386 4165,2394 4164,2395 4040,2395 4039,2396 4039,2419 4038,2420 4037,2420 4035,2422 4035,2431 4034,2432 4033,2432 4032,2433 4031,2434 4031,2435 4030,2436 3906,2436 3905,2437 3905,2499 3905,2499 3886,2499 3885,2499 3885,2437 3885,2436 3826,2436 3825,2437 3825,2438 3823,2440 3394,2440 3393,2441 3393,2501 3393,2501 3379,2501 3378,2501 3378,2441 3378,2440 3369,2440 3367,2442 3367,2443 3366,2444 3287,2444 3286,2445 3286,2492 3286,2492 3285,2492 3282,2495 3282,2496 3282,2496 3281,2496 3280,2497 3240,2497 3237,2495 3237,2494 3237,2493 3236,2493 3233,2491 3233,2465 3233,2464 3149,2464 3148,2465 3148,2506 3148,2506"/><TextEquiv index="1"><Unicode>richir un mauvais ſujet, qui doit la</Unicode></TextEquiv></TextLine><TextLine id="r0_l010"><Coords points="2082,2708 2081,2708 2081,2656 2081,2655 1426,2655 1424,2654 1424,2653 1423,2651 1160,2651 1159,2650 1158,2650 1157,2650 1157,2648 1157,2647 966,2647 965,2646 964,2646 962,2645 962,2644 961,2642 960,2642 958,2641 958,2640 958,2639 957,2638 956,2638 954,2637 954,2636 953,2634 952,2634 950,2633 950,2632 949,2630 948,2630 946,2629 946,2571 946,2570 945,2570 942,2568 942,2560 945,2557 950,2557 950,2557 950,2556 953,2553 958,2553 958,2553 958,2552 961,2549 962,2549 962,2549 962,2548 965,2545 2784,2545 2784,2545 2784,2539 2786,2537 2787,2537 2788,2536 2788,2535 2790,2533 2791,2533 2792,2532 2792,2531 2794,2529 2795,2529 2796,2528 2796,2523 2798,2521 2799,2521 2800,2520 2801,2519 2801,2518 2802,2517 2803,2517 2805,2515 2805,2514 2806,2513 2807,2513 2809,2511 2809,2510 2810,2509 2815,2509 2817,2507 2817,2506 2818,2505 3333,2505 3335,2503 3335,2502 3336,2501 3884,2501 3886,2499 3905,2499 3905,2500 3905,2509 3906,2510 3906,2533 3907,2533 4164,2533 4164,2534 4164,2535 4165,2536 4165,2540 4164,2541 4162,2541 4161,2542 4161,2637 4160,2638 4159,2638 4157,2640 4157,2641 4155,2643 4142,2643 4141,2644 4141,2692 4140,2693 4140,2695 4140,2695 3656,2695 3655,2696 3655,2702 3655,2702 2477,2702 2476,2703 2092,2703 2091,2704 2091,2708 2091,2708"/><TextEquiv index="1"><Unicode>tourmenter autant par ſon indigne vie,</Unicode></TextEquiv></TextLine><TextLine id="r0_l011"><Coords points="1325,3108 1323,3107 1323,3106 1322,3104 1305,3104 1302,3102 1302,3101 1302,3100 1301,3100 1298,3098 1298,3052 1298,3051 1033,3051 1031,3050 1031,3049 1030,3047 940,3047 938,3046 938,2964 940,2962 942,2962 942,2962 942,2786 944,2784 945,2784 946,2783 946,2778 948,2776 949,2776 951,2774 951,2773 952,2772 953,2772 955,2770 955,2769 956,2768 957,2768 959,2766 959,2765 960,2764 965,2764 967,2762 967,2761 968,2760 987,2760 987,2760 987,2757 988,2756 1359,2756 1359,2756 1359,2750 1361,2748 1362,2748 1363,2747 1363,2734 1366,2731 1367,2731 1367,2731 1367,2726 1370,2723 1371,2723 1371,2723 1371,2722 1374,2719 1375,2719 1375,2719 1375,2718 1378,2715 1383,2715 1383,2715 1383,2714 1386,2711 1387,2711 1387,2711 1387,2710 1390,2707 1395,2707 1395,2707 1395,2706 1398,2703 1641,2703 1643,2706 1643,2707 1644,2707 1658,2707 1659,2708 2092,2708 2092,2709 2092,2710 2094,2711 3111,2711 3112,2710 3112,2709 3114,2707 3115,2707 3116,2706 3116,2706 3116,2705 3118,2703 3645,2703 3646,2702 3655,2702 3656,2703 3661,2703 3663,2706 3663,2752 3664,2752 4034,2752 4035,2754 4035,2760 4036,2760 4156,2760 4156,2761 4156,2762 4159,2764 4160,2764 4160,2765 4160,2766 4161,2767 4161,2774 4160,2775 4160,2776 4160,2776 4028,2776 4027,2777 4027,2832 4027,2832 4026,2832 4025,2833 4020,2833 4019,2834 4019,2835 4017,2837 3987,2837 3986,2838 3986,2840 3985,2841 3971,2841 3970,2842 3970,2856 3969,2857 3902,2857 3901,2858 3901,2897 3900,2898 3899,2898 3897,2900 3897,2901 3897,2901 3896,2901 3895,2902 3381,2902 3379,2904 3379,2905 3379,2905 3378,2905 3377,2906 2886,2906 2885,2907 2885,3042 2876,3051 2742,3051 2740,3053 2740,3054 2739,3055 1429,3055 1428,3056 1428,3103 1427,3104 1426,3104 1424,3106 1424,3107 1423,3108"/><TextEquiv index="1"><Unicode>les appaiiions mort a la pnii pa</Unicode></TextEquiv></TextLine><TextLine id="r0_l012"><Coords points="1701,3310 1699,3309 1699,3307 1699,3306 1450,3306 1448,3305 1448,3304 1447,3302 1442,3302 1440,3301 1440,3255 1440,3254 1289,3254 1286,3252 1286,3251 1286,3250 1147,3250 1145,3249 1145,3248 1144,3246 1143,3246 1141,3245 1141,3244 1140,3243 1140,3242 1139,3242 1137,3241 1137,3239 1138,3238 1139,3237 1140,3237 1141,3236 1141,3235 1143,3233 1145,3233 1145,3233 1145,3118 1147,3116 1812,3116 1812,3116 1812,3115 1813,3114 1813,3113 1814,3112 2160,3112 2161,3113 3607,3113 3608,3112 3613,3112 3614,3111 3614,3110 3616,3108 3629,3108 3630,3107 3630,3106 3632,3104 4148,3104 4148,3104 4148,3094 4150,3092 4151,3092 4152,3091 4154,3091 4155,3092 4156,3092 4156,3093 4156,3177 4157,3177 4164,3177 4165,3179 4165,3180 4164,3181 4164,3306 4164,3306 4163,3306 4162,3307 4160,3307 4159,3306 4158,3306 4156,3305 4156,3283 4156,3282 2503,3282 2501,3284 2501,3285 2500,3286 1745,3286 1744,3287 1744,3309 1743,3310"/><TextEquiv index="1"><Unicode>Le peuple adore, comme une ſainte,</Unicode></TextEquiv></TextLine><TextLine id="r0_l013"><Coords points="2778,3513 2776,3512 2776,3511 2775,3509 2770,3509 2768,3508 2768,3507 2767,3505 2766,3505 2764,3504 2764,3457 2764,3456 2596,3456 2594,3458 2594,3459 2593,3460 2571,3460 2570,3460 2570,3459 2568,3456 2352,3456 2351,3457 2351,3459 2350,3460 2337,3460 2335,3462 2335,3463 2334,3464 2332,3464 2331,3464 2331,3463 2329,3460 2292,3460 2290,3459 2290,3458 2289,3456 1652,3456 1651,3456 1651,3455 1650,3454 1650,3453 1650,3452 1219,3452 1218,3452 1218,3451 1216,3448 1013,3448 1011,3447 1011,3446 1010,3444 944,3444 942,3443 942,3442 941,3440 940,3440 938,3439 938,3434 940,3432 941,3432 942,3431 942,3430 944,3428 946,3428 946,3428 946,3313 949,3310 954,3310 954,3310 954,3309 957,3306 970,3306 970,3306 970,3305 973,3302 977,3302 979,3305 979,3306 980,3306 981,3306 983,3309 983,3363 984,3363 1282,3363 1282,3363 1282,3317 1285,3314 1286,3314 1286,3314 1286,3313 1289,3310 1297,3310 1298,3312 1298,3313 1300,3314 1491,3314 1493,3317 1493,3318 1494,3318 1495,3318 1496,3319 1497,3319 1497,3320 1497,3367 1498,3367 1841,3367 1841,3367 1841,3320 1842,3319 1843,3319 1844,3318 1848,3318 1849,3317 1849,3316 1851,3314 2039,3314 2039,3314 2039,3313 2042,3310 2058,3310 2060,3313 2060,3314 2061,3314 2062,3314 2064,3317 2064,3318 2065,3318 2066,3318 2068,3321 2068,3369 2069,3369 2226,3369 2226,3369 2226,3368 2227,3367 2237,3367 2237,3368 2237,3369 2240,3371 2492,3371 2492,3371 2492,3370 2495,3367 2496,3367 2496,3367 2496,3366 2497,3365 2497,3352 2498,3351 2499,3351 2501,3349 2501,3344 2502,3343 2503,3343 2505,3341 2505,3332 2506,3331 2507,3331 2509,3329 2509,3324 2510,3323 2511,3323 2512,3322 2520,3322 2521,3321 2521,3320 2522,3319 2523,3319 2524,3318 2527,3318 2528,3319 2529,3319 2529,3320 2529,3371 2530,3371 2909,3371 2909,3371 2909,3326 2910,3325 2910,3324 2911,3323 2912,3323 2913,3322 2921,3322 2922,3321 2922,3320 2923,3319 2924,3319 2925,3318 2928,3318 2930,3321 2930,3322 2931,3322 2932,3322 2933,3324 2934,3325 2934,3326 2935,3326 2936,3326 2938,3329 2938,3334 2939,3334 2940,3334 2941,3335 2942,3335 2942,3336 2942,3371 2943,3371 3399,3371 3399,3371 3399,3358 3400,3357 3400,3356 3401,3355 3402,3355 3403,3354 3403,3341 3405,3339 3406,3339 3408,3337 3408,3336 3409,3335 3410,3335 3411,3334 3411,3330 3412,3329 3412,3328 3413,3327 3414,3327 3416,3325 3416,3324 3417,3323 3418,3323 3420,3321 3420,3320 3421,3319 3422,3319 3424,3317 3424,3316 3426,3314 3431,3314 3432,3313 3432,3312 3434,3310 3463,3310 3464,3312 3464,3313 3465,3313 3467,3315 3468,3315 3468,3316 3468,3367 3469,3367 3718,3367 3719,3366 3719,3349 3721,3347 3722,3347 3723,3346 3723,3341 3725,3339 3726,3339 3727,3338 3727,3329 3730,3326 3731,3326 3731,3326 3731,3325 3734,3322 3735,3322 3735,3322 3735,3321 3738,3318 3816,3318 3816,3318 3816,3317 3819,3314 3918,3314 3918,3314 3918,3312 3920,3310 3953,3310 3954,3309 3954,3308 3956,3306 3965,3306 3966,3308 3966,3309 3969,3311 3970,3311 3970,3312 3970,3318 3971,3318 4159,3318 4160,3320 4160,3322 4159,3323 4158,3323 4157,3324 4157,3441 4156,3442 4156,3492 4155,3493 4154,3493 4153,3494 4153,3495 4151,3497 4150,3496 4149,3496 4148,3496 4148,3461 4148,3460 3984,3460 3983,3460 3983,3459 3981,3456 3575,3456 3573,3455 3573,3454 3572,3452 3129,3452 3128,3453 3128,3455 3127,3456 2904,3456 2901,3459 2901,3460 2901,3460 2809,3460 2808,3461 2808,3508 2807,3509 2786,3509 2784,3511 2784,3512 2783,3513"/><TextEquiv index="1"><Unicode>la victime infortunée qu'on a forcée de</Unicode></TextEquiv></TextLine><TextLine id="r0_l014"><Coords points="2717,3716 2716,3716 2716,3660 2716,3659 2674,3659 2673,3658 2672,3658 2671,3658 2671,3657 2670,3655 2437,3655 2436,3656 2436,3657 2434,3659 2265,3659 2264,3658 2263,3658 2262,3658 2262,3657 2261,3655 1249,3655 1248,3654 1247,3654 1246,3654 1246,3653 1244,3650 1025,3650 1023,3649 1023,3648 1022,3646 932,3646 930,3645 930,3636 932,3634 933,3634 934,3633 934,3567 935,3566 936,3566 941,3561 950,3561 950,3561 950,3556 953,3553 954,3553 954,3553 954,3544 955,3543 955,3542 956,3541 957,3541 958,3540 958,3532 959,3531 959,3530 960,3529 961,3529 963,3527 963,3526 964,3525 965,3525 967,3523 967,3522 968,3521 969,3521 971,3519 971,3518 972,3517 973,3517 975,3515 975,3510 976,3509 989,3509 991,3507 991,3506 992,3505 1002,3505 1003,3507 1003,3508 1005,3509 1014,3509 1015,3511 1015,3512 1016,3512 1017,3512 1019,3515 1019,3561 1020,3561 1054,3561 1056,3564 1056,3565 1057,3565 1233,3565 1233,3565 1233,3517 1234,3516 1234,3514 1235,3513 1261,3513 1262,3515 1262,3565 1263,3565 1333,3565 1335,3568 1335,3569 1336,3569 1601,3569 1602,3568 1602,3567 1603,3566 1604,3566 1605,3565 1613,3565 1614,3567 1614,3568 1616,3569 1849,3569 1849,3569 1849,3527 1852,3524 1853,3524 1853,3524 1853,3523 1855,3521 1860,3521 1861,3520 1861,3519 1863,3517 1877,3517 1877,3518 1877,3573 1878,3573 2099,3573 2100,3572 2100,3571 2101,3570 2102,3570 2103,3569 2143,3569 2145,3572 2145,3573 2146,3573 2342,3573 2343,3572 2343,3571 2344,3570 2345,3570 2346,3569 2415,3569 2415,3569 2415,3568 2418,3565 2419,3566 2420,3566 2420,3567 2420,3568 2424,3572 2424,3573 2425,3573 2426,3573 2428,3576 2428,3577 2429,3577 2442,3577 2447,3582 2448,3582 2448,3583 2448,3618 2449,3618 2626,3618 2626,3618 2626,3523 2628,3521 2706,3521 2707,3520 2707,3519 2709,3517 2723,3517 2723,3518 2723,3523 2726,3525 2727,3525 2727,3526 2727,3573 2728,3573 3099,3573 3100,3572 3100,3571 3101,3570 3102,3570 3104,3568 3104,3567 3106,3565 3282,3565 3282,3565 3282,3559 3284,3557 3285,3557 3286,3556 3286,3547 3288,3545 3289,3545 3290,3544 3290,3535 3292,3533 3293,3533 3294,3532 3294,3531 3296,3529 3297,3529 3298,3528 3298,3523 3300,3521 3301,3521 3301,3521 3302,3520 3302,3519 3304,3517 3305,3517 3305,3517 3306,3516 3306,3515 3308,3513 3317,3513 3319,3511 3319,3510 3320,3509 3346,3509 3347,3511 3347,3512 3348,3513 3349,3513 3350,3513 3351,3515 3351,3521 3352,3521 3443,3521 3444,3523 3444,3524 3445,3525 3446,3525 3447,3525 3448,3527 3448,3533 3449,3533 3565,3533 3565,3534 3565,3535 3566,3536 3566,3569 3567,3569 3917,3569 3918,3568 3918,3567 3920,3565 3921,3565 3921,3565 3921,3549 3922,3548 3922,3547 3924,3545 3925,3545 3926,3544 3926,3539 3928,3537 3929,3537 3930,3536 3930,3527 3944,3513 3949,3513 3950,3512 3950,3511 3953,3508 3954,3508 3954,3508 3954,3507 3956,3505 3970,3505 3970,3506 3970,3507 3973,3510 3977,3513 3978,3513 3978,3514 3978,3565 3979,3565 4152,3565 4152,3565 4152,3543 4154,3541 4156,3541 4156,3542 4156,3543 4157,3544 4157,3660 4156,3661 4156,3662 4156,3662 4155,3662 4154,3663 4151,3663 4148,3661 4148,3647 4148,3646 3818,3646 3816,3648 3816,3650 3816,3650 3811,3650 3808,3653 3808,3654 3808,3654 3807,3654 3806,3655 3709,3655 3705,3659 3350,3659 3349,3658 3348,3658 3347,3658 3347,3657 3346,3655 3134,3655 3132,3657 3132,3658 3132,3658 3131,3658 3130,3659 2727,3659 2726,3660 2726,3716 2726,3716"/><TextEquiv index="1"><Unicode>ſe donner la mort. Ils ont fait un ſi-</Unicode></TextEquiv></TextLine><TextLine id="r0_l015"><Coords points="3427,3914 3426,3913 3425,3913 3424,3913 3424,3912 3423,3910 3415,3910 3414,3909 3413,3909 3412,3909 3412,3908 3410,3905 3409,3905 3408,3905 3408,3904 3407,3903 3407,3895 3406,3893 3405,3893 3404,3893 3404,3892 3403,3891 3403,3862 3403,3861 1499,3861 1497,3860 1497,3859 1496,3857 1159,3857 1157,3856 1157,3855 1156,3853 1074,3853 1071,3851 1071,3850 1071,3849 945,3849 944,3848 943,3848 942,3848 942,3770 944,3768 961,3768 963,3766 963,3765 964,3764 1201,3764 1201,3764 1201,3745 1201,3744 824,3744 823,3743 822,3743 821,3743 821,3737 822,3736 823,3736 825,3734 825,3733 827,3731 1201,3731 1201,3731 1201,3717 1203,3715 1213,3715 1213,3715 1213,3714 1220,3707 1225,3707 1225,3708 1225,3709 1228,3711 1941,3711 1942,3713 1942,3714 1944,3715 3961,3715 3962,3714 3962,3713 3964,3711 3969,3711 3970,3710 3970,3709 3972,3707 3989,3707 3990,3709 3990,3710 3991,3711 3991,3719 3992,3719 3993,3719 3994,3721 3994,3764 3995,3764 4018,3764 4019,3766 4019,3767 4021,3768 4022,3768 4023,3770 4023,3772 4024,3772 4039,3772 4039,3773 4039,3779 4038,3780 4038,3780 4032,3780 4031,3781 4031,3832 4031,3832 4030,3832 4029,3833 4028,3833 4027,3834 4027,3839 4025,3841 4024,3841 4023,3842 4023,3843 4021,3845 4020,3845 4019,3846 4019,3847 4017,3849 4016,3849 4015,3850 4015,3851 4013,3853 3987,3853 3986,3854 3986,3873 3986,3873 3985,3873 3981,3877 3490,3877 3489,3878 3489,3883 3488,3884 3488,3885 3488,3885 3487,3885 3484,3888 3484,3893 3484,3893 3483,3893 3480,3896 3480,3897 3480,3897 3479,3897 3476,3900 3476,3901 3476,3901 3475,3901 3472,3904 3472,3905 3472,3905 3471,3905 3468,3908 3468,3909 3468,3909 3467,3909 3464,3912 3464,3913 3464,3913 3463,3913 3462,3914"/><TextEquiv index="1"><Unicode>mulacre reſſemblant à cette glorieuſe</Unicode></TextEquiv></TextLine><TextLine id="r0_l016"><Coords points="3125,4123 3124,4123 3124,4064 3124,4063 2526,4063 2525,4064 2525,4123 2525,4123 2518,4123 2517,4123 2517,4064 2517,4063 2474,4063 2473,4064 2473,4109 2472,4110 2472,4111 2471,4112 2470,4112 2469,4113 2469,4114 2467,4116 2438,4116 2436,4115 2436,4114 2435,4113 2435,4112 2434,4112 2432,4111 2432,4064 2432,4063 2377,4063 2375,4062 2375,4061 2374,4059 2082,4059 2080,4061 2080,4062 2079,4063 1627,4063 1626,4064 1626,4075 1626,4075 1625,4075 1622,4078 1622,4083 1622,4083 1621,4083 1618,4086 1618,4087 1618,4087 1617,4087 1614,4090 1614,4095 1613,4096 1608,4096 1606,4098 1606,4099 1605,4100 1604,4100 1602,4102 1602,4103 1601,4104 1596,4104 1594,4106 1594,4107 1593,4108 1592,4108 1590,4107 1590,4060 1590,4059 1341,4059 1339,4061 1339,4066 1337,4068 1336,4068 1335,4069 1335,4074 1333,4076 1332,4076 1331,4077 1331,4086 1329,4088 1328,4088 1327,4089 1327,4094 1325,4096 1324,4096 1323,4097 1323,4098 1321,4100 1320,4100 1319,4101 1319,4102 1317,4104 1309,4104 1306,4102 1306,4101 1306,4100 1305,4100 1302,4098 1302,4060 1302,4059 1260,4059 1258,4058 1258,4057 1257,4055 1142,4055 1141,4055 1141,4054 1139,4051 935,4051 934,4052 934,4099 933,4100 928,4100 926,4099 926,4097 927,4096 928,4096 929,4095 930,4095 930,4095 930,4041 932,4039 933,4039 934,4038 934,4037 936,4035 938,4035 938,4035 938,3976 939,3975 940,3975 940,3975 943,3972 943,3971 944,3970 950,3970 950,3970 950,3969 951,3968 951,3967 952,3966 966,3966 966,3966 966,3936 968,3934 970,3934 971,3936 971,3966 972,3966 998,3966 999,3967 1186,3967 1187,3966 1265,3966 1266,3968 1266,3969 1268,3970 1500,3970 1501,3972 1501,3973 1503,3974 1788,3974 1788,3974 1788,3924 1790,3922 1791,3922 1792,3921 1800,3921 1800,3921 1800,3920 1802,3918 1803,3918 1804,3917 1867,3917 1868,3918 1869,3918 1869,3919 1869,3974 1870,3974 2128,3974 2128,3974 2128,3969 2132,3965 2132,3957 2133,3956 2133,3955 2134,3954 2135,3954 2136,3953 2136,3944 2138,3942 2139,3942 2139,3942 2141,3940 2141,3939 2142,3938 2143,3938 2145,3936 2145,3935 2146,3934 2147,3934 2149,3932 2149,3931 2150,3930 2155,3930 2157,3928 2157,3927 2158,3926 2159,3926 2161,3924 2161,3923 2162,3922 2163,3922 2164,3921 2166,3921 2167,3922 2168,3922 2169,3924 2169,3925 2171,3926 2184,3926 2185,3928 2185,3929 2186,3929 2187,3929 2189,3932 2189,3933 2190,3933 2191,3933 2193,3936 2193,3949 2195,3950 2196,3950 2197,3952 2197,3970 2198,3970 2305,3970 2306,3972 2306,3973 2308,3974 2617,3974 2618,3973 2618,3972 2620,3970 2622,3970 2622,3970 2622,3956 2624,3954 2625,3954 2626,3953 2626,3948 2628,3946 2629,3946 2630,3945 2630,3940 2632,3938 2633,3938 2634,3937 2634,3932 2636,3930 2637,3930 2638,3929 2638,3928 2640,3926 2645,3926 2646,3925 2646,3924 2648,3922 2649,3922 2650,3921 2715,3921 2715,3921 2715,3920 2717,3918 2718,3918 2719,3917 2745,3917 2746,3918 2747,3918 2748,3920 2748,3921 2750,3922 2751,3922 2752,3924 2752,3970 2753,3970 2937,3970 2938,3972 2938,3974 2939,3974 2998,3974 2998,3974 2998,3958 2999,3957 2999,3956 3001,3954 3002,3954 3002,3954 3002,3953 3005,3950 3006,3950 3007,3949 3007,3944 3010,3941 3011,3941 3011,3941 3011,3931 3012,3930 3013,3930 3015,3928 3015,3927 3016,3926 3030,3926 3031,3928 3031,3974 3032,3974 3099,3974 3099,3975 3099,3976 3102,3978 3107,3978 3108,3980 3108,3981 3111,3983 3112,3983 3112,3984 3112,3985 3115,3987 3116,3987 3116,3988 3116,3993 3119,3995 3120,3995 3120,3996 3120,4001 3123,4003 3124,4003 3124,4004 3124,4031 3125,4031 3310,4031 3310,4031 3310,4013 3312,4011 3313,4011 3314,4010 3314,4001 3317,3998 3318,3998 3318,3998 3318,3993 3321,3990 3322,3990 3322,3990 3322,3989 3325,3986 3326,3986 3326,3986 3326,3981 3329,3978 3334,3978 3335,3977 3335,3976 3337,3974 3346,3974 3347,3973 3347,3972 3349,3970 3370,3970 3371,3972 3371,3973 3373,3974 3597,3974 3598,3973 3598,3972 3600,3970 3937,3970 3938,3969 3938,3968 3939,3967 3940,3966 3941,3966 3942,3965 3942,3964 3943,3963 3944,3962 3945,3962 3946,3961 3946,3952 3948,3950 3949,3950 3950,3949 3950,3940 3952,3938 3953,3938 3954,3937 3954,3928 3957,3925 3958,3925 3958,3925 3958,3920 3961,3917 3962,3917 3962,3917 3962,3916 3965,3913 3972,3913 3973,3914 3974,3914 3974,3915 3974,3962 3975,3962 4030,3962 4031,3964 4031,3965 4033,3966 4034,3966 4035,3968 4035,3977 4037,3978 4038,3978 4039,3980 4039,3994 4040,3994 4155,3994 4157,3997 4157,4001 4155,4003 4040,4003 4039,4004 4039,4030 4038,4031 4037,4031 4035,4033 4035,4038 4034,4039 4033,4039 4031,4041 4031,4046 4030,4047 4029,4047 4028,4048 4027,4049 4027,4050 4026,4051 3908,4051 3905,4054 3905,4055 3905,4055 3701,4055 3699,4057 3699,4058 3698,4059 3556,4059 3553,4062 3553,4063 3553,4063 3543,4063 3541,4062 3541,4061 3540,4059 3210,4059 3209,4060 3209,4071 3209,4071 3208,4071 3207,4072 3206,4072 3205,4073 3205,4079 3205,4079 3204,4079 3201,4082 3201,4083 3201,4083 3200,4083 3199,4084 3194,4084 3193,4085 3193,4086 3191,4088 3186,4088 3185,4089 3185,4090 3183,4092 3175,4092 3173,4091 3173,4090 3173,4089 3172,4088 3171,4088 3169,4087 3169,4064 3169,4063 3137,4063 3136,4064 3136,4123 3136,4123"/><TextEquiv index="1"><Unicode>martyre; elle eſt repréſentée, couronnée</Unicode></TextEquiv></TextLine><TextLine id="r0_l017"><Coords points="2775,4323 2774,4323 2774,4263 2774,4262 2770,4262 2766,4266 2754,4266 2752,4265 2752,4264 2751,4262 2405,4262 2404,4263 2404,4264 2402,4266 2393,4266 2392,4267 2392,4268 2390,4270 2389,4270 2388,4270 2388,4269 2387,4268 2387,4267 2387,4266 2012,4266 2011,4267 2011,4317 2010,4318 1976,4318 1975,4318 1975,4317 1975,4316 1973,4314 1972,4314 1970,4313 1970,4263 1970,4262 1843,4262 1841,4261 1841,4260 1840,4258 1656,4258 1655,4259 1655,4272 1653,4274 1648,4274 1647,4275 1647,4276 1645,4278 1644,4278 1643,4279 1643,4280 1641,4282 1640,4282 1639,4283 1639,4284 1637,4286 1632,4286 1631,4287 1631,4288 1629,4290 1620,4290 1618,4289 1618,4263 1618,4262 1524,4262 1521,4260 1521,4259 1521,4258 1455,4258 1452,4256 1452,4255 1452,4254 1123,4254 1120,4252 1120,4251 1120,4250 1010,4250 1006,4246 966,4246 965,4245 964,4245 962,4244 962,4243 961,4241 960,4241 959,4241 958,4240 958,4239 957,4237 952,4237 950,4236 950,4231 949,4229 948,4229 946,4228 946,4227 945,4225 944,4225 942,4224 942,4159 945,4156 987,4156 987,4156 987,4121 988,4120 989,4120 993,4116 994,4116 995,4115 995,4114 997,4112 1018,4112 1019,4114 1019,4116 1020,4116 1136,4116 1137,4118 1137,4119 1139,4120 1140,4120 1140,4121 1140,4122 1141,4123 1141,4168 1142,4168 1323,4168 1323,4168 1323,4122 1325,4120 1326,4120 1326,4120 1326,4119 1329,4116 1399,4116 1400,4118 1400,4123 1402,4124 1403,4124 1404,4126 1404,4172 1405,4172 1478,4172 1479,4173 1480,4173 1481,4175 1481,4176 1483,4177 1549,4177 1549,4178 1549,4179 1552,4181 1553,4181 1553,4182 1553,4183 1554,4184 1554,4188 1556,4189 1557,4189 1557,4190 1557,4191 1558,4192 1558,4229 1559,4229 1776,4229 1776,4229 1776,4130 1778,4128 1787,4128 1789,4126 1789,4125 1790,4124 1791,4124 1793,4122 1793,4121 1794,4120 1800,4120 1800,4121 1800,4123 1801,4124 1801,4144 1802,4144 1803,4144 1803,4145 1804,4146 1804,4147 1805,4148 1805,4181 1806,4181 1989,4181 1991,4179 1991,4178 1992,4177 2148,4177 2148,4177 2148,4131 2149,4130 2149,4129 2150,4128 2160,4128 2160,4128 2160,4127 2163,4124 2164,4124 2164,4124 2164,4123 2167,4120 2176,4120 2177,4122 2177,4123 2178,4123 2179,4124 2180,4124 2181,4126 2181,4181 2182,4181 2374,4181 2375,4180 2375,4179 2377,4177 2399,4177 2399,4178 2399,4179 2402,4181 2509,4181 2509,4181 2509,4130 2511,4128 2512,4128 2512,4128 2513,4127 2513,4126 2515,4124 2516,4124 2517,4123 2666,4123 2669,4120 2678,4120 2679,4122 2679,4123 2681,4124 2682,4124 2683,4126 2683,4181 2684,4181 2900,4181 2902,4179 2902,4178 2903,4177 2904,4177 2905,4176 2907,4176 2908,4177 2909,4177 2910,4179 2910,4180 2911,4180 3116,4180 3116,4180 3116,4134 3118,4132 3119,4132 3120,4131 3120,4126 3122,4124 3123,4124 3124,4123 3137,4123 3138,4124 3143,4124 3144,4126 3144,4176 3145,4176 3227,4176 3228,4177 3229,4177 3229,4178 3229,4179 3232,4181 3241,4181 3241,4182 3241,4183 3244,4185 3245,4185 3245,4186 3245,4187 3246,4188 3246,4192 3248,4193 3249,4193 3250,4195 3250,4233 3251,4233 3476,4233 3476,4233 3476,4220 3477,4219 3477,4218 3478,4217 3479,4217 3480,4216 3480,4199 3482,4197 3483,4197 3485,4195 3485,4194 3486,4193 3487,4193 3489,4191 3489,4190 3490,4189 3491,4189 3492,4188 3492,4184 3493,4183 3493,4182 3494,4181 3499,4181 3501,4179 3501,4178 3502,4177 3719,4177 3719,4177 3719,4130 3721,4128 3722,4128 3722,4128 3723,4127 3723,4126 3725,4124 3734,4124 3736,4122 3736,4121 3737,4120 3884,4120 3885,4119 3885,4118 3887,4116 3892,4116 3893,4115 3893,4114 3895,4112 3986,4112 3986,4113 3986,4114 3990,4118 3990,4119 3991,4120 3991,4160 3992,4160 4152,4160 4152,4160 4152,4159 4153,4158 4153,4157 4154,4156 4159,4156 4160,4158 4160,4159 4161,4160 4161,4163 4160,4164 4048,4164 4047,4165 4047,4241 4047,4241 4046,4241 4045,4242 4044,4242 4043,4243 4043,4249 4043,4249 4042,4249 4041,4250 3988,4250 3987,4251 3987,4267 3986,4268 3986,4269 3985,4270 3981,4270 3978,4268 3978,4258 3978,4257 3872,4257 3871,4258 3656,4258 3654,4260 3654,4261 3653,4262 3372,4262 3371,4263 3371,4269 3370,4270 3369,4270 3367,4272 3367,4277 3366,4278 3365,4278 3363,4280 3363,4281 3362,4282 3361,4282 3359,4284 3359,4285 3358,4286 3357,4286 3355,4288 3355,4289 3354,4290 3349,4290 3347,4292 3347,4293 3346,4294 3337,4294 3335,4296 3335,4297 3334,4298 3332,4298 3331,4298 3331,4297 3326,4292 3326,4263 3326,4262 3106,4262 3102,4266 3054,4266 3051,4264 3051,4263 3051,4262 2788,4262 2787,4263 2787,4323 2787,4323"/><TextEquiv index="1"><Unicode>d'étoiles, la palme à la main, en habit</Unicode></TextEquiv></TextLine><TextLine id="r0_l018"><Coords points="2997,4521 2994,4519 2994,4518 2994,4517 2977,4517 2974,4515 2974,4514 2974,4513 2969,4513 2966,4511 2966,4510 2966,4509 2965,4509 2962,4507 2962,4469 2962,4468 2843,4468 2841,4467 2841,4466 2840,4464 2446,4464 2357,4464 2355,4466 2355,4467 2354,4468 2353,4468 2351,4467 2351,4466 2350,4464 2312,4464 2311,4464 2311,4463 2309,4460 2304,4460 2303,4460 2303,4459 2301,4456 2300,4456 2299,4456 2299,4455 2299,4454 2121,4454 2119,4456 2114,4456 2112,4458 2112,4459 2111,4460 2086,4460 2084,4459 2084,4458 2083,4456 1713,4456 1711,4455 1711,4454 1710,4452 1445,4452 1444,4453 1444,4459 1443,4460 1442,4460 1440,4462 1440,4463 1439,4464 1438,4464 1436,4466 1436,4471 1435,4472 1434,4472 1432,4474 1432,4475 1431,4476 1422,4476 1420,4478 1420,4479 1419,4480 1418,4480 1416,4482 1416,4483 1415,4484 1409,4484 1408,4484 1408,4483 1406,4480 1405,4480 1404,4480 1404,4453 1404,4452 1102,4452 1100,4451 1100,4450 1099,4448 957,4448 946,4438 946,4425 946,4424 945,4424 942,4422 942,4421 942,4420 941,4420 940,4419 939,4419 938,4419 938,4417 939,4416 940,4415 942,4415 942,4415 942,4317 953,4306 1067,4306 1068,4308 1068,4309 1072,4313 1072,4322 1073,4322 1220,4322 1222,4325 1222,4367 1223,4367 1326,4367 1327,4369 1327,4370 1329,4371 1330,4371 1331,4373 1331,4374 1333,4375 1334,4375 1335,4377 1335,4382 1337,4383 1338,4383 1339,4385 1339,4423 1340,4423 1594,4423 1594,4423 1594,4405 1595,4404 1596,4404 1598,4402 1598,4389 1600,4387 1601,4387 1602,4386 1602,4385 1604,4383 1605,4383 1606,4382 1606,4381 1608,4379 1613,4379 1614,4378 1614,4377 1616,4375 1617,4375 1618,4374 1618,4373 1620,4371 1820,4371 1821,4373 1821,4374 1823,4375 2111,4375 2112,4377 2112,4378 2114,4379 2119,4379 2120,4381 2120,4382 2122,4383 2334,4383 2334,4383 2334,4382 2337,4379 2768,4379 2768,4379 2768,4328 2769,4327 2770,4327 2772,4325 2772,4324 2773,4323 2788,4323 2788,4324 2788,4325 2791,4327 2792,4327 2792,4328 2792,4329 2793,4329 2794,4330 2795,4330 2796,4332 2796,4379 2797,4379 3099,4379 3100,4381 3100,4382 3102,4383 3107,4383 3108,4385 3108,4386 3110,4387 3289,4387 3290,4386 3290,4385 3292,4383 3297,4383 3298,4382 3298,4381 3300,4379 3366,4379 3367,4378 3367,4377 3369,4375 3371,4375 3371,4375 3371,4365 3373,4363 3374,4363 3375,4362 3375,4357 3377,4355 3378,4355 3379,4354 3379,4349 3381,4347 3382,4347 3383,4346 3383,4337 3386,4334 3387,4334 3387,4334 3387,4333 3390,4330 3391,4330 3391,4330 3391,4329 3394,4326 3435,4326 3436,4325 3436,4324 3438,4322 3455,4322 3456,4324 3456,4326 3457,4326 3628,4326 3629,4327 3630,4327 3630,4328 3630,4329 3632,4330 3636,4330 3637,4331 3638,4331 3638,4332 3638,4337 3641,4339 3642,4339 3642,4340 3642,4375 3643,4375 3726,4375 3728,4378 3728,4379 3729,4379 3730,4379 3732,4382 3732,4383 3733,4383 3738,4383 3740,4386 3740,4387 3741,4387 3742,4387 3744,4390 3744,4395 3745,4395 3746,4395 3748,4398 3748,4403 3749,4403 3750,4403 3752,4405 3917,4405 3917,4405 3917,4322 3918,4321 3918,4320 3920,4318 3978,4318 3978,4318 3978,4317 3981,4314 3982,4314 3982,4314 3982,4313 3985,4310 3997,4310 3999,4313 3999,4363 4000,4363 4050,4363 4051,4365 4051,4366 4052,4366 4053,4366 4054,4367 4055,4367 4055,4368 4055,4435 4054,4436 4053,4436 4051,4438 4051,4443 4050,4444 4049,4444 4048,4445 4047,4446 4047,4447 4046,4448 4045,4448 4044,4449 4043,4450 4043,4451 4042,4452 4041,4452 4040,4453 4039,4454 4039,4455 4038,4456 4016,4456 4015,4457 4015,4495 4014,4496 4013,4496 4012,4497 4010,4497 4009,4496 4008,4496 4007,4496 4007,4495 4007,4494 4006,4493 4005,4493 4003,4492 4003,4457 4003,4456 3996,4456 3995,4457 3995,4466 3994,4467 3994,4468 3994,4468 3988,4468 3987,4468 3987,4467 3985,4464 3976,4464 3974,4463 3974,4457 3974,4456 3786,4456 3784,4458 3784,4459 3783,4460 3729,4460 3728,4461 3728,4462 3726,4464 3531,4464 3529,4466 3529,4467 3528,4468 3373,4468 3371,4467 3371,4466 3370,4464 3292,4464 3290,4463 3290,4462 3289,4460 3106,4460 3104,4462 3104,4463 3103,4464 3044,4464 3043,4465 3043,4496 3043,4496 3042,4496 3039,4499 3039,4500 3039,4500 3038,4500 3021,4517 3004,4517 3003,4518 3003,4519 3001,4521"/><TextEquiv index="1"><Unicode>blanc, comme une vierge céleſte. Ils</Unicode></TextEquiv></TextLine><TextLine id="r0_l019"><Coords points="2479,4720 2478,4720 2478,4692 2478,4691 1984,4691 1983,4692 1983,4714 1982,4715 1936,4715 1934,4714 1934,4713 1933,4712 1933,4711 1932,4711 1930,4710 1930,4708 1930,4707 936,4707 934,4706 934,4705 933,4703 932,4703 930,4702 930,4697 932,4695 933,4695 934,4694 934,4575 935,4574 936,4574 941,4569 958,4569 958,4569 958,4539 960,4537 962,4537 963,4539 963,4565 964,4565 2359,4565 2359,4565 2359,4563 2361,4561 2362,4561 2363,4560 2363,4551 2365,4549 2366,4549 2367,4548 2367,4547 2368,4546 2369,4545 2370,4545 2371,4544 2371,4539 2373,4537 2378,4537 2379,4536 2379,4535 2381,4533 2382,4533 2383,4532 2383,4531 2385,4529 2394,4529 2396,4527 2396,4526 2397,4525 2447,4525 2448,4524 2448,4523 2450,4521 3924,4521 3925,4520 3927,4520 3928,4521 3929,4521 3930,4523 3930,4565 3931,4565 4046,4565 4047,4567 4047,4568 4049,4569 4050,4569 4051,4571 4051,4658 4051,4658 4050,4658 4046,4662 4044,4662 4043,4663 4043,4678 4043,4678 4042,4678 4041,4679 4037,4679 4033,4683 4029,4683 4027,4685 4027,4686 4026,4687 2761,4687 2760,4688 2760,4689 2758,4691 2488,4691 2487,4692 2487,4720 2487,4720"/><TextEquiv index="1"><Unicode>portent en proceſſion, dans les rues,</Unicode></TextEquiv></TextLine><TextLine id="r0_l020"><Coords points="2941,4918 2936,4913 2935,4913 2934,4913 2934,4862 2934,4861 2795,4861 2792,4859 2792,4858 2792,4857 2670,4857 2612,4857 2610,4859 2610,4860 2609,4861 2576,4861 2574,4860 2574,4859 2574,4858 2397,4858 2396,4859 2396,4875 2394,4877 2393,4877 2392,4878 2392,4879 2391,4880 2391,4884 2390,4885 2389,4885 2388,4886 2388,4887 2387,4888 2387,4892 2383,4896 2383,4897 2383,4897 2377,4897 2376,4898 2376,4899 2366,4909 2365,4909 2364,4910 2363,4910 2362,4909 2361,4909 2359,4908 2359,4862 2359,4861 2021,4861 2019,4863 2019,4864 2018,4865 2013,4865 2011,4864 2011,4863 2010,4861 1924,4861 1922,4859 1744,4859 1742,4861 1456,4861 1455,4862 1455,4918 1455,4918 1447,4918 1446,4918 1446,4862 1446,4861 1414,4861 1412,4860 1412,4859 1411,4857 1151,4857 1149,4856 1149,4855 1148,4853 965,4853 962,4851 962,4850 962,4849 949,4849 946,4847 946,4846 946,4845 945,4845 942,4843 942,4842 942,4841 941,4841 938,4839 938,4838 938,4837 937,4837 934,4835 934,4822 934,4821 933,4821 932,4820 930,4819 930,4818 932,4816 933,4816 934,4815 934,4794 936,4792 937,4792 938,4791 938,4791 938,4790 940,4788 941,4788 942,4787 942,4782 944,4780 945,4780 946,4779 946,4778 948,4776 949,4776 950,4775 950,4775 950,4774 952,4772 961,4772 963,4770 963,4769 964,4768 1149,4768 1149,4768 1149,4753 1151,4751 1160,4751 1161,4750 1161,4749 1162,4748 1163,4748 1165,4746 1165,4745 1166,4744 1167,4744 1169,4742 1169,4737 1171,4735 1172,4735 1173,4734 1173,4733 1174,4732 1175,4731 1176,4731 1177,4730 1177,4725 1179,4723 1180,4723 1180,4723 1181,4722 1181,4721 1183,4719 1188,4719 1189,4718 1189,4717 1191,4715 1196,4715 1197,4714 1197,4713 1199,4711 1208,4711 1210,4714 1210,4715 1211,4715 1221,4715 1221,4716 1221,4717 1226,4722 1226,4776 1227,4776 1398,4776 1400,4774 1400,4773 1401,4772 1464,4772 1464,4772 1464,4754 1467,4751 1468,4751 1468,4751 1468,4742 1471,4739 1472,4739 1472,4739 1472,4738 1475,4735 1476,4735 1476,4735 1476,4730 1479,4727 1480,4727 1480,4727 1480,4726 1483,4723 1484,4723 1484,4723 1484,4722 1487,4719 1492,4719 1493,4721 1493,4726 1500,4732 1501,4732 1501,4733 1501,4739 1502,4739 1503,4739 1504,4740 1505,4740 1505,4741 1505,4747 1506,4747 1507,4747 1508,4748 1509,4748 1509,4749 1509,4776 1510,4776 1730,4776 1731,4775 1731,4774 1733,4772 1735,4772 1736,4774 1736,4775 1738,4776 1925,4776 1926,4775 1926,4774 1928,4772 1938,4772 1938,4772 1938,4741 1939,4740 1940,4740 1942,4738 1942,4733 1944,4731 2116,4731 2116,4731 2116,4729 2118,4727 2119,4727 2120,4726 2120,4725 2122,4723 2277,4723 2278,4722 2278,4721 2280,4719 2285,4719 2286,4721 2286,4776 2287,4776 2472,4776 2472,4776 2472,4726 2478,4720 2538,4720 2539,4719 2548,4719 2549,4721 2549,4723 2550,4723 2731,4723 2731,4723 2731,4722 2734,4719 2743,4719 2743,4720 2743,4721 2744,4722 2744,4776 2745,4776 2820,4776 2820,4777 2820,4778 2823,4780 3038,4780 3039,4779 3039,4778 3041,4776 3128,4776 3128,4776 3128,4762 3131,4759 3132,4759 3132,4759 3132,4750 3135,4747 3136,4747 3136,4747 3136,4738 3139,4735 3140,4735 3140,4735 3140,4734 3143,4731 3148,4731 3148,4731 3148,4730 3151,4727 3212,4727 3213,4726 3213,4725 3215,4723 3220,4723 3222,4721 3222,4720 3223,4719 3244,4719 3246,4722 3246,4723 3247,4723 3253,4723 3253,4724 3253,4725 3254,4726 3254,4735 3255,4735 3257,4735 3258,4737 3258,4772 3259,4772 3681,4772 3683,4770 3683,4769 3684,4768 3686,4768 3687,4767 3804,4767 3804,4767 3804,4729 3805,4728 3806,4728 3809,4725 3809,4724 3810,4723 3831,4723 3833,4726 3833,4727 3834,4727 3835,4727 3837,4730 3837,4776 3838,4776 4015,4776 4015,4776 4015,4773 4016,4772 4021,4772 4023,4770 4023,4769 4024,4768 4042,4768 4043,4770 4043,4771 4044,4771 4045,4771 4050,4776 4051,4776 4051,4777 4051,4791 4050,4792 4048,4792 4047,4793 4047,4844 4047,4844 4046,4844 4043,4847 4043,4848 4043,4848 4042,4848 4039,4851 4039,4852 4039,4852 4038,4852 4037,4853 4033,4853 4029,4857 3979,4857 3978,4858 3978,4889 3978,4889 3972,4889 3970,4888 3970,4866 3970,4865 3515,4865 3513,4864 3513,4863 3512,4861 3366,4861 3138,4861 3136,4863 3136,4864 3135,4865 2980,4865 2979,4866 2979,4911 2978,4912 2978,4913 2978,4913 2977,4913 2974,4916 2974,4917 2974,4917 2973,4917 2972,4918"/><TextEquiv index="1"><Unicode>ce fantôme révéré; ils le préſentent dans</Unicode></TextEquiv></TextLine><TextLine id="r0_l021"><Coords points="1814,5125 1813,5125 1813,5122 1813,5121 1268,5121 1267,5121 1267,5105 1267,5104 1058,5104 1056,5103 1056,5056 1056,5055 920,5055 918,5054 918,5041 920,5039 929,5039 930,5038 930,4919 931,4918 932,4918 937,4913 957,4913 958,4915 958,4916 960,4917 2329,4917 2331,4920 2331,4921 2332,4921 2333,4921 2335,4924 2335,4934 2336,4934 3950,4934 3950,4934 3950,4927 3951,4926 3952,4926 3965,4913 3969,4913 3970,4915 3970,4916 3973,4918 3974,4918 3974,4919 3974,4966 3975,4966 4026,4966 4027,4968 4027,4969 4029,4970 4030,4970 4031,4972 4031,4973 4033,4974 4034,4974 4035,4976 4035,4977 4037,4978 4038,4978 4039,4980 4039,4989 4042,4991 4043,4991 4043,4992 4043,5030 4042,5031 4041,5031 4039,5033 4039,5042 4038,5043 4037,5043 4035,5045 4035,5046 4034,5047 4033,5047 4031,5049 4031,5050 4030,5051 4029,5051 4027,5053 4027,5054 4026,5055 4025,5055 4023,5057 4023,5058 4022,5059 4023,5059 4160,5059 4160,5060 4160,5061 4161,5062 4161,5066 4160,5067 2955,5067 2954,5068 2954,5070 2953,5071 2952,5071 2950,5073 2950,5087 2950,5087 2949,5087 2948,5088 2947,5088 2946,5089 2946,5099 2946,5099 2945,5099 2932,5112 1834,5112 1833,5113 1833,5125 1833,5125"/><TextEquiv index="1"><Unicode>les égliſes, &amp; veulent toujours mettre le</Unicode></TextEquiv></TextLine><TextLine id="r0_l022"><Coords points="3418,5327 3417,5327 3417,5326 3417,5325 3020,5325 3019,5325 3019,5271 3019,5270 2795,5270 2792,5268 2792,5267 2792,5266 2156,5266 2155,5267 2155,5323 2155,5323 2147,5323 2146,5323 2146,5267 2146,5266 1742,5266 1740,5265 1740,5264 1739,5262 1451,5262 1450,5261 1024,5261 1023,5261 1023,5259 1023,5258 925,5258 920,5253 919,5253 918,5253 918,5251 920,5249 921,5249 922,5248 922,5182 923,5181 924,5181 933,5172 934,5172 934,5172 934,5150 936,5148 937,5148 938,5147 938,5138 940,5136 941,5136 942,5135 942,5134 944,5132 945,5132 946,5131 946,5130 947,5129 948,5128 949,5128 951,5126 951,5125 952,5124 953,5124 955,5122 955,5121 956,5120 957,5120 959,5118 959,5117 960,5116 965,5116 967,5114 967,5113 968,5112 998,5112 999,5114 999,5115 1001,5116 1002,5116 1003,5118 1003,5119 1005,5120 2447,5120 2448,5122 2448,5123 2450,5124 3585,5124 3585,5125 3585,5126 3588,5128 3589,5128 3589,5129 3589,5130 3590,5131 3590,5148 3591,5148 3592,5148 3594,5151 3594,5160 3595,5160 3596,5160 3598,5163 3598,5172 3599,5172 3645,5172 3647,5175 3647,5180 3648,5180 3806,5180 3807,5181 3808,5181 3808,5182 3808,5183 3811,5185 4160,5185 4161,5187 4161,5268 4159,5270 3427,5270 3426,5271 3426,5286 3427,5286 3913,5286 3914,5288 3914,5292 3913,5293 3913,5294 3913,5294 3427,5294 3426,5295 3426,5318 3427,5318 3969,5318 3970,5320 3970,5321 3972,5322 3973,5322 3974,5324 3974,5325 3974,5325 3427,5325 3426,5326 3426,5327 3426,5327"/><TextEquiv index="1"><Unicode>feu à la maiſon de la cruelle marâtre.</Unicode></TextEquiv></TextLine><TextLine id="r0_l023"><Coords points="3307,5531 3306,5531 3306,5480 3306,5479 3305,5480 3304,5480 3302,5482 3302,5487 3297,5492 3292,5492 3290,5494 3290,5495 3288,5497 3287,5497 3286,5498 3286,5499 3285,5500 3263,5500 3262,5500 3262,5473 3262,5472 3163,5472 3160,5470 3160,5469 3160,5468 2835,5468 2833,5470 2833,5471 2832,5472 2746,5472 2743,5475 2743,5476 2743,5476 2729,5476 2728,5477 2728,5478 2727,5479 2727,5480 2727,5480 2717,5480 2715,5479 2715,5478 2714,5476 2713,5476 2711,5475 2711,5469 2711,5468 2441,5468 2440,5469 2440,5479 2439,5480 2438,5480 2436,5482 2436,5483 2435,5484 2434,5484 2432,5486 2432,5487 2431,5488 2430,5488 2428,5490 2428,5491 2427,5492 2418,5492 2416,5494 2416,5495 2415,5496 2405,5496 2404,5496 2404,5495 2403,5494 2403,5469 2403,5468 2300,5468 2299,5468 2299,5467 2297,5464 1934,5464 1806,5464 1805,5465 1805,5466 1803,5468 1794,5468 1793,5468 1793,5467 1791,5464 1600,5464 1598,5463 1598,5462 1597,5460 1515,5460 1514,5461 1514,5521 1514,5521 1509,5521 1508,5521 1508,5461 1508,5460 1167,5460 1165,5459 1165,5458 1164,5456 936,5456 934,5458 934,5459 933,5460 924,5460 922,5462 922,5463 921,5464 900,5464 898,5466 898,5467 897,5468 895,5468 894,5468 894,5467 892,5464 891,5464 890,5464 890,5461 891,5460 896,5460 898,5458 898,5457 899,5456 917,5456 918,5455 918,5454 920,5452 933,5452 934,5451 934,5450 936,5448 943,5448 944,5447 1124,5447 1124,5447 1124,5329 1127,5326 1128,5326 1128,5326 1128,5325 1131,5322 1188,5322 1189,5321 1189,5320 1191,5318 1196,5318 1197,5320 1197,5321 1199,5322 1220,5322 1222,5325 1222,5326 1223,5326 1297,5326 1299,5329 1299,5330 1300,5330 1305,5330 1307,5333 1307,5338 1308,5338 1309,5338 1311,5341 1311,5375 1312,5375 1395,5375 1396,5377 1396,5379 1397,5379 1779,5379 1780,5378 1780,5377 1782,5375 1792,5375 1792,5376 1792,5379 1793,5379 2128,5379 2128,5379 2128,5357 2130,5355 2131,5355 2132,5354 2132,5349 2135,5346 2136,5346 2136,5346 2136,5345 2139,5342 2140,5342 2140,5342 2140,5337 2143,5334 2144,5334 2144,5334 2144,5325 2146,5323 2156,5323 2157,5325 2157,5330 2158,5330 2329,5330 2331,5333 2331,5394 2333,5395 2334,5395 2335,5397 2335,5410 2337,5411 2338,5411 2339,5413 2339,5427 2340,5427 2541,5427 2541,5427 2541,5333 2544,5330 2545,5330 2545,5330 2545,5329 2548,5326 2553,5326 2553,5326 2553,5325 2556,5322 2568,5322 2570,5325 2570,5326 2571,5326 2775,5326 2776,5328 2776,5329 2778,5330 3014,5330 3015,5329 3015,5328 3017,5326 3018,5326 3019,5325 3028,5325 3029,5326 3034,5326 3035,5328 3035,5378 3036,5378 3037,5378 3038,5379 3180,5379 3181,5381 3181,5382 3183,5383 3192,5383 3193,5385 3193,5386 3194,5387 3195,5387 3196,5387 3197,5389 3197,5390 3198,5390 3199,5391 3200,5391 3201,5393 3201,5394 3202,5394 3203,5395 3204,5395 3205,5397 3205,5402 3207,5403 3208,5403 3209,5405 3209,5414 3211,5415 3212,5415 3213,5417 3213,5440 3214,5440 3399,5440 3399,5440 3399,5394 3400,5393 3400,5392 3401,5391 3407,5391 3407,5391 3407,5341 3410,5338 3411,5338 3411,5338 3411,5333 3414,5330 3415,5330 3415,5330 3415,5329 3417,5327 3599,5327 3600,5326 3613,5326 3614,5325 3614,5324 3616,5322 3617,5322 3617,5323 3618,5324 3618,5325 3620,5326 3633,5326 3634,5328 3634,5333 3637,5335 3638,5335 3638,5336 3638,5383 3639,5383 3929,5383 3929,5383 3929,5382 3936,5375 3938,5375 3938,5375 3938,5360 3939,5359 3940,5359 3942,5357 3942,5348 3943,5347 3944,5347 3946,5345 3946,5336 3947,5335 3948,5335 3950,5333 3950,5328 3952,5326 3957,5326 3958,5325 3974,5325 3974,5326 3974,5371 3975,5371 4014,5371 4015,5373 4015,5374 4017,5375 4022,5375 4023,5377 4023,5378 4025,5379 4030,5379 4031,5381 4031,5382 4032,5383 4033,5383 4034,5383 4035,5385 4035,5447 4035,5447 4034,5447 4027,5454 4027,5459 4026,5460 4021,5460 4018,5463 4018,5464 4018,5464 3960,5464 3958,5466 3958,5467 3957,5468 3794,5468 3792,5470 3792,5471 3791,5472 3323,5472 3322,5473 3322,5531 3322,5531"/><TextEquiv index="1"><Unicode>D'un autre côté, la Juſtice, informée</Unicode></TextEquiv></TextLine><TextLine id="r0_l024"><Coords points="3649,5707 3646,5705 3646,5704 3646,5703 3645,5703 3642,5701 3642,5680 3642,5679 3471,5679 3468,5677 3468,5676 3468,5675 3467,5675 3466,5674 3236,5674 3235,5675 3111,5675 3106,5670 2823,5670 2822,5671 2820,5671 2819,5670 2689,5670 2685,5666 2479,5666 2476,5669 2476,5670 2476,5670 2475,5670 2474,5671 2472,5671 2471,5670 2352,5670 2351,5670 2351,5667 2351,5666 2158,5666 2157,5667 2157,5669 2156,5670 2155,5670 2154,5671 2153,5672 2153,5673 2152,5674 2151,5674 2150,5675 2148,5675 2147,5674 2146,5674 2145,5674 2145,5673 2144,5672 2144,5667 2144,5666 1822,5666 1821,5667 1821,5681 1819,5683 1818,5683 1817,5684 1817,5689 1815,5691 1814,5691 1813,5692 1813,5693 1811,5695 1806,5695 1805,5696 1805,5697 1803,5699 1790,5699 1789,5700 1789,5701 1789,5701 1787,5703 1786,5703 1784,5702 1784,5701 1780,5697 1780,5667 1780,5666 1616,5666 1614,5665 1614,5664 1613,5662 1502,5662 1341,5662 1339,5664 1339,5665 1338,5666 1328,5666 1327,5666 1327,5665 1325,5662 1215,5662 1213,5661 1213,5660 1212,5658 1211,5658 1209,5657 1209,5655 1209,5654 993,5654 991,5656 991,5657 990,5658 988,5658 987,5658 987,5657 985,5654 956,5654 955,5654 955,5653 953,5650 940,5650 938,5649 938,5648 937,5646 932,5646 930,5645 930,5644 929,5642 928,5642 926,5641 926,5632 925,5630 924,5630 922,5629 922,5603 923,5602 924,5602 933,5593 934,5593 934,5593 934,5587 935,5586 936,5586 945,5577 954,5577 954,5577 954,5576 957,5573 962,5573 962,5573 962,5572 965,5569 966,5569 966,5569 966,5524 967,5523 967,5522 968,5521 969,5521 971,5519 971,5518 972,5517 973,5517 975,5515 975,5514 976,5513 977,5513 978,5512 997,5512 999,5515 999,5516 1000,5516 1001,5516 1003,5519 1003,5569 1004,5569 1225,5569 1225,5569 1225,5565 1226,5564 1226,5563 1228,5561 1229,5561 1229,5561 1229,5560 1230,5559 1230,5551 1232,5549 1233,5549 1233,5549 1233,5548 1234,5547 1234,5542 1235,5541 1236,5541 1238,5539 1238,5534 1239,5533 1240,5533 1244,5529 1246,5527 1246,5526 1247,5525 1252,5525 1254,5523 1254,5522 1255,5521 1257,5521 1258,5520 1389,5520 1390,5521 1621,5521 1622,5520 1624,5520 1625,5521 1626,5521 1626,5522 1626,5523 1629,5525 1630,5525 1630,5526 1630,5577 1631,5577 1698,5577 1699,5579 1699,5580 1701,5581 1706,5581 1707,5583 1707,5584 1708,5584 1709,5585 1710,5585 1711,5587 1711,5588 1713,5589 1714,5589 1715,5591 1715,5592 1717,5593 1718,5593 1719,5595 1719,5596 1720,5596 1722,5598 1723,5598 1723,5599 1723,5600 1724,5601 1724,5638 1725,5638 1934,5638 1934,5638 1934,5604 1941,5597 1942,5597 1942,5597 1942,5596 1945,5593 1950,5593 1950,5593 1950,5592 1953,5589 1958,5589 1958,5589 1958,5588 1961,5585 1966,5585 1966,5585 1966,5584 1969,5581 1973,5581 1975,5584 1975,5585 1976,5585 2237,5585 2238,5584 2238,5583 2240,5581 2399,5581 2399,5581 2399,5532 2400,5531 2400,5530 2401,5529 2419,5529 2420,5531 2420,5532 2421,5532 2422,5533 2423,5533 2424,5535 2424,5581 2425,5581 2622,5581 2622,5581 2622,5571 2624,5569 2625,5569 2626,5568 2626,5559 2628,5557 2629,5557 2630,5556 2630,5551 2632,5549 2633,5549 2634,5548 2634,5543 2636,5541 2637,5541 2639,5539 2639,5538 2640,5537 2641,5537 2643,5535 2643,5534 2644,5533 2645,5533 2647,5531 2647,5530 2648,5529 2653,5529 2655,5527 2655,5526 2656,5525 2682,5525 2683,5527 2683,5528 2685,5529 2783,5529 2784,5531 2784,5532 2785,5532 2786,5532 2788,5535 2788,5585 2789,5585 3095,5585 3096,5584 3096,5583 3098,5581 3106,5581 3107,5582 3108,5582 3108,5583 3108,5584 3110,5585 3290,5585 3290,5585 3290,5559 3292,5557 3293,5557 3294,5556 3294,5551 3296,5549 3297,5549 3298,5548 3298,5547 3300,5545 3301,5545 3302,5544 3302,5539 3304,5537 3305,5537 3306,5536 3306,5532 3307,5531 3323,5531 3323,5532 3323,5536 3325,5537 3326,5537 3326,5538 3326,5539 3327,5540 3327,5548 3329,5549 3330,5549 3330,5550 3330,5551 3331,5552 3331,5556 3333,5557 3334,5557 3334,5558 3334,5559 3335,5560 3335,5581 3336,5581 3370,5581 3371,5583 3371,5584 3373,5585 3576,5585 3578,5588 3578,5589 3579,5589 3584,5589 3586,5592 3586,5593 3587,5593 3588,5593 3590,5596 3590,5646 3591,5646 3792,5646 3792,5646 3792,5612 3795,5609 3796,5609 3796,5609 3796,5608 3799,5605 3800,5605 3800,5605 3800,5604 3803,5601 3804,5601 3804,5601 3804,5600 3807,5597 3812,5597 3812,5597 3812,5535 3814,5533 3942,5533 3942,5533 3942,5530 3943,5529 3948,5529 3949,5528 3950,5528 3950,5528 3950,5527 3952,5525 3966,5525 3966,5526 3966,5577 3967,5577 4034,5577 4035,5579 4035,5657 4034,5658 4033,5658 4032,5659 4031,5660 4031,5661 4030,5662 4001,5662 3999,5664 3999,5665 3998,5666 3977,5666 3974,5669 3974,5670 3974,5670 3858,5670 3857,5671 3857,5673 3856,5674 3855,5674 3854,5675 3684,5675 3683,5676 3683,5689 3681,5691 3680,5691 3679,5692 3679,5693 3677,5695 3676,5695 3675,5696 3675,5697 3673,5699 3668,5699 3667,5700 3667,5701 3665,5703 3660,5703 3659,5704 3659,5705 3657,5707"/><TextEquiv index="1"><Unicode>du ſuicide, a voulu faire traîner, à la</Unicode></TextEquiv></TextLine><TextLine id="r0_l025"><Coords points="3569,5938 3568,5938 3568,5882 3568,5881 3506,5881 3505,5882 3505,5883 3503,5885 3502,5885 3501,5886 3501,5895 3500,5896 3500,5897 3500,5897 3499,5897 3496,5900 3496,5901 3496,5901 3491,5901 3488,5904 3488,5905 3488,5905 3483,5905 3480,5908 3480,5909 3480,5909 3471,5909 3468,5912 3468,5913 3468,5913 3141,5913 3140,5914 3140,5921 3140,5921 3139,5921 3138,5922 3136,5924 3136,5925 3136,5925 2710,5925 2707,5928 2707,5929 2707,5929 2706,5929 2705,5930 2279,5930 2278,5931 2267,5931 2266,5931 2266,5929 2266,5928 1724,5928 1723,5928 1723,5914 1723,5913 923,5913 922,5913 922,5912 921,5911 921,5910 921,5909 916,5909 914,5908 914,5899 916,5897 918,5897 918,5897 918,5782 921,5779 922,5779 922,5779 922,5778 924,5776 925,5776 926,5775 934,5775 934,5775 934,5774 936,5772 937,5772 938,5771 1015,5771 1015,5771 1015,5729 1017,5727 1018,5727 1019,5726 1019,5721 1021,5719 1030,5719 1031,5718 1031,5717 1033,5715 1043,5715 1043,5716 1043,5718 1044,5719 1044,5723 1045,5723 1488,5723 1488,5724 1488,5725 1490,5727 1491,5727 1492,5727 1493,5729 1493,5731 1494,5731 3022,5731 3023,5733 3023,5735 3024,5735 3633,5735 3634,5737 3634,5738 3635,5738 3636,5739 3637,5739 3638,5741 3638,5742 3639,5742 3640,5743 3641,5743 3642,5745 3642,5746 3644,5747 3645,5747 3646,5749 3646,5784 3647,5784 3953,5784 3954,5786 3954,5787 3956,5788 3957,5788 3958,5790 3958,5791 3960,5792 3961,5792 3962,5794 3962,5803 3964,5804 4034,5804 4035,5806 4035,5827 4034,5828 4021,5828 4019,5830 4019,5831 4018,5832 4009,5832 4007,5834 4007,5835 4006,5836 3983,5836 3982,5837 3982,5860 3981,5861 3980,5861 3978,5863 3978,5864 3977,5865 3976,5865 3974,5867 3974,5868 3973,5869 3939,5869 3938,5870 3938,5871 3936,5873 3725,5873 3723,5875 3723,5876 3722,5877 3709,5877 3707,5879 3707,5880 3706,5881 3576,5881 3575,5882 3575,5938 3575,5938"/><TextEquiv index="1"><Unicode>place des exécutions publiques, le ca-</Unicode></TextEquiv></TextLine><TextLine id="r0_l026"><Coords points="3855,6137 3854,6137 3854,6076 3854,6075 3742,6075 3739,6078 3739,6079 3739,6079 3734,6079 3731,6082 3731,6083 3731,6083 3551,6083 3549,6082 3549,6081 3548,6079 3450,6079 3448,6078 3448,6077 3447,6075 2793,6075 2792,6076 2792,6107 2791,6108 2782,6108 2780,6107 2780,6076 2780,6075 2526,6075 2525,6076 2525,6127 2524,6128 2523,6128 2522,6129 2521,6130 2521,6131 2520,6132 2490,6132 2489,6132 2489,6131 2488,6130 2488,6129 2488,6128 2487,6128 2484,6126 2484,6076 2484,6075 1924,6075 1922,6074 1922,6073 1921,6071 1645,6071 1642,6074 1642,6075 1642,6075 1567,6075 1566,6076 1566,6118 1564,6120 1563,6120 1562,6121 1562,6122 1560,6124 1535,6124 1533,6123 1533,6122 1532,6120 1528,6120 1527,6119 1526,6119 1525,6119 1525,6068 1525,6067 1515,6067 1513,6066 1513,6065 1512,6063 1333,6063 1331,6065 1331,6066 1330,6067 1325,6067 1323,6069 1323,6070 1322,6071 1142,6071 1141,6071 1141,6070 1139,6067 1138,6067 1137,6067 1137,6066 1136,6065 1136,6064 1136,6063 993,6063 991,6062 991,6061 990,6059 960,6059 958,6058 958,6057 957,6055 944,6055 942,6054 942,6053 941,6051 936,6051 934,6050 934,6049 933,6047 932,6047 930,6046 930,6037 928,6034 927,6034 926,6034 926,6004 927,6003 928,6003 930,6001 930,6000 931,5999 932,5999 934,5997 934,5992 936,5990 937,5990 938,5989 938,5988 940,5986 945,5986 947,5984 947,5983 948,5982 953,5982 955,5980 955,5979 956,5978 974,5978 974,5978 974,5929 975,5928 975,5927 977,5925 978,5925 979,5924 979,5923 981,5921 1001,5921 1002,5922 1003,5922 1003,5923 1003,5928 1005,5929 1006,5929 1007,5931 1007,5982 1008,5982 1221,5982 1221,5982 1221,5981 1222,5980 1222,5979 1223,5978 1225,5978 1226,5980 1226,5982 1227,5982 1322,5982 1322,5983 1322,5984 1327,5988 1505,5988 1507,5986 1667,5986 1667,5986 1667,5943 1668,5942 1669,5942 1671,5940 1671,5935 1672,5934 1673,5934 1674,5933 1719,5933 1719,5933 1719,5932 1722,5929 1723,5929 1724,5928 1736,5928 1736,5929 1736,5933 1737,5933 1966,5933 1966,5933 1966,5932 1969,5929 1974,5929 1974,5929 1974,5928 1977,5925 1989,5925 1991,5928 1991,5929 1992,5929 2139,5929 2141,5931 2278,5931 2281,5934 2282,5934 2282,5935 2282,5936 2285,5938 2286,5938 2286,5939 2286,5982 2287,5982 2334,5982 2334,5983 2334,5984 2337,5986 2338,5986 2338,5987 2338,5988 2341,5990 2578,5990 2578,5990 2578,5939 2579,5938 2580,5938 2582,5936 2582,5935 2583,5934 2584,5934 2585,5933 2721,5933 2722,5934 2723,5934 2723,5935 2723,5936 2726,5938 2727,5938 2727,5939 2727,5940 2728,5940 2906,5940 2906,5940 2906,5939 2907,5938 2908,5938 2909,5937 2921,5937 2922,5936 2922,5935 2923,5934 2925,5934 2926,5936 2926,5937 2927,5937 2928,5937 2930,5940 2930,5990 2931,5990 3197,5990 3197,5990 3197,5976 3199,5974 3200,5974 3201,5973 3201,5964 3203,5962 3204,5962 3205,5961 3205,5961 3205,5960 3207,5958 3208,5958 3208,5958 3209,5957 3209,5956 3211,5954 3220,5954 3221,5953 3221,5952 3223,5950 3225,5950 3225,5951 3225,5952 3228,5954 3245,5954 3245,5955 3245,5956 3248,5958 3249,5958 3250,5960 3250,5965 3252,5966 3253,5966 3254,5968 3254,5986 3255,5986 3317,5986 3319,5989 3319,5990 3320,5990 3321,5990 3323,5993 3323,5994 3324,5994 3532,5994 3533,5993 3533,5992 3535,5990 3541,5990 3541,5990 3541,5976 3543,5974 3544,5974 3545,5973 3545,5968 3547,5966 3548,5966 3549,5965 3549,5956 3551,5954 3552,5954 3553,5953 3553,5948 3555,5946 3560,5946 3561,5945 3561,5944 3563,5942 3564,5942 3565,5941 3565,5940 3567,5938 3577,5938 3577,5939 3577,5940 3579,5941 3735,5941 3736,5942 3747,5942 3747,5943 3747,5944 3748,5945 3748,5986 3749,5986 3917,5986 3917,5986 3917,5985 3918,5984 3918,5983 3919,5982 4026,5982 4027,5984 4027,6002 4028,6002 4046,6002 4047,6004 4047,6005 4049,6006 4050,6006 4051,6008 4051,6010 4052,6010 4179,6010 4180,6011 4181,6011 4181,6012 4181,6017 4180,6018 4178,6018 4176,6017 4176,6016 4176,6015 4170,6015 4169,6016 4169,6041 4167,6043 4166,6043 4165,6044 4165,6045 4164,6046 4164,6047 4164,6047 4162,6047 4161,6048 4161,6065 4160,6066 4160,6067 4160,6067 4159,6067 4157,6069 4157,6073 4156,6074 4156,6075 4156,6075 4036,6075 4035,6076 4035,6082 4034,6083 4033,6083 4031,6085 4031,6086 4030,6087 4029,6087 4027,6089 4027,6094 4025,6096 4024,6096 4023,6097 4023,6102 4021,6104 4020,6104 4019,6105 4019,6110 4017,6112 4016,6112 4015,6113 4015,6114 4013,6116 4010,6114 4010,6113 4010,6112 4009,6112 4007,6111 4007,6076 4007,6075 3861,6075 3860,6076 3860,6137 3860,6137"/><TextEquiv index="1"><Unicode>davre qu'il falloit plaindre &amp; révérer;</Unicode></TextEquiv></TextLine><TextLine id="r0_l027"><Coords points="3579,6338 3578,6338 3578,6337 3576,6334 3571,6334 3569,6333 3569,6287 3569,6286 3523,6286 3521,6285 3521,6284 3520,6282 1729,6282 1728,6283 1728,6324 1727,6325 1727,6326 1727,6326 1681,6326 1679,6325 1679,6275 1679,6274 1305,6274 1302,6272 1302,6271 1302,6270 1237,6270 1236,6269 1235,6269 1234,6269 1234,6268 1233,6266 1055,6266 1054,6265 1053,6265 1052,6265 1052,6264 1051,6262 962,6262 961,6261 960,6261 958,6260 958,6259 957,6257 948,6257 946,6256 946,6255 945,6253 940,6253 938,6252 938,6251 937,6249 936,6249 934,6248 934,6243 933,6241 932,6241 930,6240 930,6226 930,6225 928,6225 926,6224 926,6207 928,6205 937,6205 938,6204 938,6199 941,6196 942,6196 942,6196 942,6195 944,6193 949,6193 950,6192 950,6191 953,6188 954,6188 954,6188 954,6187 957,6184 962,6184 962,6184 962,6183 965,6180 971,6180 971,6180 971,6129 972,6128 973,6128 974,6127 975,6126 975,6125 976,6124 1002,6124 1003,6126 1003,6127 1005,6128 1269,6128 1270,6130 1270,6131 1272,6132 1273,6132 1274,6134 1274,6136 1275,6136 3904,6136 3906,6134 3906,6133 3907,6132 3953,6132 3954,6131 3954,6129 3955,6128 3957,6128 3959,6131 3959,6132 3960,6132 3961,6132 3962,6134 3962,6180 3963,6180 4025,6180 4027,6183 4027,6184 4028,6184 4037,6184 4038,6185 4039,6185 4039,6186 4039,6236 4041,6237 4042,6237 4043,6239 4043,6244 4042,6245 4041,6245 4039,6247 4039,6248 4038,6249 4037,6249 4035,6251 4035,6252 4034,6253 4033,6253 4031,6255 4031,6260 4030,6261 4025,6261 4023,6263 4023,6264 4022,6265 4017,6265 4015,6267 4015,6268 4013,6270 3911,6270 3909,6272 3909,6273 3908,6274 3875,6274 3873,6276 3873,6277 3873,6277 3872,6277 3871,6278 3818,6278 3816,6280 3816,6281 3815,6282 3701,6282 3699,6284 3699,6285 3698,6286 3611,6286 3610,6287 3610,6290 3611,6290 4184,6290 4185,6292 4185,6297 4184,6298 3611,6298 3610,6299 3610,6337 3609,6338"/><TextEquiv index="1"><Unicode>de ſorte que cette douloureuſe dépouille</Unicode></TextEquiv></TextLine><TextLine id="r0_l028"><Coords points="1001,6541 999,6540 999,6469 999,6468 957,6468 954,6466 954,6465 954,6464 949,6464 938,6454 938,6449 938,6448 937,6448 930,6442 930,6397 932,6395 933,6395 934,6394 934,6389 936,6387 937,6387 937,6387 938,6386 938,6385 940,6383 945,6383 946,6382 946,6381 948,6379 953,6379 954,6378 954,6377 956,6375 1019,6375 1019,6375 1019,6365 1022,6362 1023,6362 1023,6362 1023,6357 1026,6354 1027,6354 1027,6354 1027,6353 1030,6350 1031,6350 1031,6350 1031,6349 1034,6346 1035,6346 1035,6346 1035,6345 1038,6342 1039,6342 1039,6342 1039,6341 1042,6338 1043,6338 1043,6338 1043,6337 1046,6334 1055,6334 1055,6334 1055,6333 1058,6330 1066,6330 1068,6333 1068,6334 1069,6334 1892,6334 1894,6337 1894,6342 1895,6342 3746,6342 3748,6345 3748,6346 3749,6346 3786,6346 3787,6347 3788,6347 3788,6348 3788,6349 3791,6351 3792,6351 3792,6352 3792,6353 3795,6355 3796,6355 3796,6356 3796,6375 3797,6375 4030,6375 4031,6377 4031,6378 4033,6379 4034,6379 4035,6381 4035,6382 4037,6383 4038,6383 4039,6385 4039,6386 4041,6387 4042,6387 4043,6389 4043,6394 4045,6395 4046,6395 4047,6397 4047,6418 4046,6419 4044,6419 4043,6420 4043,6451 4043,6451 4042,6451 4039,6454 4039,6459 4038,6460 4037,6460 4036,6461 4035,6462 4035,6463 4035,6463 4034,6463 4031,6466 4031,6467 4030,6468 4029,6468 4028,6469 4027,6470 4027,6471 4026,6472 4025,6472 4023,6474 4023,6475 4022,6476 3883,6476 3881,6478 3881,6479 3880,6480 3875,6480 3873,6482 3873,6483 3872,6484 3873,6484 4188,6484 4189,6486 4189,6536 4188,6537 4187,6537 4184,6535 4184,6534 4184,6533 4183,6533 4180,6531 4183,6528 4184,6528 4184,6528 4184,6497 4184,6496 2604,6496 2602,6498 2602,6503 2601,6504 2600,6504 2598,6506 2598,6511 2596,6513 2595,6513 2594,6514 2594,6515 2593,6516 2588,6516 2586,6518 2586,6519 2584,6521 2575,6521 2574,6522 2574,6523 2572,6525 2564,6525 2561,6523 2561,6522 2561,6521 1004,6521 1003,6522 1003,6540 1002,6541"/><TextEquiv index="1"><Unicode>eſt traitée, d'un côté, comme celle d'une</Unicode></TextEquiv></TextLine></TextRegion></Page></PcGts>