4266 8120
951 643 4265 870 corps de ſon amante. Il vouloit l'em-
950 851 4265 1074 braſſer & être enterré vivant, dans le
1009 1061 4266 1270 même tombeau, avec cette précieuſe
1006 1253 4266 1458 dépouille. Il s'eſt levé furieux. Il a cher-
904 1422 4267 1652 ché par - tout ton malheureux père. Il
994 1650 4267 1846 vouloit abſolument ſe battre contre lui
1009 1846 4268 2041 au piſtolet, & le punir du meurtre de
1002 2041 4268 2248 ſa fille. Il vomit, contre toi, de juſtes
1002 2240 4268 2444 malédictions. Il brûle de retourner à
954 2432 4269 2640 Paris, pour venir te chercher & termi-
955 2629 4269 2836 ner, avec toi, une querelle où, malheu-
970 2828 4270 3034 reuſement, le bon droit ne ſera pas de
986 3027 4270 3231 ton côté. Que réſultera-t-il de ce com-
990 3217 4271 3420 bat qui paroît inévitable? Ah! ſi les
986 3412 4271 3619 miſérables qui ont cauſé tant de mal-
990 3610 4271 3818 heurs voyoient leur ouvrage, pourroient-
982 3809 4272 4016 ils être inſenſibles aux remords, qui
966 4006 4272 4183 doivent les déchirer, s'ils ont une ame?
1078 4182 4273 4400 Ta mère a ſouffert une maladie très-
978 4373 4273 4596 violente; mais de peu de durée. Elle eſt
978 4592 4274 4794 déjà convaleſcente. Elle n'a pas aſſez
974 4765 4274 4991 d'ame, pour avoir été frappée du mal
959 4986 4274 5201 qu'elle a fait, juſqu'à en mourir; mais
966 5186 4275 5389 elle ne pourra reſter à Lyon, ni elle,
962 5382 4275 5581 ni ſon mari. Ils y ſont univerſellement
959 5575 4276 5780 mépriſés & déteſtés, eux qui jouiſſoient
954 5775 4276 5977 ci-devant de l'eſtime publique. Auſſi l'on
951 5967 4277 6169 dit qu'ils penſent à ſe retirer, & qu'ils
923 6166 4277 6391 ſont ſur le point de leur départ. Il me
