4266 8488
52 681 3191 898 ſemble même qu'on parle d'un voyage
64 887 3207 1103 d'Outremer. Tu peux en ſavoir plus long
72 1094 2067 1303 que moi ſur cet article.
82 1471 3237 1721 i:
90 1819 3000 2077 Céſar de Perlencour, à Dumoulin.
1 2310 3228 2538 J'attenos, mon bon ami, ta ré-
1 2533 3232 2742 ponſe à ma dernière lettre. Je crains
1 2743 2722 2943 qu'on ne l'ait encore interceptée.
1 2946 3233 3147 Le Chevalier Marqué eſt venu me
1 3150 3248 3357 voir. Tu ſens que, dans mes juſtes pré-
1 3354 3252 3559 ventions, contre lui, je n'ai pas dû lui
11 3554 3260 3764 faire un accueil bien flatteur. Je lui ai
3 3760 3260 3973 reproché toute ſa turpitude; je lui ai
7 3963 3269 4168 détaillé toutes les raiſons qui me faiſoient
3 4167 3273 4572 iue a sour iliiue é duar se qi'
20 4577 3270 4761 avoit au moins eu l'atrocité de m'en-
15 4776 3277 4987 flammer contre ma ſœur, & qu'il avoit
16 4981 3273 5196 contribué, par cette indigne conduite,
11 5186 3281 5398 à mon crime & à ſa mort. Il a cherché
15 5390 3285 5602 à ſe juſtifier; mais il le faiſoit ſi gau-
19 5594 3285 5811 chement, qu'il me développoit, malgré
15 5798 3281 6011 lui, plus clairement ſa ſcélérateſſe. Je
162 5998 3289 6215 lui ai dit que je le regardois, lui & ſa
32 6203 3285 6420 Frédégonde, comme ce qu'il y a de plus
23 6410 3297 6632 vil dans le monde, & que je ne pré-
