4266 8587
1497 489 2135 709 io
3 723 3400 976 J'aurai d'autant plus de peine à le mo-
12 973 3388 1187 dérer, que je ſuis ſeul contre lui; car
11 1187 3391 1399 enfin je dois vous avouer, avant votre
15 1398 3400 1612 départ, un ſecret qui peſe à ma candeur,
24 1606 1489 1797 & à ma ſincérité.
24 1803 3384 2030 Le Chevalier de Loutraille vous a
25 2023 3380 2242 été recommandé chaudement, par des
24 2235 3371 2448 amis sûrs & bons juges des hommes.
24 2451 3371 2655 Toute la ville de Bezançon peut vous
28 2659 3375 2871 atteſter les qualités & les mœurs de ce
28 2867 3367 3080 ſujet, que vous voulez bien reconnoître
28 3079 3371 3289 pour eſtimable. C'eſt moi qui ſuis ce
20 3287 3617 3500 Chevalier de Loutraille. Je vous racon-
82 3500 3371 3726 terai, par la ſuite, les circonſtances qui
15 3712 3358 3920 m'ont fait porter, à Paris, le nom de
149 3916 3637 4133 Chevalier Marqué. Je ſuis venu à Lyon,
45 4124 3358 4341 & je me ſuis préſenté à vous ſous mon
32 4336 3371 4545 vrai nom; mais j'ai été bien ſurpris de
45 4536 3367 4759 vous voir hautement prévenu, contre le
49 4723 3354 4974 Chevalier Marqué. Mon premier mou-
41 4967 3350 5173 vement fut d'abord de vous dire que
45 5169 3721 5398 c'étoit moi qui étoit ce Chevalier; mais,
37 5394 3346 5604 tout tant que vous êtes, vous en dites
28 5579 3342 5810 tant de mal, que je craignis de me ruiner
24 5802 3715 6018 entièrement dans votre eſprit, ſi je vous
28 6014 3342 6222 avouois que j'étois moi-même ce per-
28 6201 3342 6437 ſonnage décrié. Je me battis en retraite,
28 6422 3329 6643 & je me contentai de vous dire que le
24 6622 3325 6859 Chevalier Marqué n'étoit pas un homme
2438 6863 2806 7068 Eii
