4266 8529
2349 368 2850 563 .
945 792 4159 1028 “S
987 1190 4243 1435 Céſar de Perlencour fils, à ſon père.
3503 1618 4243 1888 Paris.
1339 2049 4229 2311 Monsieur, & très-honoré père.
1132 2432 4216 2687 Il nous eſt arrivé un grand malheur;
620 2682 4195 2900 nous avons fait une grande perte; mais
920 2899 4203 3317 an ''ape es s qe ouus le oun
928 3311 4199 3532 embarquer; ſeconde perte pour moi. Je
916 3520 4132 3745 vais être privé, pendant trop long-temps,
928 3728 4195 3956 des auteurs de mes jours, de ce que j'ai
928 3941 4203 4162 de plus cher au monde; mais par qui,
907 4149 4199 4378 bon Dieu! vous faites-vous remplacer,
920 4361 4128 4562 très-cher père? Votre lettre m'a rendu
916 4560 4192 4785 ſtupéfait; vous m'y ordonnez de reſ-
920 4791 4183 5003 pecter, comme mon père, le Chevalier
932 4991 4183 5212 de Loutraille. Je ne connois point ce
911 5199 4178 5424 Monſieur-là; il ne paroît point. J'ai bien
911 5407 4178 5633 entendu parler, il y a quelque temps,
916 5616 4174 5832 d'un très-honnête-homme de ce nom;
907 5828 4166 6050 mais il a diſparu tout - à - coup; & l'on
911 6045 4174 6254 n'a jamais ſu ce qu'il étoit devenu. Quant
803 6249 4178 6479 au Chevalier Marqué, c'eſt un roué de
915 6461 4182 6683 la première claſſe. C'eſt à lui que je dois
