4266 8435
1286 500 1969 768 (1o).
15 747 3326 992 lérat parvient à ſon but. Il eſt profond
15 976 3550 1184 dans la ſcélérateſſe. Mon père m'enchaîne
12 1189 3650 1398 ſous ſa conduite; il ſera reſponſable des
33 1406 621 1553 ſuites.
56 1601 3334 1814 Je me ſuis informé de ce qui regarde
19 1805 3342 1998 le Chevalier de Loutraille. C'étoit, dit-
15 2018 3342 2227 on, un très-honnête jeune-homme, qui
19 2222 3334 2431 parut quelque temps à Paris, l'année
19 2430 3338 2640 dernière. Il eut le malheur de rencontrer
19 2635 3334 2848 le Chevalier Marqué, & il ne tarda pas
28 2847 3338 3050 à diſparoître. On ſoupçonne très - fort
19 3048 3338 3255 l'indigne Marqué & ſa Frédégonde,
28 3255 3334 3461 plus indigne encore, d'avoir expédié ſe-
159 3466 3339 3664 crètement cet honnête-homme. On ne
32 3663 3506 3877 ſait pas comment ils ſe ſont approprié
27 3873 3506 4079 tous ſes effets. Ils ont profité de ſon
27 4073 3338 4278 porte-feuille. Il s'y trouvoit de fortes re-
24 4282 3334 4491 commandations auprès de mon père,
32 4488 3342 4692 parce que le jeune-homme devoit bientôt
27 4695 3338 4904 partir pour Lyon, & ſe préſenter à l'au-
175 4903 3338 5108 teur de mes jours. L'impoſteur, peut-
85 5111 3330 5318 être ſon meurtrier, a eu l'impudence
40 5308 3326 5516 de venir à Lyon, & de s'y donner, dans
36 5520 3334 5725 ma famille, pour le Chevalier de Lou-
191 5719 3326 5933 traille. Mon père, abuſé par lui, l'a
179 5921 3330 6142 chargé de ſon fils. Voilà ce que tu au-
31 6129 3322 6338 rois dû me mander, que tu m'as peut-
68 6333 3330 6555 être écrit dans une lettre interceptée, &
27 6542 3449 6759 ce que j'ai lu dans une de tes miſſives-
2124 6760 3130 6956 Ev
