4266 8537
2207 379 2785 635 o
879 692 4233 909 adreſſée à quelqu'un de tes parens. Tel eſt
883 900 4220 1323 mn pu e, a,iluel ee e eirali de
875 1299 4083 1526 Loutraille. Me voilà ſous ſa férule. Il
883 1526 4203 1735 a mes revenus dans les mains. Il me
688 1734 4075 2156 ii ien que je li eis faun j eenle
879 2153 4187 2568 lel dee olerà teſ,, pou yevoir man
883 2567 4175 2989 tcher de le détromper avant
879 3221 4167 3389 n
2273 3552 2714 3694 Suite.
887 3861 4150 4203 Ce que tu m'avois prédit eſt arrivé,
875 4202 4084 4415 mon ami. J'ai reçu la viſite du Comte
891 4415 4087 4622 de S. Flour. Il vient d'eſſuyer une ma-
887 4614 4083 4833 ladie terrible. A peine peut-il ſe ſoutenir.
879 4826 4087 5029 Il ne réſiſteroit pas à un ſoufle. Il m'a
883 5037 4079 5246 fait pitié. „Monſieur, m'a-t-il dit, vous
866 5241 4075 5465 “ſavez la perte que j'ai faite; vous ſavez
870 5457 4079 5656 “que vous y avez contribué, & que
859 5656 4072 5832 “vous me devez ſatisfaction. Je viens
850 5863 4079 6079 “vous la demander.“ -- „Monſieur,
858 6077 4079 6291 “lui ai-je répondu, la perte eſt encore
862 6287 4083 6503 “plus grande pour moi, que pour vous.
850 6494 4137 6710 “Si vous penſez que j'y ai contribué,
