4266 8356
1541 507 2049 696 io
1 752 3368 961 “je dois être livré aux remords, &
7 953 3634 1158 “ſans doute plus à plaindre que vous.
1 1162 3364 1365 “Au reſte, comme ma ſœur ne vous
1 1363 3364 1567 “étoit rien, vous n'aviez aucuns droits
1 1561 3573 1770 “ſur elle; & ce n'eſt pas à vous à
1 1770 3372 1975 “venger ſa mort. Cependant, ſi vous
11 1967 3376 2160 “voulez ſatisfaction, en homme d'hon-
16 2173 3377 2375 “neur, je ne puis vous la refuſer; mais
16 2375 3389 2576 “je dois attendre que vous ayez repris
15 2575 3384 2786 “vos forces, & je ſerois un lâche ſi
27 2780 3074 2982 “j'abuſois de l'état où je vous vois.“
442 2989 3388 3189 Le jeune-homme s'eſt fait prier beau-
39 3160 3388 3393 coup, pour conſentir à différer notre
51 3384 3396 3594 combat, juſqu'à ce qu'il ſoit un peu
47 3585 3388 3795 mieux rétabli. Tout ce qu'il me diſoit,
257 3795 3388 3996 pour me prouver qu'il pouvoit combattre,
47 3992 3396 4196 quoiqu'à peine reſpirant, revenoit à ce
64 4197 1731 4347 vers de Corneille:
75 4587 3115 4774 Mais j'aurai trop de force, ayant aſſez de cœur.
83 4873 3400 5159 Enfin il a bien voulu me promettre d'at-
91 5155 3396 5365 tendre un temps un peu plus favorable
75 5361 3396 5582 pour lui; „d'autant plus, a-t-il ajouté,
87 5562 3400 5763 “qu'il faudra peut - être faire quelques
99 5763 3400 5969 “préparatifs pour cette action, que
83 5967 3404 6174 “nous pouvons regarder comme impor-
95 6162 3400 6368 “tante; car il n'eſt pas queſtion d'un
92 6363 3384 6576 “ſimple aſſaut au premier ſang, comme
