4266 8471
2166 461 2673 684 i
814 711 4216 922 “des Mouſquetaires s'en ſont quelque-
814 921 4217 1139 “fois permis, pour ſavoir qui payeroit
810 1127 4204 1352 “le déjeûner; l'affaire eſt vraîment
806 1346 4192 1558 “ſérieuſe. Il ſera bon que nous nous
802 1552 4183 1766 “tranſportions ſur la frontière, & que
802 1757 4167 1974 “le vainqueur puiſſe ſe mettre en sûreté,
802 1972 4171 2202 “en paſſant tout de ſuite du côté de
806 2190 1947 2398 “l'étranger.“
1012 2388 4159 2599 Je lui ai dit que je conſentirois à
810 2598 4155 2811 tous les arrangemens que l'honneur lui
806 2808 4150 3022 inſpireroit. „Ce n'eſt point moi, ai-je
806 3000 4142 3228 “ajouté, qui pourſuis votre vie. C'eſt
814 3224 4142 3434 “vous qui voulez verſer mon ſang,
810 3438 4130 3648 “parce que j'ai eu le malheur de perdre
526 3640 3994 3850 “ma ſœur. J'aurai peut - être auſſi la
799 3851 4127 4061 “diſgrace de vous joindre à elle. Je le
556 4065 3987 4263 “crains, ſi vous m'y forcez; mais l'hon-
806 4270 4122 4472 “neur parle, il ſuffit: je n'ai rien à vous
802 4471 4120 4678 “dire contre ſes loix.“ Le Comte m'a
802 4682 3982 4892 dit qu'ilcomptoit ſur ſon courage, ſon
806 4887 3982 5089 adreſſe & la bonté de ſa cauſe; & nous
803 5098 4110 5305 nous ſommes ſéparés enfin, avec cette
794 5307 4110 5720 aueie ſe mup p uajaues e derr a ee qsie
798 5717 4101 5926 aient vuidé leur querelle. Il eſt ſorti
798 5925 4105 6149 fort ſérieux, & je ne l'étois pas moins
802 6139 4097 6354 que lui. Cette affaire me paroît fort
802 6345 4097 6556 déſagréable. Je crains bien, en effet,
810 6547 3982 6757 d'ajouter, au remords d'avoir contribué
