<PcGts xmlns="http://schema.primaresearch.org/PAGE/gts/pagecontent/2017-07-15" xmlns:xsi="http://www.w3.org/2001/XMLSchema-instance" xsi:schemaLocation="http://schema.primaresearch.org/PAGE/gts/pagecontent/2017-07-15 http://schema.primaresearch.org/PAGE/gts/pagecontent/2017-07-15/pagecontent.xsd"><Metadata><Creator>User123</Creator><Created>2020-10-14T11:42:33</Created><LastChange>2020-10-14T11:42:33</LastChange></Metadata><Page imageFilename="0120.png" imageHeight="8763" imageWidth="4266"><TextRegion id="r0" type="paragraph" orientation="-0.125"><Coords points="1,1 4264,1 4264,8761 1,8761"/><TextLine id="r0_l001"><Coords points="1473,392 2144,394 2144,607 1473,605"/><TextEquiv index="1"><Unicode>ii</Unicode></TextEquiv></TextLine><TextLine id="r0_l002"><Coords points="-1,868 -1,868 -1,636 0,635 1,635 1,636 1,645 1,645 1135,648 1135,648 1135,651 1136,652 1246,652 1246,653 1246,655 1247,655 2203,657 2204,658 3300,661 3300,661 3300,664 3301,665 3305,665 3305,665 3305,669 3306,670 3437,670 3437,670 3437,758 3437,759 3522,759 3523,760 3523,763 3523,763 3526,763 3527,764 3527,768 3526,768 3523,768 3523,769 3523,781 3522,781 3518,781 3518,782 3518,785 3517,785 3446,785 3446,785 3446,797 3445,798 3441,798 3441,798 3441,805 3440,806 3437,806 3437,806 3437,809 3436,810 3433,810 3433,810 3433,818 3432,819 2959,818 2959,818 2959,827 2958,828 2954,828 2954,828 2954,831 2953,832 2950,832 2950,832 2950,835 2949,836 2942,836 2942,836 2942,839 2941,840 2929,840 2929,840 2929,844 2928,845 2651,844 2651,845 2651,866 2650,866 2647,866 2647,867 2647,870 2646,870 2621,870 2621,870 2621,867 2620,866 2613,866 2613,866 2613,817 2612,816 2241,815 2241,815 2241,814 2240,813 255,809 254,810 1,809 1,810 1,868 0,868"/><TextEquiv index="1"><Unicode>comment faire? Ne ſais-tu pas, imbé-</Unicode></TextEquiv></TextLine><TextLine id="r0_l003"><Coords points="3088,1088 3087,1088 3087,1085 3087,1084 3084,1084 3083,1084 3083,1081 3083,1080 3079,1080 3078,1080 3078,1036 3078,1035 2311,1033 2310,1033 2310,1029 2310,1028 893,1025 892,1026 892,1075 892,1075 841,1075 840,1075 840,1065 840,1064 -1,1062 -2,1062 -1,869 -1,868 1057,871 1058,870 1138,870 1139,870 1139,873 1139,874 2586,877 2587,876 2587,875 2587,875 2612,875 2613,876 2613,877 2613,877 3351,879 3352,879 3352,882 3352,883 3359,883 3360,883 3360,891 3360,892 3363,892 3364,892 3364,929 3364,930 3410,930 3411,930 3411,933 3411,934 3487,934 3488,934 3488,938 3488,939 3496,939 3497,939 3497,942 3497,943 3504,943 3505,943 3504,946 3505,947 3514,947 3514,948 3514,951 3515,951 3518,951 3518,952 3518,960 3519,960 3523,960 3523,961 3523,1011 3523,1011 3519,1011 3518,1012 3518,1015 3518,1015 3515,1015 3514,1016 3514,1024 3514,1024 3511,1024 3510,1024 3510,1027 3510,1028 3498,1028 3497,1028 3497,1032 3497,1033 3225,1032 3224,1033 3126,1033 3125,1034 3125,1084 3125,1084 3122,1084 3121,1085 3121,1088 3121,1088"/><TextEquiv index="1"><Unicode>cille, qu'il eſt amoureux de la petire</Unicode></TextEquiv></TextLine><TextLine id="r0_l004"><Coords points="2297,1310 2296,1309 2284,1309 2284,1309 2284,1247 2283,1246 2216,1246 2216,1246 2216,1244 2215,1243 1780,1242 1779,1241 1,1237 1,1238 1,1270 0,1270 -2,1270 -2,1270 -2,1063 -1,1062 1,1062 1,1063 1,1085 1,1085 1994,1090 1994,1089 1994,1088 1995,1088 2023,1088 2023,1088 2023,1091 2024,1092 2028,1092 2028,1092 2028,1135 2029,1136 3339,1139 3339,1139 3339,1143 3340,1144 3407,1144 3407,1144 3407,1147 3408,1148 3497,1148 3497,1148 3497,1151 3498,1152 3510,1152 3510,1152 3510,1155 3511,1156 3514,1156 3514,1157 3514,1165 3515,1165 3523,1165 3523,1166 3523,1178 3523,1178 3526,1178 3527,1179 3527,1191 3526,1191 3523,1191 3523,1192 3523,1229 3522,1229 3518,1229 3518,1230 3518,1233 3517,1233 3514,1233 3514,1234 3514,1238 3513,1238 3505,1238 3505,1238 3505,1241 3504,1242 3279,1241 3279,1242 3279,1246 3278,1246 3168,1246 3168,1247 3168,1307 3167,1307 2301,1305 2301,1306 2301,1310 2300,1310"/><TextEquiv index="1"><Unicode>Aurore? C'eſt une enfant; gagnons cette</Unicode></TextEquiv></TextLine><TextLine id="r0_l005"><Coords points="-2,1510 -3,1510 -2,1271 -2,1270 0,1270 1,1271 1,1296 1,1296 404,1297 405,1298 405,1302 405,1302 408,1302 409,1303 409,1318 409,1318 775,1319 776,1320 776,1332 776,1332 780,1332 781,1333 781,1349 781,1349 839,1349 840,1350 840,1353 840,1353 848,1353 849,1354 849,1360 849,1360 1454,1362 1455,1361 1455,1349 1455,1349 1459,1349 1460,1348 1460,1332 1460,1332 1463,1332 1464,1331 1464,1327 1464,1327 1467,1327 1468,1326 1468,1319 1468,1319 1471,1319 1472,1318 1472,1314 1472,1314 1476,1314 1477,1313 1477,1310 1477,1310 1480,1310 1481,1309 1481,1306 1481,1306 1497,1306 1498,1305 1498,1302 1498,1302 1514,1302 1515,1302 1515,1305 1515,1306 1518,1306 1519,1306 1519,1309 1519,1310 1523,1310 1524,1310 1524,1360 1524,1361 1788,1361 1789,1362 1789,1365 1789,1365 2266,1366 2267,1366 2267,1337 2267,1336 2270,1336 2271,1336 2271,1333 2271,1332 2274,1332 2275,1332 2275,1328 2275,1327 2279,1327 2280,1327 2280,1315 2280,1314 2283,1314 2284,1314 2284,1310 2284,1309 2296,1309 2297,1310 2300,1310 2301,1311 2301,1314 2301,1314 2304,1314 2305,1315 2305,1323 2305,1323 2309,1323 2310,1324 2310,1332 2310,1332 2313,1332 2314,1333 2314,1340 2314,1340 2317,1340 2318,1341 2318,1361 2318,1361 2761,1362 2762,1362 2762,1315 2762,1314 2770,1314 2771,1314 2771,1311 2771,1310 3005,1311 3006,1310 3158,1310 3159,1310 3159,1308 3159,1307 3167,1307 3168,1308 3168,1309 3168,1309 3436,1310 3437,1310 3437,1360 3437,1361 3504,1361 3505,1361 3505,1365 3505,1366 3513,1366 3514,1367 3514,1370 3514,1370 3517,1370 3518,1371 3518,1374 3518,1374 3522,1374 3523,1375 3523,1383 3523,1383 3526,1383 3527,1384 3527,1391 3527,1391 3530,1391 3531,1392 3531,1400 3530,1400 3528,1400 3528,1401 3527,1438 3527,1438 3524,1438 3523,1439 3523,1447 3523,1447 3515,1447 3514,1448 3514,1451 3514,1451 3511,1451 3510,1452 3510,1455 3510,1455 3498,1455 3497,1455 3497,1459 3497,1460 3395,1460 3394,1460 3394,1463 3394,1464 3387,1464 3386,1464 3386,1467 3386,1468 3370,1468 3369,1467 3369,1464 3369,1464 3357,1464 3356,1463 3356,1461 3356,1461 2866,1460 2865,1460 2865,1463 2865,1464 2849,1464 2848,1463 2848,1461 2848,1461 2363,1459 2362,1460 1888,1459 1887,1460 1883,1460 1882,1460 1882,1456 1882,1455 1247,1454 1246,1455 1239,1455 1238,1455 1238,1452 1238,1451 1029,1451 1028,1450 1028,1448 1028,1448 589,1447 588,1447 588,1463 588,1464 585,1464 584,1464 584,1471 584,1472 577,1472 576,1472 576,1476 576,1477 572,1477 571,1477 571,1480 571,1481 564,1481 563,1481 563,1484 563,1485 551,1485 550,1484 550,1452 550,1452 448,1451 447,1451 447,1448 447,1447 1,1446 1,1447 1,1510 1,1510"/><TextEquiv index="1"><Unicode>fille, &amp; nous ſerons maîtres de lui. Je</Unicode></TextEquiv></TextLine><TextLine id="r0_l006"><Coords points="2169,1738 2169,1738 2169,1737 2168,1736 1968,1736 1968,1735 1968,1727 1967,1727 1,1722 1,1723 1,1725 0,1725 -3,1725 -3,1725 -3,1511 -2,1510 1,1510 1,1511 1,1513 1,1513 708,1515 708,1515 708,1516 709,1517 1801,1519 1801,1520 1801,1524 1802,1524 1806,1524 1806,1525 1806,1526 1807,1526 2779,1528 2779,1529 2779,1532 2780,1532 2801,1532 2801,1533 2801,1545 2802,1545 2805,1545 2805,1546 2805,1573 2806,1573 3497,1575 3497,1575 3497,1578 3498,1579 3518,1579 3518,1580 3518,1639 3517,1639 3514,1639 3514,1640 3514,1656 3513,1656 3510,1656 3510,1656 3510,1664 3509,1665 3505,1665 3505,1665 3505,1668 3504,1669 3275,1668 3274,1669 3198,1669 3198,1670 3198,1673 3197,1673 2895,1673 2895,1673 2895,1676 2894,1677 2177,1675 2177,1676 2177,1738 2176,1738"/><TextEquiv index="1"><Unicode>me charge de cela, moi. Tu verras</Unicode></TextEquiv></TextLine><TextLine id="r0_l007"><Coords points="-3,1941 -4,1941 -3,1726 -3,1725 0,1725 1,1726 1,1735 1,1735 1446,1738 1447,1738 1447,1737 1447,1736 1450,1737 1451,1736 1451,1733 1451,1733 1770,1733 1771,1734 1771,1735 1771,1735 3282,1739 3283,1738 3283,1737 3283,1737 3295,1737 3296,1736 3296,1733 3296,1733 3304,1733 3305,1733 3305,1741 3305,1742 3346,1742 3347,1742 3347,1745 3347,1746 3355,1746 3356,1746 3356,1749 3356,1750 3359,1750 3360,1750 3360,1788 3360,1789 3500,1789 3501,1789 3501,1792 3501,1793 3513,1793 3514,1794 3514,1797 3514,1797 3517,1797 3518,1798 3518,1801 3518,1801 3522,1801 3523,1802 3523,1861 3522,1861 3519,1861 3518,1862 3518,1874 3518,1874 3515,1874 3514,1875 3514,1878 3514,1878 3511,1878 3510,1879 3510,1882 3510,1882 3502,1882 3501,1882 3501,1886 3501,1887 3165,1886 3164,1887 2759,1886 2758,1887 2755,1887 2754,1888 2754,1891 2754,1891 2396,1891 2395,1890 927,1886 926,1887 926,1904 926,1904 923,1904 922,1905 922,1912 922,1912 918,1912 917,1913 917,1925 917,1925 914,1925 913,1926 913,1929 913,1929 1,1927 1,1928 1,1941 1,1941"/><TextEquiv index="1"><Unicode>comme j'en viendrai à bout. Tu l'as</Unicode></TextEquiv></TextLine><TextLine id="r0_l008"><Coords points="2382,2166 2382,2165 2382,2162 2381,2162 1780,2160 1780,2160 1780,2156 1779,2155 1,2151 1,2152 1,2156 0,2156 -4,2156 -4,2156 -4,1942 -3,1941 853,1943 854,1942 883,1942 883,1943 883,1946 884,1946 1408,1947 1409,1948 2980,1952 2981,1951 3048,1951 3048,1950 3048,1947 3049,1947 3369,1948 3370,1947 3394,1947 3394,1947 3394,1950 3395,1951 3437,1951 3437,1951 3437,2005 3438,2006 3501,2006 3501,2006 3501,2010 3502,2011 3514,2011 3514,2012 3514,2015 3515,2015 3518,2015 3518,2016 3518,2023 3519,2023 3523,2023 3523,2024 3523,2032 3524,2032 3527,2032 3527,2033 3527,2075 3527,2075 3524,2075 3523,2076 3523,2079 3523,2079 3519,2079 3518,2080 3518,2087 3518,2087 3515,2087 3514,2088 3514,2092 3513,2092 3505,2092 3505,2092 3505,2095 3504,2096 3497,2096 3497,2096 3497,2099 3496,2100 3390,2100 3390,2100 3390,2104 3389,2105 3382,2105 3382,2105 3382,2108 3381,2109 3364,2109 3364,2109 3364,2163 3363,2164 3356,2164 3355,2165 2391,2163 2391,2163 2391,2165 2390,2166"/><TextEquiv index="1"><Unicode>logé à ſon aiſe auprès de ſa Belle. Je</Unicode></TextEquiv></TextLine><TextLine id="r0_l009"><Coords points="2152,2382 2152,2380 2152,2379 1230,2377 1229,2376 1221,2376 1220,2375 -4,2372 -5,2372 -4,2157 -4,2156 0,2156 1,2157 1,2214 1,2214 1506,2218 1507,2217 1507,2173 1507,2173 1510,2173 1511,2172 1511,2169 1511,2169 1557,2169 1558,2168 1558,2164 1558,2164 2573,2166 2574,2165 2574,2164 2574,2164 3154,2165 3155,2164 3355,2165 3356,2165 3356,2219 3356,2220 3496,2220 3497,2220 3497,2223 3497,2224 3504,2224 3505,2224 3505,2227 3505,2228 3509,2228 3510,2229 3510,2233 3510,2233 3513,2233 3514,2234 3514,2237 3514,2237 3517,2237 3518,2238 3518,2250 3518,2250 3522,2250 3523,2251 3523,2254 3523,2254 3526,2254 3527,2255 3527,2258 3526,2258 3523,2258 3523,2259 3523,2297 3522,2297 3518,2297 3518,2298 3518,2301 3517,2301 3514,2301 3514,2302 3514,2305 3513,2305 3505,2305 3505,2305 3505,2309 3504,2310 3493,2310 3493,2310 3493,2313 3492,2314 3084,2313 3084,2314 3083,2369 3083,2369 3075,2369 3074,2370 3074,2374 3074,2374 2161,2372 2160,2373 2160,2381 2160,2381 2154,2381 2153,2382"/><TextEquiv index="1"><Unicode>ne veux pas qu'il nage ainſi en pleine</Unicode></TextEquiv></TextLine><TextLine id="r0_l010"><Coords points="3036,2597 3036,2596 3036,2595 3035,2595 1451,2592 1451,2591 1451,2589 1450,2589 -5,2585 -5,2585 -5,2373 -4,2372 1,2372 1,2373 2600,2379 2601,2378 3335,2380 3335,2379 3335,2378 3336,2378 3339,2378 3339,2377 3339,2374 3340,2374 3501,2374 3501,2374 3501,2377 3502,2378 3510,2378 3510,2379 3510,2382 3511,2382 3514,2382 3514,2383 3514,2506 3515,2506 3523,2506 3523,2507 3523,2510 3524,2510 3527,2510 3527,2511 3527,2523 3527,2523 3447,2523 3446,2523 3446,2526 3446,2527 3203,2526 3202,2527 3182,2527 3181,2528 3181,2532 3181,2532 3088,2532 3087,2533 3087,2536 3087,2536 3084,2536 3083,2537 3083,2540 3083,2540 3062,2540 3061,2541 3061,2544 3061,2544 3049,2544 3048,2544 3048,2596 3047,2597"/><TextEquiv index="1"><Unicode>eau, &amp; qu'il ait tout à ſouhait. Je lui</Unicode></TextEquiv></TextLine><TextLine id="r0_l011"><Coords points="2353,2810 2352,2810 2352,2786 2352,2785 841,2782 840,2783 840,2806 840,2806 833,2806 832,2806 832,2804 832,2803 -5,2801 -6,2801 -5,2586 -5,2585 1070,2588 1071,2587 1074,2587 1075,2587 1075,2589 1075,2590 1608,2591 1609,2592 1770,2592 1771,2593 3235,2596 3236,2596 3236,2592 3236,2591 3248,2591 3249,2592 3249,2596 3249,2596 3252,2596 3253,2597 3253,2646 3253,2646 3509,2647 3510,2648 3510,2651 3510,2651 3517,2651 3518,2652 3518,2656 3518,2656 3522,2656 3523,2657 3523,2668 3523,2668 3526,2668 3527,2669 3527,2677 3526,2677 3523,2677 3523,2678 3523,2724 3522,2724 3518,2724 3518,2725 3518,2728 3517,2728 3514,2728 3514,2729 3514,2737 3513,2737 3505,2737 3505,2737 3505,2740 3504,2741 3493,2741 3493,2741 3493,2744 3492,2745 3447,2745 3447,2745 3446,2783 3446,2784 2776,2782 2775,2783 2775,2788 2775,2788 2772,2788 2771,2789 2771,2792 2771,2792 2768,2792 2767,2793 2767,2796 2767,2796 2763,2796 2762,2797 2762,2801 2762,2801 2750,2801 2749,2802 2749,2805 2749,2805 2370,2805 2369,2805 2369,2810 2369,2811"/><TextEquiv index="1"><Unicode>enleverai ſa Divinité. Je la logerai dans</Unicode></TextEquiv></TextLine><TextLine id="r0_l012"><Coords points="-6,3020 -6,3020 -6,2802 -5,2801 1,2801 1,2802 1,2878 1,2878 213,2879 213,2878 213,2865 214,2865 315,2865 315,2865 315,2862 316,2861 452,2861 452,2862 452,2864 453,2864 640,2865 640,2865 640,2868 641,2869 823,2869 823,2869 823,2815 824,2814 828,2814 828,2814 828,2810 829,2809 832,2809 832,2809 832,2807 833,2806 922,2806 923,2805 951,2805 951,2806 951,2814 952,2814 956,2814 956,2815 956,2864 957,2864 1058,2865 1058,2865 1058,2868 1059,2869 1255,2869 1255,2869 1255,2810 1256,2809 1272,2809 1272,2810 1272,2814 1273,2814 1276,2814 1276,2815 1276,2818 1277,2818 1280,2818 1280,2819 1280,2831 1281,2831 1285,2831 1285,2832 1285,2848 1286,2848 1289,2848 1289,2849 1289,2869 1290,2869 1451,2870 1452,2869 1801,2869 1801,2869 1801,2815 1802,2814 1810,2814 1810,2814 1810,2810 1811,2809 1964,2810 1965,2809 1994,2809 1994,2809 1994,2868 1995,2869 2181,2869 2181,2869 2181,2857 2182,2856 2186,2856 2186,2856 2186,2849 2187,2848 2190,2848 2190,2848 2190,2840 2191,2839 2194,2839 2194,2839 2194,2832 2195,2831 2199,2831 2199,2831 2199,2823 2200,2822 2203,2822 2203,2822 2203,2819 2204,2818 2216,2818 2216,2818 2216,2815 2217,2814 2224,2814 2224,2814 2224,2810 2225,2809 2246,2809 2247,2810 2369,2811 2369,2811 2369,2813 2370,2814 2374,2814 2374,2814 2374,2868 2375,2869 2523,2869 2523,2869 2523,2872 2524,2873 2566,2873 2566,2873 2566,2877 2567,2878 2574,2878 2574,2878 2574,2881 2575,2882 2579,2882 2579,2882 2579,2928 2580,2929 2856,2930 2856,2929 2856,2899 2857,2899 2865,2899 2865,2898 2865,2890 2866,2890 2869,2890 2869,2889 2869,2886 2870,2886 2878,2886 2878,2885 2878,2843 2879,2843 2882,2843 2882,2842 2882,2835 2883,2835 2886,2835 2886,2834 2886,2831 2887,2831 2899,2831 2899,2830 2899,2826 2900,2826 2925,2826 2925,2826 2925,2830 2926,2831 2933,2831 2933,2831 2933,2842 2934,2843 2937,2843 2937,2843 2937,2864 2938,2865 3006,2865 3006,2865 3006,2868 3007,2869 3138,2869 3138,2869 3138,2836 3139,2835 3142,2835 3142,2835 3142,2827 3143,2826 3159,2826 3159,2827 3159,2831 3160,2831 3164,2831 3164,2832 3164,2869 3165,2869 3390,2870 3390,2869 3390,2818 3391,2818 3394,2818 3394,2817 3394,2814 3395,2814 3399,2814 3399,2813 3399,2809 3400,2809 3403,2809 3403,2808 3403,2805 3404,2805 3424,2805 3424,2805 3424,2864 3425,2865 3497,2865 3497,2865 3497,2868 3498,2869 3505,2869 3505,2869 3505,2872 3506,2873 3514,2873 3514,2874 3514,2878 3515,2878 3518,2878 3518,2879 3518,2890 3519,2890 3523,2890 3523,2891 3523,2908 3523,2908 3519,2908 3518,2909 3518,2942 3518,2942 3515,2942 3514,2943 3514,2946 3514,2946 3511,2946 3510,2947 3510,2950 3510,2950 3502,2950 3501,2950 3501,2953 3501,2954 3246,2953 3245,2954 3242,2954 3241,2955 3241,2959 3241,2959 3160,2959 3159,2960 3159,2976 3159,2976 3156,2976 3155,2977 3155,2984 3155,2984 3152,2984 3151,2985 3151,2993 3151,2993 3148,2993 3147,2994 3147,3001 3147,3001 3143,3001 3142,3002 3142,3006 3142,3006 3139,3006 3138,3007 3138,3010 3137,3010 3125,3010 3125,3010 3125,2960 3125,2959 2725,2958 2724,2959 2724,2972 2724,2972 2721,2972 2720,2973 2720,2980 2720,2980 2716,2980 2715,2981 2715,2984 2715,2984 2708,2984 2707,2985 2707,2989 2707,2989 2704,2989 2703,2990 2703,2993 2703,2993 2682,2993 2681,2993 2681,2964 2681,2963 2575,2963 2574,2962 2574,2959 2574,2959 2328,2958 2327,2959 2311,2959 2310,2960 2310,2963 2310,2963 2298,2963 2297,2963 2297,2960 2297,2959 2020,2959 2019,2959 2019,3013 2018,3014 1972,3014 1972,3013 1972,2960 1972,2960 1576,2959 1575,2958 1575,2955 1575,2955 1290,2954 1289,2955 1289,2959 1289,2959 1281,2959 1280,2959 1280,2955 1280,2954 995,2954 994,2954 994,2958 994,2959 985,2958 984,2959 752,2959 751,2959 751,2962 751,2963 743,2963 742,2962 742,2959 742,2959 709,2959 708,2958 708,2954 708,2954 448,2953 447,2954 436,2954 435,2955 435,2959 435,2959 410,2959 409,2960 409,2984 409,2984 401,2984 400,2984 400,2955 400,2954 355,2954 354,2955 354,3020 353,3020 353,3020 353,2955 353,2954 235,2954 234,2953 234,2950 234,2950 226,2950 225,2949 225,2946 225,2946 222,2946 221,2945 221,2942 221,2942 218,2942 217,2941 217,2891 217,2891 1,2890 1,2891 1,3019 0,3019 -1,3019 -2,3020"/><TextEquiv index="1"><Unicode>une maiſon à ma diſpoſition, &amp; je le</Unicode></TextEquiv></TextLine><TextLine id="r0_l013"><Coords points="-6,3231 -6,3231 -6,3021 -6,3020 -2,3020 -1,3019 224,3020 225,3019 233,3019 234,3018 234,3014 234,3014 506,3014 507,3015 507,3019 507,3019 523,3019 524,3020 1988,3024 1989,3023 3052,3025 3053,3025 3053,3024 3053,3023 3082,3023 3083,3024 3083,3027 3083,3027 3086,3027 3087,3028 3087,3031 3087,3031 3090,3031 3091,3032 3091,3073 3091,3073 3342,3074 3343,3074 3343,3077 3343,3078 3372,3078 3373,3078 3373,3082 3373,3083 3440,3083 3441,3083 3441,3086 3441,3087 3445,3087 3446,3087 3446,3107 3446,3108 3522,3108 3523,3109 3523,3117 3523,3117 3526,3117 3527,3118 3527,3125 3526,3125 3523,3125 3523,3126 3523,3130 3522,3130 3518,3130 3518,3131 3518,3134 3517,3134 3463,3134 3463,3134 3463,3167 3462,3168 3416,3168 3416,3168 3416,3171 3415,3172 3305,3172 3305,3172 3305,3197 3304,3198 3300,3198 3300,3198 3300,3210 3299,3211 3296,3211 3296,3211 3296,3218 3295,3219 3288,3219 3288,3219 3288,3223 3287,3224 3283,3224 3283,3224 3283,3227 3282,3228 3275,3227 3274,3228 3228,3228 3228,3228 3228,3225 3227,3224 3219,3224 3219,3224 3219,3212 3218,3211 3215,3211 3215,3211 3215,3183 3214,3182 1332,3178 1332,3179 1332,3185 1331,3185 1327,3185 1327,3186 1327,3189 1326,3189 1323,3189 1323,3190 1323,3198 1322,3198 1319,3198 1319,3199 1319,3202 1318,3202 1310,3202 1310,3203 1310,3206 1309,3206 887,3205 886,3206 870,3206 870,3207 870,3211 869,3211 1,3209 1,3210 1,3231 0,3231"/><TextEquiv index="1"><Unicode>laiſſerai, lui, ſe morfondre avec ſa gra-</Unicode></TextEquiv></TextLine><TextLine id="r0_l014"><Coords points="-2,3463 -3,3462 -7,3462 -7,3462 -6,3232 -6,3231 1,3231 1,3232 1,3291 1,3291 435,3292 435,3293 435,3296 436,3296 512,3296 512,3297 512,3300 513,3300 516,3300 516,3301 516,3305 517,3305 520,3305 520,3306 520,3309 521,3309 729,3310 730,3309 738,3309 738,3308 738,3305 739,3305 755,3305 755,3304 755,3245 756,3245 759,3245 759,3245 759,3242 760,3241 776,3241 776,3241 776,3237 777,3236 785,3236 785,3237 785,3241 786,3241 789,3241 789,3242 789,3292 790,3292 926,3292 926,3293 926,3295 927,3295 1165,3296 1165,3295 1165,3283 1166,3283 1169,3283 1169,3282 1169,3262 1170,3262 1174,3262 1174,3261 1174,3258 1175,3258 1178,3258 1178,3257 1178,3253 1179,3253 1182,3253 1182,3252 1182,3249 1183,3249 1186,3249 1186,3248 1186,3245 1187,3245 1191,3245 1191,3244 1191,3241 1192,3241 1199,3241 1199,3240 1199,3236 1200,3236 1225,3236 1225,3237 1225,3241 1226,3241 1229,3241 1229,3242 1229,3300 1230,3300 1481,3301 1482,3300 1490,3300 1490,3299 1490,3296 1491,3296 1673,3296 1673,3295 1673,3292 1674,3292 1729,3292 1729,3292 1729,3246 1730,3245 1733,3245 1733,3245 1733,3242 1734,3241 1750,3241 1750,3242 1750,3245 1751,3245 1754,3245 1754,3246 1754,3249 1755,3249 1759,3249 1759,3250 1759,3292 1760,3292 1806,3292 1806,3293 1806,3299 1807,3299 2288,3300 2288,3300 2288,3297 2289,3296 2357,3296 2357,3296 2357,3293 2359,3291 2369,3292 2369,3292 2369,3295 2370,3296 2519,3296 2519,3296 2519,3299 2520,3300 2767,3300 2767,3300 2767,3297 2768,3296 2861,3297 2862,3296 2865,3296 2865,3295 2865,3292 2866,3292 3053,3292 3053,3292 3053,3242 3054,3241 3056,3241 3056,3241 3056,3237 3057,3236 3069,3236 3070,3236 3070,3233 3070,3232 3073,3232 3074,3233 3074,3236 3074,3236 3261,3236 3261,3237 3261,3238 3262,3239 3262,3241 3263,3241 3266,3241 3266,3242 3266,3245 3267,3245 3271,3245 3271,3246 3271,3287 3272,3287 3441,3288 3441,3288 3441,3295 3442,3296 3467,3296 3467,3296 3467,3299 3468,3300 3471,3300 3471,3300 3471,3355 3472,3356 3510,3356 3510,3357 3510,3360 3511,3360 3514,3360 3514,3361 3514,3386 3514,3386 3506,3386 3505,3386 3505,3389 3505,3390 3284,3390 3283,3389 3283,3387 3283,3387 2891,3386 2890,3386 2890,3389 2890,3390 2887,3390 2886,3390 2886,3432 2886,3433 2883,3433 2882,3432 2882,3391 2882,3391 2699,3390 2698,3391 2698,3394 2698,3394 2691,3394 2690,3394 2690,3391 2690,3390 2452,3390 2451,3390 2451,3393 2451,3394 2208,3393 2207,3394 2131,3394 2130,3394 2130,3449 2130,3450 2127,3450 2126,3450 2126,3453 2126,3454 2020,3454 2019,3453 2019,3450 2019,3450 1990,3450 1989,3449 1989,3391 1989,3391 1623,3390 1622,3390 1622,3393 1622,3394 1516,3394 1515,3394 1515,3445 1515,3446 1512,3446 1511,3446 1511,3449 1511,3450 1473,3450 1472,3449 1472,3446 1472,3446 1469,3446 1468,3445 1468,3391 1468,3391 1034,3390 1033,3390 1033,3393 1033,3394 1021,3394 1020,3393 1020,3391 1020,3391 632,3390 631,3390 631,3402 631,3403 628,3403 627,3403 627,3406 627,3407 624,3407 623,3407 623,3415 623,3416 615,3416 614,3416 614,3419 614,3420 606,3420 605,3420 605,3423 605,3424 594,3424 593,3423 593,3391 593,3391 239,3390 238,3389 238,3382 238,3382 235,3382 234,3381 234,3364 234,3364 231,3364 230,3363 230,3352 230,3352 226,3352 225,3351 225,3343 225,3343 222,3343 221,3342 221,3326 221,3326 218,3326 217,3325 217,3322 217,3322 214,3322 213,3321 213,3313 213,3313 209,3313 208,3312 208,3309 208,3309 56,3308 55,3309 55,3450 53,3452 52,3452 51,3453 1,3453 1,3454 1,3463 0,3463"/><TextEquiv index="1"><Unicode>vure, dans ſon petit appartement déſert.</Unicode></TextEquiv></TextLine><TextLine id="r0_l015"><Coords points="2126,3668 2126,3667 2126,3663 2125,3663 2122,3663 2122,3662 2122,3608 2121,3608 1959,3608 1959,3607 1959,3605 1958,3605 1460,3604 1460,3604 1460,3607 1459,3608 1361,3607 1360,3608 1357,3608 1357,3609 1357,3612 1356,3612 1353,3612 1353,3612 1353,3609 1352,3608 1349,3608 1349,3608 1349,3605 1348,3604 1122,3604 1122,3604 1122,3607 1121,3608 1114,3608 1114,3608 1114,3611 1113,3612 1092,3612 1092,3611 1092,3609 1091,3609 469,3607 468,3608 460,3608 460,3608 460,3596 459,3595 1,3594 1,3595 1,3658 0,3658 -7,3658 -7,3658 -7,3468 -7,3467 49,3467 50,3467 50,3454 52,3452 53,3452 55,3450 208,3451 209,3450 294,3450 294,3449 294,3446 295,3446 302,3446 302,3447 302,3450 303,3450 307,3450 307,3451 307,3510 307,3510 540,3511 541,3510 549,3510 550,3509 550,3505 550,3505 724,3505 725,3505 725,3509 725,3510 728,3510 729,3510 729,3513 729,3514 754,3514 755,3514 755,3517 755,3518 950,3518 951,3518 951,3464 951,3463 955,3463 956,3463 956,3459 957,3458 960,3458 960,3458 960,3455 961,3454 1028,3455 1029,3454 1041,3454 1041,3454 1041,3509 1041,3510 1207,3510 1208,3510 1208,3513 1208,3514 1211,3514 1212,3514 1212,3517 1212,3518 1437,3518 1438,3518 1438,3515 1438,3514 1440,3514 1441,3513 1518,3514 1519,3513 1519,3458 1520,3458 1524,3458 1524,3457 1524,3454 1525,3454 1541,3454 1541,3454 1541,3457 1542,3458 1545,3458 1545,3458 1545,3509 1545,3510 1758,3510 1759,3510 1759,3489 1759,3488 1762,3488 1763,3488 1763,3481 1763,3480 1766,3480 1767,3480 1767,3477 1767,3476 1770,3476 1771,3476 1771,3472 1771,3471 1775,3471 1776,3471 1776,3464 1777,3463 1780,3463 1780,3463 1780,3459 1781,3458 1789,3458 1789,3458 1789,3455 1790,3454 1823,3454 1823,3455 1823,3458 1824,3458 1827,3458 1827,3459 1827,3513 1827,3513 1928,3514 1929,3514 1929,3517 1929,3518 2146,3518 2147,3518 2147,3515 2147,3514 2245,3514 2246,3514 2246,3464 2247,3463 2258,3463 2258,3464 2258,3467 2258,3467 2266,3467 2267,3468 2267,3471 2267,3471 2270,3471 2271,3472 2271,3488 2271,3488 2274,3488 2275,3489 2275,3497 2275,3497 2279,3497 2280,3498 2280,3505 2280,3505 2283,3505 2284,3506 2284,3514 2284,3514 2334,3514 2335,3515 2335,3517 2335,3517 2437,3518 2438,3518 2438,3522 2438,3523 2445,3523 2446,3523 2446,3526 2446,3527 2450,3527 2451,3527 2451,3534 2451,3535 2454,3535 2455,3535 2455,3543 2455,3544 2458,3544 2459,3544 2459,3577 2459,3578 2663,3578 2664,3578 2664,3524 2664,3523 2667,3523 2668,3523 2668,3519 2668,3518 2676,3518 2677,3518 2677,3515 2677,3514 2680,3514 2681,3514 2681,3511 2681,3510 2684,3510 2685,3510 2685,3489 2685,3488 2689,3488 2690,3488 2690,3477 2690,3476 2693,3476 2694,3476 2694,3472 2694,3471 2697,3471 2698,3471 2698,3468 2698,3467 2702,3467 2703,3467 2703,3464 2704,3463 2707,3463 2707,3463 2707,3459 2708,3458 2711,3458 2711,3458 2711,3455 2712,3454 2720,3454 2720,3454 2720,3451 2721,3450 2749,3450 2749,3451 2749,3458 2750,3458 2754,3458 2754,3459 2754,3509 2754,3509 3124,3510 3125,3510 3125,3455 3126,3454 3142,3454 3142,3454 3142,3451 3143,3450 3155,3450 3155,3451 3155,3509 3155,3509 3389,3510 3390,3509 3390,3505 3390,3505 3393,3505 3394,3504 3394,3501 3394,3501 3402,3501 3403,3501 3403,3504 3403,3505 3483,3505 3484,3505 3484,3509 3484,3510 3492,3510 3493,3510 3493,3513 3493,3514 3504,3514 3505,3514 3505,3517 3505,3518 3509,3518 3510,3519 3510,3523 3510,3523 3513,3523 3514,3524 3514,3527 3514,3527 3517,3527 3518,3528 3518,3574 3518,3574 3522,3574 3523,3575 3523,3578 3522,3578 3518,3578 3518,3579 3518,3587 3517,3587 3514,3587 3514,3588 3514,3591 3513,3591 3505,3591 3505,3591 3505,3594 3504,3595 3501,3595 3501,3595 3501,3598 3500,3599 3497,3599 3497,3599 3497,3603 3496,3604 3151,3603 3150,3604 3142,3604 3142,3604 3142,3600 3141,3599 2912,3599 2912,3599 2912,3603 2911,3604 2801,3603 2800,3604 2796,3604 2796,3605 2796,3608 2795,3608 2557,3608 2557,3608 2557,3615 2556,3616 2553,3616 2553,3616 2553,3624 2552,3625 2549,3625 2549,3625 2549,3628 2548,3629 2544,3629 2544,3629 2544,3633 2543,3634 2540,3634 2540,3634 2540,3637 2539,3638 2532,3638 2532,3638 2532,3641 2531,3642 2510,3642 2510,3641 2510,3612 2509,3612 2275,3611 2274,3612 2177,3612 2177,3613 2177,3663 2176,3663 2173,3663 2173,3664 2173,3668 2172,3668"/><TextEquiv index="1"><Unicode>Il veut aller voir ſon père, ſans doute</Unicode></TextEquiv></TextLine><TextLine id="r0_l016"><Coords points="2887,3879 2886,3878 2793,3877 2792,3877 2792,3874 2792,3873 2785,3873 2784,3873 2784,3822 2784,3821 2584,3821 2583,3821 2583,3825 2583,3826 2575,3826 2574,3826 2574,3829 2574,3830 2567,3830 2566,3830 2566,3833 2566,3834 2541,3834 2540,3833 2540,3827 2540,3827 2174,3826 2173,3826 2173,3822 2173,3821 1963,3821 1909,3821 1908,3821 1908,3825 1908,3826 1899,3825 1898,3826 1888,3826 1887,3827 1887,3830 1887,3830 1883,3830 1882,3830 1882,3827 1882,3826 1533,3826 1532,3825 1532,3822 1532,3822 1251,3821 1250,3822 1250,3826 1250,3826 1226,3826 1225,3826 1225,3822 1225,3821 1008,3821 1007,3821 1007,3825 1007,3826 974,3825 973,3826 905,3826 904,3827 904,3830 904,3830 897,3830 896,3830 896,3827 896,3826 794,3826 793,3826 793,3822 793,3821 666,3821 665,3820 665,3817 665,3817 658,3817 657,3816 657,3814 657,3814 448,3813 447,3814 447,3817 447,3817 440,3817 439,3817 439,3814 439,3813 239,3813 238,3813 238,3867 238,3868 196,3868 195,3867 195,3822 195,3822 -7,3821 -8,3821 -7,3659 -7,3658 0,3658 1,3659 1,3689 1,3690 1,3722 1,3722 213,3723 213,3722 213,3719 214,3719 221,3719 221,3718 221,3715 222,3715 225,3715 225,3715 225,3718 226,3719 529,3720 530,3719 674,3719 674,3719 674,3722 675,3723 734,3723 734,3723 734,3727 735,3728 763,3728 763,3729 763,3732 764,3732 823,3732 823,3733 823,3735 824,3735 1040,3736 1040,3735 1041,3685 1041,3685 1044,3685 1045,3684 1045,3676 1045,3676 1049,3676 1050,3675 1050,3672 1050,3672 1164,3672 1165,3671 1165,3668 1165,3668 1177,3668 1178,3668 1178,3671 1178,3672 1181,3672 1182,3672 1181,3727 1182,3728 1460,3729 1461,3728 1494,3728 1494,3728 1494,3731 1495,3732 1724,3732 1724,3732 1724,3729 1725,3728 1729,3728 1729,3728 1729,3724 1730,3723 1737,3723 1737,3724 1737,3728 1738,3728 1801,3728 1801,3729 1801,3731 1802,3731 2049,3732 2049,3731 2049,3728 2050,3728 2053,3728 2053,3728 2053,3731 2054,3732 2357,3732 2358,3731 2548,3732 2548,3731 2549,3676 2549,3676 2608,3676 2609,3676 2609,3673 2609,3672 2620,3672 2621,3673 2621,3676 2621,3676 2625,3676 2626,3677 2625,3728 2626,3728 2899,3729 2900,3728 3066,3728 3066,3728 3066,3711 3067,3710 3070,3710 3070,3710 3070,3703 3071,3702 3073,3702 3073,3702 3074,3690 3074,3689 3077,3689 3078,3689 3078,3682 3078,3681 3082,3681 3083,3681 3083,3677 3083,3676 3090,3676 3091,3676 3091,3673 3091,3672 3094,3672 3095,3672 3095,3669 3095,3668 3103,3668 3104,3668 3104,3664 3104,3663 3124,3663 3125,3664 3125,3668 3125,3668 3137,3668 3138,3669 3138,3681 3138,3681 3141,3681 3142,3682 3141,3719 3142,3719 3189,3719 3189,3720 3189,3722 3190,3722 3470,3723 3470,3722 3471,3672 3471,3672 3475,3672 3476,3671 3476,3668 3476,3668 3483,3668 3484,3667 3484,3663 3484,3663 3500,3663 3501,3663 3501,3667 3501,3668 3509,3668 3510,3669 3509,3796 3510,3796 3523,3796 3523,3797 3523,3804 3523,3804 3519,3804 3518,3805 3518,3809 3518,3809 3451,3809 3450,3809 3450,3812 3450,3813 3404,3813 3403,3813 3403,3816 3403,3817 3263,3816 3262,3817 2896,3817 2895,3817 2895,3878 2895,3879"/><TextEquiv index="1"><Unicode>pour travailler contre nous. Je profiterai</Unicode></TextEquiv></TextLine><TextLine id="r0_l017"><Coords points="3121,4112 3121,4112 3121,4032 3120,4031 2737,4030 2736,4031 2728,4031 2728,4032 2728,4035 2727,4035 2681,4035 2681,4036 2681,4039 2680,4039 2673,4039 2673,4039 2673,4036 2672,4035 2382,4035 2382,4035 2382,4038 2381,4039 2339,4038 2338,4039 2318,4039 2318,4039 2318,4036 2317,4035 2194,4035 2075,4035 2075,4035 2075,4038 2074,4039 1994,4039 1994,4039 1994,4060 1993,4061 1985,4061 1985,4061 1985,4081 1984,4082 1981,4082 1981,4082 1981,4085 1980,4086 1976,4086 1976,4086 1976,4090 1975,4091 1972,4091 1972,4091 1972,4094 1971,4095 1968,4095 1968,4094 1968,4091 1967,4091 1964,4091 1964,4090 1964,4086 1963,4086 1959,4086 1959,4085 1959,4040 1958,4040 1558,4039 1558,4039 1558,4051 1557,4052 1554,4052 1554,4052 1554,4060 1553,4061 1549,4061 1549,4061 1549,4064 1548,4065 1545,4065 1545,4065 1545,4068 1544,4069 1528,4069 1528,4069 1528,4072 1527,4073 1511,4073 1511,4072 1511,4045 1510,4045 1109,4044 1109,4043 1109,4040 1108,4040 845,4039 845,4039 845,4036 844,4035 580,4035 580,4034 580,4031 579,4031 563,4031 563,4030 563,4027 562,4027 319,4026 319,4026 319,4023 318,4022 260,4022 260,4022 260,4091 259,4092 251,4092 251,4091 251,4022 250,4022 230,4022 230,4021 230,4018 229,4018 208,4018 208,4017 208,4014 207,4014 1,4013 1,4014 1,4098 0,4098 -1,4098 -2,4099 -5,4099 -6,4100 -8,4100 -8,4100 -8,3909 -7,3908 1,3908 1,3909 1,3953 1,3953 207,3954 208,3953 208,3950 208,3950 212,3950 213,3949 213,3941 213,3941 229,3941 230,3940 230,3937 230,3937 246,3937 247,3936 247,3881 248,3881 251,3881 251,3880 251,3877 252,3877 264,3877 264,3876 264,3873 265,3873 277,3873 277,3873 277,3932 277,3933 493,3933 494,3933 494,3929 494,3928 498,3928 499,3928 499,3921 499,3920 502,3920 503,3920 503,3904 504,3903 507,3903 507,3903 507,3899 508,3898 512,3898 512,3898 512,3895 513,3894 516,3894 516,3894 516,3887 517,3886 523,3886 524,3885 524,3881 525,3880 529,3881 529,3880 529,3877 530,3877 558,3877 558,3877 558,3880 559,3881 563,3881 563,3881 563,3885 564,3886 567,3886 567,3886 567,3940 567,3941 669,3941 670,3941 670,3944 670,3945 707,3945 708,3945 708,3949 708,3950 916,3950 917,3950 917,3895 918,3894 922,3894 922,3894 922,3891 923,3890 934,3890 934,3890 934,3887 935,3886 1067,3887 1068,3886 1084,3886 1084,3886 1084,3889 1085,3890 1097,3890 1097,3890 1097,3893 1098,3894 1101,3894 1101,3894 1101,3944 1101,3945 1390,3945 1391,3946 1391,3950 1391,3950 1395,3950 1396,3951 1396,3954 1396,3954 1403,3954 1404,3955 1404,3958 1404,3958 1407,3958 1408,3959 1408,3962 1408,3962 1416,3962 1417,3963 1417,3971 1417,3971 1420,3971 1421,3972 1421,4008 1421,4008 1659,4009 1660,4008 1660,3997 1660,3997 1664,3997 1665,3996 1665,3980 1665,3980 1668,3980 1669,3979 1669,3975 1669,3975 1672,3975 1673,3974 1673,3971 1673,3971 1676,3971 1677,3971 1677,3968 1677,3967 1685,3967 1686,3967 1686,3921 1687,3920 1690,3920 1690,3920 1690,3916 1691,3915 1695,3915 1695,3915 1695,3912 1696,3911 1703,3911 1703,3911 1703,3908 1704,3907 1720,3907 1720,3907 1720,3904 1721,3903 1724,3903 1724,3904 1724,3907 1725,3907 1733,3907 1733,3908 1733,3911 1734,3911 1737,3911 1737,3912 1737,3915 1738,3915 1742,3915 1742,3916 1742,3920 1743,3920 1746,3920 1746,3921 1746,3941 1746,3941 1813,3941 1814,3942 1814,3945 1814,3945 1817,3945 1818,3946 1818,3953 1818,3953 1967,3954 1968,3953 1968,3920 1969,3920 1972,3920 1972,3919 1972,3911 1973,3911 1976,3911 1976,3910 1976,3907 1977,3907 1998,3907 1998,3907 1998,3910 1999,3911 2002,3911 2002,3911 2002,3944 2002,3945 2245,3945 2246,3945 2246,3899 2247,3898 2250,3898 2250,3898 2250,3895 2251,3894 2258,3894 2258,3894 2258,3891 2259,3890 2267,3890 2267,3890 2267,3887 2268,3886 2416,3887 2417,3886 2421,3886 2421,3886 2421,3889 2422,3890 2433,3890 2433,3890 2433,3893 2434,3894 2438,3894 2438,3894 2438,3936 2438,3937 2616,3937 2617,3937 2617,3934 2617,3933 2757,3933 2758,3933 2758,3887 2759,3886 2762,3886 2762,3886 2762,3882 2763,3881 2826,3882 2827,3881 2886,3881 2886,3880 2886,3879 2887,3879 2895,3879 2895,3879 2895,3880 2896,3881 2899,3881 2899,3881 2899,3936 2899,3937 3167,3937 3168,3937 3168,3891 3169,3890 3172,3890 3172,3890 3172,3882 3173,3881 3390,3882 3391,3881 3394,3881 3394,3880 3394,3877 3395,3877 3403,3877 3403,3876 3403,3873 3404,3873 3407,3873 3407,3873 3407,3876 3408,3877 3420,3877 3420,3877 3420,3885 3421,3886 3424,3886 3424,3886 3424,3936 3424,3937 3496,3937 3497,3937 3497,3940 3497,3941 3500,3941 3501,3941 3501,3944 3501,3945 3509,3945 3510,3946 3510,3950 3510,3950 3517,3950 3518,3951 3518,4009 3517,4009 3510,4009 3510,4010 3510,4018 3509,4018 3505,4018 3505,4018 3505,4021 3504,4022 3501,4022 3501,4022 3501,4025 3500,4026 3493,4026 3493,4026 3493,4030 3492,4031 3399,4031 3399,4030 3399,4027 3398,4027 3151,4026 3151,4027 3151,4031 3150,4031 3130,4031 3130,4032 3130,4108 3129,4108 3125,4108 3125,4109 3125,4112 3124,4112"/><TextEquiv index="1"><Unicode>de ſon abſence, &amp; je lui taillerai de</Unicode></TextEquiv></TextLine><TextLine id="r0_l018"><Coords points="-8,4321 -9,4321 -8,4101 -8,4100 -6,4100 -5,4099 -2,4099 -1,4098 0,4098 1,4099 1,4147 1,4148 1,4209 1,4209 200,4210 200,4209 200,4206 201,4206 204,4206 204,4205 204,4197 205,4197 207,4197 207,4196 208,4108 207,4108 204,4108 204,4107 204,4099 203,4099 200,4099 200,4098 200,4095 199,4095 195,4095 195,4094 195,4091 195,4091 199,4091 200,4090 200,4086 200,4086 207,4086 208,4085 208,4082 208,4082 220,4082 221,4082 221,4085 221,4086 229,4086 230,4086 230,4091 230,4092 259,4092 260,4092 260,4094 260,4095 267,4095 268,4095 268,4102 268,4103 271,4103 272,4103 271,4149 272,4150 341,4150 341,4151 341,4155 342,4155 452,4155 452,4156 452,4158 453,4158 866,4159 866,4160 866,4162 867,4162 1297,4163 1297,4163 1297,4160 1298,4159 1463,4160 1463,4159 1464,4142 1464,4142 1467,4142 1468,4141 1468,4129 1468,4129 1471,4129 1472,4128 1472,4120 1472,4120 1476,4120 1477,4119 1477,4116 1477,4116 1480,4116 1481,4115 1481,4112 1481,4112 1484,4112 1485,4111 1485,4108 1485,4108 1493,4108 1494,4107 1494,4103 1494,4103 1527,4103 1528,4103 1528,4107 1528,4108 1531,4108 1532,4108 1531,4162 1532,4163 1840,4163 1840,4163 1840,4160 1841,4159 1908,4160 1909,4159 1981,4159 1981,4158 1981,4155 1982,4155 1985,4155 1985,4155 1985,4158 1986,4159 2246,4159 2246,4160 2246,4163 2247,4163 2284,4163 2284,4164 2284,4214 2285,4214 2310,4214 2310,4215 2310,4219 2311,4219 2318,4219 2318,4220 2318,4223 2319,4223 2322,4223 2322,4224 2322,4244 2322,4244 2319,4244 2318,4245 2318,4249 2318,4249 2315,4249 2314,4250 2314,4253 2314,4253 1995,4253 1994,4253 1994,4256 1994,4257 1986,4257 1985,4256 1985,4254 1985,4254 1708,4253 1707,4254 1707,4257 1707,4257 1700,4257 1699,4257 1699,4254 1699,4253 1456,4253 1455,4253 1455,4256 1455,4257 1452,4257 1451,4256 1451,4254 1451,4254 1213,4253 1212,4253 1212,4256 1212,4257 1059,4257 1058,4257 1058,4315 1058,4316 1055,4316 1054,4315 1054,4257 1054,4257 1025,4257 1024,4257 1024,4307 1024,4308 1021,4308 1020,4308 1020,4312 1020,4313 982,4312 981,4312 981,4309 981,4308 777,4308 776,4309 776,4313 776,4313 739,4313 738,4312 738,4308 738,4308 730,4308 729,4307 729,4304 729,4304 722,4304 721,4303 721,4296 721,4296 718,4296 717,4295 717,4253 717,4253 513,4252 512,4253 508,4253 507,4253 507,4250 507,4249 389,4249 388,4249 388,4245 388,4244 308,4244 307,4244 307,4241 307,4240 303,4240 302,4240 302,4237 302,4236 299,4236 298,4235 298,4231 298,4231 1,4230 1,4231 1,4321 1,4321"/><TextEquiv index="1"><Unicode>l'ouvrage pour ſon retour.</Unicode></TextEquiv></TextLine><TextLine id="r0_l019"><Coords points="568,4501 568,4500 543,4475 543,4474 540,4472 383,4471 383,4471 383,4463 382,4462 379,4462 379,4462 379,4459 378,4458 238,4458 238,4457 238,4449 238,4449 378,4449 379,4449 379,4446 379,4445 381,4445 382,4445 382,4290 383,4289 3689,4296 3689,4297 3689,4300 3690,4300 3693,4300 3693,4301 3693,4308 3693,4308 3690,4308 3689,4309 3689,4313 3689,4313 3323,4313 3322,4313 3322,4320 3323,4321 3326,4321 3326,4321 3326,4342 3327,4343 3330,4343 3330,4343 3330,4359 3331,4360 3335,4360 3335,4360 3335,4363 3336,4364 3390,4364 3390,4364 3390,4367 3391,4368 3493,4368 3493,4368 3493,4371 3494,4372 3501,4372 3501,4372 3501,4376 3502,4377 3505,4377 3505,4377 3505,4380 3506,4381 3510,4381 3510,4382 3510,4394 3510,4394 3513,4394 3514,4395 3514,4437 3514,4437 3517,4437 3518,4438 3518,4441 3517,4441 3514,4441 3514,4442 3514,4445 3513,4445 3510,4445 3510,4446 3510,4449 3509,4449 3505,4449 3505,4449 3505,4457 3504,4458 3497,4458 3497,4458 3497,4461 3496,4462 3493,4462 3493,4462 3493,4465 3492,4466 3262,4465 3261,4466 2796,4465 2795,4466 2784,4466 2784,4467 2784,4471 2783,4471 2583,4471 2583,4471 2583,4482 2582,4483 2579,4483 2579,4483 2579,4495 2578,4496 2574,4496 2574,4496 2574,4504 2573,4505 2570,4505 2570,4505 2570,4508 2569,4509 2566,4509 2566,4509 2566,4512 2565,4513 2562,4513 2562,4513 2562,4517 2561,4518 599,4514 599,4514"/><TextEquiv index="1"><Unicode>Je veux bien t'accorder toujours tafière</Unicode></TextEquiv></TextLine><TextLine id="r0_l020"><Coords points="-9,4729 -10,4729 -9,4542 -9,4541 0,4541 1,4542 1,4606 1,4607 1,4645 1,4645 186,4646 186,4645 187,4522 187,4522 190,4522 191,4521 191,4518 191,4518 194,4518 195,4518 195,4521 195,4522 254,4522 255,4522 255,4581 255,4582 511,4582 512,4583 512,4585 512,4585 613,4586 614,4586 614,4589 614,4590 622,4590 623,4590 623,4594 623,4595 626,4595 627,4595 627,4598 627,4599 630,4599 631,4599 631,4606 631,4607 634,4607 635,4608 635,4641 636,4642 839,4642 839,4642 840,4587 840,4586 844,4586 845,4586 845,4570 845,4569 848,4569 849,4569 849,4566 849,4565 852,4565 853,4565 853,4561 853,4560 856,4560 857,4560 857,4553 857,4552 861,4552 862,4552 862,4549 862,4548 865,4548 866,4548 866,4544 866,4543 869,4543 870,4543 870,4540 870,4539 878,4539 879,4539 879,4536 879,4535 891,4535 892,4535 892,4531 892,4530 933,4530 934,4531 934,4535 934,4535 942,4535 943,4536 943,4539 943,4539 959,4539 960,4540 960,4543 960,4543 963,4543 964,4544 964,4548 964,4548 968,4548 969,4549 969,4552 969,4552 972,4552 973,4553 973,4560 973,4560 976,4560 977,4561 977,4573 977,4573 980,4573 981,4574 981,4585 981,4585 1228,4586 1229,4586 1229,4583 1229,4582 1339,4582 1340,4582 1340,4531 1340,4530 1343,4530 1344,4530 1344,4527 1344,4526 1518,4527 1519,4526 1540,4526 1541,4526 1541,4529 1541,4530 1578,4530 1579,4530 1579,4534 1579,4535 1587,4535 1588,4535 1588,4538 1588,4539 1591,4539 1592,4539 1592,4585 1592,4586 1805,4586 1806,4586 1806,4583 1806,4582 1813,4582 1814,4582 1814,4578 1814,4577 1817,4577 1818,4578 1818,4581 1818,4581 1993,4582 1994,4582 1994,4585 1994,4586 2445,4587 2446,4586 2646,4586 2647,4587 2647,4589 2647,4589 2885,4590 2886,4589 2886,4586 2886,4586 2983,4586 2984,4585 2984,4582 2984,4582 2988,4582 2989,4581 2989,4577 2989,4577 2996,4577 2997,4577 2997,4585 2997,4586 3312,4587 3313,4586 3313,4535 3313,4535 3317,4535 3318,4534 3318,4530 3318,4530 3325,4530 3326,4529 3326,4526 3326,4526 3346,4526 3347,4526 3347,4581 3347,4582 3509,4582 3510,4583 3510,4586 3510,4586 3513,4586 3514,4587 3514,4590 3514,4590 3517,4590 3518,4591 3517,4642 3518,4643 3518,4663 3518,4663 3515,4663 3514,4664 3514,4667 3514,4667 3506,4667 3505,4667 3505,4670 3505,4671 3498,4671 3497,4671 3497,4675 3497,4676 3395,4676 3394,4675 3394,4671 3394,4671 3340,4671 3339,4671 3339,4735 3339,4736 3331,4736 3330,4735 3330,4671 3330,4671 3173,4670 3172,4671 3160,4671 3159,4672 3159,4676 3159,4676 3152,4676 3151,4677 3151,4680 3151,4680 2815,4679 2814,4679 2814,4677 2814,4676 2315,4675 2314,4676 2311,4676 2310,4676 2310,4672 2310,4671 2193,4671 2110,4671 2109,4671 2109,4675 2109,4676 1764,4675 1763,4676 1751,4676 1750,4676 1750,4672 1750,4671 1371,4670 1370,4671 1358,4671 1357,4672 1357,4676 1357,4676 995,4676 994,4676 994,4705 994,4706 987,4706 986,4706 986,4709 986,4710 981,4709 980,4710 970,4710 969,4711 969,4714 969,4714 940,4714 939,4714 939,4711 939,4710 923,4710 922,4710 922,4707 922,4706 914,4706 913,4706 913,4702 913,4701 910,4701 909,4701 909,4698 909,4697 905,4697 904,4697 904,4694 904,4693 901,4693 900,4693 900,4689 900,4688 897,4688 896,4688 896,4677 896,4676 893,4676 892,4676 892,4672 892,4671 888,4671 887,4671 887,4668 887,4667 683,4667 682,4667 682,4670 682,4671 679,4671 678,4671 678,4675 678,4676 461,4675 460,4676 414,4676 413,4676 413,4672 413,4671 320,4671 319,4671 319,4668 319,4667 269,4667 268,4666 268,4663 268,4663 1,4662 1,4663 1,4729 1,4729"/><TextEquiv index="1"><Unicode>Laure. Quand l'aurons - nous entre les</Unicode></TextEquiv></TextLine><TextLine id="r0_l021"><Coords points="413,4949 413,4949 413,4886 412,4885 311,4885 311,4885 311,4882 310,4881 1,4880 1,4881 1,4917 0,4917 -10,4917 -10,4917 -10,4730 -9,4729 1,4729 1,4730 1,4786 1,4786 426,4787 426,4787 426,4745 427,4744 430,4744 430,4744 430,4741 431,4740 435,4740 435,4740 435,4736 436,4735 452,4735 452,4736 452,4744 453,4744 456,4744 456,4745 456,4794 457,4794 623,4795 623,4795 623,4799 624,4800 853,4800 853,4800 853,4796 854,4795 866,4795 866,4796 866,4799 867,4799 1144,4800 1144,4799 1144,4795 1145,4795 1310,4795 1310,4795 1310,4745 1311,4744 1314,4744 1314,4744 1314,4741 1315,4740 1327,4740 1327,4740 1327,4736 1328,4735 1336,4735 1336,4736 1336,4740 1337,4740 1340,4740 1340,4741 1340,4786 1341,4786 1750,4787 1750,4787 1750,4745 1751,4744 1754,4744 1754,4744 1754,4741 1755,4740 1759,4740 1759,4740 1759,4736 1760,4735 1767,4735 1767,4736 1767,4740 1768,4740 1771,4740 1771,4741 1771,4787 1772,4787 1818,4787 1818,4788 1818,4791 1819,4791 1823,4791 1823,4792 1823,4794 1824,4794 2006,4795 2006,4795 2006,4799 2007,4800 2433,4801 2434,4800 2617,4800 2617,4800 2617,4796 2618,4795 2831,4796 2832,4795 2972,4795 2972,4794 2972,4791 2973,4791 3266,4791 3266,4791 3266,4788 3267,4787 3271,4787 3272,4786 3322,4787 3322,4786 3322,4740 3323,4740 3330,4740 3330,4739 3330,4736 3331,4736 3339,4736 3339,4736 3339,4739 3340,4740 3352,4740 3352,4740 3352,4786 3353,4787 3399,4787 3399,4787 3399,4790 3400,4791 3493,4791 3493,4791 3493,4794 3494,4795 3501,4795 3501,4795 3501,4799 3502,4800 3505,4800 3505,4800 3505,4803 3506,4804 3510,4804 3510,4805 3510,4812 3511,4812 3514,4812 3514,4813 3514,4817 3515,4817 3518,4817 3518,4818 3518,4834 3518,4834 3515,4834 3514,4835 3514,4868 3513,4868 3510,4868 3510,4869 3510,4872 3509,4872 3505,4872 3505,4872 3505,4875 3504,4876 3501,4876 3501,4876 3501,4939 3500,4940 3497,4940 3497,4939 3497,4885 3496,4885 3219,4884 3218,4885 3113,4885 3113,4886 3113,4945 3112,4945 3074,4945 3074,4945 3074,4941 3073,4940 3070,4940 3070,4940 3070,4890 3069,4889 2963,4889 2963,4888 2963,4886 2962,4886 2626,4885 2626,4886 2626,4889 2625,4889 2617,4889 2617,4889 2617,4886 2616,4885 2355,4884 2354,4885 2352,4885 2352,4886 2352,4889 2351,4889 1896,4888 1895,4889 1549,4889 1549,4888 1549,4886 1548,4886 1114,4885 1114,4885 1114,4888 1113,4889 977,4888 976,4889 879,4889 879,4890 879,4940 878,4940 875,4940 875,4941 875,4945 874,4945 836,4945 836,4945 836,4941 835,4940 832,4940 832,4940 832,4924 831,4923 708,4923 708,4922 708,4919 707,4919 704,4919 704,4918 704,4889 703,4889 601,4889 601,4888 601,4886 600,4886 418,4885 418,4886 418,4949 417,4949"/><TextEquiv index="1"><Unicode>mains, pour la traiter comme une petite</Unicode></TextEquiv></TextLine><TextLine id="r0_l022"><Coords points="1004,5166 1003,5165 1003,5103 1003,5103 980,5102 979,5103 551,5103 550,5102 550,5099 550,5099 337,5098 336,5098 336,5091 336,5090 248,5090 247,5089 247,5086 247,5086 235,5086 234,5085 234,5081 234,5081 226,5081 225,5080 225,5077 225,5077 222,5077 221,5076 221,5073 221,5073 218,5073 217,5072 217,5069 217,5069 209,5069 208,5068 209,5065 207,5064 204,5064 204,5063 204,5056 203,5056 200,5056 200,5055 200,5026 199,5026 1,5025 1,5026 1,5150 1,5150 -10,5150 -11,5150 -10,4918 -10,4917 0,4917 1,4918 1,5004 1,5004 199,5005 200,5004 200,4987 200,4987 203,4987 204,4986 204,4979 204,4979 207,4979 208,4978 208,4970 208,4970 212,4970 213,4969 213,4966 213,4966 220,4966 221,4965 221,4962 221,4962 224,4962 225,4961 225,4958 225,4958 229,4958 230,4957 230,4953 230,4953 241,4953 242,4952 242,4949 242,4949 515,4949 516,4949 516,4946 516,4945 520,4945 521,4944 523,4944 524,4945 524,4948 524,4948 536,4949 537,4949 537,4952 537,4953 540,4953 541,4953 541,5004 541,5005 856,5005 857,5005 857,4963 857,4962 865,4962 866,4962 866,4959 866,4958 1044,4959 1045,4958 1049,4958 1050,4957 1050,4953 1050,4953 1168,4953 1169,4952 1169,4949 1169,4949 1198,4949 1199,4949 1199,4952 1199,4953 1202,4953 1203,4953 1203,5012 1203,5013 1386,5013 1387,5013 1387,5010 1387,5009 1390,5009 1391,5009 1391,5006 1391,5005 1514,5006 1515,5005 1515,4962 1515,4962 1518,4962 1519,4961 1519,4958 1519,4958 1523,4958 1524,4957 1524,4953 1524,4953 1544,4953 1545,4953 1545,5012 1545,5013 1817,5013 1818,5013 1818,5010 1818,5009 1822,5009 1823,5010 1823,5012 1823,5012 2138,5013 2139,5013 2139,4954 2139,4953 2245,4953 2246,4953 2246,4950 2246,4949 2270,4949 2271,4950 2271,4953 2271,4953 2274,4953 2275,4954 2275,4962 2275,4962 2479,4963 2480,4962 2480,4958 2480,4958 2488,4958 2489,4957 2489,4953 2489,4953 2492,4953 2493,4952 2493,4949 2493,4949 2501,4949 2502,4948 2502,4945 2502,4945 2509,4945 2510,4945 2510,4948 2510,4949 2616,4949 2617,4950 2617,5005 2617,5005 2684,5005 2685,5006 2685,5009 2685,5009 2697,5009 2698,5010 2698,5012 2698,5012 2902,5013 2903,5012 2903,5009 2903,5009 3060,5009 3061,5009 3061,5006 3061,5005 3073,5005 3074,5006 3074,5009 3074,5009 3287,5010 3288,5009 3363,5009 3364,5008 3364,5005 3364,5005 3368,5005 3369,5005 3369,5008 3369,5009 3509,5009 3510,5010 3510,5013 3510,5013 3513,5013 3514,5014 3513,5072 3514,5073 3514,5086 3514,5086 3511,5086 3510,5087 3510,5090 3510,5090 3506,5090 3505,5090 3505,5093 3505,5094 3502,5094 3501,5094 3501,5097 3501,5098 3489,5098 3488,5098 3488,5102 3488,5103 3378,5103 3377,5102 3377,5099 3377,5099 3284,5099 3283,5099 3283,5157 3283,5158 3280,5158 3279,5157 3279,5099 3279,5099 3007,5098 3006,5098 3006,5102 3006,5103 2926,5103 2925,5103 2925,5153 2925,5154 2917,5154 2916,5154 2916,5157 2916,5158 2874,5158 2873,5157 2873,5154 2873,5154 2870,5154 2869,5153 2869,5138 2869,5138 2750,5137 2749,5137 2749,5104 2749,5103 2355,5102 2354,5103 2306,5103 2305,5104 2305,5107 2305,5107 2285,5107 2284,5107 2284,5104 2284,5103 2272,5103 2271,5103 2271,5099 2271,5098 1918,5098 1917,5098 1917,5115 1917,5116 1913,5116 1912,5116 1912,5123 1912,5124 1909,5124 1908,5124 1908,5127 1908,5128 1896,5127 1895,5128 1895,5133 1895,5133 1879,5133 1878,5133 1878,5104 1878,5103 1418,5102 1417,5103 1021,5103 1020,5103 1020,5165 1020,5166"/><TextEquiv index="1"><Unicode>Griſette? Il faut donc, miſérable, que nous</Unicode></TextEquiv></TextLine><TextLine id="r0_l023"><Coords points="2258,5376 2258,5376 2258,5373 2257,5372 2250,5372 2250,5372 2250,5322 2249,5321 2058,5321 2058,5320 2058,5317 2057,5317 1878,5316 1878,5316 1878,5313 1877,5312 1622,5312 1622,5312 1622,5315 1621,5316 1605,5316 1605,5316 1605,5320 1604,5321 1596,5321 1596,5320 1596,5317 1595,5317 1259,5316 1259,5316 1259,5313 1258,5312 986,5312 986,5312 986,5315 985,5316 979,5315 978,5316 759,5316 759,5317 759,5321 758,5321 734,5321 734,5320 734,5316 733,5316 729,5316 729,5315 729,5313 728,5313 494,5312 494,5313 494,5316 493,5316 435,5316 435,5316 435,5313 434,5312 396,5312 396,5312 396,5309 395,5308 311,5308 311,5308 311,5305 310,5304 1,5303 1,5304 1,5367 0,5367 -11,5367 -11,5367 -11,5151 -10,5150 1,5150 1,5151 1,5213 1,5213 221,5214 221,5214 221,5217 222,5218 341,5218 341,5219 341,5222 342,5222 657,5223 658,5222 738,5222 738,5221 738,5210 739,5210 742,5210 742,5209 742,5197 743,5197 746,5197 746,5196 746,5188 747,5188 751,5188 751,5187 751,5175 752,5175 763,5175 763,5175 763,5172 764,5171 772,5171 772,5172 772,5222 773,5222 1003,5223 1003,5222 1003,5166 1004,5166 1161,5166 1161,5165 1161,5163 1162,5163 1182,5163 1182,5163 1182,5166 1183,5167 1191,5167 1191,5167 1191,5170 1192,5171 1195,5171 1195,5171 1195,5221 1196,5222 1447,5223 1448,5222 1964,5223 1965,5222 2075,5222 2075,5222 2075,5226 2076,5227 2365,5228 2366,5227 2553,5227 2553,5226 2553,5222 2554,5222 2596,5222 2596,5223 2596,5227 2597,5227 2890,5228 2891,5227 2976,5227 2976,5226 2976,5222 2977,5222 3138,5222 3138,5222 3138,5172 3139,5171 3142,5171 3142,5171 3142,5164 3143,5163 3159,5163 3159,5164 3159,5167 3160,5167 3164,5167 3164,5168 3164,5213 3165,5213 3390,5214 3390,5213 3390,5192 3391,5192 3394,5192 3394,5191 3394,5188 3395,5188 3399,5188 3399,5187 3399,5171 3400,5171 3407,5171 3407,5170 3407,5167 3408,5167 3420,5167 3420,5167 3420,5170 3421,5171 3424,5171 3424,5171 3424,5247 3425,5248 3510,5248 3510,5249 3510,5252 3511,5252 3518,5252 3518,5253 3518,5257 3519,5257 3523,5257 3523,5258 3523,5265 3524,5265 3527,5265 3527,5266 3527,5269 3527,5269 3524,5269 3523,5270 3523,5278 3523,5278 3430,5278 3429,5278 3429,5294 3429,5295 3425,5295 3424,5295 3424,5303 3423,5304 3420,5304 3420,5304 3420,5307 3419,5308 3416,5308 3416,5308 3416,5311 3415,5312 3407,5312 3407,5312 3407,5315 3406,5316 3224,5315 3223,5316 3219,5316 3219,5316 3219,5313 3218,5312 2812,5311 2811,5312 2519,5312 2519,5312 2519,5315 2518,5316 2463,5316 2463,5316 2463,5320 2462,5321 2292,5320 2292,5321 2292,5372 2291,5372 2288,5372 2288,5373 2288,5376 2287,5376"/><TextEquiv index="1"><Unicode>nous réuniſſions encore pour nos inté-</Unicode></TextEquiv></TextLine><TextLine id="r0_l024"><Coords points="1879,5594 1878,5594 1878,5591 1878,5590 1875,5590 1874,5590 1874,5586 1874,5585 1866,5585 1865,5585 1865,5582 1865,5581 1858,5581 1857,5581 1857,5569 1857,5568 1854,5568 1853,5568 1853,5535 1853,5534 1375,5533 1374,5534 1345,5534 1344,5534 1344,5531 1344,5530 974,5529 973,5530 918,5530 917,5531 917,5534 917,5534 914,5534 913,5535 913,5564 913,5564 910,5564 909,5565 909,5568 909,5568 901,5568 900,5568 900,5535 900,5534 897,5534 896,5534 896,5531 896,5530 619,5530 618,5529 618,5527 618,5527 346,5526 345,5526 346,5524 345,5523 345,5522 344,5521 1,5520 1,5521 1,5584 1,5584 -11,5584 -12,5584 -11,5368 -11,5367 0,5367 1,5368 1,5431 1,5431 207,5432 208,5431 208,5427 208,5427 271,5427 272,5426 272,5410 272,5410 276,5410 277,5409 277,5406 277,5406 280,5406 281,5405 281,5385 281,5385 284,5385 285,5384 285,5380 285,5380 297,5380 298,5381 298,5393 298,5393 301,5393 302,5394 302,5402 302,5402 306,5402 307,5403 307,5406 307,5406 310,5406 311,5407 311,5427 311,5427 352,5427 353,5428 353,5432 353,5432 357,5432 358,5433 358,5436 358,5436 429,5436 430,5437 430,5440 430,5440 617,5441 618,5440 618,5389 618,5389 622,5389 623,5388 623,5385 623,5385 707,5385 708,5384 708,5380 708,5380 724,5380 725,5380 725,5439 725,5440 968,5440 969,5440 969,5420 969,5419 972,5419 973,5419 973,5407 973,5406 976,5406 977,5406 977,5403 977,5402 978,5402 979,5401 980,5401 981,5401 981,5397 981,5396 985,5397 986,5396 986,5393 986,5393 989,5393 990,5392 990,5389 990,5389 997,5389 998,5388 998,5385 998,5385 1173,5385 1174,5384 1174,5380 1174,5380 1284,5380 1285,5381 1285,5385 1285,5385 1292,5385 1293,5386 1293,5389 1293,5389 1296,5389 1297,5390 1297,5439 1297,5439 1437,5439 1438,5440 1438,5443 1438,5443 1681,5444 1682,5444 1682,5386 1682,5385 1685,5385 1686,5385 1686,5381 1686,5380 1873,5380 1874,5381 1874,5385 1874,5385 1877,5385 1878,5386 1878,5439 1878,5439 2193,5440 2194,5440 2194,5386 2194,5385 2198,5385 2199,5385 2199,5381 2199,5380 2215,5380 2216,5381 2216,5385 2216,5385 2219,5385 2220,5386 2220,5436 2220,5436 2223,5436 2224,5437 2224,5439 2224,5439 2398,5440 2399,5440 2399,5443 2399,5444 2505,5444 2506,5444 2506,5499 2506,5500 2710,5500 2711,5500 2711,5484 2711,5483 2714,5483 2715,5483 2715,5467 2715,5466 2719,5466 2720,5466 2720,5458 2720,5457 2727,5457 2728,5457 2728,5454 2728,5453 2731,5453 2732,5453 2732,5450 2732,5449 2736,5449 2737,5449 2737,5445 2737,5444 2744,5444 2745,5444 2745,5441 2745,5440 2830,5441 2831,5440 2945,5440 2946,5439 2946,5436 2946,5436 3099,5436 3100,5436 3100,5403 3100,5402 3103,5402 3104,5402 3104,5398 3104,5397 3107,5397 3108,5397 3108,5394 3108,5393 3116,5393 3117,5394 3117,5397 3117,5397 3124,5397 3125,5398 3125,5436 3125,5436 3355,5437 3356,5436 3487,5436 3488,5436 3488,5439 3488,5440 3496,5440 3497,5440 3497,5443 3497,5444 3500,5444 3501,5444 3501,5448 3501,5449 3504,5449 3505,5449 3505,5452 3505,5453 3509,5453 3510,5454 3510,5457 3510,5457 3513,5457 3514,5458 3514,5509 3514,5509 3517,5509 3518,5510 3518,5517 3517,5517 3510,5517 3510,5518 3510,5521 3509,5521 3505,5521 3505,5521 3505,5525 3504,5526 3501,5526 3501,5526 3500,5529 3500,5530 3467,5530 3466,5529 3467,5526 3466,5526 3215,5525 3214,5526 3207,5526 3207,5527 3206,5530 3206,5530 3186,5530 3185,5531 3185,5534 3185,5534 3122,5534 3121,5535 3121,5538 3121,5538 3118,5538 3117,5539 3117,5551 3117,5551 3114,5551 3113,5552 3113,5564 3113,5564 3109,5564 3108,5565 3108,5573 3108,5573 3105,5573 3104,5574 3104,5577 3104,5577 3101,5577 3100,5578 3100,5581 3100,5581 3096,5581 3095,5582 3095,5585 3095,5585 3088,5585 3087,5585 3087,5531 3087,5530 2891,5530 2890,5530 2890,5533 2890,5534 2815,5533 2814,5534 2814,5580 2814,5580 2812,5580 2811,5581 2810,5581 2809,5582 2809,5585 2809,5585 2772,5585 2771,5585 2771,5582 2771,5581 2768,5581 2767,5581 2767,5578 2767,5577 2763,5577 2762,5577 2762,5561 2762,5560 2580,5560 2579,5560 2579,5563 2579,5564 2567,5564 2566,5563 2566,5560 2566,5560 2563,5560 2562,5559 2562,5534 2562,5534 2354,5533 2353,5534 2276,5534 2275,5534 2275,5531 2275,5530 1948,5530 1947,5530 1947,5559 1947,5560 1943,5560 1942,5560 1942,5572 1942,5573 1939,5573 1938,5573 1938,5576 1938,5577 1935,5577 1934,5577 1934,5580 1934,5581 1926,5581 1925,5581 1925,5584 1925,5585 1922,5585 1921,5585 1921,5589 1921,5590 1913,5590 1912,5590 1912,5593 1912,5594 1892,5593 1891,5594"/><TextEquiv index="1"><Unicode>rêts. Il eſt bien diſgracieux, que je ne</Unicode></TextEquiv></TextLine><TextLine id="r0_l025"><Coords points="-12,5824 -12,5824 -12,5585 -11,5584 1,5584 1,5585 1,5588 1,5588 550,5590 551,5591 2036,5594 2036,5594 2036,5596 2037,5597 2745,5598 2745,5599 2745,5602 2746,5602 2749,5602 2749,5603 2749,5647 2750,5647 3505,5649 3505,5649 3505,5653 3506,5654 3514,5654 3514,5655 3514,5658 3515,5658 3518,5658 3518,5659 3518,5667 3518,5667 3515,5667 3514,5668 3514,5671 3514,5671 3511,5671 3510,5672 3510,5675 3510,5675 3506,5675 3505,5675 3505,5734 3505,5735 3502,5735 3501,5735 3501,5738 3501,5739 3434,5739 3433,5739 3433,5742 3433,5743 3207,5742 3206,5743 3199,5743 3198,5744 3198,5803 3197,5803 3194,5803 3194,5804 3194,5807 3193,5807 3083,5807 3083,5808 3083,5810 3082,5810 3066,5810 3066,5810 3066,5807 3065,5806 1015,5802 1015,5802 1015,5806 1014,5807 1007,5807 1007,5807 1007,5811 1006,5812 1,5809 1,5810 1,5824 0,5824"/><TextEquiv index="1"><Unicode>puiſſe employer que des coquins, pour</Unicode></TextEquiv></TextLine><TextLine id="r0_l026"><Coords points="2195,6026 2194,6026 2194,6024 2194,6023 530,6020 529,6021 519,6020 518,6021 500,6021 499,6021 499,6020 499,6019 -12,6018 -13,6018 -12,5825 -12,5824 583,5826 584,5825 584,5820 584,5820 587,5820 588,5819 588,5816 588,5816 596,5816 597,5815 597,5812 597,5812 656,5812 657,5812 657,5815 657,5816 660,5816 661,5816 661,5819 661,5820 664,5820 665,5820 665,5826 665,5827 2074,5830 2075,5829 2680,5830 2681,5829 2684,5829 2685,5829 2685,5826 2685,5825 2924,5826 2925,5825 2925,5820 2925,5820 2928,5820 2929,5819 2929,5816 2929,5816 2936,5816 2937,5815 2937,5812 2937,5812 2945,5812 2946,5811 2946,5807 2946,5807 2966,5807 2967,5807 2967,5809 2967,5810 3082,5810 3083,5811 3415,5812 3416,5812 3416,5819 3415,5820 3411,5820 3411,5820 3411,5871 3411,5872 3415,5872 3416,5872 3416,5879 3416,5880 3419,5880 3420,5880 3420,5896 3420,5897 3513,5897 3514,5898 3514,5910 3513,5910 3510,5910 3510,5911 3510,5914 3509,5914 3497,5914 3497,5914 3497,5918 3496,5919 3420,5919 3420,5919 3420,5939 3419,5940 3416,5940 3416,5940 3416,5943 3415,5944 3411,5944 3411,5944 3411,5952 3410,5953 3394,5953 3394,5953 3394,5956 3393,5957 3155,5956 3154,5957 3001,5957 3001,5957 3001,5960 3000,5961 2775,5960 2774,5961 2767,5961 2767,5962 2767,5965 2766,5965 2698,5965 2698,5966 2698,5983 2697,5983 2695,5983 2695,5984 2694,5991 2694,5991 2691,5991 2690,5992 2690,6000 2690,6000 2686,6000 2685,6001 2685,6004 2685,6004 2370,6004 2369,6004 2369,6011 2369,6012 2366,6012 2365,6012 2365,6014 2366,6015 3420,6017 3420,6017 3420,6018 3412,6018 3411,6019 2353,6016 2352,6017 2345,6017 2344,6018 2344,6021 2344,6021 2204,6021 2203,6022 2203,6025 2203,6025 2200,6025 2199,6026"/><TextEquiv index="1"><Unicode>remplir mes projets, &amp; que je ſois ré-</Unicode></TextEquiv></TextLine><TextLine id="r0_l027"><Coords points="233,6232 232,6231 213,6231 213,6230 213,6228 212,6228 -13,6227 -13,6227 -13,6019 -12,6018 255,6019 255,6018 255,6017 256,6017 277,6017 277,6017 277,6022 278,6023 1934,6027 1934,6026 1934,6025 1935,6025 2651,6026 2652,6025 3399,6027 3399,6026 3399,6025 3400,6025 3403,6025 3403,6024 3403,6021 3404,6021 3407,6021 3407,6020 3407,6019 3408,6019 3411,6019 3412,6018 3420,6018 3420,6018 3420,6020 3421,6021 3424,6021 3424,6021 3424,6076 3425,6077 3488,6077 3488,6077 3488,6080 3489,6081 3497,6081 3497,6081 3497,6084 3498,6085 3505,6085 3505,6086 3505,6089 3506,6089 3510,6089 3510,6090 3510,6141 3510,6141 3506,6141 3505,6141 3505,6152 3505,6153 3502,6153 3501,6153 3501,6157 3501,6158 3498,6158 3497,6158 3497,6161 3497,6162 3489,6162 3488,6162 3488,6165 3488,6166 3417,6166 3416,6166 3416,6229 3415,6230 3407,6230 3407,6229 3407,6218 3406,6218 3198,6217 3198,6217 3198,6182 3198,6181 1525,6178 1524,6178 1524,6182 1524,6183 1106,6182 1105,6183 239,6181 238,6181 238,6231 237,6232"/><TextEquiv index="1"><Unicode>duite à me ſervir d'un auſſi mauvais</Unicode></TextEquiv></TextLine><TextLine id="r0_l028"><Coords points="1200,6457 1199,6456 1199,6452 1199,6452 1196,6452 1195,6451 1196,6440 1195,6440 1024,6440 1024,6439 1024,6435 1023,6435 1020,6435 1020,6434 1020,6419 1019,6419 -13,6416 -13,6416 -13,6228 -13,6227 0,6227 1,6228 1,6230 1,6230 232,6231 233,6232 237,6232 238,6232 238,6235 238,6236 2215,6240 2216,6239 2663,6240 2664,6239 3265,6240 3266,6239 3267,6239 3268,6238 3274,6238 3275,6238 3275,6235 3275,6234 3282,6235 3283,6234 3283,6230 3283,6230 3419,6230 3420,6230 3420,6234 3420,6235 3423,6235 3424,6235 3424,6289 3424,6290 3496,6290 3497,6290 3497,6293 3497,6294 3504,6294 3505,6294 3505,6302 3505,6303 3509,6303 3510,6304 3510,6316 3509,6316 3505,6316 3505,6316 3505,6366 3504,6367 3501,6367 3501,6367 3501,6370 3500,6371 3497,6371 3497,6371 3497,6375 3496,6376 3493,6376 3493,6376 3493,6379 3492,6380 3268,6379 3267,6380 3104,6380 3104,6381 3104,6388 3103,6388 3031,6388 3031,6388 3031,6400 3030,6401 3027,6401 3027,6401 3027,6413 3026,6414 3023,6414 3023,6414 3023,6417 3022,6418 3019,6418 3019,6418 3019,6421 3018,6422 3014,6422 3014,6422 3014,6426 3013,6427 2374,6426 2374,6426 2374,6434 2373,6435 1836,6433 1836,6434 1836,6435 1835,6435 1247,6434 1247,6435 1246,6452 1246,6452 1204,6452 1203,6452 1203,6456 1203,6457"/><TextEquiv index="1"><Unicode>inſtrument que toi; mais enfin, je ſuis</Unicode></TextEquiv></TextLine><TextLine id="r0_l029"><Coords points="1011,6678 1011,6677 1011,6661 1011,6661 -8,6658 -9,6657 -13,6657 -14,6657 -13,6417 -13,6416 0,6416 1,6417 1,6439 1,6440 1,6447 1,6447 281,6448 281,6448 281,6451 282,6452 366,6452 366,6453 366,6457 367,6457 371,6457 371,6458 371,6459 372,6459 2023,6463 2023,6462 2023,6457 2024,6457 2036,6457 2036,6456 2036,6452 2037,6452 2562,6453 2563,6452 2749,6452 2749,6452 2749,6449 2750,6448 2963,6449 2964,6448 2966,6448 2966,6447 2966,6444 2967,6444 2979,6444 2980,6443 2980,6440 2980,6440 3013,6440 3014,6440 3014,6443 3014,6444 3244,6444 3244,6445 3244,6446 3246,6447 3288,6448 3288,6448 3288,6451 3289,6452 3296,6452 3296,6452 3296,6456 3297,6457 3300,6457 3300,6457 3300,6503 3301,6504 3480,6504 3480,6504 3480,6507 3481,6508 3484,6508 3484,6508 3484,6511 3485,6512 3488,6512 3488,6512 3488,6515 3489,6516 3493,6516 3493,6516 3493,6520 3494,6521 3497,6521 3497,6521 3497,6575 3498,6576 3501,6576 3501,6576 3501,6580 3502,6581 3505,6581 3505,6582 3505,6585 3505,6585 3502,6585 3501,6585 3501,6588 3501,6589 3442,6589 3441,6589 3441,6592 3441,6593 3400,6593 3399,6593 3399,6597 3399,6598 3391,6598 3390,6598 3390,6601 3390,6602 3242,6601 3241,6602 2473,6601 2472,6602 2217,6601 2216,6602 2050,6602 2049,6602 2049,6605 2049,6606 1849,6605 1848,6606 1678,6606 1677,6607 1677,6662 1677,6662 1674,6662 1673,6663 1673,6666 1673,6666 1021,6665 1020,6665 1020,6677 1019,6678"/><TextEquiv index="1"><Unicode>faite à toi, &amp;, quand on eſt laſſe d'un</Unicode></TextEquiv></TextLine><TextLine id="r0_l030"><Coords points="-14,6955 -15,6955 -14,6658 -13,6657 -9,6657 -8,6658 1,6658 1,6659 1,6668 1,6668 2492,6674 2493,6673 2493,6670 2494,6670 2497,6670 2497,6669 2497,6666 2498,6666 2506,6666 2506,6665 2506,6662 2507,6662 2540,6662 2540,6662 2540,6665 2541,6666 2544,6666 2544,6666 2544,6720 2544,6721 2684,6721 2685,6722 2685,6777 2685,6777 2736,6777 2737,6778 2737,6781 2737,6781 2740,6781 2741,6782 2741,6798 2741,6798 2744,6798 2745,6799 2745,6803 2744,6803 2741,6803 2741,6804 2741,6811 2740,6811 2737,6811 2737,6812 2737,6815 2736,6815 2685,6815 2685,6816 2685,6820 2684,6820 2583,6820 2583,6820 2583,6823 2582,6824 2318,6823 2317,6824 2066,6824 2066,6824 2066,6827 2065,6828 1912,6828 1912,6828 1912,6831 1911,6832 1840,6831 1839,6832 1836,6832 1836,6833 1836,6854 1835,6854 1831,6854 1831,6855 1831,6858 1830,6858 1827,6858 1827,6859 1827,6867 1826,6867 1823,6867 1823,6868 1823,6871 1822,6871 1818,6871 1818,6872 1818,6879 1817,6879 1814,6879 1814,6880 1814,6884 1813,6884 1,6880 1,6881 1,6955 1,6955"/><TextEquiv index="1"><Unicode>pareil outil, on le jete au feu.</Unicode></TextEquiv></TextLine></TextRegion></Page></PcGts>