4266 8719
976 1183 4232 1540 Céſar de Perlencour, à Dumoulin.
756 1606 916 1731 L
738 1731 4232 1972 Je brûle d'aller voir mon père, & je
543 1971 4231 2188 ne puis me ſéparer de ma chère Aurore.
729 2184 4231 2410 Elle eſt adorable. Sans elle je me ſe-
733 2400 4231 2630 rois brûlé mille fois la cervelle, depuis
258 2621 4231 2841 que j'ai appris l'horrible malheur dont
729 2818 4231 3070 tu m'as rendu compte. O, mon ami!
725 3060 4231 3282 je te le répète, que j'ai de plaiſir à
729 3276 4231 3504 vivre avec elle comme un petit bour-
405 3493 4231 3718 geois! Que n'ai - je été toujours réelle-
725 3713 4231 3939 ment de cette condition paiſible & in-
720 3928 4231 4159 nocente! Je n'aurois pas abuſé de mes
720 4145 4231 4376 richeſſes. Je n'aurois pas tenté la cupi-
725 4361 4231 4596 dité d'un Chevalier Marqué, qui, ne
725 4580 4231 4801 voyant rien à gagner avec moi, n'auroit
720 4793 4231 5021 pas cherché à s'emparer de ma perſonne.
949 5006 4231 5235 Je vois, de temps en temps, la belle
720 5224 4231 5453 Laure de Lyſange ſur ſon balcon, dans
720 5436 4231 5672 l'ombre de la nuit, au riſque de me
720 5656 4231 5890 rompre le cou. Elle m'aime à front décou-
725 5872 4231 6110 vert. Elle m'ouvre entièrement ſon cœur.
725 6092 4231 6331 Que je ſuis flatté d'inſpirer de ſi beaux
431 6291 4231 6555 ſentimens! Je l'aime auſſi de mon côté;
625 6524 4231 6766 je ferois, pour elle, les plus grands ſacri-
647 6740 4231 7005 fices; mais la belle Aurore eſt aimée
