4266 8562
1375 616 1899 872 r
88 1077 3303 1266 i
516 1486 2728 1693 Aurore Belle - en - Deuil,
545 1885 2561 2104 à Céſar de Perlencour.
2661 2314 3055 2448 Paris.
1 2693 3302 2943 ous m'avez permis de vous écrire,
1 2937 3310 3158 mon bon ami, & je le fais volontiers,
7 3138 3672 3360 parce que je n'ai pas le bonheur, dans
16 3348 3302 3596 votre abſence, de pouvoir m'entretenir
12 3570 3306 3794 avec vous. C'eſt - là, au moins, une
12 3759 3306 3993 eſpèce d'entretien; mais j'étois bien em-
16 3964 3306 4211 barraſſée, parce que je n'ai jamais écrit à
28 4199 3302 4412 perſonne, & je ne ſavois comment vous
91 4417 3465 4631 tourner un compliment; mais il n'eſt
33 4626 3302 4836 pas queſtion de compliment. Je me ſou-
37 4824 3297 5050 viens que vous m'avez dit qu'il faut tout
37 5033 3297 5264 uniment écrire comme on parle. Or,
45 5251 3574 5477 je me figure que vous êtes-là; je vous
33 5458 3297 5678 vois; j'ai votre portrait devant moi; je
24 5664 3293 5896 vous parle, & j'écris bonnement ce que
45 5879 3293 6105 je vous dis. Vous me répondrez, ſans
108 6089 3293 6315 doute; mais il faudra attendre bien long-
45 6315 3289 6533 temps cette chère réponſe. Auſſi, pour-
41 6529 2644 6747 quoi vous éloigner comme cela?
49 6738 3289 6973 Il nous eſt venu une bonne fortune,
