4266 8638
2061 604 2814 803 i)
919 856 4144 1070 J'ai ſenti que je devenois rouge comme
914 1066 4135 1267 du feu. Elle nous a demandé qui vous
919 1280 4131 1499 étiez. J'ai répondu que vous étiez un
914 1486 4131 1717 jeune Artiſte fort honnête, fort ſage;
919 1704 4228 1927 que vous étiez en penſion chez nous,
914 1910 4241 2341 uuſiiu lae, emnte ſ le u
919 2338 4240 2556 eu quelque doute ſur ce ſujet. „Ce
914 2547 4208 2775 “jeune-homme eſt ſans doute très-hon-
914 2762 4114 2986 “nête, a-t-elle dit; cependant il faut,
914 2976 4203 3197 “je crois, vous tenir ſur vos gardes,
914 3186 4119 3354 “vis-à-vis de lui. Les hommes ſont bien
914 3396 4198 3619 “trompeurs dans ce ſiècle-ci. Il y a des
910 3606 4114 3829 “gens riches, & de condition, qui ſe
696 3823 4120 4039 “déguiſent quelquefois en bourgeois,
914 4039 4127 4249 “pour ſéduire de jeunes filles de votre
658 4242 4131 4468 “claſſe. Je ne vous dis pas que celui-ci
910 4463 4178 4670 “ſoit dans ce cas-là.“ -- „Oh! non,
906 4668 4173 4884 “très-sûrement, me ſuis - je écriée?
906 4875 4114 5089 -- „Ma Belle enfant, a repris la Dame,
906 5089 4114 5303 “je le connois peut-être plus que vous.
906 5295 4110 5511 “Je ne vous dis pas qu'il ait deſſein de
906 5505 4106 5724 “vous tromper; mais je vous conſeille de
906 5723 4106 5939 “vous tenir un peu, vis-à-vis de lui,
906 5933 4103 6153 “ſur la réſerve. Qu'il ne ſe croie pas
898 6147 4110 6362 “sûr de vous ſur-tout; ſon amour s'en-
897 6357 4106 6572 “dormiroit bientôt, & mourroit au
893 6572 4106 6791 “premier moment. Le deſir & un peu
898 6773 4102 6995 “d'inquiétude le tiendront éveillé. Je
2813 6988 4107 7217 “n'approuverois
