<PcGts xmlns="http://schema.primaresearch.org/PAGE/gts/pagecontent/2017-07-15" xmlns:xsi="http://www.w3.org/2001/XMLSchema-instance" xsi:schemaLocation="http://schema.primaresearch.org/PAGE/gts/pagecontent/2017-07-15 http://schema.primaresearch.org/PAGE/gts/pagecontent/2017-07-15/pagecontent.xsd"><Metadata><Creator>User123</Creator><Created>2020-10-14T11:42:20</Created><LastChange>2020-10-14T11:42:20</LastChange></Metadata><Page imageFilename="0128.png" imageHeight="8378" imageWidth="4266"><TextRegion id="r0" type="paragraph" orientation="-0.0"><Coords points="1,1 4264,1 4264,8376 1,8376"/><TextLine id="r0_l001"><Coords points="1515,321 2024,321 2024,533 1515,533"/><TextEquiv index="1"><Unicode>nr.</Unicode></TextEquiv></TextLine><TextLine id="r0_l002"><Coords points="671,775 670,775 670,774 669,773 669,772 669,771 582,771 580,770 580,744 580,743 22,743 21,742 20,742 19,742 19,737 21,735 23,735 23,735 23,615 26,612 462,612 462,612 462,591 471,582 471,581 472,580 1352,580 1352,580 1352,566 1354,564 1355,564 1355,564 1356,563 1356,562 1358,560 1372,560 1372,561 1372,562 1375,564 3257,564 3258,566 3258,567 3260,568 3265,568 3266,570 3266,599 3269,601 3270,601 3270,602 3270,617 3271,617 3326,617 3327,619 3327,624 3329,625 3338,625 3348,636 3348,637 3349,637 3350,637 3351,639 3351,640 3352,641 3352,646 3351,647 3351,649 3351,649 3350,649 3347,652 3347,710 3347,710 3341,710 3339,712 3339,713 3334,718 3247,718 3246,719 3246,773 3246,773 682,773 681,774 681,775 681,775"/><TextEquiv index="1"><Unicode>“n'approuverois pas trop qu'il demeurât</Unicode></TextEquiv></TextLine><TextLine id="r0_l003"><Coords points="2264,974 2262,973 2262,972 2261,970 2244,970 2242,969 2242,968 2241,966 2232,966 2230,965 2230,960 2232,958 2233,958 2234,957 2234,910 2234,909 1972,909 1970,911 1970,912 1969,913 1956,913 1954,915 1954,916 1953,917 1890,917 1889,918 1889,956 1884,961 1884,962 1884,962 1850,962 1848,964 1848,965 1847,966 1842,966 1839,964 1839,963 1839,962 1838,962 1836,961 1836,931 1836,930 1679,930 1677,932 1677,933 1676,934 1671,934 1669,936 1669,937 1668,938 1651,938 1649,937 1649,910 1649,909 1280,909 1279,910 1279,912 1278,913 1045,913 1043,912 1043,911 1042,909 859,909 856,912 856,913 856,913 855,913 852,916 852,917 852,917 617,917 616,918 616,964 617,965 617,969 616,970 611,970 608,973 608,974 608,974 578,974 576,973 576,972 575,970 574,970 572,969 572,964 574,962 575,962 576,961 576,960 578,958 579,958 580,957 580,918 580,917 220,917 218,916 218,915 218,914 57,914 56,915 56,962 57,962 67,962 68,964 68,966 69,966 79,966 80,968 80,970 81,971 81,972 80,973 80,974 80,974 78,974 76,973 76,972 75,970 62,970 60,969 60,967 60,966 33,966 31,965 31,959 31,958 29,958 27,957 27,935 27,934 26,934 25,933 24,933 23,933 23,915 25,913 44,913 44,913 44,911 46,909 210,909 210,909 210,870 210,869 34,869 31,867 31,866 31,865 30,865 27,863 27,862 29,860 206,860 206,860 206,859 209,856 210,856 210,856 210,855 213,852 393,852 393,852 393,850 395,848 396,848 397,847 397,805 397,804 334,804 332,803 332,801 332,800 331,800 330,799 329,799 328,799 328,797 330,795 417,795 418,794 418,793 420,791 421,791 422,790 422,789 424,787 425,787 426,786 426,785 428,783 437,783 438,782 438,781 440,779 457,779 458,781 458,782 460,783 465,783 466,785 466,786 468,787 469,787 470,789 470,836 471,836 701,836 702,835 702,834 704,832 755,832 755,832 755,789 757,787 758,787 759,786 759,786 759,785 761,783 770,783 771,785 771,786 774,788 775,788 775,789 775,798 778,800 779,800 779,801 779,806 782,808 783,808 783,809 783,814 786,816 787,816 787,817 787,819 788,820 788,832 789,832 1018,832 1019,831 1019,830 1021,828 1031,828 1031,828 1031,777 1033,775 1038,775 1044,769 1044,768 1045,767 1050,767 1052,770 1052,771 1053,771 1054,771 1056,774 1056,828 1057,828 1355,828 1356,827 1356,826 1358,824 1559,824 1559,825 1559,826 1560,827 1560,828 1561,828 1567,828 1567,829 1567,830 1568,831 1568,836 1569,836 1570,836 1572,839 1572,842 1571,843 1571,881 1572,881 1795,881 1795,881 1795,863 1798,860 1799,860 1799,860 1799,850 1800,849 1801,849 1802,848 1803,848 1803,848 1803,842 1804,841 1805,841 1812,834 1812,833 1813,832 1819,832 1819,832 1819,831 1820,830 1820,829 1821,828 1827,828 1827,828 1827,827 1828,826 1828,825 1829,824 1847,824 1848,826 1848,827 1850,828 1991,828 1991,828 1991,791 1990,790 1990,785 1991,784 1992,784 1995,781 1995,780 1996,779 2095,779 2096,778 2096,777 2098,775 2111,775 2112,777 2112,778 2114,779 2115,779 2116,781 2116,783 2116,783 2115,783 2114,784 2113,784 2112,785 2112,832 2113,832 2335,832 2335,832 2335,807 2336,806 2336,805 2337,804 2338,804 2339,803 2339,795 2340,794 2340,793 2342,791 2343,791 2344,790 2344,785 2346,783 2347,783 2348,782 2348,777 2350,775 2351,775 2352,774 2352,773 2353,772 2360,772 2360,773 2360,774 2362,775 2367,775 2368,777 2368,786 2371,788 2372,788 2372,789 2372,790 2375,792 2376,792 2376,793 2376,802 2379,804 2380,804 2380,805 2380,824 2381,824 2440,824 2441,826 2441,827 2443,828 2444,828 2445,830 2445,832 2446,832 2696,832 2697,831 2697,830 2699,828 2895,828 2897,831 2897,832 2898,832 3233,832 3233,832 3233,777 3232,775 3231,775 3230,775 3230,774 3231,773 3246,773 3246,774 3246,779 3247,779 3253,779 3254,781 3254,782 3257,784 3258,784 3258,785 3258,824 3259,824 3330,824 3331,826 3331,827 3333,828 3338,828 3339,830 3339,831 3341,832 3346,832 3347,834 3347,848 3347,848 3342,848 3339,851 3339,852 3339,852 3335,852 3334,853 3334,902 3335,903 3335,913 3335,913 3325,913 3323,915 3323,916 3322,917 3321,917 3320,918 3319,918 3318,917 3316,917 3315,917 3315,916 3313,913 3069,913 3067,911 2889,911 2887,913 2830,913 2827,916 2827,917 2827,917 2825,917 2824,918 2823,918 2822,917 2439,917 2437,916 2437,915 2436,913 2266,913 2265,914 2265,963 2266,964 2266,965 2267,966 2267,973 2266,974"/><TextEquiv index="1"><Unicode>“ſi près de vous, qu'il pût vous voir</Unicode></TextEquiv></TextLine><TextLine id="r0_l004"><Coords points="2687,1182 2685,1181 2685,1122 2685,1121 2403,1121 2402,1120 2231,1120 2160,1120 2159,1121 2147,1121 2145,1120 2145,1119 2144,1117 1558,1117 1555,1115 1555,1114 1555,1113 1053,1113 1051,1115 1051,1116 1051,1116 1050,1116 1049,1117 789,1117 787,1119 787,1120 787,1120 786,1120 785,1121 435,1121 434,1122 434,1123 432,1125 428,1125 426,1124 426,1123 425,1121 392,1121 389,1119 389,1118 389,1117 205,1117 202,1115 202,1113 202,1112 45,1112 44,1113 44,1152 43,1153 37,1153 36,1154 36,1156 35,1157 33,1157 31,1156 31,1154 31,1153 29,1153 27,1152 27,1147 29,1145 31,1145 31,1145 31,1103 32,1102 32,992 34,990 35,990 35,990 36,989 36,988 38,986 42,986 44,989 44,1071 45,1071 202,1071 202,1071 202,1066 204,1064 205,1064 206,1063 206,1062 208,1060 209,1060 210,1059 243,1059 243,1059 243,1057 244,1056 245,1056 247,1054 247,1053 248,1052 249,1052 250,1051 388,1051 392,1047 397,1047 397,1047 397,1046 400,1043 401,1043 401,1043 401,989 404,986 405,986 405,986 405,985 408,982 412,982 414,985 414,986 415,986 416,986 418,989 418,994 420,995 421,995 422,997 422,1006 424,1007 425,1007 426,1009 426,1039 427,1039 514,1039 515,1038 515,1037 517,1035 518,1035 519,1034 519,1033 521,1031 522,1031 524,1034 524,1035 525,1035 702,1035 702,1035 702,1000 703,999 704,999 705,998 877,998 877,998 877,988 879,986 880,986 881,985 881,980 883,978 888,978 889,977 889,976 891,974 892,974 893,976 893,977 895,978 900,978 901,980 901,1031 902,1031 1392,1031 1393,1030 1393,1029 1395,1027 1729,1027 1730,1026 1730,1025 1732,1023 1737,1023 1738,1025 1738,1026 1740,1027 1741,1027 1742,1029 1742,1031 1743,1031 1905,1031 1905,1031 1905,976 1907,974 2005,974 2006,976 2006,977 2008,978 2025,978 2027,981 2027,982 2028,982 2233,982 2234,981 2234,980 2236,978 2343,978 2344,977 2344,976 2346,974 2354,974 2359,979 2360,979 2360,980 2360,1035 2361,1035 2644,1035 2644,1035 2644,1034 2647,1031 2663,1031 2667,1035 2859,1035 2860,1034 2860,1033 2862,1031 2940,1031 2941,1033 2941,1034 2943,1035 3164,1035 3164,1035 3164,1034 3167,1031 3188,1031 3189,1033 3189,1034 3191,1035 3298,1035 3298,1036 3298,1037 3299,1038 3299,1059 3300,1059 3345,1059 3346,1060 3347,1060 3347,1061 3347,1062 3350,1064 3351,1064 3351,1065 3351,1076 3352,1077 3351,1078 3351,1079 3350,1080 3349,1080 3348,1081 3348,1082 3346,1084 3300,1084 3299,1085 3299,1094 3298,1095 3298,1096 3298,1096 3297,1096 3295,1098 3295,1110 3294,1111 3294,1112 3294,1112 3293,1112 3290,1115 3290,1116 3290,1116 3289,1116 3288,1117 3182,1117 3181,1118 3181,1119 3179,1121 3097,1121 3095,1123 3095,1124 3094,1125 3093,1125 3091,1127 3091,1136 3090,1137 3089,1137 3087,1139 3087,1140 3086,1141 3085,1141 3083,1143 3083,1152 3082,1153 3081,1153 3079,1155 3079,1160 3078,1161 3077,1161 3076,1162 3075,1163 3075,1164 3074,1165 3060,1165 3059,1165 3059,1118 3059,1117 2857,1117 2856,1118 2856,1181 2856,1181 2693,1181 2692,1182"/><TextEquiv index="1"><Unicode>“à tous les moments. D'ailleurs, croyez-</Unicode></TextEquiv></TextLine><TextLine id="r0_l005"><Coords points="34,1377 32,1376 32,1345 32,1344 29,1344 28,1344 28,1343 27,1342 27,1281 26,1279 25,1279 24,1279 24,1278 23,1277 23,1200 25,1198 779,1198 779,1198 779,1192 782,1189 783,1189 783,1189 783,1188 785,1186 786,1186 787,1185 791,1185 791,1185 791,1184 794,1181 799,1181 799,1181 799,1180 802,1177 1931,1177 1932,1178 1933,1178 1933,1179 1933,1181 1934,1181 2856,1181 2856,1182 2856,1185 2857,1185 2858,1185 2860,1188 2860,1190 2861,1190 3201,1190 3201,1191 3201,1234 3202,1234 3334,1234 3335,1236 3335,1237 3337,1238 3338,1239 3339,1239 3339,1240 3339,1241 3342,1243 3343,1243 3343,1244 3343,1294 3345,1295 3346,1295 3347,1297 3347,1299 3347,1299 3346,1299 3343,1302 3343,1307 3343,1307 3342,1307 3339,1310 3339,1311 3339,1311 3338,1311 3335,1314 3335,1315 3335,1315 3334,1315 3331,1318 3331,1319 3331,1319 3330,1319 3329,1320 3256,1320 3254,1322 3254,1323 3253,1324 3048,1324 3047,1325 3047,1326 3046,1327 3046,1328 3046,1328 3045,1328 3044,1328 3042,1326 3042,1325 3042,1324 1617,1324 1616,1325 1616,1364 1616,1364 1615,1364 1614,1365 1612,1365 1611,1364 1610,1364 1608,1363 1608,1362 1608,1361 1607,1361 1604,1359 1604,1333 1604,1332 53,1332 52,1333 52,1343 51,1344 50,1344 48,1346 48,1359 47,1360 45,1360 44,1361 44,1375 42,1377"/><TextEquiv index="1"><Unicode>“vous bien honnête la maiſon où vous</Unicode></TextEquiv></TextLine><TextLine id="r0_l006"><Coords points="824,1591 823,1591 823,1589 823,1588 46,1588 43,1586 43,1581 43,1580 30,1580 27,1578 27,1415 29,1413 39,1413 39,1413 39,1396 40,1395 40,1394 41,1393 396,1393 397,1392 397,1391 399,1389 1222,1389 1222,1390 1222,1393 1223,1393 2782,1393 2782,1393 2782,1392 2783,1391 2783,1390 2784,1389 2785,1389 2787,1387 2787,1386 2788,1385 3175,1385 3177,1383 3177,1382 3178,1381 3179,1381 3180,1380 3194,1380 3195,1381 3196,1381 3197,1383 3197,1384 3198,1384 3199,1384 3200,1385 3205,1385 3205,1386 3205,1392 3206,1392 3207,1392 3208,1393 3209,1393 3209,1394 3209,1437 3210,1437 3341,1437 3342,1438 3343,1438 3343,1439 3343,1440 3346,1442 3347,1442 3347,1443 3347,1448 3350,1450 3351,1450 3351,1451 3351,1452 3352,1453 3352,1455 3351,1456 3351,1457 3350,1458 3349,1458 3347,1460 3347,1461 3346,1462 3340,1462 3339,1463 3339,1522 3338,1523 3271,1523 3270,1524 3270,1526 3269,1527 2987,1527 2986,1528 2986,1542 2985,1543 2984,1543 2981,1546 2981,1547 2981,1547 2980,1547 2977,1550 2977,1551 2977,1551 2976,1551 2973,1554 2973,1555 2973,1555 2968,1555 2965,1558 2965,1559 2965,1559 2964,1559 2963,1560 2312,1560 2311,1561 2311,1563 2311,1563 2310,1563 2309,1564 2299,1574 2299,1575 2299,1575 2298,1575 2297,1576 2293,1576 2291,1575 2291,1574 2291,1573 2289,1571 2288,1571 2287,1571 2287,1561 2287,1560 2144,1560 2143,1559 2142,1559 2141,1559 2141,1558 2140,1556 2139,1556 2136,1554 2136,1540 2136,1539 829,1539 828,1540 828,1591 828,1591"/><TextEquiv index="1"><Unicode>“logez? J'ai rencontré, je crois, ſur</Unicode></TextEquiv></TextLine><TextLine id="r0_l007"><Coords points="2715,1791 2713,1790 2713,1789 2712,1787 1423,1787 1421,1786 1421,1764 1421,1763 1099,1763 1098,1762 49,1762 48,1762 48,1756 48,1755 46,1755 44,1754 44,1630 46,1628 393,1628 393,1628 393,1602 395,1600 396,1600 397,1599 397,1598 399,1596 583,1596 584,1595 584,1594 586,1592 591,1592 592,1591 592,1590 594,1588 2704,1588 2714,1599 2714,1600 2715,1600 2944,1600 2945,1602 2945,1603 2947,1604 2952,1604 2953,1606 2953,1607 2954,1608 2955,1608 2956,1608 2957,1610 2957,1611 2958,1612 2959,1612 2960,1612 2961,1614 2961,1640 2962,1640 3117,1640 3118,1641 3119,1641 3120,1643 3120,1644 3122,1645 3127,1645 3128,1647 3128,1648 3129,1649 3130,1649 3131,1649 3132,1651 3132,1653 3133,1653 3277,1653 3279,1656 3279,1657 3280,1657 3334,1657 3335,1659 3335,1660 3337,1661 3338,1661 3339,1663 3339,1664 3341,1665 3346,1665 3348,1668 3348,1669 3349,1669 3350,1669 3351,1671 3351,1676 3353,1677 3354,1677 3354,1678 3355,1679 3355,1680 3356,1681 3356,1695 3355,1696 3355,1697 3354,1698 3353,1698 3351,1700 3351,1705 3350,1706 3345,1706 3343,1708 3343,1709 3342,1710 3337,1710 3335,1712 3335,1713 3334,1714 3333,1714 3331,1716 3331,1717 3330,1718 3317,1718 3315,1720 3315,1721 3314,1722 3182,1722 3181,1723 3181,1725 3180,1726 3118,1726 3115,1729 3115,1730 3115,1730 2902,1730 2901,1731 2901,1732 2899,1734 2727,1734 2726,1735 2726,1785 2725,1786 2725,1787 2725,1787 2719,1787 2718,1788 2718,1789 2717,1790 2717,1791 2717,1791"/><TextEquiv index="1"><Unicode>“l'eſcalier, des perſonnes ſuſpectes.“</Unicode></TextEquiv></TextLine><TextLine id="r0_l008"><Coords points="2065,1990 2063,1989 2063,1987 2063,1986 1817,1986 1816,1986 1816,1985 1814,1982 1801,1982 1799,1981 1799,1942 1799,1941 225,1941 223,1943 223,1944 222,1945 220,1945 218,1944 218,1943 217,1941 204,1941 202,1940 202,1939 202,1938 41,1938 40,1937 29,1937 28,1937 28,1936 27,1935 27,1920 28,1919 28,1918 29,1917 30,1917 32,1915 32,1825 34,1823 35,1823 35,1823 35,1778 36,1777 36,1776 37,1775 42,1775 44,1773 44,1772 45,1771 48,1771 48,1772 48,1795 49,1795 49,1795 49,1763 50,1762 55,1762 55,1763 55,1795 56,1795 1522,1795 1523,1794 1523,1793 1525,1791 3078,1791 3079,1793 3079,1794 3081,1795 3082,1795 3083,1797 3083,1798 3085,1799 3086,1799 3087,1801 3087,1848 3088,1848 3330,1848 3331,1850 3331,1851 3333,1852 3342,1852 3344,1855 3344,1856 3345,1856 3346,1856 3347,1858 3347,1863 3349,1864 3350,1864 3351,1866 3351,1867 3352,1868 3352,1870 3351,1871 3351,1872 3351,1872 3350,1872 3347,1875 3347,1916 3346,1917 3345,1917 3344,1918 3344,1919 3342,1921 3341,1921 3339,1923 3339,1928 3338,1929 3337,1929 3335,1931 3335,1932 3334,1933 3313,1933 3311,1935 3311,1936 3310,1937 2194,1937 2193,1938 2193,1941 2193,1941 2192,1941 2189,1944 2189,1949 2189,1949 2188,1949 2185,1952 2185,1957 2185,1957 2184,1957 2181,1960 2181,1969 2180,1970 2179,1970 2177,1972 2177,1981 2176,1982 2175,1982 2173,1984 2173,1985 2172,1986 2123,1986 2120,1989 2120,1990 2120,1990"/><TextEquiv index="1"><Unicode>Nous lui avons dit qu'il y en avoit dans</Unicode></TextEquiv></TextLine><TextLine id="r0_l009"><Coords points="40,1995 3353,1995 3353,2194 40,2194"/><TextEquiv index="1"><Unicode>toutes les maiſons de Paris. „Pas tant</Unicode></TextEquiv></TextLine><TextLine id="r0_l010"><Coords points="432,2405 430,2404 430,2403 428,2400 427,2400 426,2400 426,2398 425,2397 425,2349 425,2348 412,2348 409,2346 409,2345 409,2344 400,2344 397,2342 397,2341 397,2340 396,2340 393,2338 393,2337 393,2336 205,2336 202,2334 202,2329 202,2328 201,2328 200,2327 199,2327 198,2327 198,2288 198,2287 45,2287 44,2288 44,2363 43,2364 37,2364 36,2365 36,2387 35,2388 33,2388 32,2389 31,2388 29,2388 27,2387 27,2379 30,2376 35,2376 35,2376 35,2354 37,2352 39,2352 39,2352 39,2269 42,2266 43,2267 44,2267 44,2268 44,2270 45,2270 247,2270 247,2270 247,2268 248,2267 249,2267 250,2266 421,2266 422,2265 422,2264 424,2262 588,2262 588,2262 588,2261 591,2258 611,2258 613,2261 613,2262 614,2262 900,2262 904,2258 1416,2258 1417,2257 1417,2256 1419,2254 1640,2254 1640,2255 1640,2256 1641,2257 1641,2258 1642,2258 1700,2258 1702,2261 1702,2311 1703,2311 1913,2311 1913,2311 1913,2281 1916,2278 1917,2278 1917,2278 1917,2272 1918,2271 1919,2271 1924,2266 1929,2266 1929,2266 1929,2265 1932,2262 1937,2262 1937,2262 1937,2261 1940,2258 2128,2258 2128,2258 2128,2257 2131,2254 2136,2254 2136,2254 2136,2253 2139,2250 2143,2250 2145,2253 2145,2258 2146,2258 2363,2258 2364,2257 2364,2256 2366,2254 2408,2254 2408,2254 2408,2214 2409,2213 2409,2211 2410,2210 2411,2210 2413,2208 2413,2207 2414,2206 2415,2206 2417,2204 2417,2203 2418,2202 2419,2202 2420,2201 2477,2201 2478,2200 2478,2199 2480,2197 2484,2197 2490,2204 2490,2258 2491,2258 2765,2258 2769,2254 2774,2254 2774,2254 2774,2241 2775,2240 2775,2239 2776,2238 2777,2238 2778,2237 2778,2233 2779,2232 2779,2231 2780,2230 2781,2230 2782,2229 2782,2221 2783,2220 2783,2219 2784,2218 2785,2218 2786,2217 2786,2213 2787,2212 2787,2211 2788,2210 2789,2210 2790,2209 2794,2209 2795,2208 2795,2207 2796,2206 2798,2206 2799,2208 2799,2209 2800,2209 2805,2209 2807,2212 2807,2258 2808,2258 3160,2258 3160,2258 3160,2204 3163,2201 3191,2201 3192,2202 3193,2202 3193,2203 3193,2258 3194,2258 3293,2258 3295,2261 3295,2307 3296,2307 3342,2307 3343,2309 3343,2310 3345,2311 3346,2311 3347,2313 3347,2318 3349,2319 3350,2319 3351,2321 3351,2322 3352,2323 3352,2325 3351,2326 3351,2327 3351,2327 3350,2327 3347,2330 3347,2339 3347,2339 3346,2339 3345,2340 3343,2342 3343,2343 3342,2344 2861,2344 2860,2345 2860,2395 2858,2397 2857,2397 2856,2398 2856,2399 2854,2401 2834,2401 2831,2399 2831,2398 2831,2397 2830,2397 2827,2395 2827,2345 2827,2344 2773,2344 2770,2342 2770,2341 2770,2340 2569,2340 2567,2342 2567,2343 2566,2344 2370,2344 2368,2346 2368,2347 2367,2348 2362,2348 2360,2347 2360,2346 2359,2344 2143,2344 2140,2342 2140,2341 2140,2340 1935,2340 1933,2342 1933,2343 1932,2344 1796,2344 1795,2345 1795,2351 1794,2352 1793,2352 1791,2354 1791,2355 1790,2356 1789,2356 1787,2358 1787,2359 1786,2360 1785,2360 1783,2362 1783,2363 1782,2364 1781,2364 1779,2366 1779,2367 1778,2368 1773,2368 1770,2371 1770,2372 1770,2372 1764,2372 1763,2372 1763,2371 1758,2366 1758,2341 1758,2340 1508,2340 1507,2341 1507,2346 1505,2348 1504,2348 1503,2349 1503,2354 1501,2356 1500,2356 1499,2357 1499,2366 1497,2368 1496,2368 1495,2369 1495,2370 1494,2371 1494,2380 1494,2380 1493,2380 1490,2383 1490,2388 1490,2388 1489,2388 1486,2391 1486,2392 1486,2392 1485,2392 1484,2393 1482,2393 1481,2392 1480,2392 1478,2391 1478,2390 1478,2389 1477,2389 1474,2387 1474,2386 1474,2385 1473,2385 1470,2383 1470,2345 1470,2344 1082,2344 1080,2346 1080,2347 1079,2348 806,2348 803,2346 803,2345 803,2344 471,2344 470,2345 470,2396 469,2397 464,2397 462,2399 462,2400 462,2400 461,2400 460,2401 456,2401 454,2403 454,2404 454,2404 453,2404 452,2405"/><TextEquiv index="1"><Unicode>“que vous croyez, a - t - elle répondu.</Unicode></TextEquiv></TextLine><TextLine id="r0_l011"><Coords points="2314,2604 2310,2600 2306,2600 2305,2599 2304,2599 2303,2599 2303,2598 2302,2597 2301,2595 2300,2595 2299,2595 2299,2594 2297,2591 2296,2591 2295,2591 2295,2548 2295,2547 2200,2547 2197,2545 2197,2544 2197,2543 2008,2543 2006,2545 2006,2546 2005,2547 1923,2547 1921,2546 1921,2545 1920,2543 1248,2543 1247,2544 1247,2545 1245,2547 1244,2547 1243,2548 1243,2549 1241,2551 1094,2551 1092,2550 1092,2549 1091,2547 1050,2547 1047,2545 1047,2544 1047,2543 866,2543 865,2544 865,2545 863,2547 862,2547 861,2548 861,2549 860,2550 860,2551 860,2551 858,2551 857,2551 856,2550 856,2548 856,2547 642,2547 641,2548 641,2554 640,2555 639,2555 637,2557 637,2570 636,2571 635,2571 633,2573 633,2578 631,2580 630,2580 629,2581 629,2582 627,2584 626,2584 625,2585 625,2594 623,2596 622,2596 621,2597 621,2598 619,2600 611,2600 608,2598 608,2593 608,2592 607,2592 604,2590 604,2552 604,2551 395,2551 393,2550 393,2549 392,2547 383,2547 381,2546 381,2540 381,2539 205,2539 202,2537 202,2532 202,2531 53,2531 52,2532 52,2578 50,2580 47,2580 46,2579 45,2579 44,2579 44,2532 44,2531 42,2531 39,2529 39,2528 38,2526 37,2526 36,2526 36,2521 34,2518 33,2518 32,2518 32,2517 31,2516 31,2513 34,2510 38,2510 39,2511 206,2511 206,2511 206,2488 208,2486 209,2486 210,2485 210,2484 212,2482 213,2482 214,2481 214,2480 216,2478 217,2478 218,2477 218,2476 220,2474 389,2474 389,2474 389,2415 391,2413 465,2413 466,2412 466,2411 468,2409 470,2409 470,2410 470,2411 473,2413 474,2413 474,2414 474,2415 475,2416 475,2465 476,2465 842,2465 843,2466 844,2466 844,2467 844,2468 847,2470 848,2470 848,2471 848,2472 851,2474 852,2474 852,2475 852,2480 855,2482 856,2482 856,2483 856,2485 858,2486 1038,2486 1039,2485 1039,2484 1041,2482 1042,2482 1043,2481 1043,2480 1045,2478 1046,2478 1047,2477 1047,2476 1049,2474 1050,2474 1052,2472 1052,2471 1053,2470 1054,2470 1055,2469 1063,2469 1064,2468 1064,2467 1065,2466 1066,2466 1067,2465 1080,2465 1080,2465 1080,2415 1083,2412 1084,2412 1084,2412 1084,2411 1086,2409 1099,2409 1100,2408 1100,2407 1102,2405 1104,2405 1104,2406 1104,2407 1107,2409 1108,2409 1108,2410 1108,2461 1109,2461 1245,2461 1246,2463 1246,2464 1248,2465 1252,2465 1253,2466 1436,2466 1437,2465 1441,2465 1442,2464 1442,2463 1443,2462 1444,2462 1445,2461 1669,2461 1669,2461 1669,2411 1672,2408 1673,2408 1673,2408 1673,2407 1675,2405 1676,2405 1677,2404 1766,2404 1767,2403 1767,2402 1768,2401 1769,2401 1770,2400 1781,2400 1783,2403 1783,2404 1784,2404 1785,2404 1786,2405 1791,2405 1791,2406 1791,2461 1792,2461 2002,2461 2002,2461 2002,2460 2005,2457 2007,2460 2007,2461 2008,2461 2246,2461 2246,2461 2246,2419 2249,2416 2250,2416 2250,2416 2250,2411 2252,2409 2253,2409 2254,2408 2254,2407 2256,2405 2257,2405 2258,2404 2264,2404 2265,2405 2266,2405 2266,2406 2266,2407 2269,2409 2270,2409 2270,2410 2270,2411 2273,2413 2274,2413 2274,2414 2274,2415 2275,2416 2275,2461 2276,2461 2831,2461 2831,2461 2831,2456 2834,2453 2835,2453 2835,2453 2835,2436 2836,2435 2836,2434 2837,2433 2838,2433 2839,2432 2839,2428 2840,2427 2840,2426 2841,2425 2842,2425 2844,2423 2844,2422 2845,2421 2846,2421 2848,2419 2848,2418 2849,2417 2850,2417 2852,2415 2852,2414 2853,2413 2858,2413 2860,2411 2860,2410 2861,2409 2870,2409 2872,2407 2872,2406 2873,2405 2875,2405 2876,2404 2889,2404 2890,2405 2892,2405 2892,2406 2892,2411 2895,2413 2896,2413 2896,2414 2896,2461 2897,2461 2927,2461 2929,2464 2929,2465 2930,2465 3131,2465 3132,2464 3132,2463 3133,2462 3134,2462 3135,2461 3144,2461 3144,2461 3144,2460 3147,2457 3310,2457 3311,2456 3311,2455 3313,2453 3321,2453 3322,2454 3323,2454 3323,2455 3323,2456 3329,2461 3345,2461 3346,2462 3347,2462 3347,2463 3347,2464 3349,2465 3353,2465 3354,2466 3355,2466 3355,2467 3355,2468 3356,2469 3356,2540 3355,2541 3355,2542 3354,2543 3333,2543 3331,2545 3331,2546 3330,2547 3150,2547 3149,2548 3149,2549 3147,2551 3146,2551 3144,2550 3144,2549 3143,2547 2932,2547 2918,2547 2917,2548 2917,2549 2915,2551 2373,2551 2372,2552 2372,2582 2362,2592 2361,2592 2360,2593 2360,2594 2358,2596 2353,2596 2352,2597 2352,2598 2350,2600 2345,2600 2344,2601 2344,2602 2342,2604"/><TextEquiv index="1"><Unicode>“Il y a des maiſons rigoureuſement</Unicode></TextEquiv></TextLine><TextLine id="r0_l012"><Coords points="1996,2811 1994,2810 1994,2809 1994,2808 1993,2807 1992,2807 1990,2806 1990,2805 1989,2803 1988,2803 1986,2802 1986,2759 1986,2758 49,2758 48,2759 48,2778 48,2778 41,2778 40,2779 40,2785 38,2787 34,2787 32,2786 32,2785 31,2784 31,2782 32,2781 32,2780 34,2778 36,2778 36,2778 36,2739 37,2738 43,2738 43,2738 43,2648 44,2647 44,2646 46,2644 389,2644 389,2644 389,2618 391,2616 400,2616 401,2615 401,2614 403,2612 1265,2612 1269,2608 1676,2608 1677,2607 1677,2606 1679,2604 1689,2604 1689,2605 1689,2606 1692,2608 1705,2608 1706,2610 1706,2660 1707,2660 3583,2660 3583,2660 3583,2654 3584,2653 3585,2653 3586,2652 3594,2652 3595,2654 3595,2656 3594,2657 3589,2657 3587,2659 3587,2660 3586,2661 2608,2661 2607,2662 2608,2663 2608,2665 2609,2665 3330,2665 3335,2671 3335,2672 3337,2673 3343,2673 3343,2674 3343,2675 3347,2679 3347,2683 3348,2684 3348,2685 3349,2685 3350,2685 3351,2687 3351,2691 3352,2692 3352,2693 3353,2693 3354,2693 3356,2696 3356,2729 3358,2730 3359,2730 3359,2731 3359,2733 3358,2734 3357,2734 3356,2735 3356,2736 3354,2738 3349,2738 3347,2740 3347,2741 3346,2742 3341,2742 3339,2744 3339,2745 3338,2746 3329,2746 3327,2748 3327,2749 3326,2750 3170,2750 3169,2751 3169,2797 3167,2799 3166,2799 3165,2800 3165,2801 3163,2803 3158,2803 3156,2805 3156,2806 3155,2807 2785,2807 2781,2811"/><TextEquiv index="1"><Unicode>“honnêtes. Il ne faut pourtant pas que</Unicode></TextEquiv></TextLine><TextLine id="r0_l013"><Coords points="3113,3006 3112,3006 3112,3005 3111,3004 3111,3003 3111,3002 3110,3002 3109,3002 3108,3001 3108,3000 3107,2999 3107,2962 3107,2961 1029,2961 1027,2960 1027,2959 1026,2957 411,2957 410,2957 410,2956 408,2953 403,2953 401,2952 401,2951 400,2949 37,2949 36,2949 36,2946 37,2945 44,2945 44,2945 44,2857 45,2856 46,2856 48,2854 48,2853 50,2851 438,2851 438,2851 438,2849 438,2848 34,2848 31,2846 31,2845 31,2844 30,2844 27,2842 30,2839 31,2839 31,2839 31,2838 34,2835 438,2835 438,2835 438,2833 440,2831 901,2831 901,2831 901,2825 903,2823 904,2823 905,2822 905,2821 907,2819 916,2819 918,2817 918,2816 919,2815 1156,2815 1157,2814 1157,2813 1159,2811 1652,2811 1653,2810 1653,2809 1655,2807 1660,2807 1661,2809 1661,2810 1663,2811 3355,2811 3355,2812 3355,2813 3356,2814 3356,2928 3358,2929 3359,2929 3359,2930 3359,2931 3360,2932 3360,2936 3362,2937 3363,2937 3363,2938 3363,2939 3364,2940 3364,2947 3363,2948 3363,2949 3363,2949 3362,2949 3359,2952 3359,2953 3359,2953 3137,2953 3136,2954 3136,2977 3136,2977 3135,2977 3134,2978 3133,2978 3132,2979 3132,2985 3132,2985 3131,2985 3128,2988 3128,2993 3127,2994 3126,2994 3124,2996 3119,3001 3119,3002 3119,3002 3118,3002 3116,3004 3116,3005 3115,3006"/><TextEquiv index="1"><Unicode>“cette belle enfant renonce au joli</Unicode></TextEquiv></TextLine><TextLine id="r0_l014"><Coords points="1985,3222 1984,3222 1984,3157 1984,3156 1928,3156 1925,3159 1925,3160 1925,3160 1923,3160 1922,3161 1662,3161 1661,3162 1661,3220 1661,3220 1654,3220 1653,3220 1653,3162 1653,3161 1575,3161 1574,3160 1531,3160 1395,3160 1394,3161 1049,3161 1047,3163 1047,3164 1047,3164 1046,3164 1045,3165 1038,3165 1037,3164 967,3164 966,3164 966,3163 965,3161 413,3161 412,3160 411,3160 409,3159 409,3158 408,3156 407,3156 405,3155 405,3154 404,3152 403,3152 401,3151 401,3145 401,3144 49,3144 48,3145 48,3183 44,3187 44,3188 43,3189 42,3189 39,3187 39,3186 39,3185 38,3185 36,3184 36,3183 35,3182 35,3178 35,3177 34,3177 31,3175 31,3084 31,3083 25,3083 23,3082 23,3049 25,3047 26,3047 27,3046 27,3041 29,3039 31,3039 32,3041 32,3095 33,3095 206,3095 206,3095 206,3094 209,3091 210,3091 210,3091 210,3090 213,3087 218,3087 218,3087 218,3086 219,3085 219,3084 220,3083 393,3083 393,3083 393,3081 395,3079 396,3079 397,3078 398,3077 398,3076 399,3075 400,3075 402,3073 402,3072 403,3071 535,3071 535,3071 535,3025 538,3022 550,3022 552,3025 552,3046 554,3047 555,3047 556,3049 556,3059 557,3059 653,3059 653,3060 653,3075 654,3075 766,3075 767,3074 767,3073 769,3071 774,3071 775,3073 775,3074 777,3075 778,3075 779,3077 779,3078 781,3079 950,3079 950,3079 950,3028 952,3026 953,3026 954,3025 954,3024 956,3022 965,3022 966,3021 966,3020 968,3018 973,3018 974,3020 974,3021 976,3022 977,3022 978,3024 978,3075 979,3075 1213,3075 1214,3074 1214,3073 1216,3071 1437,3071 1437,3071 1437,3021 1440,3018 1453,3018 1454,3017 1454,3016 1456,3014 1518,3014 1518,3015 1518,3016 1522,3019 1523,3019 1523,3020 1523,3071 1524,3071 1591,3071 1592,3073 1592,3074 1594,3075 1831,3075 1831,3075 1831,3074 1834,3071 1847,3071 1848,3073 1848,3074 1850,3075 2449,3075 2449,3075 2449,3057 2451,3055 2452,3055 2453,3054 2453,3053 2455,3051 2567,3051 2567,3051 2567,3049 2570,3046 2571,3046 2571,3046 2571,3037 2574,3034 2575,3034 2575,3034 2575,3029 2578,3026 2583,3026 2583,3026 2583,3025 2586,3022 2700,3022 2702,3020 2702,3019 2703,3018 2720,3018 2722,3021 2722,3022 2723,3022 2757,3022 2758,3024 2758,3025 2760,3026 2765,3026 2766,3028 2766,3033 2769,3035 2770,3035 2770,3036 2770,3075 2771,3075 3224,3075 3225,3077 3225,3079 3226,3079 3269,3079 3270,3081 3270,3082 3272,3083 3273,3083 3274,3085 3274,3086 3276,3087 3277,3087 3278,3089 3278,3099 3279,3099 3354,3099 3355,3101 3355,3102 3356,3103 3356,3115 3358,3116 3359,3116 3359,3117 3359,3118 3360,3119 3360,3123 3362,3124 3363,3124 3363,3125 3363,3126 3364,3127 3364,3130 3363,3131 3363,3132 3363,3132 3292,3132 3291,3133 3291,3158 3290,3159 3290,3160 3290,3160 3263,3160 3262,3161 3154,3161 3152,3163 3152,3164 3152,3164 2995,3164 2994,3165 2994,3216 2993,3217 2980,3217 2977,3220 2977,3221 2977,3221 2967,3221 2965,3220 2965,3219 2964,3217 2890,3217 2888,3216 2888,3215 2887,3213 2873,3213 2872,3213 2872,3212 2872,3211 2870,3209 2869,3209 2868,3209 2868,3162 2868,3161 2794,3161 2793,3160 2792,3160 2791,3160 2791,3159 2789,3156 2586,3156 2583,3159 2583,3160 2583,3160 2582,3160 2581,3161 2201,3161 2200,3160 2199,3160 2198,3159 2197,3159 2197,3158 2196,3156 1990,3156 1989,3157 1989,3222 1989,3222"/><TextEquiv index="1"><Unicode>“talent dont elle a commencé l'appren-</Unicode></TextEquiv></TextLine><TextLine id="r0_l015"><Coords points="2138,3426 2137,3425 1428,3425 1427,3424 1410,3424 1409,3424 1409,3423 1408,3421 701,3421 700,3420 699,3420 698,3420 698,3419 696,3416 691,3416 690,3416 690,3411 688,3408 687,3408 686,3408 686,3381 686,3380 216,3380 214,3379 214,3377 214,3376 38,3376 36,3375 36,3373 37,3372 38,3372 39,3371 39,3345 40,3344 40,3337 42,3335 47,3335 47,3335 47,3290 48,3289 48,3288 50,3286 250,3286 251,3285 251,3284 253,3282 405,3282 405,3282 405,3281 408,3278 409,3278 409,3278 409,3277 412,3274 466,3274 466,3274 466,3228 469,3225 470,3225 470,3225 470,3224 473,3221 596,3221 596,3221 596,3220 599,3217 1745,3217 1746,3219 1746,3220 1748,3221 2883,3221 2884,3223 2884,3224 2886,3225 2890,3225 2891,3226 2892,3226 2892,3227 2892,3232 2895,3234 2896,3234 2896,3235 2896,3242 2897,3242 3253,3242 3254,3244 3254,3245 3255,3245 3256,3246 3257,3246 3258,3248 3258,3278 3259,3278 3338,3278 3339,3280 3339,3281 3341,3282 3346,3282 3347,3284 3347,3285 3349,3286 3354,3286 3355,3288 3355,3289 3357,3290 3358,3290 3360,3293 3360,3335 3361,3335 3362,3335 3364,3338 3364,3346 3363,3347 3358,3347 3357,3348 3355,3350 3355,3351 3355,3351 3354,3351 3351,3354 3351,3355 3351,3355 3350,3355 3347,3358 3347,3359 3347,3359 3346,3359 3343,3362 3343,3367 3342,3368 3251,3368 3250,3369 3250,3379 3249,3380 3247,3380 3246,3381 3246,3395 3245,3396 3244,3396 3242,3398 3242,3403 3241,3404 3240,3404 3238,3406 3238,3411 3237,3412 3232,3412 3229,3415 3229,3416 3229,3416 3228,3416 3227,3417 2141,3417 2140,3418 2140,3426 2140,3426"/><TextEquiv index="1"><Unicode>“tiſſage. Je penſe à une choſe; je</Unicode></TextEquiv></TextLine><TextLine id="r0_l016"><Coords points="2301,3628 2299,3627 2299,3626 2298,3624 2289,3624 2287,3623 2287,3564 2287,3563 2106,3563 2104,3565 2104,3566 2103,3567 2093,3567 2092,3568 2092,3569 2090,3571 2045,3571 2043,3570 2043,3569 2042,3567 1995,3567 1781,3567 1778,3570 1778,3571 1778,3571 1765,3571 1762,3569 1762,3568 1762,3567 1565,3567 1564,3568 1564,3569 1562,3571 1558,3571 1555,3569 1555,3568 1555,3567 1550,3567 1549,3566 1531,3566 1360,3566 1359,3567 1358,3567 1356,3569 1356,3570 1355,3571 1089,3571 1088,3572 1088,3627 1087,3628 1050,3628 1047,3626 1047,3572 1047,3571 858,3571 857,3572 857,3573 856,3574 856,3575 856,3575 854,3575 852,3574 852,3573 851,3571 627,3571 625,3570 625,3568 625,3567 435,3567 434,3568 434,3614 432,3616 427,3616 426,3617 426,3618 424,3620 396,3620 393,3618 393,3617 393,3616 392,3616 391,3615 390,3615 389,3615 389,3548 389,3547 212,3547 210,3549 210,3550 210,3550 209,3550 208,3551 201,3551 198,3549 198,3544 198,3543 197,3543 194,3541 194,3539 194,3538 45,3538 44,3539 44,3594 43,3595 37,3595 36,3596 36,3618 35,3619 29,3619 27,3618 27,3600 27,3599 25,3599 23,3598 23,3593 25,3591 27,3591 27,3591 27,3536 29,3534 31,3534 31,3534 31,3533 34,3530 35,3530 35,3530 35,3529 36,3528 36,3475 38,3473 43,3473 44,3475 44,3526 45,3526 198,3526 198,3526 198,3496 200,3494 205,3494 206,3493 206,3492 208,3490 209,3490 210,3489 246,3489 247,3488 247,3487 248,3486 249,3486 250,3485 254,3485 255,3484 255,3483 256,3482 257,3482 258,3481 877,3481 877,3481 877,3442 878,3441 879,3441 880,3440 881,3440 881,3440 881,3434 882,3433 896,3433 897,3435 897,3436 898,3436 903,3436 904,3437 905,3437 905,3438 905,3485 906,3485 1173,3485 1173,3485 1173,3484 1176,3481 1331,3481 1332,3480 1332,3479 1334,3477 1335,3477 1336,3479 1336,3485 1337,3485 1543,3485 1543,3485 1543,3459 1545,3457 1546,3457 1547,3456 1547,3447 1549,3445 1550,3445 1551,3444 1551,3443 1553,3441 1554,3441 1555,3440 1555,3435 1557,3433 1559,3433 1560,3432 1561,3433 1563,3433 1563,3434 1563,3435 1564,3435 1566,3437 1567,3437 1567,3438 1567,3439 1570,3441 1571,3441 1571,3442 1571,3443 1572,3444 1572,3452 1574,3453 1575,3453 1575,3454 1575,3455 1578,3457 1579,3457 1580,3459 1580,3473 1581,3473 1627,3473 1629,3476 1629,3481 1630,3481 1781,3481 1783,3484 1783,3485 1784,3485 1789,3485 1797,3493 1978,3493 1978,3493 1978,3435 1981,3432 1982,3432 1982,3432 1982,3431 1984,3429 1985,3429 1986,3428 1994,3428 1994,3428 1994,3427 1997,3424 2000,3424 2001,3425 2002,3425 2003,3426 2141,3426 2141,3427 2141,3428 2143,3429 2148,3429 2149,3431 2149,3436 2151,3437 2152,3437 2153,3439 2153,3485 2154,3485 2473,3485 2474,3484 2474,3483 2476,3481 2488,3481 2490,3484 2490,3485 2491,3485 2680,3485 2681,3484 2681,3483 2683,3481 2923,3481 2925,3484 2925,3485 2926,3485 3192,3485 3193,3484 3193,3483 3194,3482 3195,3482 3196,3481 3326,3481 3327,3480 3327,3479 3329,3477 3330,3477 3331,3479 3331,3480 3333,3481 3337,3481 3338,3482 3339,3482 3339,3483 3339,3484 3341,3485 3342,3486 3343,3486 3343,3487 3343,3492 3346,3494 3347,3494 3347,3495 3347,3496 3350,3498 3351,3498 3351,3499 3351,3500 3354,3502 3355,3502 3355,3503 3355,3504 3358,3506 3359,3506 3359,3507 3359,3508 3360,3509 3360,3513 3362,3514 3367,3514 3368,3516 3368,3517 3367,3518 3362,3518 3360,3520 3360,3549 3359,3550 3358,3550 3356,3552 3355,3553 3355,3554 3354,3555 3353,3555 3351,3557 3351,3558 3350,3559 3349,3559 3347,3561 3347,3562 3346,3563 3341,3563 3339,3565 3339,3566 3338,3567 3333,3567 3331,3569 3331,3570 3330,3571 3142,3571 3140,3570 3140,3569 3139,3567 3102,3567 3101,3566 2924,3566 2912,3566 2911,3567 2829,3567 2827,3569 2827,3570 2826,3571 2328,3571 2327,3572 2327,3623 2326,3624 2325,3624 2324,3625 2323,3626 2323,3627 2322,3628"/><TextEquiv index="1"><Unicode>“pourrai peut - être lui procurer une</Unicode></TextEquiv></TextLine><TextLine id="r0_l017"><Coords points="948,3835 946,3834 946,3833 945,3831 940,3831 938,3830 938,3829 937,3827 399,3827 398,3827 398,3826 397,3825 397,3824 397,3823 387,3823 385,3822 385,3821 385,3820 32,3820 31,3820 31,3722 31,3721 29,3721 27,3720 27,3712 28,3711 28,3710 29,3709 29,3620 30,3619 34,3619 34,3620 34,3632 35,3632 636,3632 637,3634 637,3635 639,3636 1266,3636 1266,3636 1266,3635 1269,3632 2282,3632 2283,3634 2283,3635 2285,3636 2286,3636 2287,3637 2287,3638 2287,3639 2289,3640 2290,3640 2291,3642 2291,3668 2292,3668 2549,3668 2550,3669 2551,3669 2551,3670 2551,3688 2552,3688 2920,3688 2921,3687 2921,3686 2922,3685 2923,3685 2924,3684 3306,3684 3307,3683 3307,3682 3308,3681 3309,3681 3311,3679 3311,3678 3312,3677 3313,3677 3314,3676 3317,3676 3319,3679 3319,3684 3320,3684 3345,3684 3346,3685 3347,3685 3347,3686 3347,3687 3350,3689 3355,3689 3355,3690 3355,3691 3356,3692 3356,3757 3358,3758 3359,3758 3359,3759 3359,3761 3358,3762 3357,3762 3356,3763 3356,3764 3354,3766 3353,3766 3352,3767 3352,3768 3350,3770 3349,3770 3348,3771 3348,3772 3347,3773 3347,3774 3347,3774 3344,3774 3343,3775 3343,3830 3343,3830 3332,3830 3331,3830 3331,3829 3330,3827 3325,3827 3323,3826 3323,3803 3323,3802 2658,3802 2657,3803 2657,3825 2655,3827 2626,3827 2624,3826 2624,3825 2623,3823 2622,3823 2620,3822 2620,3804 2620,3803 2420,3803 2419,3802 2418,3802 2417,3802 2417,3779 2417,3778 2146,3778 2145,3778 2145,3777 2143,3774 1955,3774 1954,3775 1954,3817 1952,3819 1949,3817 1949,3775 1949,3774 1078,3774 1076,3776 1076,3777 1075,3778 983,3778 982,3779 982,3834 981,3835"/><TextEquiv index="1"><Unicode>“petite penſion du Roi, pour cet</Unicode></TextEquiv></TextLine><TextLine id="r0_l018"><Coords points="558,4030 556,4029 556,3974 556,3973 415,3973 414,3973 414,3972 412,3969 399,3969 397,3968 397,3967 397,3966 396,3965 395,3965 393,3964 393,3963 392,3961 391,3961 389,3960 389,3959 388,3957 387,3957 385,3956 385,3954 385,3953 204,3953 202,3952 202,3950 202,3949 52,3949 51,3950 51,4027 51,4027 49,4027 48,4027 48,4022 48,4021 47,4022 46,4022 43,4020 43,3967 42,3965 41,3965 40,3965 40,3950 40,3949 38,3949 36,3948 36,3947 35,3946 35,3824 35,3823 34,3823 31,3821 32,3820 40,3820 40,3821 40,3932 41,3932 198,3932 198,3932 198,3890 200,3888 214,3888 214,3889 214,3890 217,3892 412,3892 414,3890 414,3889 415,3888 466,3888 466,3888 466,3837 468,3835 469,3835 471,3833 471,3832 472,3831 486,3831 487,3833 487,3842 489,3843 490,3843 490,3844 490,3845 491,3846 491,3847 492,3847 587,3847 588,3849 588,3850 590,3851 591,3851 592,3853 592,3888 593,3888 652,3888 654,3891 654,3892 655,3892 709,3892 710,3894 710,3895 712,3896 734,3896 734,3897 734,3898 737,3900 738,3900 738,3901 738,3902 739,3903 739,3924 740,3924 913,3924 913,3924 913,3923 914,3922 916,3920 917,3920 917,3920 917,3919 920,3916 921,3916 921,3916 921,3915 924,3912 925,3912 925,3912 925,3875 926,3874 926,3873 927,3872 928,3872 930,3870 930,3869 932,3867 941,3867 942,3866 942,3865 944,3863 949,3863 950,3862 950,3861 952,3859 969,3859 970,3861 970,3862 973,3864 974,3864 974,3865 974,3866 976,3867 981,3867 982,3869 982,3888 983,3888 1043,3888 1043,3889 1043,3890 1046,3892 1246,3892 1247,3894 1247,3895 1249,3896 1425,3896 1425,3896 1425,3845 1427,3843 1428,3843 1428,3843 1430,3841 1430,3840 1431,3839 1432,3839 1434,3837 1434,3836 1435,3835 1449,3835 1449,3836 1449,3837 1452,3839 1453,3839 1454,3841 1454,3888 1455,3888 1709,3888 1710,3890 1710,3891 1712,3892 2098,3892 2103,3887 2104,3887 2104,3887 2104,3886 2106,3884 2111,3884 2112,3886 2112,3887 2113,3887 2114,3887 2116,3890 2116,3891 2118,3892 2469,3892 2469,3892 2469,3847 2470,3846 2470,3845 2472,3843 2501,3843 2502,3842 2502,3841 2504,3839 2530,3839 2530,3840 2530,3841 2531,3842 2531,3888 2532,3888 2887,3888 2888,3887 2888,3886 2890,3884 2985,3884 2986,3886 2986,3887 2987,3887 2988,3888 2989,3888 2990,3890 2990,3891 2991,3891 2992,3892 2993,3892 2994,3894 2994,3895 2995,3895 2996,3896 2997,3896 2998,3898 2998,3899 3000,3900 3001,3900 3002,3902 3002,3904 3003,3904 3172,3904 3172,3904 3172,3903 3183,3892 3188,3892 3189,3891 3189,3890 3191,3888 3196,3888 3197,3887 3197,3886 3199,3884 3332,3884 3332,3884 3332,3831 3333,3830 3343,3830 3343,3831 3343,3884 3344,3884 3347,3884 3347,3885 3347,3886 3350,3888 3351,3888 3351,3889 3351,3955 3354,3957 3355,3957 3355,3958 3355,3959 3356,3960 3356,3967 3355,3968 3355,3969 3355,3969 3349,3969 3348,3970 3348,3971 3346,3973 3280,3973 3278,3972 3278,3971 3277,3969 3092,3969 3091,3970 3091,3977 3091,3977 3090,3977 3087,3980 3087,3985 3087,3985 3086,3985 3083,3988 3083,3993 3083,3993 3078,3993 3075,3996 3075,3997 3075,3997 3074,3997 3073,3998 3068,3998 3067,3999 3067,4000 3065,4002 3054,4002 3053,4001 3052,4001 3051,4001 3051,3974 3051,3973 2817,3973 2815,3975 2815,3976 2814,3977 2813,3977 2812,3977 2810,3975 2810,3974 2810,3973 1716,3973 1714,3975 1714,3976 1713,3977 1654,3977 1653,3978 1653,4004 1651,4006 1650,4006 1649,4007 1649,4008 1647,4010 1646,4010 1645,4011 1645,4012 1643,4014 1642,4014 1641,4015 1641,4020 1640,4021 1640,4022 1640,4022 1626,4022 1625,4023 1625,4024 1623,4026 1582,4026 1580,4025 1580,4024 1579,4022 1578,4022 1575,4020 1575,4019 1575,4018 1574,4018 1571,4016 1571,4015 1571,4014 1570,4014 1567,4012 1567,3974 1567,3973 1314,3973 1311,3976 1311,3977 1311,3977 821,3977 820,3978 820,3992 818,3994 817,3994 816,3995 816,4000 814,4002 809,4002 808,4003 808,4004 806,4006 801,4006 800,4007 800,4008 798,4010 789,4010 788,4011 788,4012 786,4014 724,4014 723,4015 723,4016 721,4018 573,4018 572,4019 572,4021 571,4022 570,4022 568,4024 568,4025 567,4026 566,4026 564,4028 564,4029 563,4030"/><TextEquiv index="1"><Unicode>“objet, &amp; un logement au Louvre, ou</Unicode></TextEquiv></TextLine><TextLine id="r0_l019"><Coords points="1718,4237 1717,4237 1717,4177 1717,4176 1504,4176 1503,4176 1503,4175 1501,4172 1292,4172 1291,4173 1291,4196 1291,4196 1290,4196 1287,4199 1287,4200 1287,4200 1286,4200 1283,4203 1283,4204 1283,4204 1282,4205 1281,4205 1279,4207 1279,4212 1278,4213 1277,4213 1275,4215 1275,4216 1274,4217 1273,4217 1271,4219 1271,4220 1270,4221 1269,4221 1267,4223 1267,4224 1266,4225 1256,4225 1255,4225 1255,4177 1255,4176 914,4176 913,4177 913,4229 913,4229 903,4229 901,4231 901,4232 900,4233 879,4233 876,4231 876,4230 876,4229 870,4229 869,4229 869,4227 868,4226 868,4181 868,4180 480,4180 479,4180 479,4179 477,4176 387,4176 385,4175 385,4174 384,4173 384,4172 383,4172 381,4171 381,4166 380,4164 379,4164 377,4163 377,4161 377,4160 200,4160 198,4159 198,4158 197,4157 197,4156 196,4156 194,4155 194,4137 194,4136 54,4136 52,4135 52,4134 51,4133 50,4131 49,4131 48,4131 48,4130 47,4129 47,4104 47,4103 45,4103 44,4103 44,4102 43,4101 43,4100 43,4099 41,4099 40,4099 40,4076 40,4075 37,4075 36,4075 36,4074 35,4073 35,4072 35,4071 34,4071 31,4069 34,4066 36,4066 36,4066 36,4060 38,4058 43,4058 43,4058 43,4054 44,4053 44,4052 46,4050 47,4050 47,4050 47,4030 48,4029 48,4028 49,4027 52,4027 52,4028 52,4078 53,4078 54,4078 56,4081 56,4099 57,4099 235,4099 235,4099 235,4097 237,4095 404,4095 406,4093 406,4092 407,4091 1128,4091 1128,4091 1128,4090 1131,4087 1140,4087 1141,4089 1141,4091 1142,4091 1160,4091 1161,4093 1161,4094 1163,4095 1408,4095 1409,4094 1409,4093 1411,4091 1636,4091 1636,4091 1636,4050 1637,4049 1637,4048 1639,4046 1640,4046 1641,4045 1641,4044 1643,4042 1652,4042 1653,4041 1653,4040 1654,4039 1655,4038 1656,4038 1657,4040 1657,4041 1659,4042 1660,4042 1661,4044 1661,4046 1662,4046 1737,4046 1738,4048 1738,4148 1739,4148 1823,4148 1823,4149 1823,4150 1826,4152 1966,4152 1966,4152 1966,4129 1968,4127 1998,4127 1998,4127 1998,4122 2001,4119 2002,4119 2002,4119 2002,4114 2005,4111 2006,4111 2006,4111 2006,4110 2009,4107 2010,4107 2010,4107 2010,4106 2013,4103 2014,4103 2014,4103 2014,4102 2017,4099 2022,4099 2022,4099 2022,4098 2025,4095 2038,4095 2039,4094 2039,4093 2041,4091 2047,4091 2047,4091 2047,4040 2049,4038 2062,4038 2064,4036 2064,4035 2065,4034 2070,4034 2072,4037 2072,4038 2073,4038 2074,4038 2076,4041 2076,4091 2077,4091 2327,4091 2327,4091 2327,4065 2330,4062 2333,4062 2334,4063 2335,4063 2336,4065 2336,4066 2337,4066 2338,4066 2340,4069 2340,4091 2341,4091 2571,4091 2571,4091 2571,4044 2572,4043 2573,4043 2575,4041 2575,4036 2577,4034 2590,4034 2592,4037 2592,4038 2593,4038 2594,4038 2596,4041 2596,4091 2597,4091 2765,4091 2766,4093 2766,4094 2768,4095 2769,4095 2770,4097 2770,4148 2771,4148 3018,4148 3018,4148 3018,4105 3020,4103 3021,4103 3022,4102 3022,4097 3024,4095 3029,4095 3031,4093 3031,4092 3032,4091 3289,4091 3291,4089 3291,4088 3292,4087 3297,4087 3298,4086 3298,4078 3299,4077 3299,4076 3300,4075 3301,4075 3303,4073 3303,4064 3304,4063 3305,4063 3307,4061 3307,4060 3308,4059 3309,4059 3311,4057 3311,4048 3313,4046 3314,4046 3315,4045 3315,4040 3317,4038 3334,4038 3335,4037 3335,4036 3337,4034 3342,4034 3343,4036 3343,4037 3345,4038 3346,4038 3347,4040 3347,4114 3349,4115 3350,4115 3351,4117 3351,4147 3352,4148 3352,4149 3351,4150 3351,4151 3350,4152 3349,4152 3347,4154 3347,4163 3334,4176 3231,4176 3230,4177 3230,4186 3229,4187 3229,4188 3229,4188 3228,4188 3226,4190 3226,4194 3225,4195 3225,4196 3224,4197 3223,4197 3221,4199 3221,4204 3220,4205 3219,4205 3217,4207 3217,4216 3216,4217 3215,4217 3213,4219 3213,4224 3212,4225 3211,4225 3209,4227 3209,4228 3208,4229 3060,4229 3059,4230 3059,4232 3058,4233 3024,4233 3022,4232 3022,4231 3021,4229 3020,4229 3018,4228 3018,4210 3018,4209 2862,4209 2860,4208 2860,4177 2860,4176 2727,4176 2726,4176 2726,4175 2724,4172 2235,4172 2159,4172 2157,4174 2157,4175 2156,4176 2061,4176 2059,4175 2059,4174 2058,4173 2058,4172 2057,4172 2055,4171 2055,4169 2055,4168 2012,4168 2011,4168 2011,4167 2009,4164 1841,4164 1840,4165 1840,4187 1838,4189 1837,4189 1836,4190 1836,4191 1834,4193 1833,4193 1832,4194 1832,4195 1830,4197 1829,4197 1828,4198 1828,4199 1826,4201 1821,4201 1820,4202 1820,4203 1818,4205 1813,4205 1811,4207 1811,4208 1810,4209 1805,4209 1804,4209 1804,4208 1803,4207 1801,4204 1800,4204 1799,4204 1799,4177 1799,4176 1728,4176 1727,4177 1727,4237 1727,4237"/><TextEquiv index="1"><Unicode>“autre part; mais, du moins, payé</Unicode></TextEquiv></TextLine><TextLine id="r0_l020"><Coords points="395,4436 393,4435 393,4434 392,4432 387,4432 385,4431 385,4364 385,4363 45,4363 44,4364 44,4366 43,4367 37,4367 36,4367 36,4366 34,4363 33,4363 32,4363 32,4362 31,4361 31,4358 32,4357 32,4356 33,4355 35,4355 35,4355 35,4354 36,4353 36,4352 37,4351 43,4351 43,4351 43,4236 46,4233 47,4233 48,4235 48,4274 49,4274 51,4274 52,4276 52,4351 53,4351 190,4351 190,4351 190,4304 192,4302 193,4302 194,4301 194,4300 196,4298 205,4298 206,4297 206,4296 208,4294 392,4294 393,4293 393,4292 395,4290 706,4290 706,4290 706,4243 708,4241 714,4241 714,4241 714,4240 717,4237 721,4237 722,4239 722,4240 724,4241 725,4241 726,4243 726,4245 727,4245 1124,4245 1125,4244 1125,4243 1126,4242 1127,4241 1128,4241 1129,4240 1129,4239 1131,4237 1363,4237 1364,4239 1364,4240 1366,4241 1384,4241 1384,4242 1384,4243 1385,4244 1385,4290 1386,4290 1710,4290 1710,4290 1710,4239 1712,4237 1729,4237 1730,4239 1730,4240 1732,4241 1733,4241 1734,4243 1734,4294 1735,4294 2043,4294 2043,4294 2043,4243 2045,4241 2058,4241 2059,4243 2059,4244 2061,4245 2062,4245 2063,4247 2063,4248 2066,4250 2067,4250 2067,4251 2067,4252 2070,4254 2071,4254 2071,4255 2071,4256 2072,4257 2072,4294 2073,4294 2217,4294 2217,4294 2217,4293 2220,4290 2786,4290 2786,4290 2786,4241 2787,4240 2787,4239 2789,4237 2810,4237 2811,4239 2811,4240 2813,4241 2814,4242 2815,4242 2815,4243 2815,4294 2816,4294 3090,4294 3091,4293 3091,4292 3093,4290 3144,4290 3144,4290 3144,4243 3145,4242 3146,4242 3147,4241 3152,4241 3152,4241 3152,4240 3155,4237 3160,4237 3160,4237 3160,4236 3163,4233 3167,4233 3169,4236 3169,4241 3170,4241 3171,4241 3173,4244 3173,4298 3174,4298 3240,4298 3242,4301 3242,4302 3243,4302 3249,4302 3250,4304 3250,4347 3251,4347 3330,4347 3331,4349 3331,4350 3333,4351 3334,4351 3335,4353 3335,4354 3337,4355 3342,4355 3343,4357 3343,4358 3345,4359 3346,4359 3347,4361 3347,4362 3349,4363 3350,4363 3351,4365 3351,4366 3352,4367 3352,4389 3351,4390 3351,4391 3350,4392 3349,4392 3347,4394 3347,4395 3346,4396 3345,4396 3343,4398 3343,4403 3342,4404 3329,4404 3327,4406 3327,4407 3326,4408 3325,4408 3323,4410 3323,4411 3322,4412 3309,4412 3306,4410 3306,4409 3306,4408 3305,4408 3303,4407 3303,4384 3303,4383 3247,4383 3246,4383 3246,4382 3245,4380 2467,4380 2466,4381 2466,4430 2465,4431 2465,4432 2465,4432 2431,4432 2429,4431 2429,4430 2428,4429 2428,4428 2427,4428 2425,4427 2425,4377 2425,4376 2217,4376 2216,4375 2215,4375 2214,4375 2214,4374 2213,4372 2003,4372 1910,4372 1909,4373 1909,4374 1908,4375 1797,4375 1796,4376 1789,4376 1787,4378 1787,4379 1787,4379 1784,4379 1783,4379 1783,4378 1782,4376 1350,4376 1348,4378 1348,4379 1348,4379 1347,4379 1346,4380 1341,4380 1340,4381 1340,4382 1338,4384 1337,4384 1336,4385 1336,4386 1334,4388 1314,4388 1311,4386 1311,4385 1311,4384 1310,4384 1307,4382 1307,4381 1307,4380 1012,4380 1011,4381 1011,4383 1011,4383 1008,4383 1007,4383 1007,4382 1006,4380 783,4380 782,4379 781,4379 780,4379 779,4378 779,4377 779,4376 492,4376 491,4377 491,4378 490,4379 427,4379 426,4380 426,4435 425,4436"/><TextEquiv index="1"><Unicode>“par le Roi. Je vais m'occuper de cela,</Unicode></TextEquiv></TextLine><TextLine id="r0_l021"><Coords points="2218,4643 2217,4643 2217,4633 2217,4632 1177,4632 1176,4631 37,4631 35,4630 35,4589 37,4587 1137,4587 1137,4587 1137,4584 1137,4583 558,4583 556,4582 556,4581 555,4579 396,4579 393,4577 393,4576 393,4575 388,4575 387,4574 386,4574 385,4574 385,4567 385,4566 200,4566 198,4565 198,4564 198,4563 197,4563 194,4561 194,4516 197,4513 198,4513 198,4513 198,4512 201,4509 206,4509 206,4509 206,4508 209,4505 238,4505 239,4504 239,4503 241,4501 393,4501 393,4501 393,4500 396,4497 559,4497 560,4496 560,4495 562,4493 925,4493 925,4493 925,4476 926,4475 926,4474 927,4473 928,4473 929,4472 929,4464 930,4463 930,4462 931,4461 932,4461 934,4459 934,4454 935,4453 936,4453 936,4453 938,4451 938,4450 939,4449 940,4449 942,4447 942,4446 943,4445 944,4445 946,4443 946,4442 947,4441 948,4441 950,4439 950,4438 952,4436 957,4436 958,4435 958,4434 960,4432 977,4432 978,4434 978,4435 980,4436 2619,4436 2620,4438 2620,4439 2621,4439 2623,4441 2624,4441 2624,4442 2624,4444 2625,4444 3215,4444 3216,4445 3217,4445 3217,4446 3217,4447 3220,4449 3221,4449 3221,4450 3221,4455 3224,4457 3225,4457 3225,4458 3225,4497 3226,4497 3265,4497 3266,4499 3266,4501 3267,4501 3301,4501 3303,4504 3303,4505 3304,4505 3305,4505 3307,4508 3307,4554 3308,4554 3338,4554 3339,4556 3339,4557 3341,4558 3342,4558 3343,4560 3343,4561 3345,4562 3346,4562 3347,4564 3347,4611 3348,4611 3367,4611 3368,4613 3368,4618 3367,4619 2715,4619 2714,4620 2714,4621 2713,4622 2713,4623 2713,4623 2712,4623 2709,4626 2709,4627 2709,4627 2708,4627 2705,4630 2705,4631 2705,4631 2698,4631 2697,4632 2227,4632 2226,4633 2226,4643 2226,4643"/><TextEquiv index="1"><Unicode>“mes enfans, &amp; je me ſlatte d'y réuſſir.</Unicode></TextEquiv></TextLine><TextLine id="r0_l022"><Coords points="2841,4849 2840,4849 2840,4840 2840,4839 48,4839 47,4839 47,4742 47,4741 46,4741 44,4740 44,4739 43,4738 43,4736 44,4735 44,4734 45,4733 194,4733 194,4733 194,4719 196,4717 197,4717 198,4716 198,4715 200,4713 235,4713 235,4713 235,4710 236,4709 251,4709 252,4708 377,4708 377,4708 377,4702 378,4701 379,4701 381,4699 381,4686 383,4684 384,4684 385,4683 385,4678 387,4676 388,4676 389,4675 389,4670 391,4668 392,4668 393,4667 393,4666 394,4665 394,4664 37,4664 36,4664 36,4663 35,4662 35,4658 37,4656 408,4656 410,4654 410,4653 411,4652 416,4652 418,4650 418,4649 419,4648 428,4648 430,4646 430,4645 431,4644 936,4644 937,4643 2228,4643 2230,4646 2230,4648 2231,4648 2680,4648 2681,4650 2681,4696 2682,4696 2927,4696 2929,4699 2929,4700 2930,4700 3325,4700 3326,4701 3327,4701 3327,4702 3327,4703 3329,4704 3337,4704 3338,4705 3339,4705 3339,4706 3339,4707 3341,4709 3342,4709 3343,4709 3343,4710 3343,4711 3345,4712 3346,4713 3347,4713 3347,4714 3347,4777 3346,4778 3341,4778 3339,4780 3339,4781 3338,4782 3337,4782 3335,4784 3335,4789 3334,4790 3321,4790 3319,4792 3319,4793 3318,4794 3276,4794 3275,4795 3275,4796 3273,4798 2905,4798 2904,4799 2904,4806 2904,4806 2849,4806 2848,4807 2848,4821 2847,4822 2847,4849 2847,4849"/><TextEquiv index="1"><Unicode>“Quant à votre jeune maître, dont vous</Unicode></TextEquiv></TextLine><TextLine id="r0_l023"><Coords points="3051,5060 3050,5059 3048,5059 3047,5059 3047,5051 3047,5050 2061,5050 2059,5049 2059,5048 2058,5046 1090,5046 1088,5045 1088,5044 1087,5042 1086,5042 1084,5041 1084,5015 1084,5014 50,5014 48,5013 48,5012 48,5011 46,5009 45,5009 44,5009 44,4876 44,4875 33,4875 31,4874 31,4873 30,4871 29,4871 28,4871 28,4870 27,4869 27,4846 28,4845 28,4844 29,4843 30,4843 31,4842 31,4841 33,4839 52,4839 52,4840 52,4847 53,4847 2400,4847 2402,4849 2848,4849 2850,4851 3221,4851 3221,4852 3221,4912 3222,4912 3245,4912 3246,4914 3246,4915 3248,4916 3249,4916 3250,4918 3250,4919 3252,4920 3257,4920 3258,4922 3258,4931 3260,4932 3261,4932 3262,4934 3262,4969 3263,4969 3322,4969 3323,4971 3323,4972 3325,4973 3330,4973 3331,4975 3331,4976 3332,4976 3333,4976 3335,4979 3335,4980 3337,4981 3338,4981 3340,4984 3340,4985 3341,4985 3342,4985 3343,4987 3343,5000 3341,5002 3340,5002 3339,5003 3339,5013 3339,5013 3338,5013 3327,5024 3327,5025 3327,5025 3326,5025 3325,5026 3312,5026 3311,5027 3311,5028 3309,5030 3060,5030 3059,5031 3059,5060 3059,5060"/><TextEquiv index="1"><Unicode>“êtes auſſi peut-être un peu la maîtreſſe,</Unicode></TextEquiv></TextLine><TextLine id="r0_l024"><Coords points="3313,5262 3312,5262 3312,5234 3312,5233 391,5233 389,5232 389,5177 389,5176 253,5176 251,5175 251,5174 250,5172 204,5172 203,5172 203,5171 200,5167 199,5167 198,5167 198,5162 201,5159 202,5159 202,5159 202,5109 204,5107 397,5107 397,5107 397,5069 402,5064 402,5063 403,5062 652,5062 654,5060 654,5059 655,5058 656,5058 658,5056 658,5055 659,5054 668,5054 670,5052 670,5051 671,5050 1530,5050 1531,5052 1531,5053 1533,5054 2347,5054 2348,5056 2348,5059 2349,5059 3050,5059 3051,5060 3059,5060 3059,5061 3059,5065 3061,5066 3062,5066 3063,5068 3063,5070 3064,5070 3452,5070 3453,5072 3453,5074 3453,5074 3452,5074 3451,5075 3064,5075 3063,5076 3063,5082 3064,5082 3065,5082 3066,5083 3067,5083 3067,5084 3067,5090 3068,5090 3069,5090 3071,5093 3071,5103 3072,5103 3355,5103 3355,5104 3355,5105 3356,5106 3356,5113 3354,5115 3340,5115 3339,5116 3339,5196 3339,5196 3333,5196 3331,5198 3331,5199 3330,5200 3323,5200 3322,5201 3322,5262 3322,5262"/><TextEquiv index="1"><Unicode>“je ſerai très - flattée de le connoître.</Unicode></TextEquiv></TextLine><TextLine id="r0_l025"><Coords points="41,5436 40,5436 40,5435 39,5434 39,5421 39,5420 38,5420 36,5419 36,5417 37,5416 38,5416 40,5414 40,5257 41,5256 43,5256 44,5255 66,5255 67,5254 88,5254 89,5253 110,5253 111,5252 132,5252 133,5251 155,5251 156,5250 177,5250 178,5249 1469,5249 1470,5251 1470,5252 1472,5253 1879,5253 1881,5256 1881,5257 1882,5257 2265,5257 2267,5260 2267,5261 2268,5261 2269,5261 2270,5262 3323,5262 3323,5263 3323,5264 3325,5265 3330,5265 3331,5267 3331,5268 3334,5270 3335,5270 3335,5271 3335,5272 3338,5274 3339,5274 3339,5275 3339,5390 3341,5391 3342,5391 3343,5393 3343,5394 3345,5395 3346,5395 3347,5397 3347,5399 3347,5399 3346,5399 3343,5402 3343,5403 3343,5403 3342,5403 3341,5404 3279,5404 3278,5405 3278,5407 3278,5407 3277,5407 3276,5408 3260,5408 3258,5410 3258,5411 3258,5411 3257,5411 3256,5412 221,5412 217,5408 216,5408 210,5402 209,5402 202,5395 201,5395 194,5388 193,5388 186,5381 185,5381 179,5375 178,5375 171,5368 170,5368 163,5361 162,5361 155,5354 154,5354 148,5348 147,5348 140,5341 139,5341 132,5334 131,5334 124,5327 123,5327 117,5321 116,5321 109,5314 108,5314 101,5307 100,5307 93,5300 92,5300 86,5294 85,5294 78,5287 77,5287 70,5280 69,5280 63,5274 62,5274 55,5267 54,5267 47,5260 46,5260 45,5259 44,5260 44,5435 43,5436"/><TextEquiv index="1"><Unicode>“Il doit être fort aimable.“ Nous lui</Unicode></TextEquiv></TextLine><TextLine id="r0_l026"><Coords points="2481,5664 2480,5663 2479,5663 2478,5663 2478,5662 2477,5660 2473,5660 2472,5659 2471,5659 2470,5659 2470,5657 2470,5656 990,5656 989,5655 988,5655 986,5654 986,5653 986,5652 985,5652 982,5650 982,5604 982,5603 54,5603 52,5602 52,5601 50,5598 49,5598 48,5598 48,5597 46,5594 45,5594 44,5594 44,5592 43,5591 43,5590 44,5589 44,5588 46,5586 96,5586 96,5586 96,5475 98,5473 734,5473 734,5473 734,5467 737,5464 742,5464 743,5463 743,5462 745,5460 1851,5460 1852,5459 1852,5458 1854,5456 1863,5456 1864,5458 1864,5459 1866,5460 2769,5460 2770,5462 2770,5464 2771,5464 3264,5464 3265,5465 3266,5465 3266,5466 3266,5467 3269,5469 3270,5469 3270,5470 3270,5550 3271,5550 3347,5550 3347,5551 3347,5611 3348,5611 3351,5611 3351,5612 3351,5613 3354,5615 3355,5615 3355,5616 3355,5617 3356,5618 3356,5629 3355,5630 3355,5631 3355,5631 3044,5631 3043,5632 3043,5658 3042,5659 3041,5659 3040,5660 3038,5662 3038,5663 3037,5664"/><TextEquiv index="1"><Unicode>avons dit que vous étiez allé paſſer quel-</Unicode></TextEquiv></TextLine><TextLine id="r0_l027"><Coords points="2654,5872 2653,5872 2653,5843 2653,5842 2626,5842 2624,5841 2624,5807 2624,5806 1926,5806 1925,5807 1925,5860 1925,5860 1912,5860 1911,5860 1911,5799 1911,5798 1500,5798 1498,5800 1498,5801 1497,5802 960,5802 958,5804 958,5805 957,5806 646,5806 645,5807 645,5813 644,5814 643,5814 641,5816 641,5833 640,5834 639,5834 637,5836 637,5841 635,5843 634,5843 633,5844 633,5849 632,5850 631,5850 630,5851 261,5851 259,5853 259,5854 259,5854 258,5854 257,5855 250,5855 249,5854 248,5854 247,5854 247,5845 245,5842 244,5842 243,5842 243,5795 243,5794 233,5794 231,5793 231,5792 230,5790 226,5790 225,5789 224,5789 223,5789 223,5788 221,5785 220,5785 219,5784 218,5784 218,5783 217,5781 216,5781 214,5780 214,5771 213,5769 212,5769 210,5768 210,5739 212,5737 213,5737 214,5736 214,5731 217,5728 218,5728 218,5728 218,5727 221,5724 222,5724 222,5724 222,5723 225,5720 230,5720 231,5719 231,5718 233,5716 242,5716 243,5715 243,5714 245,5712 621,5712 621,5712 621,5686 627,5680 644,5680 645,5682 645,5683 647,5684 648,5684 649,5686 649,5720 650,5720 1124,5720 1124,5720 1124,5677 1125,5676 1125,5665 1126,5664 1127,5664 1128,5663 1602,5663 1603,5664 1604,5664 1604,5665 1604,5666 1611,5672 1612,5672 1612,5673 1612,5679 1613,5679 1614,5679 1615,5680 1616,5680 1616,5681 1616,5716 1617,5716 1639,5716 1641,5719 1641,5720 1642,5720 1643,5720 1645,5723 1645,5724 1646,5724 1998,5724 1998,5724 1998,5674 2000,5672 2001,5672 2002,5671 2002,5670 2004,5668 2005,5668 2006,5667 2321,5667 2322,5668 2323,5668 2323,5669 2323,5670 2326,5672 2327,5672 2327,5673 2327,5684 2328,5685 2328,5720 2329,5720 2444,5720 2445,5722 2445,5723 2447,5724 2541,5724 2543,5727 2543,5728 2544,5728 2945,5728 2945,5728 2945,5727 2948,5724 3164,5724 3164,5724 3164,5683 3165,5682 3165,5681 3166,5680 3167,5680 3169,5678 3169,5677 3170,5676 3171,5676 3173,5674 3173,5673 3174,5672 3228,5672 3230,5670 3230,5669 3231,5668 3232,5668 3233,5667 3239,5667 3240,5668 3241,5668 3242,5670 3242,5671 3244,5672 3245,5672 3246,5674 3246,5680 3247,5680 3595,5680 3595,5681 3595,5687 3594,5688 3247,5688 3246,5689 3246,5724 3247,5724 3313,5724 3315,5727 3315,5728 3316,5728 3321,5728 3323,5731 3323,5732 3324,5732 3325,5732 3327,5735 3327,5736 3328,5736 3329,5736 3335,5743 3335,5745 3336,5745 3680,5745 3681,5747 3681,5748 3683,5749 3684,5749 3684,5750 3684,5751 3685,5752 3685,5755 3684,5756 3684,5757 3684,5757 3340,5757 3339,5758 3339,5764 3338,5765 3336,5765 3335,5766 3335,5797 3335,5797 3334,5797 3333,5798 3331,5800 3331,5801 3331,5801 3330,5801 3329,5802 3327,5804 3327,5805 3326,5806 3321,5806 3319,5808 3319,5809 3318,5810 3313,5810 3310,5813 3310,5814 3310,5814 3105,5814 3104,5815 3104,5816 3103,5817 3103,5818 3103,5818 3101,5818 3100,5818 3100,5817 3099,5816 3099,5815 3099,5814 2670,5814 2669,5815 2669,5821 2668,5822 2667,5822 2665,5824 2665,5872 2665,5872"/><TextEquiv index="1"><Unicode>ques jours à Breſt. „Tâchez, a-t-elle</Unicode></TextEquiv></TextLine><TextLine id="r0_l028"><Coords points="2354,6062 2352,6061 2352,6014 2352,6013 1014,6013 910,6013 909,6014 909,6028 907,6030 906,6030 905,6031 905,6037 905,6037 896,6037 895,6038 894,6038 893,6039 893,6040 892,6041 891,6041 890,6042 882,6042 881,6043 881,6044 880,6045 585,6045 584,6046 584,6061 583,6062 542,6062 539,6060 539,6010 539,6009 489,6009 486,6007 486,6006 486,6005 481,6005 478,6003 478,6002 478,6001 404,6001 401,5999 401,5998 401,5997 400,5997 396,5993 265,5993 263,5992 263,5991 262,5989 213,5989 210,5987 210,5986 210,5985 209,5985 206,5983 206,5966 206,5965 205,5965 202,5963 202,5962 204,5960 206,5960 206,5960 206,5926 208,5924 209,5924 210,5923 401,5923 401,5923 401,5922 404,5919 409,5919 409,5919 409,5918 412,5915 706,5915 706,5915 706,5877 708,5875 709,5875 710,5874 710,5873 712,5871 1050,5871 1052,5869 1052,5868 1053,5867 1566,5867 1568,5865 1568,5864 1569,5863 1789,5863 1790,5862 1791,5862 1791,5862 1791,5861 1794,5858 1811,5858 1811,5858 1811,5857 1814,5854 1817,5854 1818,5855 1819,5855 1819,5856 1819,5857 1822,5859 1911,5859 1912,5860 1925,5860 1928,5863 1929,5863 1929,5864 1929,5871 1930,5871 3172,5871 3172,5872 3172,5873 3173,5874 3175,5875 3176,5875 3176,5876 3176,5877 3179,5879 3180,5879 3181,5881 3181,5887 3182,5887 3387,5887 3388,5889 3388,5898 3387,5899 3182,5899 3181,5900 3181,5927 3182,5927 3271,5927 3272,5928 3314,5928 3315,5930 3315,5931 3317,5932 3322,5932 3323,5934 3323,5935 3325,5936 3326,5936 3327,5938 3327,5939 3329,5940 3330,5940 3331,5942 3331,5947 3333,5948 3334,5948 3335,5950 3335,5951 3337,5952 3338,5952 3339,5954 3339,5999 3340,6000 3340,6001 3341,6001 3347,6001 3347,6002 3347,6003 3348,6004 3350,6005 3351,6005 3351,6006 3351,6009 3351,6009 3349,6009 3347,6011 3347,6016 3346,6017 2365,6017 2364,6018 2364,6061 2363,6062"/><TextEquiv index="1"><Unicode>“repris, de me le faire connoître à ſon</Unicode></TextEquiv></TextLine><TextLine id="r0_l029"><Coords points="32,6119 1049,6119 1049,6213 32,6213"/><TextEquiv index="1"><Unicode>“retour.“</Unicode></TextEquiv></TextLine><TextLine id="r0_l030"><Coords points="22,6258 3413,6258 3413,6441 22,6441"/><TextEquiv index="1"><Unicode>Cette envie de vous connoître m'a</Unicode></TextEquiv></TextLine><TextLine id="r0_l031"><Coords points="1188,6635 1185,6633 1185,6632 1185,6631 696,6631 694,6630 694,6629 693,6627 498,6627 497,6626 496,6626 495,6626 495,6625 493,6622 492,6622 491,6622 491,6506 492,6505 493,6505 495,6503 495,6498 496,6497 497,6497 499,6495 499,6494 500,6493 501,6493 503,6491 503,6486 505,6484 523,6484 523,6484 523,6483 526,6480 1083,6480 1084,6482 1084,6554 1085,6554 1149,6554 1149,6555 1149,6586 1150,6586 1197,6586 1198,6588 1198,6589 1200,6590 1209,6590 1210,6592 1210,6597 1212,6598 1213,6598 1214,6600 1214,6613 1217,6615 1218,6615 1218,6616 1218,6622 1218,6622 1217,6622 1204,6635"/><TextEquiv index="1"><Unicode>Tome I.</Unicode></TextEquiv></TextLine></TextRegion></Page></PcGts>