4266 8455
2289 295 2977 542 (
920 537 4138 751 peine à m'expliquer ainſi, vis-à-vis de
551 752 4209 963 ce père trop rigoureux & trop prévenu.
911 961 4200 1167 Il m'interrompoit à tous momens. Il a
552 1162 4052 1389 fallu que ma mère ait interpoſé pluſieurs
681 1375 4196 1586 fois ſa médiation, pour qu'il conſentît
870 1586 4056 1792 à m'écouter. „Enfin, Monſieur, m'a-t-il
903 1799 4192 2011 “dit, il y a sûrement bien de la ca-
907 2009 4184 2215 “lomnie dans tout ce que vous avancez.
903 2219 4180 2436 “Vous êtes prévenu contre cet homme;
899 2428 4188 2610 “vous redoutez un cenſeur & un di-
896 2637 4181 2850 “recteur de votre conduite. Vous vou-
895 2843 4189 3025 “driez être abandonné à vous - même,
900 3051 4082 3272 “& avoir la bride ſur le cou, pendant
895 3265 4189 3477 “mon abſence; mais je connois, pour
895 3472 4180 3689 “vous, le danger d'un pareil abandon.
771 3678 4180 3892 “Au reſte, je veux bien charger quel-
739 3887 4167 4099 “qu'un d'étudier encore cet homme;
887 4089 4163 4311 “mais, en attendant qu'on reconnoiſſe
891 4309 4163 4515 “quelque choſe à lui reprocher, je
883 4513 4049 4729 “prétends que vous lui obéiſſiez comme
887 4725 2272 4876 “à moi-même.“
1102 4913 4172 5120 Il a écrit une lettre, dont il m'a
895 5125 4040 5354 chargé. Elle eſt pour ſon Banquier. Il le
891 5343 4048 5557 prie, je crois, de faire des informations
891 5555 4176 5775 ſur le compte du Chevalier Marqué; &,
899 5762 4171 5984 en cas qu'il le reconnût pour ſuſpect,
899 5976 4180 6169 de ceſſer de lui fournir des fonds, &
899 6189 4048 6404 de chercher, pour ſon fils, un autre
891 6404 4053 6621 gouverneur. Voilà tout ce que nous avons
