4266 8363
1507 516 2008 708 (a
213 759 3353 981 pu obtenir, ma mère & moi. C'eſt peut-
217 964 3353 1175 être la première fois qu'il ſe montre ferme
229 1171 3353 1381 contr'elle; & c'eſt pour mon détriment.
189 1377 3361 1563 Je lui ai demandé s'il continuoit de
212 1583 3353 1789 projeter toujours mon mariage avec
209 1781 3676 1991 Melle. Laure de Lyſange. „Non, m'a-t-il
208 1995 3361 2202 “dit, je n'y penſe plus.“ -- „Pour-
19 2197 3345 2395 “quoi donc, Monſieur, dit ma mère?“
210 2402 3362 2611 -- „Ce mauvais ſujet, reprit - il, n'eſt
205 2605 3354 2813 “pas capable de rendre une femme
209 2810 3357 3022 “heureuſe, ni de nous donner des deſ-
205 3013 3341 3229 “cendans qui nous faſſent honneur.“
3 3223 3349 3417 -- „Monſieur, vous êtes bien rigou-
7 3429 3353 3631 “reux, dit-elle, & vous penſez bien
31 3631 3336 3838 “mal de votre enfant; mais enfin,
19 3833 3349 4041 “nous ne pouvons pas laiſſer tomber
176 4039 3345 4242 “une maiſon comme la nôtre, une
7 4237 3353 4440 “famille qui tient à ce qu'il y a de
11 4443 3353 4642 “mieux. Nous n'avons que ce ſeul re-
3 4649 3353 4857 “jeton, & il faut abſolument qu'il
201 4857 3349 5054 “perpétue notre race.“ -- „Vous me
3 5053 3345 5272 “faites rire, Madame, répondit mon
7 5259 3345 5470 “père. Il y a long temps que j'ai re-
7 5470 3345 5631 “noncé à l'illuſtration. J'ai ſuivi la
4 5668 3336 5862 “carrière de la finance & du commerce,
7 5878 3635 6084 “vous le ſavez, & je ne m'en ſuis pas
3 6082 3652 6286 “trouvé mal.“ -- „Oui, reprit ma
197 6286 3349 6497 “mère; mais nous voulions rentrer dans
197 6488 3656 6702 “celle des grandeurs, par le mariage
2387 6702 2730 6857 Fiv
