<PcGts xmlns="http://schema.primaresearch.org/PAGE/gts/pagecontent/2017-07-15" xmlns:xsi="http://www.w3.org/2001/XMLSchema-instance" xsi:schemaLocation="http://schema.primaresearch.org/PAGE/gts/pagecontent/2017-07-15 http://schema.primaresearch.org/PAGE/gts/pagecontent/2017-07-15/pagecontent.xsd"><Metadata><Creator>User123</Creator><Created>2020-10-14T11:42:24</Created><LastChange>2020-10-14T11:42:24</LastChange></Metadata><Page imageFilename="0139.png" imageHeight="8707" imageWidth="4266"><TextRegion id="r0" type="paragraph" orientation="0.125"><Coords points="1,1 4264,1 4264,8705 1,8705"/><TextLine id="r0_l001"><Coords points="2045,512 2926,510 2927,773 2046,775"/><TextEquiv index="1"><Unicode>r.</Unicode></TextEquiv></TextLine><TextLine id="r0_l002"><Coords points="1288,1050 1288,1049 1288,1045 1287,1045 1271,1045 1271,1044 1271,1041 1270,1041 1267,1041 1267,1040 1267,1037 1266,1037 1262,1037 1262,1036 1262,1028 1261,1028 1258,1028 1258,1027 1258,994 1257,994 983,994 982,994 977,994 977,993 977,990 976,990 965,990 965,989 965,986 964,986 956,986 956,985 956,982 955,982 952,982 952,981 952,977 951,977 943,977 943,976 943,973 942,973 939,973 939,972 939,969 938,969 931,969 931,968 930,833 930,833 927,833 926,832 926,829 927,829 931,829 931,828 931,824 932,824 1105,823 1105,823 1105,817 1106,816 1109,816 1109,816 1109,813 1110,812 1114,812 1114,813 1114,829 1115,829 1152,829 1153,830 1807,829 1808,830 2249,829 2250,830 3964,826 3964,825 3964,824 3965,824 3985,824 3985,824 3985,828 3986,829 4002,829 4002,829 4002,832 4003,833 4006,833 4006,833 4006,836 4007,837 4010,837 4010,837 4010,857 4011,858 4168,858 4168,858 4168,884 4169,885 4202,884 4202,885 4202,888 4203,888 4206,888 4206,889 4206,892 4207,892 4223,892 4223,893 4223,897 4224,897 4227,897 4227,898 4227,905 4228,905 4232,905 4232,906 4233,935 4233,935 4252,935 4253,936 4253,960 4252,960 4223,960 4223,961 4223,977 4222,977 4219,977 4219,978 4219,982 4218,982 4215,982 4215,983 4215,986 4214,986 4210,986 4210,987 4210,990 4209,990 3755,991 3755,992 3755,994 3754,994 3751,994 3751,995 3751,1003 3750,1003 3747,1003 3747,1004 3747,1007 3746,1007 3725,1008 3725,1008 3725,1010 3724,1011 3185,1012 3185,1012 3185,1042 3184,1043 3181,1043 3181,1042 3181,1037 3180,1037 3066,1037 3066,1036 3066,1033 3065,1033 3062,1033 3062,1032 3062,1028 3063,1027 3063,985 3062,985 1347,989 1347,989 1347,1023 1346,1024 1343,1024 1343,1024 1343,1027 1342,1028 1339,1028 1339,1028 1339,1032 1338,1033 1335,1033 1335,1033 1335,1036 1334,1037 1330,1037 1330,1037 1330,1040 1329,1041 1322,1041 1322,1041 1322,1044 1321,1045 1305,1045 1305,1045 1305,1049 1304,1050"/><TextEquiv index="1"><Unicode>été gratifié de la fatale patente, dont</Unicode></TextEquiv></TextLine><TextLine id="r0_l003"><Coords points="1008,1262 1007,1262 1007,1195 1007,1194 984,1194 983,1194 936,1194 935,1193 935,1186 936,1186 939,1186 939,1185 939,1118 938,1118 654,1118 654,1118 654,1110 654,1109 947,1109 948,1108 948,1054 948,1054 951,1054 952,1053 952,1050 952,1050 972,1050 973,1051 1036,1050 1037,1051 1037,1052 1037,1052 2572,1049 2573,1049 2573,1046 2573,1045 3023,1044 3024,1044 3024,1042 3024,1041 3035,1041 3036,1042 3690,1041 3691,1042 3967,1041 3968,1041 3968,1044 3968,1045 3971,1045 3972,1045 3972,1053 3972,1054 4163,1054 4164,1054 4164,1057 4164,1058 4167,1058 4168,1058 4168,1105 4168,1106 4205,1105 4206,1106 4206,1109 4206,1109 4214,1109 4215,1110 4215,1118 4215,1118 4222,1118 4223,1119 4223,1122 4223,1122 4226,1122 4227,1123 4227,1165 4228,1165 4240,1165 4240,1166 4240,1173 4240,1173 4216,1173 4215,1174 4215,1182 4215,1182 4211,1182 4210,1183 4210,1194 4210,1194 4199,1194 4198,1195 4198,1199 4198,1199 3237,1202 3236,1202 3236,1255 3236,1256 3233,1256 3232,1255 3232,1253 3232,1253 2633,1254 2632,1253 2632,1252 2632,1252 1021,1255 1020,1256 1020,1262 1020,1262"/><TextEquiv index="1"><Unicode>il avoit hérité malgré lui. Il fit donc</Unicode></TextEquiv></TextLine><TextLine id="r0_l004"><Coords points="2041,1476 2041,1476 2041,1475 2040,1474 1518,1475 1518,1475 1518,1472 1517,1471 1496,1471 1496,1471 1496,1416 1495,1415 1156,1416 1156,1416 1156,1412 1155,1411 984,1411 983,1410 931,1411 931,1410 931,1407 931,1407 934,1407 935,1406 935,1394 935,1394 943,1394 944,1393 943,1267 944,1267 952,1267 952,1266 952,1262 953,1262 969,1262 969,1261 969,1258 970,1258 977,1258 977,1258 977,1262 978,1263 1024,1262 1025,1263 2926,1259 2927,1258 3232,1258 3232,1257 3232,1256 3233,1256 3776,1254 3776,1255 3776,1258 3777,1258 3781,1258 3781,1259 3781,1302 3782,1302 4232,1301 4232,1302 4232,1305 4232,1305 3782,1306 3781,1307 3781,1309 3782,1309 3828,1309 3828,1310 3828,1313 3829,1313 3853,1313 3853,1314 3853,1318 3854,1318 4191,1318 4192,1318 4198,1318 4198,1319 4198,1322 4199,1322 4202,1322 4202,1323 4202,1330 4203,1330 4206,1330 4206,1331 4206,1335 4207,1335 4210,1335 4210,1336 4210,1347 4211,1347 4215,1347 4215,1348 4215,1352 4216,1352 4219,1352 4219,1353 4219,1356 4219,1356 4216,1356 4215,1357 4215,1360 4215,1360 4211,1360 4210,1361 4210,1365 4209,1366 4210,1394 4209,1394 4206,1394 4206,1395 4206,1403 4205,1403 4202,1403 4202,1404 4202,1407 4201,1407 4198,1407 4198,1408 4198,1411 4197,1411 3538,1413 3538,1413 3538,1440 3537,1441 3534,1441 3534,1441 3534,1444 3533,1445 3530,1445 3530,1445 3530,1449 3529,1450 3525,1450 3525,1450 3525,1453 3524,1454 3521,1454 3521,1454 3521,1457 3520,1458 3517,1458 3517,1458 3517,1461 3516,1462 3496,1462 3496,1463 3496,1467 3495,1467 2049,1470 2049,1471 2049,1476 2048,1476"/><TextEquiv index="1"><Unicode>l'aveu pénible, dont il craignoit une</Unicode></TextEquiv></TextLine><TextLine id="r0_l005"><Coords points="3492,1685 3491,1685 3491,1621 3491,1620 3246,1621 3245,1621 3245,1623 3245,1624 3161,1624 3160,1623 3160,1620 3160,1620 2914,1620 2913,1621 2913,1624 2913,1624 2910,1624 2909,1624 2909,1621 2909,1620 2667,1621 2666,1621 2666,1623 2666,1624 2348,1625 2347,1625 2347,1627 2347,1628 2344,1628 2343,1627 2343,1624 2343,1624 1902,1624 1901,1623 1663,1624 1662,1625 1662,1628 1662,1628 1497,1628 1496,1627 1383,1628 1382,1627 1382,1624 1382,1624 991,1624 990,1625 990,1628 990,1628 985,1628 984,1627 944,1628 943,1627 943,1620 943,1620 940,1620 939,1619 939,1547 938,1547 901,1547 901,1546 901,1543 901,1543 904,1543 905,1542 905,1539 905,1539 968,1539 969,1538 969,1535 969,1535 981,1535 982,1536 1015,1535 1016,1536 1016,1539 1016,1539 1202,1539 1203,1539 1203,1485 1203,1484 1206,1484 1207,1484 1207,1480 1207,1479 1210,1479 1211,1479 1211,1476 1211,1475 1223,1475 1224,1475 1224,1478 1224,1479 1278,1479 1279,1479 1279,1483 1279,1484 1283,1484 1284,1484 1284,1529 1284,1530 1398,1530 1399,1530 1399,1534 1399,1535 1406,1535 1407,1536 1810,1535 1811,1534 1811,1522 1811,1522 1814,1522 1815,1521 1815,1509 1815,1509 1819,1509 1820,1508 1820,1496 1820,1496 1823,1496 1824,1495 1824,1492 1824,1492 1827,1492 1828,1491 1828,1488 1828,1488 1831,1488 1832,1487 1832,1479 1832,1479 1840,1479 1841,1478 1841,1475 1841,1475 1870,1475 1871,1475 1871,1476 1871,1477 2172,1476 2173,1475 2185,1475 2186,1474 2186,1471 2186,1471 2214,1471 2215,1471 2215,1474 2215,1475 2219,1475 2220,1475 2220,1478 2220,1479 2223,1479 2224,1479 2224,1534 2224,1535 2512,1534 2513,1534 2513,1527 2513,1526 2516,1526 2517,1526 2517,1497 2517,1496 2521,1496 2522,1496 2522,1493 2522,1492 2525,1492 2526,1492 2526,1489 2526,1488 2529,1488 2530,1488 2530,1485 2530,1484 2533,1484 2534,1484 2534,1480 2534,1479 2572,1479 2573,1480 2573,1484 2573,1484 2580,1484 2581,1485 2581,1488 2581,1488 2584,1488 2585,1489 2585,1535 2585,1535 2767,1535 2768,1534 2768,1530 2768,1530 2776,1530 2777,1531 2980,1530 2981,1530 2981,1485 2981,1484 2984,1484 2985,1484 2985,1476 2985,1475 3001,1475 3002,1476 3002,1479 3002,1479 3006,1479 3007,1480 3007,1484 3007,1484 3010,1484 3011,1485 3011,1488 3011,1488 3018,1488 3019,1489 3019,1526 3019,1526 3252,1526 3253,1526 3253,1529 3253,1530 3256,1530 3257,1530 3257,1534 3257,1535 3261,1535 3262,1536 3486,1535 3487,1535 3487,1489 3487,1488 3490,1488 3491,1488 3491,1485 3491,1484 3580,1484 3581,1483 3581,1479 3581,1479 3588,1479 3589,1479 3589,1483 3589,1484 3593,1484 3594,1484 3594,1525 3594,1526 3788,1525 3789,1525 3789,1472 3789,1471 3792,1471 3793,1471 3793,1468 3793,1467 3797,1467 3798,1468 3798,1471 3798,1471 3805,1471 3806,1472 3806,1475 3806,1475 3814,1475 3815,1476 3815,1522 3815,1522 3861,1522 3862,1523 3862,1526 3862,1526 4163,1526 4164,1525 4164,1513 4164,1513 4167,1513 4168,1513 4168,1529 4168,1530 4191,1530 4192,1530 4197,1530 4198,1531 4198,1535 4198,1535 4201,1535 4202,1536 4202,1539 4202,1539 4205,1539 4206,1540 4206,1560 4206,1560 4218,1560 4219,1561 4219,1564 4219,1564 4222,1564 4223,1565 4223,1569 4222,1569 4215,1569 4215,1570 4215,1611 4215,1611 4211,1611 4210,1612 4210,1615 4210,1615 4199,1615 4198,1616 4198,1620 4198,1620 4194,1620 4193,1621 4193,1624 4193,1624 4182,1625 4181,1625 4181,1627 4181,1628 4071,1628 4070,1628 4070,1670 4070,1671 4058,1671 4057,1671 4057,1674 4057,1675 4024,1675 4023,1674 4023,1620 4023,1620 3663,1621 3662,1621 3662,1623 3662,1624 3650,1624 3649,1623 3649,1620 3649,1620 3505,1620 3504,1621 3504,1685 3504,1685"/><TextEquiv index="1"><Unicode>malheureuſe iſſue. Sa crainte n'étoit que</Unicode></TextEquiv></TextLine><TextLine id="r0_l006"><Coords points="2220,1908 2220,1907 2220,1832 2219,1832 2215,1832 2214,1831 2214,1828 2214,1828 2204,1828 2203,1827 2203,1824 2203,1824 2199,1824 2198,1823 2198,1820 2198,1820 2004,1820 2003,1821 2003,1828 2002,1829 2003,1837 2002,1837 1994,1837 1994,1838 1994,1845 1993,1845 1986,1845 1986,1845 1986,1842 1985,1841 1905,1841 1904,1840 1756,1841 1756,1840 1756,1837 1755,1837 1547,1837 1547,1838 1547,1841 1546,1841 1518,1841 1517,1840 1433,1841 1433,1840 1433,1837 1432,1837 1428,1837 1428,1836 1427,1832 1427,1832 1228,1832 1227,1832 1228,1891 1227,1892 1224,1892 1224,1892 1224,1895 1223,1896 1186,1896 1186,1896 1186,1893 1185,1892 1182,1892 1182,1892 1182,1842 1181,1841 990,1841 990,1842 990,1845 989,1845 986,1845 986,1846 986,1849 985,1849 984,1848 952,1849 952,1848 951,1820 951,1820 949,1820 948,1819 948,1764 948,1764 872,1764 871,1763 871,1756 871,1756 868,1756 867,1755 867,1747 868,1747 875,1747 875,1746 875,1743 876,1743 982,1743 982,1743 982,1746 983,1747 984,1746 985,1747 1211,1747 1211,1748 1211,1752 1212,1752 1250,1752 1250,1752 1250,1755 1251,1756 1445,1755 1445,1755 1445,1723 1446,1722 1450,1722 1450,1722 1450,1714 1451,1713 1454,1713 1454,1713 1454,1706 1455,1705 1458,1705 1458,1705 1458,1702 1459,1701 1462,1701 1462,1701 1462,1697 1463,1696 1467,1696 1467,1696 1467,1693 1468,1692 1471,1692 1471,1692 1471,1689 1472,1688 1509,1688 1509,1689 1509,1752 1510,1752 1743,1752 1743,1751 1743,1696 1744,1696 1747,1696 1747,1695 1747,1692 1748,1692 1769,1692 1769,1692 1769,1695 1770,1696 1849,1696 1849,1696 1849,1700 1850,1701 1854,1701 1854,1701 1854,1747 1855,1748 1935,1747 1935,1748 1935,1752 1936,1752 1939,1752 1939,1753 1939,1756 1940,1756 1943,1756 1943,1757 1943,1760 1944,1760 1947,1760 1947,1761 1947,1807 1948,1807 2181,1807 2181,1806 2181,1803 2181,1803 2178,1803 2177,1802 2177,1790 2177,1790 2174,1790 2173,1789 2173,1786 2173,1786 2169,1786 2168,1785 2168,1764 2168,1764 2165,1764 2164,1763 2164,1747 2165,1747 2168,1747 2168,1746 2168,1739 2169,1739 2173,1739 2173,1738 2173,1726 2174,1726 2177,1726 2177,1725 2177,1722 2178,1722 2181,1722 2181,1721 2181,1718 2182,1718 2186,1718 2186,1717 2186,1713 2187,1713 2190,1713 2190,1712 2190,1709 2191,1709 2194,1709 2194,1708 2194,1705 2195,1705 2203,1705 2203,1704 2203,1701 2204,1701 2211,1701 2211,1700 2211,1696 2212,1696 2237,1696 2237,1695 2237,1692 2238,1692 2258,1692 2258,1692 2258,1695 2259,1696 2266,1696 2266,1696 2266,1700 2267,1701 2279,1701 2279,1701 2279,1704 2280,1705 2283,1705 2283,1705 2283,1708 2284,1709 2288,1709 2288,1709 2288,1712 2289,1713 2292,1713 2292,1713 2292,1717 2293,1718 2296,1718 2297,1719 2530,1718 2530,1718 2530,1693 2531,1692 2539,1692 2539,1692 2539,1689 2540,1688 2547,1688 2547,1689 2547,1692 2548,1692 2551,1692 2551,1693 2551,1696 2552,1696 2556,1696 2556,1697 2556,1718 2557,1718 2581,1718 2581,1719 2581,1722 2582,1722 2585,1722 2585,1723 2585,1747 2586,1747 2777,1747 2777,1746 2777,1701 2778,1701 2781,1701 2781,1700 2781,1696 2782,1696 2790,1696 2790,1695 2790,1692 2791,1692 2832,1691 2832,1691 2832,1689 2833,1688 2900,1688 2900,1688 2900,1685 2901,1684 2909,1684 2909,1685 2909,1688 2910,1688 2913,1688 2913,1689 2913,1701 2914,1701 2917,1701 2917,1702 2917,1705 2918,1705 2921,1705 2921,1706 2921,1747 2922,1747 3223,1747 3224,1748 3470,1747 3470,1747 3470,1723 3471,1722 3474,1722 3474,1722 3474,1714 3475,1713 3479,1713 3479,1713 3479,1710 3480,1709 3483,1709 3483,1709 3483,1702 3484,1701 3487,1701 3487,1701 3487,1689 3488,1688 3491,1688 3491,1688 3491,1686 3492,1685 3504,1685 3504,1686 3504,1695 3505,1696 3508,1696 3508,1696 3508,1704 3509,1705 3513,1705 3513,1705 3513,1717 3514,1718 3517,1718 3517,1718 3517,1738 3518,1739 3717,1739 3717,1738 3717,1692 3718,1692 3721,1692 3721,1691 3721,1688 3722,1688 3730,1688 3730,1687 3730,1684 3731,1684 3734,1683 3734,1684 3734,1688 3735,1688 3738,1688 3738,1689 3738,1692 3739,1692 3742,1692 3742,1693 3742,1743 3743,1743 3972,1743 3972,1742 3972,1739 3973,1739 4155,1739 4155,1738 4155,1696 4156,1696 4159,1696 4159,1696 4159,1700 4160,1701 4164,1701 4164,1701 4164,1806 4165,1807 4192,1806 4193,1807 4198,1807 4198,1808 4198,1815 4199,1815 4202,1815 4202,1816 4202,1820 4203,1820 4206,1820 4206,1821 4206,1823 4205,1824 4206,1841 4205,1841 4202,1841 4202,1842 4202,1849 4201,1849 4198,1849 4198,1850 4198,1862 4197,1862 4193,1862 4193,1863 4193,1865 4192,1865 4189,1866 4189,1866 4189,1870 4188,1871 4185,1871 4185,1871 4185,1874 4184,1875 4168,1875 4168,1874 4168,1832 4167,1832 3589,1833 3589,1833 3589,1836 3588,1837 3240,1838 3240,1838 3240,1891 3239,1892 3232,1892 3232,1892 3232,1895 3231,1896 3223,1896 3223,1895 3223,1892 3222,1892 3211,1892 3211,1891 3211,1888 3210,1888 3206,1888 3206,1887 3206,1883 3205,1883 3202,1883 3202,1882 3202,1841 3201,1841 3062,1841 3062,1840 3062,1837 3061,1837 3049,1837 3049,1836 3049,1832 3048,1832 2836,1832 2836,1833 2836,1837 2835,1837 2751,1838 2751,1838 2751,1840 2750,1841 2683,1841 2683,1841 2683,1891 2682,1892 2675,1892 2675,1892 2675,1895 2674,1896 2632,1896 2632,1895 2632,1892 2631,1892 2624,1892 2624,1891 2624,1837 2623,1837 2407,1837 2407,1838 2407,1841 2406,1841 2317,1842 2317,1842 2317,1870 2316,1871 2313,1871 2313,1871 2313,1874 2312,1875 2305,1875 2305,1875 2305,1878 2304,1879 2300,1879 2300,1879 2300,1882 2299,1883 2237,1883 2237,1883 2237,1907 2236,1908"/><TextEquiv index="1"><Unicode>trop fondée. Quoiqu'il exposât le cas,</Unicode></TextEquiv></TextLine><TextLine id="r0_l007"><Coords points="4098,2115 4097,2114 4067,2114 4066,2113 4066,2049 4065,2049 4006,2049 4006,2049 4006,2099 4006,2100 3999,2100 3998,2100 3998,2104 3998,2105 3994,2105 3993,2105 3993,2108 3993,2109 3977,2109 3976,2108 3976,2105 3976,2105 3969,2105 3968,2104 3968,2049 3967,2049 3853,2049 3853,2049 3853,2046 3852,2045 3657,2046 3657,2046 3657,2048 3656,2049 3513,2049 3513,2049 3513,2053 3512,2054 3500,2054 3500,2054 3500,2050 3499,2049 3428,2049 3428,2049 3428,2046 3427,2045 3223,2046 3223,2046 3223,2048 3222,2049 3211,2049 3211,2049 3211,2053 3210,2054 3164,2054 3164,2053 3164,2049 3163,2049 3160,2049 3160,2048 3160,2045 3159,2045 2964,2045 2964,2046 2964,2049 2963,2049 2947,2049 2947,2050 2947,2054 2946,2054 2943,2054 2942,2053 2411,2054 2411,2055 2411,2109 2411,2109 2408,2109 2407,2110 2407,2113 2407,2113 2365,2113 2364,2113 2364,2054 2363,2053 2100,2054 2100,2055 2100,2105 2100,2105 2097,2105 2096,2106 2096,2109 2096,2109 2093,2109 2092,2110 2092,2113 2092,2113 2050,2113 2049,2113 2049,2055 2048,2054 2032,2054 2031,2053 1998,2053 1998,2054 1998,2117 1998,2117 1995,2117 1994,2117 1994,2054 1993,2053 1983,2053 1983,2054 1983,2118 1983,2118 1927,2118 1926,2118 1926,2054 1925,2053 1794,2054 1794,2054 1794,2057 1793,2058 1701,2058 1701,2058 1701,2078 1701,2079 1697,2079 1696,2079 1696,2082 1696,2083 1672,2083 1671,2084 1671,2088 1671,2088 1587,2088 1586,2089 1586,2096 1586,2096 1582,2096 1581,2097 1581,2100 1581,2100 1565,2100 1564,2100 1564,2063 1564,2062 1472,2062 1471,2062 1471,2059 1470,2058 1458,2058 1458,2058 1458,2055 1457,2054 1445,2054 1444,2053 1122,2054 1122,2055 1122,2058 1121,2058 1016,2058 1016,2058 1016,2055 1015,2054 986,2054 986,2054 986,2050 984,2048 960,2049 960,2048 960,2045 959,2045 956,2045 956,2044 956,2037 955,2037 952,2037 952,2036 952,2032 951,2032 948,2032 948,2031 948,2003 948,2003 951,2003 952,2002 952,1986 952,1986 955,1986 956,1985 956,1981 956,1981 959,1981 960,1980 960,1977 960,1977 968,1977 969,1976 969,1973 969,1973 976,1973 977,1972 977,1969 977,1969 989,1968 990,1968 990,1965 990,1964 998,1964 999,1964 999,1910 999,1909 1032,1909 1033,1910 1033,1964 1033,1964 1372,1964 1373,1963 1373,1909 1373,1909 1381,1909 1382,1908 1382,1905 1382,1905 1389,1905 1390,1904 1390,1900 1390,1900 1398,1900 1399,1900 1399,1908 1399,1909 1402,1909 1403,1909 1403,1922 1403,1923 1593,1922 1594,1923 1594,1926 1594,1926 1597,1926 1598,1927 1598,1952 1598,1952 1606,1952 1607,1953 1607,1964 1607,1964 1878,1964 1879,1965 2214,1964 2215,1963 2215,1909 2215,1909 2219,1909 2220,1908 2236,1908 2237,1909 2240,1909 2241,1909 2241,1964 2241,1965 2538,1964 2539,1964 2539,1923 2539,1922 2542,1922 2543,1922 2543,1906 2543,1905 2550,1905 2551,1906 2551,1964 2551,1964 2865,1963 2866,1963 2866,1906 2866,1905 2886,1905 2887,1906 2887,1909 2887,1909 2891,1909 2892,1910 2892,1956 2892,1956 3091,1956 3092,1955 3092,1905 3092,1905 3095,1905 3096,1904 3096,1900 3096,1900 3269,1900 3270,1900 3270,1905 3270,1906 3431,1905 3432,1906 3432,1918 3432,1918 3435,1918 3436,1919 3436,1922 3436,1922 3439,1922 3440,1923 3440,1930 3440,1930 3444,1930 3445,1931 3445,1935 3445,1935 3448,1935 3449,1936 3449,1952 3449,1952 3499,1952 3500,1953 3500,1956 3500,1956 3775,1955 3776,1955 3776,1906 3776,1905 3780,1905 3781,1905 3781,1901 3781,1900 3788,1900 3789,1900 3789,1897 3789,1896 3797,1896 3798,1897 3798,1900 3798,1900 3801,1900 3802,1901 3802,1956 3802,1956 4048,1956 4049,1955 4049,1905 4049,1905 4056,1905 4057,1904 4057,1900 4057,1900 4060,1900 4061,1899 4061,1896 4061,1896 4069,1896 4070,1896 4070,1899 4070,1900 4073,1900 4074,1900 4074,1955 4074,1956 4192,1955 4193,1956 4197,1956 4198,1957 4198,1960 4198,1960 4201,1960 4202,1961 4202,1977 4202,1977 4205,1977 4206,1978 4206,2024 4206,2024 4209,2024 4210,2025 4210,2041 4209,2041 4193,2041 4193,2042 4193,2048 4192,2048 4100,2049 4100,2049 4100,2114 4100,2115"/><TextEquiv index="1"><Unicode>dans le jour qui pouvoit lui être le plus</Unicode></TextEquiv></TextLine><TextLine id="r0_l008"><Coords points="1841,2334 1841,2333 1840,2267 1840,2267 1799,2267 1798,2267 1798,2278 1798,2279 1782,2279 1781,2279 1781,2282 1781,2283 1778,2283 1777,2283 1777,2287 1776,2288 1777,2291 1776,2292 1764,2292 1764,2292 1764,2295 1763,2296 1743,2296 1743,2295 1742,2271 1742,2271 1444,2271 1443,2270 1438,2271 1437,2270 1437,2266 1437,2266 1080,2266 1079,2267 1079,2271 1079,2271 1029,2271 1028,2270 949,2271 948,2270 948,2266 948,2266 944,2266 943,2265 943,2190 944,2190 952,2190 952,2189 952,2186 953,2186 960,2186 960,2185 960,2181 961,2181 965,2181 965,2180 965,2147 966,2147 969,2147 969,2146 969,2143 970,2143 973,2143 973,2142 973,2134 974,2134 977,2134 977,2133 977,2130 978,2130 982,2130 982,2129 982,2126 983,2126 990,2125 990,2125 990,2123 991,2122 1033,2122 1033,2123 1033,2126 1034,2126 1037,2126 1037,2127 1037,2177 1038,2177 1318,2177 1318,2176 1318,2173 1319,2173 1458,2172 1458,2172 1458,2131 1459,2130 1462,2130 1462,2130 1462,2127 1463,2126 1467,2126 1467,2126 1467,2123 1468,2122 1475,2122 1475,2122 1475,2118 1476,2117 1586,2117 1586,2118 1586,2122 1587,2122 1590,2122 1590,2123 1590,2126 1591,2126 1594,2126 1594,2127 1594,2151 1595,2151 1598,2151 1598,2152 1598,2177 1599,2177 1662,2177 1662,2178 1662,2181 1663,2181 1671,2181 1671,2182 1671,2185 1672,2186 1675,2186 1675,2186 1675,2189 1676,2190 1679,2190 1679,2190 1679,2193 1680,2194 1684,2194 1684,2194 1684,2202 1685,2203 1688,2203 1688,2203 1688,2236 1689,2237 1913,2236 1913,2236 1913,2187 1914,2186 1918,2186 1918,2186 1918,2127 1919,2126 1922,2126 1922,2126 1922,2123 1923,2122 1926,2122 1926,2122 1926,2119 1927,2118 1983,2118 1984,2117 1998,2117 1998,2118 1998,2122 1999,2122 2151,2122 2151,2121 2151,2117 2152,2117 2190,2117 2190,2117 2190,2121 2191,2122 2194,2122 2194,2122 2194,2125 2195,2126 2198,2126 2198,2126 2198,2129 2199,2130 2203,2130 2203,2130 2203,2172 2204,2173 2428,2172 2428,2172 2428,2144 2429,2143 2432,2143 2432,2143 2432,2140 2433,2139 2436,2139 2436,2139 2436,2135 2437,2134 2449,2134 2449,2135 2449,2139 2450,2139 2454,2139 2454,2140 2454,2143 2455,2143 2458,2143 2458,2144 2458,2177 2459,2177 2692,2177 2692,2176 2692,2173 2693,2173 2700,2173 2700,2172 2700,2160 2701,2160 2704,2160 2704,2159 2704,2151 2705,2151 2709,2151 2709,2150 2709,2134 2710,2134 2713,2134 2713,2133 2713,2130 2714,2130 2717,2130 2717,2129 2717,2126 2718,2126 2721,2126 2721,2125 2721,2122 2722,2122 2730,2122 2730,2122 2730,2125 2731,2126 2734,2126 2734,2126 2734,2142 2735,2143 2739,2143 2739,2143 2739,2189 2740,2190 2743,2190 2743,2190 2743,2236 2744,2237 2818,2236 2819,2237 2964,2237 2964,2237 2964,2182 2965,2181 2968,2181 2968,2181 2968,2178 2969,2177 2981,2177 2981,2177 2981,2174 2982,2173 2989,2173 2989,2174 2989,2177 2990,2177 3160,2177 3160,2176 3160,2173 3161,2173 3334,2172 3334,2172 3334,2169 3335,2168 3338,2168 3338,2168 3338,2165 3339,2164 3347,2164 3347,2165 3347,2173 3348,2173 3440,2173 3440,2174 3440,2177 3441,2177 3594,2177 3594,2176 3594,2173 3595,2173 3836,2172 3836,2172 3836,2118 3837,2117 3840,2117 3840,2117 3840,2114 3841,2113 3849,2113 3849,2113 3849,2110 3850,2109 3857,2109 3857,2110 3857,2113 3858,2113 3862,2113 3862,2114 3862,2173 3863,2173 4049,2173 4049,2172 4049,2147 4050,2147 4053,2147 4053,2146 4053,2130 4054,2130 4057,2130 4057,2129 4057,2126 4058,2126 4061,2126 4061,2125 4061,2117 4062,2117 4066,2117 4066,2116 4066,2114 4067,2114 4097,2114 4098,2115 4100,2115 4100,2115 4100,2172 4101,2173 4125,2173 4125,2173 4125,2176 4126,2177 4130,2177 4130,2177 4130,2185 4131,2186 4142,2186 4142,2186 4142,2189 4143,2190 4147,2190 4147,2190 4147,2198 4148,2199 4206,2198 4206,2199 4206,2220 4206,2220 4203,2220 4202,2221 4202,2224 4202,2224 4194,2224 4193,2225 4193,2227 4193,2227 4152,2228 4151,2228 4151,2253 4151,2254 4148,2254 4147,2254 4147,2257 4147,2258 4143,2258 4142,2258 4142,2261 4142,2262 4130,2262 4129,2262 4130,2320 4129,2321 4117,2321 4117,2320 4116,2262 4116,2262 4041,2262 4040,2261 4040,2258 4040,2258 4006,2258 4005,2258 4006,2295 4005,2296 4002,2296 4002,2296 4002,2299 4001,2300 3993,2300 3993,2300 3993,2304 3992,2305 3989,2305 3989,2305 3989,2308 3988,2309 3976,2309 3976,2309 3976,2312 3975,2313 3845,2313 3845,2314 3845,2323 3844,2323 3840,2323 3840,2323 3840,2314 3839,2313 3836,2313 3836,2314 3836,2317 3835,2317 3832,2317 3832,2317 3832,2314 3831,2313 3828,2313 3828,2313 3827,2259 3827,2258 3701,2259 3700,2259 3700,2261 3700,2262 3339,2262 3338,2261 3007,2262 3006,2263 3007,2317 3006,2317 3002,2317 3002,2318 3002,2322 3001,2322 2968,2322 2968,2322 2968,2318 2967,2317 2964,2317 2964,2317 2964,2301 2963,2300 2819,2300 2818,2299 2653,2300 2653,2300 2653,2304 2652,2305 2649,2305 2649,2305 2649,2312 2648,2313 2645,2313 2645,2313 2645,2316 2644,2317 2636,2317 2636,2317 2636,2321 2635,2322 2624,2322 2624,2322 2624,2325 2623,2326 2607,2326 2607,2325 2607,2322 2606,2322 2590,2322 2590,2321 2590,2317 2589,2317 2428,2317 2428,2317 2428,2314 2427,2313 2424,2313 2424,2313 2423,2266 2423,2265 2250,2266 2249,2266 2249,2270 2249,2271 2208,2271 2207,2270 2207,2266 2207,2266 1854,2267 1853,2267 1854,2333 1853,2334"/><TextEquiv index="1"><Unicode>favorable, il fut jugé, par toute la fa-</Unicode></TextEquiv></TextLine><TextLine id="r0_l009"><Coords points="2620,2543 2619,2542 2619,2539 2619,2539 2616,2539 2615,2538 1910,2539 1909,2539 1909,2535 1909,2534 1904,2534 1903,2533 1897,2534 1896,2533 1896,2530 1896,2530 1889,2530 1888,2529 1888,2522 1888,2522 1884,2522 1883,2521 1883,2516 1882,2516 1416,2517 1416,2516 1416,2513 1415,2513 1411,2513 1411,2512 1411,2483 1410,2483 986,2483 985,2482 943,2483 943,2482 943,2479 942,2479 939,2479 939,2478 939,2428 939,2428 942,2428 943,2427 943,2402 943,2402 955,2402 956,2401 956,2398 956,2398 964,2398 965,2397 965,2394 965,2394 1113,2393 1114,2393 1114,2340 1114,2339 1117,2339 1118,2339 1118,2335 1118,2334 1121,2334 1122,2334 1122,2331 1122,2330 1193,2330 1194,2331 1194,2333 1194,2333 2899,2329 2900,2329 2900,2327 2900,2326 3839,2324 3840,2323 4112,2323 4113,2322 4116,2322 4117,2321 4129,2321 4130,2322 4141,2322 4142,2322 4142,2333 4142,2334 4146,2334 4147,2334 4147,2393 4147,2394 4158,2394 4159,2394 4159,2410 4159,2411 4193,2410 4194,2411 4201,2411 4202,2412 4202,2436 4201,2436 4189,2437 4189,2437 4189,2440 4188,2441 4151,2441 4151,2441 4151,2470 4150,2471 4083,2471 4083,2471 4083,2474 4082,2475 3662,2476 3662,2476 3662,2478 3661,2479 2658,2481 2658,2481 2658,2533 2658,2534 2654,2534 2653,2534 2653,2538 2653,2539 2629,2539 2628,2539 2628,2542 2628,2543"/><TextEquiv index="1"><Unicode>mille, indigne de poſſéder la Demoi-</Unicode></TextEquiv></TextLine><TextLine id="r0_l010"><Coords points="2977,2757 2977,2757 2977,2756 2976,2755 790,2760 790,2759 790,2756 790,2756 2976,2751 2977,2751 2976,2740 2976,2739 1361,2743 1360,2742 1360,2704 1360,2704 987,2704 986,2704 986,2700 986,2699 944,2700 943,2699 943,2611 944,2611 956,2611 956,2610 956,2607 957,2607 960,2607 960,2606 960,2585 961,2585 965,2585 965,2584 965,2581 966,2581 973,2581 973,2580 973,2568 974,2568 977,2568 977,2567 977,2564 978,2564 982,2564 982,2563 982,2556 983,2556 986,2555 986,2555 986,2552 987,2551 999,2551 999,2551 999,2548 1000,2547 2424,2544 2425,2543 3721,2541 3721,2540 3721,2539 3722,2539 3734,2539 3734,2539 3734,2542 3735,2542 3736,2542 3737,2543 3989,2543 3989,2543 3989,2567 3990,2568 4002,2568 4002,2568 4002,2597 4003,2598 4130,2598 4130,2598 4130,2601 4131,2602 4134,2602 4134,2602 4134,2606 4135,2607 4138,2607 4138,2607 4138,2610 4139,2611 4151,2611 4151,2611 4151,2623 4152,2624 4194,2623 4195,2624 4198,2624 4198,2625 4198,2628 4199,2628 4202,2628 4202,2629 4202,2641 4203,2641 4210,2641 4210,2642 4210,2649 4210,2649 4199,2649 4198,2650 4198,2653 4198,2653 4190,2654 4189,2654 4189,2657 4189,2658 4148,2658 4147,2658 4147,2691 4147,2692 3548,2693 3547,2693 3547,2708 3547,2709 3526,2709 3525,2709 3525,2716 3525,2717 3514,2717 3513,2717 3513,2721 3513,2722 3509,2722 3508,2722 3508,2725 3508,2726 2994,2727 2993,2728 2994,2757 2993,2757"/><TextEquiv index="1"><Unicode>ſelle; on lui défendit même, doréna-</Unicode></TextEquiv></TextLine><TextLine id="r0_l011"><Coords points="2981,2960 2981,2960 2981,2905 2980,2904 2820,2904 2819,2903 2573,2904 2573,2905 2573,2909 2572,2909 2500,2909 2499,2908 2266,2909 2266,2909 2266,2912 2265,2913 2262,2913 2262,2912 2262,2909 2261,2909 1998,2909 1998,2910 1998,2917 1997,2917 1990,2917 1990,2917 1990,2914 1989,2913 1969,2913 1969,2913 1969,2910 1968,2909 1781,2910 1781,2910 1781,2912 1780,2913 1641,2913 1641,2913 1641,2910 1640,2909 1407,2910 1407,2910 1407,2920 1406,2921 1403,2921 1403,2921 1403,2925 1402,2926 1390,2926 1390,2926 1390,2929 1389,2930 1386,2930 1386,2930 1386,2933 1385,2934 1382,2934 1382,2934 1382,2937 1381,2938 1377,2938 1377,2938 1377,2942 1376,2943 1365,2943 1365,2943 1365,2946 1364,2947 1352,2947 1352,2946 1352,2943 1351,2943 1347,2943 1347,2942 1347,2913 1346,2913 987,2913 986,2912 977,2913 977,2912 977,2892 976,2892 973,2892 973,2891 973,2887 972,2887 969,2887 969,2886 969,2862 968,2862 965,2862 965,2861 965,2858 964,2858 960,2858 960,2857 960,2853 959,2853 956,2853 956,2852 956,2845 955,2845 952,2845 952,2844 952,2841 951,2841 948,2841 948,2840 948,2836 947,2836 939,2836 939,2835 939,2828 939,2828 942,2828 943,2827 943,2824 943,2824 985,2823 986,2824 1240,2824 1241,2823 1241,2819 1241,2819 1253,2819 1254,2818 1254,2815 1254,2815 1261,2815 1262,2815 1262,2818 1262,2819 1266,2819 1267,2819 1267,2823 1267,2824 1291,2824 1292,2824 1292,2827 1292,2828 1295,2828 1296,2828 1296,2848 1296,2849 1321,2849 1322,2849 1322,2882 1322,2883 1512,2882 1513,2882 1513,2774 1513,2773 1517,2773 1518,2773 1518,2769 1518,2768 1521,2768 1522,2768 1522,2765 1522,2764 1534,2764 1535,2764 1535,2761 1535,2760 1538,2760 1539,2761 1539,2764 1539,2764 1542,2764 1543,2765 1543,2768 1543,2768 1585,2768 1586,2769 1586,2773 1586,2773 1593,2773 1594,2774 1594,2781 1594,2781 1597,2781 1598,2782 1598,2819 1598,2819 1819,2819 1820,2818 1820,2815 1820,2815 1827,2815 1828,2815 1828,2818 1828,2819 1972,2818 1973,2818 1973,2799 1973,2798 1976,2798 1977,2798 1977,2795 1977,2794 1980,2794 1981,2794 1981,2778 1981,2777 1985,2777 1986,2777 1986,2774 1986,2773 1989,2773 1990,2773 1990,2769 1990,2768 2002,2768 2003,2769 2003,2815 2003,2815 2065,2815 2066,2816 2066,2819 2066,2819 2240,2819 2241,2818 2241,2768 2241,2768 2244,2768 2245,2767 2245,2764 2245,2764 2257,2764 2258,2763 2258,2760 2258,2760 2261,2760 2262,2760 2262,2763 2262,2764 2270,2764 2271,2764 2271,2780 2271,2781 2274,2781 2275,2781 2275,2806 2275,2807 2282,2807 2283,2807 2283,2818 2283,2819 2491,2818 2492,2818 2492,2769 2492,2768 2495,2768 2496,2768 2496,2765 2496,2764 2508,2764 2509,2764 2509,2761 2509,2760 2521,2760 2522,2761 2522,2824 2522,2824 2742,2824 2743,2823 2743,2819 2743,2819 2976,2818 2977,2818 2977,2758 2977,2757 3078,2757 3079,2756 3099,2756 3100,2756 3100,2759 3100,2760 3108,2760 3109,2760 3109,2814 3109,2815 3261,2815 3262,2815 3262,2818 3262,2819 3265,2819 3266,2819 3266,2823 3266,2824 3274,2824 3275,2824 3275,2836 3275,2837 3291,2836 3292,2837 3292,2875 3292,2875 3325,2875 3326,2876 3326,2879 3326,2879 3329,2879 3330,2880 3330,2904 3329,2904 3326,2904 3326,2905 3326,2909 3325,2909 3309,2909 3309,2909 3309,2905 3308,2904 3300,2904 3299,2903 2998,2904 2998,2905 2998,2960 2997,2960"/><TextEquiv index="1"><Unicode>vant, l'entrée de la maiſon.</Unicode></TextEquiv></TextLine><TextLine id="r0_l012"><Coords points="1599,3185 1598,3185 1598,3127 1598,3126 1446,3126 1445,3125 1434,3126 1433,3125 1433,3121 1433,3121 1417,3121 1416,3120 1416,3117 1416,3117 1408,3117 1407,3116 1407,3113 1407,3113 1404,3113 1403,3112 1403,3109 1403,3109 1395,3109 1394,3108 1394,3104 1394,3104 1391,3104 1390,3103 1390,3100 1390,3100 1387,3100 1386,3099 1386,3092 1386,3092 1246,3092 1245,3092 1245,3095 1245,3096 1225,3096 1224,3096 1224,3099 1224,3100 1221,3100 1220,3100 1220,3103 1220,3104 1212,3104 1211,3105 1211,3109 1211,3109 1208,3109 1207,3110 1207,3113 1207,3113 1204,3113 1203,3113 1203,3110 1203,3109 1166,3109 1165,3109 1165,3105 1165,3104 1153,3104 1152,3104 1152,3063 1153,3062 1156,3062 1156,3062 1156,3059 1157,3058 1220,3058 1220,3057 1220,3053 1221,3053 1228,3053 1228,3053 1228,3065 1229,3066 1369,3066 1369,3065 1369,3041 1370,3041 1373,3041 1373,3040 1373,3028 1374,3028 1377,3028 1377,3027 1377,3015 1378,3015 1382,3015 1382,3014 1382,3011 1383,3011 1386,3011 1386,3010 1386,3002 1387,3002 1390,3002 1390,3001 1390,2998 1391,2998 1399,2998 1399,2997 1399,2994 1400,2994 1403,2994 1403,2993 1403,2989 1404,2989 1411,2989 1411,2988 1411,2985 1412,2985 1433,2985 1433,2984 1433,2981 1434,2981 1445,2980 1446,2981 1479,2981 1479,2982 1479,2985 1480,2985 1496,2985 1496,2986 1496,2989 1497,2989 1501,2989 1501,2990 1501,3019 1502,3019 1505,3019 1505,3020 1505,3040 1506,3040 1543,3040 1543,3040 1543,3037 1544,3036 1547,3036 1547,3036 1547,3033 1548,3032 1569,3032 1569,3033 1569,3036 1570,3036 1722,3036 1722,3035 1722,3032 1723,3032 1747,3032 1747,3032 1747,3035 1748,3036 1935,3035 1935,3035 1935,2982 1936,2981 1939,2981 1939,2981 1939,2978 1939,2977 1959,2977 1960,2978 1960,2981 1961,2981 1964,2981 1964,2982 1964,3032 1965,3032 2190,3032 2190,3031 2190,3028 2191,3028 2322,3028 2322,3027 2322,2981 2323,2981 2326,2981 2326,2980 2326,2977 2326,2977 2338,2977 2339,2976 2339,2972 2339,2972 2346,2972 2347,2972 2347,3010 2348,3011 2362,3010 2363,3011 2364,3011 2364,3012 2364,3036 2365,3036 2419,3036 2419,3037 2419,3041 2420,3041 2543,3041 2543,3041 2543,2978 2544,2977 2585,2977 2585,2977 2585,2973 2585,2972 2618,2972 2619,2971 2619,2968 2619,2968 2627,2968 2628,2968 2628,2976 2629,2977 2641,2977 2641,2977 2641,2980 2642,2981 2649,2981 2649,2981 2649,2984 2650,2985 2662,2985 2662,2985 2662,2988 2663,2989 2666,2989 2666,2989 2666,2993 2667,2994 2670,2994 2670,2994 2670,3001 2671,3002 2679,3002 2679,3002 2679,3010 2680,3011 2683,3011 2683,3011 2683,3018 2684,3019 2687,3019 2687,3019 2687,3027 2688,3028 2692,3028 2692,3028 2692,3031 2693,3032 2760,3032 2761,3033 3058,3032 3058,3031 3058,2977 3059,2977 3062,2977 3062,2976 3062,2972 3062,2972 3282,2971 3283,2971 3283,2969 3283,2968 3350,2968 3351,2969 3351,3032 3352,3032 3432,3032 3432,3033 3432,3036 3433,3036 3436,3036 3436,3037 3436,3041 3437,3041 3440,3041 3440,3042 3440,3045 3441,3045 3453,3045 3453,3046 3453,3087 3454,3087 3606,3087 3606,3086 3606,3053 3607,3053 3611,3053 3611,3052 3611,3049 3612,3049 3615,3049 3615,3048 3615,3045 3616,3045 3619,3045 3619,3044 3619,3036 3620,3036 3628,3036 3628,3035 3628,3032 3629,3032 3636,3032 3636,3031 3636,3028 3637,3028 3810,3027 3810,3027 3810,2969 3810,2968 3814,2968 3815,2968 3815,2965 3815,2964 3831,2964 3832,2965 3832,2968 3832,2968 3980,2968 3981,2968 3981,3018 3982,3019 4125,3019 4125,3018 4125,2972 4125,2972 4129,2972 4130,2971 4130,2968 4130,2968 4133,2968 4134,2967 4134,2964 4134,2964 4248,2963 4249,2963 4249,2956 4249,2955 4252,2955 4253,2956 4253,3164 4253,3164 4250,3164 4249,3164 4249,3161 4249,3160 4245,3160 4244,3160 4244,3063 4244,3062 4199,3062 4198,3063 4198,3113 4198,3113 4186,3114 4185,3114 4185,3116 4185,3117 3952,3117 3951,3118 3951,3121 3951,3121 3948,3121 3947,3121 3947,3118 3947,3117 3939,3117 3938,3117 3938,3114 3938,3113 3790,3113 3789,3114 3789,3117 3789,3117 3777,3117 3776,3118 3776,3121 3776,3121 3705,3122 3704,3122 3704,3171 3704,3172 3654,3172 3653,3171 3653,3126 3653,3126 3531,3126 3530,3126 3530,3133 3530,3134 3526,3134 3525,3134 3525,3159 3525,3160 3518,3160 3517,3159 3517,3151 3517,3151 3497,3151 3496,3151 3496,3148 3496,3147 3492,3147 3491,3147 3491,3122 3491,3121 3293,3121 3292,3120 2986,3121 2985,3121 2985,3118 2985,3117 2761,3118 2760,3118 2760,3125 2760,3126 2748,3126 2747,3125 2747,3121 2747,3121 2599,3121 2598,3121 2598,3159 2598,3160 2578,3160 2577,3160 2577,3122 2577,3121 2425,3121 2424,3120 2216,3121 2215,3121 2215,3125 2215,3126 2199,3126 2198,3125 2198,3121 2198,3121 1961,3121 1960,3122 1960,3126 1960,3126 1948,3126 1947,3125 1646,3126 1645,3127 1645,3185 1645,3185"/><TextEquiv index="1"><Unicode>“Cependant la Demoiſelle, qui étoit</Unicode></TextEquiv></TextLine><TextLine id="r0_l013"><Coords points="973,3406 973,3405 973,3402 972,3402 935,3402 935,3401 935,3398 934,3398 931,3398 931,3397 931,3257 931,3257 938,3257 939,3256 939,3253 939,3253 947,3253 948,3252 948,3249 948,3249 1033,3248 1034,3248 1033,3199 1034,3198 1037,3198 1037,3198 1037,3195 1038,3194 1045,3194 1045,3194 1045,3190 1046,3189 1067,3189 1068,3190 2432,3187 2432,3187 2432,3186 2433,3185 2462,3185 2462,3186 2462,3189 2463,3189 2466,3189 2466,3190 2466,3198 2467,3198 2471,3198 2471,3199 2472,3233 2472,3233 3546,3231 3547,3230 3547,3219 3547,3219 3550,3219 3551,3218 3551,3215 3551,3215 3554,3215 3555,3214 3555,3211 3555,3211 3559,3211 3560,3210 3560,3206 3560,3206 3563,3206 3564,3205 3563,3202 3564,3202 4043,3201 4043,3200 4043,3199 4044,3198 4044,3194 4045,3194 4049,3194 4049,3193 4049,3185 4050,3185 4057,3185 4057,3184 4057,3181 4058,3181 4061,3181 4061,3181 4061,3184 4062,3185 4066,3185 4066,3185 4066,3193 4067,3194 4070,3194 4070,3194 4071,3228 4071,3229 4252,3228 4253,3229 4253,3392 4252,3392 3781,3393 3780,3394 3776,3394 3776,3394 3776,3386 3776,3385 4243,3384 4244,3384 4244,3381 4243,3380 3768,3381 3768,3381 3768,3373 3767,3372 3764,3372 3764,3372 3764,3369 3764,3368 4239,3367 4240,3367 4240,3354 4239,3353 3368,3355 3368,3356 3368,3360 3367,3360 3364,3360 3364,3361 3364,3364 3363,3364 3334,3364 3334,3364 3334,3360 3333,3359 3045,3360 3045,3360 3045,3339 3044,3338 2875,3338 2874,3337 1922,3339 1922,3340 1922,3343 1921,3343 1752,3344 1752,3344 1752,3354 1751,3355 1747,3355 1747,3355 1747,3359 1746,3360 1088,3361 1088,3362 1088,3403 1087,3403 977,3404 977,3404 977,3405 976,3406"/><TextEquiv index="1"><Unicode>plus touchée de ſes vertus, &amp; moins</Unicode></TextEquiv></TextLine><TextLine id="r0_l014"><Coords points="4122,3609 4121,3608 4121,3603 4121,3603 2718,3606 2717,3605 2717,3602 2717,3602 2714,3602 2713,3601 2713,3555 2713,3555 2395,3555 2394,3554 2059,3555 2058,3554 1447,3555 1446,3554 1055,3555 1054,3555 1054,3552 1054,3551 989,3551 988,3550 949,3551 948,3550 948,3543 949,3543 952,3543 952,3542 952,3538 953,3538 956,3538 956,3537 956,3470 957,3470 969,3470 969,3469 969,3466 970,3466 999,3465 999,3465 999,3463 1000,3462 1062,3462 1062,3462 1062,3446 1063,3445 1067,3445 1067,3445 1067,3433 1067,3432 1070,3432 1071,3432 1071,3416 1071,3415 1074,3415 1075,3415 1075,3407 1075,3406 1078,3406 1079,3406 1079,3404 1079,3403 1325,3403 1326,3402 1329,3402 1330,3403 2988,3399 2989,3398 4124,3396 4125,3395 4125,3394 4125,3394 4248,3393 4249,3392 4252,3392 4253,3393 4253,3606 4253,3606 4135,3607 4134,3607 4134,3608 4134,3609"/><TextEquiv index="1"><Unicode>révoltée de ſon état qu'il n'avoit jamais</Unicode></TextEquiv></TextLine><TextLine id="r0_l015"><Coords points="939,3616 4254,3609 4254,3818 939,3825"/><TextEquiv index="1"><Unicode>exercé, ſe trouva fort mal de la déci-</Unicode></TextEquiv></TextLine><TextLine id="r0_l016"><Coords points="2918,4044 2917,4044 2917,3982 2917,3981 2837,3981 2836,3982 2836,3985 2836,3985 2825,3985 2824,3985 2824,3982 2824,3981 2823,3981 2822,3980 2301,3982 2300,3982 2300,3984 2300,3985 2297,3985 2296,3984 2296,3981 2296,3981 1936,3981 1935,3982 1935,3985 1935,3985 1919,3985 1918,3985 1918,3982 1918,3981 1910,3981 1909,3980 1706,3981 1705,3981 1705,4022 1705,4023 1702,4023 1701,4023 1701,4026 1701,4027 1697,4027 1696,4026 1696,3981 1696,3981 1502,3981 1501,3982 1501,3985 1501,3985 1476,3985 1475,3984 1102,3985 1101,3986 1101,3989 1101,3989 1098,3989 1097,3988 978,3989 977,3988 977,3985 977,3985 940,3985 939,3984 939,3981 939,3981 936,3981 935,3980 935,3976 935,3976 932,3976 931,3975 931,3972 932,3972 935,3972 935,3971 935,3968 936,3968 939,3968 939,3967 939,3900 940,3900 943,3900 943,3899 943,3896 944,3896 952,3896 952,3895 952,3887 952,3887 955,3887 956,3886 956,3874 956,3874 959,3874 960,3873 960,3862 960,3862 964,3862 965,3861 965,3857 965,3857 968,3857 969,3856 969,3853 969,3853 972,3853 973,3852 973,3849 973,3849 976,3849 977,3848 977,3845 977,3845 985,3845 986,3844 986,3836 986,3835 993,3835 994,3835 994,3833 994,3832 1023,3832 1024,3833 1024,3836 1024,3836 1032,3836 1033,3837 1033,3840 1033,3840 1036,3840 1037,3841 1037,3896 1038,3896 1177,3896 1177,3897 1177,3900 1178,3900 1399,3900 1399,3899 1399,3840 1399,3840 1402,3840 1403,3839 1403,3836 1403,3836 1427,3836 1428,3836 1428,3891 1428,3892 1649,3891 1650,3891 1650,3880 1650,3879 1653,3879 1654,3879 1654,3863 1654,3862 1657,3862 1658,3862 1658,3854 1658,3853 1661,3853 1662,3853 1662,3850 1662,3849 1666,3849 1667,3849 1667,3841 1667,3840 1670,3840 1671,3840 1671,3837 1671,3836 1678,3836 1679,3835 1679,3832 1679,3832 1683,3832 1684,3831 1684,3828 1684,3828 1687,3828 1688,3828 1688,3831 1688,3832 1904,3831 1905,3831 1905,3828 1905,3827 1906,3828 1912,3828 1913,3829 1913,3832 1913,3832 1917,3832 1918,3833 1918,3836 1918,3836 1921,3836 1922,3837 1922,3891 1922,3891 2155,3891 2156,3890 2156,3836 2156,3836 2159,3836 2160,3835 2160,3832 2160,3832 2236,3832 2237,3832 2237,3835 2237,3836 2240,3836 2241,3836 2241,3839 2241,3840 2295,3840 2296,3840 2296,3887 2296,3888 2367,3887 2368,3888 2368,3891 2368,3891 2376,3891 2377,3892 2377,3896 2378,3896 2381,3896 2381,3897 2381,3900 2382,3900 2556,3900 2556,3900 2556,3837 2556,3836 2682,3836 2683,3835 2683,3832 2683,3832 2686,3832 2687,3831 2687,3828 2687,3828 2699,3828 2700,3828 2700,3831 2700,3832 2759,3832 2760,3832 2760,3835 2760,3836 2763,3836 2764,3836 2764,3886 2764,3887 2821,3886 2822,3887 3291,3886 3292,3886 3292,3837 3292,3836 3295,3836 3296,3836 3296,3833 3296,3832 3303,3832 3304,3832 3304,3829 3304,3828 3320,3828 3321,3829 3321,3836 3321,3836 3325,3836 3326,3837 3326,3891 3326,3891 3610,3891 3611,3890 3611,3836 3611,3836 3614,3836 3615,3835 3615,3832 3615,3832 3618,3832 3619,3831 3619,3828 3619,3828 3639,3828 3640,3828 3640,3886 3640,3887 3707,3887 3708,3888 4035,3887 4036,3886 4036,3883 4036,3883 4082,3883 4083,3882 4083,3879 4083,3879 4158,3879 4159,3878 4159,3874 4159,3874 4163,3874 4164,3873 4164,3870 4164,3870 4243,3869 4244,3869 4244,3818 4244,3817 4252,3817 4253,3818 4253,4010 4253,4010 4245,4010 4244,4010 4244,4007 4244,4006 4233,4006 4232,4006 4232,4003 4232,4002 4228,4002 4227,4002 4227,3976 4227,3975 4165,3976 4164,3976 4164,4035 4164,4036 4156,4036 4155,4035 4155,3976 4155,3976 3760,3976 3759,3975 3531,3976 3530,3976 3530,4009 3530,4010 3522,4010 3521,4009 3521,3976 3521,3976 3458,3976 3457,3977 3457,3981 3457,3981 3331,3981 3330,3981 3330,3977 3330,3976 3305,3976 3304,3975 3093,3976 3092,3976 3092,3980 3092,3981 2935,3981 2934,3982 2934,4044 2934,4044"/><TextEquiv index="1"><Unicode>ſion de ſa famille. Elle tomba dans une</Unicode></TextEquiv></TextLine><TextLine id="r0_l017"><Coords points="2989,4259 2989,4259 2989,4250 2988,4249 2951,4249 2951,4250 2951,4253 2950,4253 2913,4253 2913,4253 2913,4252 2912,4251 2198,4253 2198,4252 2198,4249 2197,4249 2194,4249 2194,4248 2194,4244 2193,4244 2190,4244 2190,4243 2190,4232 2189,4232 2186,4232 2186,4231 2186,4205 2185,4205 1526,4206 1526,4206 1526,4203 1525,4202 1462,4202 1461,4201 1390,4202 1389,4201 922,4202 922,4201 922,4198 922,4198 925,4198 926,4197 926,4189 926,4189 930,4189 931,4188 931,4181 931,4181 934,4181 935,4180 934,4123 935,4122 935,4113 936,4113 939,4113 939,4112 939,4108 940,4108 1186,4107 1186,4107 1186,4054 1187,4053 1194,4053 1194,4053 1194,4050 1195,4049 1211,4049 1211,4049 1211,4045 1212,4044 1216,4044 1217,4045 4155,4039 4155,4038 4155,4036 4156,4036 4232,4035 4232,4035 4232,4011 4233,4010 4240,4010 4240,4011 4240,4015 4241,4015 4249,4015 4249,4016 4249,4019 4250,4019 4253,4019 4253,4020 4253,4115 4252,4116 4253,4240 4252,4240 4249,4240 4249,4241 4249,4246 4248,4246 3002,4249 3002,4250 3002,4259 3001,4259"/><TextEquiv index="1"><Unicode>maladie de langueur, qui commença à</Unicode></TextEquiv></TextLine><TextLine id="r0_l018"><Coords points="1540,4475 1539,4475 1539,4444 1539,4443 1340,4444 1339,4443 1339,4440 1340,4440 1343,4440 1343,4439 1343,4436 1344,4436 1539,4435 1539,4435 1539,4419 1539,4418 1174,4419 1173,4419 1173,4416 1173,4415 1012,4415 1011,4414 927,4415 926,4414 926,4402 926,4402 923,4402 922,4401 922,4398 923,4398 926,4398 926,4397 926,4393 927,4393 931,4393 931,4392 931,4329 931,4329 934,4329 935,4328 935,4325 935,4325 942,4325 943,4324 943,4300 943,4300 947,4300 948,4299 948,4291 948,4291 951,4291 952,4290 952,4278 952,4278 955,4278 956,4277 956,4274 956,4274 964,4274 965,4273 965,4270 965,4270 968,4270 969,4269 969,4266 969,4266 976,4266 977,4265 977,4261 977,4261 993,4260 994,4260 994,4258 994,4257 1002,4257 1003,4258 1003,4261 1003,4261 1113,4261 1114,4262 2674,4259 2675,4258 2675,4257 2675,4257 3380,4255 3381,4255 3381,4254 3381,4253 4239,4251 4240,4251 4240,4247 4240,4246 4248,4246 4249,4247 4249,4249 4249,4249 4252,4249 4253,4250 4253,4459 4253,4459 4241,4459 4240,4459 4240,4458 4240,4457 4237,4457 4236,4457 4236,4452 4236,4451 2927,4454 2926,4455 2926,4471 2926,4471 2918,4471 2917,4471 2917,4469 2917,4468 1587,4471 1586,4472 1586,4474 1586,4474 1553,4474 1552,4475"/><TextEquiv index="1"><Unicode>faire craindre pour ſa vie. Il ſe forma</Unicode></TextEquiv></TextLine><TextLine id="r0_l019"><Coords points="1105,4688 1105,4688 1105,4636 1104,4635 960,4636 960,4635 960,4632 959,4632 956,4632 956,4631 956,4627 955,4627 943,4627 943,4626 943,4623 942,4623 939,4623 939,4622 939,4610 938,4610 935,4610 935,4609 935,4602 934,4602 931,4602 931,4601 930,4555 930,4555 923,4555 922,4554 922,4538 923,4538 986,4538 986,4537 986,4534 987,4533 1279,4533 1279,4532 1279,4478 1280,4478 1288,4478 1288,4477 1288,4474 1289,4474 1305,4474 1306,4475 4036,4469 4036,4468 4036,4466 4037,4466 4044,4466 4044,4465 4044,4461 4045,4461 4240,4460 4241,4459 4253,4459 4253,4460 4253,4573 4252,4574 4253,4671 4252,4671 4232,4671 4231,4670 1458,4676 1458,4677 1458,4683 1457,4683 1454,4683 1454,4684 1454,4687 1453,4687"/><TextEquiv index="1"><Unicode>un dépôt d'humeurs qui tomba ſur ſon</Unicode></TextEquiv></TextLine><TextLine id="r0_l020"><Coords points="4233,4910 4232,4910 4232,4892 4232,4891 4224,4891 4223,4891 4223,4840 4223,4839 4165,4840 4164,4839 4164,4836 4164,4836 3905,4836 3904,4835 2476,4838 2475,4839 2475,4870 2475,4870 2463,4870 2462,4870 2462,4866 2462,4865 2437,4865 2436,4865 2436,4840 2436,4839 1463,4841 1462,4842 1462,4905 1462,4905 1446,4905 1445,4905 1445,4842 1445,4842 1387,4842 1386,4842 1386,4847 1386,4848 1383,4848 1382,4848 1382,4856 1382,4857 1378,4857 1377,4857 1377,4860 1377,4861 1361,4861 1360,4861 1360,4864 1360,4865 1357,4865 1356,4865 1356,4869 1356,4870 1344,4870 1343,4870 1343,4873 1343,4874 1340,4874 1339,4873 1339,4870 1339,4870 1336,4870 1335,4869 1335,4848 1335,4848 1246,4848 1245,4847 1245,4844 1245,4844 1034,4844 1033,4843 927,4844 926,4843 926,4840 926,4840 923,4840 922,4839 922,4823 923,4823 931,4823 931,4822 931,4751 931,4751 942,4751 943,4750 943,4746 943,4746 947,4746 948,4745 948,4721 948,4721 951,4721 952,4720 952,4717 952,4717 959,4717 960,4716 960,4712 960,4712 968,4712 969,4711 969,4700 969,4700 972,4700 973,4699 973,4695 973,4695 981,4695 982,4694 982,4691 982,4691 989,4690 990,4690 990,4687 990,4686 1874,4685 1875,4684 1875,4683 1875,4683 1878,4683 1879,4683 1879,4686 1879,4687 1882,4687 1883,4688 2185,4687 2186,4688 2776,4687 2777,4687 2777,4688 2777,4689 3895,4686 3896,4686 3896,4684 3896,4683 3907,4683 3908,4683 3908,4679 3908,4678 4231,4677 4232,4677 4232,4672 4232,4671 4252,4671 4253,4672 4253,4910 4253,4910"/><TextEquiv index="1"><Unicode>ſein, &amp; fit ſentir la néceſſité d'une</Unicode></TextEquiv></TextLine><TextLine id="r0_l021"><Coords points="3228,5112 3228,5111 3228,5108 3227,5108 3219,5108 3219,5107 3219,5104 3218,5104 3215,5104 3215,5103 3215,5099 3214,5099 3206,5099 3206,5098 3206,5095 3205,5095 3198,5095 3198,5094 3198,5052 3197,5052 1730,5055 1679,5055 1679,5055 1679,5056 1678,5057 1318,5058 1318,5058 1318,5073 1317,5074 1313,5074 1313,5074 1313,5077 1312,5078 1071,5078 1071,5079 1071,5108 1070,5108 1058,5108 1058,5109 1058,5112 1057,5112 1050,5112 1050,5113 1050,5116 1049,5116 1045,5116 1045,5116 1045,5113 1044,5112 1028,5112 1028,5112 1028,5057 1027,5056 973,5057 973,5056 973,5053 972,5053 956,5053 956,5052 956,5048 955,5048 943,5048 943,5047 942,5040 942,5040 939,5040 938,5039 938,5031 938,5031 932,5031 931,5030 931,5027 931,5027 927,5027 926,5026 926,5014 926,5014 923,5014 922,5013 922,5006 922,5006 919,5006 918,5005 918,4997 919,4997 922,4997 922,4996 922,4993 923,4993 931,4993 931,4992 931,4980 932,4980 939,4980 939,4979 939,4976 940,4976 943,4976 943,4975 943,4968 944,4968 965,4968 965,4967 965,4963 966,4963 1160,4962 1160,4962 1160,4947 1161,4946 1165,4946 1165,4946 1165,4935 1166,4934 1169,4934 1169,4934 1169,4926 1170,4925 1173,4925 1173,4925 1173,4918 1174,4917 1177,4917 1177,4917 1177,4913 1178,4912 1441,4912 1441,4911 1441,4908 1442,4908 1445,4908 1445,4907 1445,4906 1446,4905 2109,4904 2109,4904 2109,4901 2110,4900 2624,4899 2624,4898 2624,4895 2625,4895 2628,4895 2628,4895 2628,4899 2629,4900 2632,4900 2633,4901 2998,4900 2999,4901 3725,4900 3725,4900 3725,4903 3726,4904 3734,4904 3734,4904 3734,4959 3735,4960 3776,4959 3776,4960 3776,4963 3777,4963 3781,4963 3781,4964 3781,4976 3782,4976 3785,4976 3785,4977 3785,4985 3786,4985 3789,4985 3789,4986 3789,5014 3790,5014 3823,5014 3823,5015 3823,5019 3824,5019 3828,5019 3828,5020 3828,5023 3829,5023 3832,5023 3832,5024 3832,5032 3831,5033 3832,5040 3831,5040 3828,5040 3828,5041 3828,5044 3827,5044 3823,5044 3823,5045 3823,5048 3822,5048 3292,5049 3292,5050 3292,5074 3291,5074 3287,5074 3287,5075 3287,5082 3286,5082 3283,5082 3283,5083 3283,5090 3282,5090 3279,5090 3279,5091 3279,5098 3278,5099 3270,5099 3270,5099 3270,5103 3269,5104 3262,5104 3262,5104 3262,5107 3261,5108 3249,5108 3249,5108 3249,5109 3249,5110 3975,5108 3976,5108 3975,5109 3249,5111 3248,5112"/><TextEquiv index="1"><Unicode>opération cruelle &amp; fort dangereuſe.</Unicode></TextEquiv></TextLine><TextLine id="r0_l022"><Coords points="3867,5321 3866,5321 3866,5317 3866,5316 3863,5316 3862,5316 3862,5313 3862,5312 3858,5312 3857,5312 3857,5309 3857,5308 3854,5308 3853,5308 3853,5266 3852,5265 3747,5265 3746,5264 3377,5265 3377,5265 3377,5264 3376,5263 1926,5266 1926,5267 1926,5270 1926,5270 1919,5270 1918,5269 1659,5270 1658,5270 1658,5266 1657,5265 1637,5265 1636,5264 1399,5265 1399,5264 1399,5261 1398,5261 1386,5261 1386,5260 1386,5253 1385,5253 1156,5253 1156,5253 1156,5249 1155,5248 1139,5248 1139,5248 1139,5207 1139,5206 1142,5206 1143,5206 1143,5203 1143,5202 1147,5202 1148,5202 1148,5198 1148,5197 1189,5197 1190,5197 1190,5194 1189,5193 994,5193 994,5193 994,5190 993,5189 992,5189 991,5188 990,5188 990,5188 990,5185 990,5184 1385,5184 1386,5183 1386,5155 1385,5155 1382,5155 1382,5154 1382,5150 1381,5150 1360,5150 1360,5149 1360,5146 1359,5146 1356,5146 1356,5145 1356,5121 1356,5121 1891,5120 1892,5119 1892,5116 1892,5116 2755,5114 2756,5113 2756,5112 2756,5112 2759,5112 2760,5113 3963,5110 3964,5109 4226,5108 4227,5108 4227,5096 4227,5095 4231,5095 4232,5095 4232,5080 4232,5079 4252,5079 4253,5080 4253,5316 4253,5316 3909,5317 3908,5318 3908,5321 3908,5321"/><TextEquiv index="1"><Unicode>“Tous les Médecins &amp; Chirurgiens</Unicode></TextEquiv></TextLine><TextLine id="r0_l023"><Coords points="4223,5532 4223,5532 4222,5465 4222,5464 4037,5465 4036,5465 4036,5469 4036,5470 3973,5470 3972,5470 3972,5473 3972,5474 3922,5474 3921,5475 3921,5478 3921,5478 3765,5478 3764,5478 3764,5475 3764,5474 3748,5474 3747,5473 3386,5474 3385,5474 3385,5471 3385,5470 3148,5471 3147,5471 3147,5477 3147,5478 3144,5478 3143,5478 3143,5490 3143,5491 3139,5491 3138,5491 3138,5492 3137,5493 3138,5498 3137,5499 3130,5499 3130,5499 3130,5503 3129,5504 3126,5504 3126,5504 3126,5507 3125,5508 3109,5508 3109,5507 3109,5504 3108,5504 3104,5504 3104,5503 3103,5474 3103,5474 2842,5474 2841,5475 2841,5478 2841,5478 2833,5478 2832,5478 2832,5475 2832,5474 2826,5474 2825,5473 2578,5474 2577,5475 2577,5478 2577,5478 2420,5478 2419,5477 2340,5478 2339,5477 2339,5474 2339,5474 1876,5475 1875,5475 1875,5477 1875,5478 1770,5478 1769,5478 1769,5481 1769,5482 1514,5482 1513,5482 1513,5479 1513,5478 1502,5478 1501,5477 1051,5478 1050,5479 1050,5482 1050,5482 974,5483 973,5483 973,5486 973,5487 957,5487 956,5486 956,5482 956,5482 923,5482 922,5481 922,5478 922,5478 919,5478 918,5477 918,5461 919,5461 926,5461 926,5460 926,5393 927,5393 948,5393 948,5392 948,5389 949,5389 952,5389 952,5388 952,5384 953,5384 960,5384 960,5384 960,5388 961,5389 986,5389 987,5390 1445,5389 1445,5388 1445,5384 1446,5383 1450,5383 1451,5384 1501,5384 1501,5384 1501,5339 1502,5338 1505,5338 1505,5338 1505,5334 1506,5333 1509,5333 1509,5334 1509,5338 1510,5338 1518,5338 1518,5339 1518,5342 1519,5342 1522,5342 1522,5343 1522,5350 1523,5350 1530,5350 1530,5351 1530,5359 1531,5359 1535,5359 1535,5360 1535,5389 1536,5389 1841,5389 1841,5388 1841,5384 1842,5384 1845,5384 1845,5383 1845,5380 1846,5380 1849,5380 1849,5379 1849,5376 1850,5376 1854,5376 1854,5376 1854,5383 1855,5384 1858,5384 1858,5384 1858,5388 1859,5389 1883,5389 1884,5390 2028,5389 2028,5389 2028,5330 2029,5329 2037,5329 2037,5329 2037,5326 2038,5325 2041,5325 2041,5326 2041,5329 2042,5329 2045,5329 2045,5330 2045,5338 2046,5338 2049,5338 2049,5339 2049,5350 2050,5350 2054,5350 2054,5351 2054,5363 2055,5363 2058,5363 2058,5364 2058,5367 2059,5367 2062,5367 2062,5368 2062,5393 2063,5393 2254,5393 2254,5392 2254,5389 2255,5389 2266,5389 2266,5388 2266,5384 2267,5384 2415,5383 2415,5383 2415,5381 2416,5380 2488,5380 2488,5381 2488,5384 2489,5384 2777,5384 2777,5383 2777,5380 2778,5380 2781,5380 2781,5380 2781,5383 2782,5384 3007,5383 3007,5383 3007,5381 3008,5380 3309,5379 3309,5379 3309,5360 3310,5359 3313,5359 3313,5359 3313,5356 3314,5355 3317,5355 3317,5355 3317,5351 3318,5350 3321,5350 3321,5350 3321,5347 3322,5346 3326,5346 3326,5346 3326,5343 3327,5342 3355,5342 3355,5343 3355,5346 3356,5346 3368,5346 3368,5347 3368,5359 3369,5359 3372,5359 3372,5360 3372,5367 3373,5367 3389,5367 3389,5368 3389,5376 3390,5376 3432,5376 3432,5377 3432,5380 3433,5380 3436,5380 3436,5381 3436,5384 3437,5384 3581,5384 3581,5383 3581,5359 3582,5359 3589,5359 3589,5359 3589,5383 3590,5384 3611,5384 3611,5384 3611,5388 3612,5389 3700,5389 3701,5390 3896,5389 3896,5389 3896,5334 3897,5333 3904,5333 3904,5333 3904,5330 3905,5329 3921,5329 3921,5330 3921,5333 3922,5333 3925,5333 3925,5334 3925,5380 3926,5380 4117,5380 4117,5379 4117,5325 4118,5325 4121,5325 4121,5324 4121,5321 4122,5321 4227,5320 4227,5320 4227,5317 4228,5316 4253,5316 4253,5317 4253,5490 4252,5491 4253,5532 4252,5532"/><TextEquiv index="1"><Unicode>renoncèrent à cette cure, &amp; condam-</Unicode></TextEquiv></TextLine><TextLine id="r0_l024"><Coords points="909,5540 4253,5533 4254,5744 910,5751"/><TextEquiv index="1"><Unicode>nèrent unanimement la Demoiſelle. Le</Unicode></TextEquiv></TextLine><TextLine id="r0_l025"><Coords points="3257,5966 3257,5965 3257,5963 3256,5963 3002,5963 3002,5963 3002,5960 3001,5959 2998,5959 2998,5959 2997,5903 2997,5902 2663,5903 2662,5903 2662,5928 2662,5929 2659,5929 2658,5929 2658,5941 2658,5942 2654,5942 2653,5942 2653,5945 2653,5946 2650,5946 2649,5946 2649,5951 2648,5952 2648,5953 2648,5954 2641,5954 2640,5954 2641,5958 2640,5959 2632,5959 2632,5959 2632,5962 2631,5963 2594,5963 2594,5962 2594,5959 2593,5959 2581,5959 2581,5959 2580,5955 2580,5954 2577,5954 2576,5954 2576,5951 2576,5950 2574,5950 2573,5950 2573,5909 2573,5908 2399,5908 2398,5907 2033,5908 2032,5909 2032,5920 2032,5920 2029,5920 2028,5921 2028,5925 2028,5925 2025,5925 2024,5926 2024,5929 2024,5929 2021,5929 2020,5930 2020,5933 2020,5933 2008,5933 2007,5934 2007,5937 2007,5937 1995,5937 1994,5937 1994,5934 1994,5933 1991,5933 1990,5933 1990,5908 1990,5907 1659,5908 1658,5908 1658,5904 1658,5903 1314,5904 1313,5904 1313,5907 1313,5908 1017,5908 1016,5909 1016,5912 1016,5912 974,5913 973,5913 973,5915 973,5916 970,5916 969,5916 969,5928 969,5929 966,5929 965,5929 965,5945 965,5946 957,5946 956,5946 956,5949 956,5950 949,5950 948,5950 948,5953 948,5954 944,5954 943,5954 943,5955 942,5956 943,5958 942,5959 935,5959 935,5959 935,5962 934,5963 931,5963 931,5962 931,5959 930,5959 914,5959 914,5958 913,5954 913,5954 910,5954 909,5953 909,5899 909,5899 898,5899 897,5898 897,5895 898,5895 909,5895 909,5894 909,5827 910,5827 914,5827 914,5826 914,5823 915,5823 918,5823 918,5822 918,5818 919,5818 922,5818 922,5817 922,5780 923,5780 926,5780 926,5779 926,5776 927,5776 952,5776 952,5776 952,5779 953,5780 956,5780 956,5780 956,5792 957,5793 960,5793 960,5793 960,5796 961,5797 969,5797 969,5797 969,5800 970,5801 973,5801 973,5801 973,5818 974,5819 1305,5818 1305,5817 1305,5814 1306,5814 1309,5814 1310,5815 1888,5814 1888,5813 1888,5810 1889,5810 2186,5809 2186,5808 2186,5763 2187,5763 2194,5763 2194,5762 2194,5759 2195,5759 2203,5759 2203,5758 2203,5755 2204,5755 2207,5755 2207,5755 2207,5758 2208,5759 2211,5759 2212,5760 2547,5759 2548,5760 2841,5759 2841,5760 2841,5814 2842,5814 3364,5813 3364,5813 3364,5760 3365,5759 3372,5759 3372,5759 3372,5756 3373,5755 3662,5755 3662,5754 3662,5750 3663,5750 3985,5749 3985,5748 3985,5746 3986,5746 4223,5745 4223,5745 4223,5744 4224,5743 4253,5743 4253,5744 4253,5948 4252,5949 4252,5953 4252,5953 4236,5953 4235,5952 4147,5953 4146,5952 4146,5912 4146,5912 4143,5912 4142,5911 4142,5903 4142,5903 3786,5903 3785,5902 3304,5903 3303,5904 3304,5965 3303,5965"/><TextEquiv index="1"><Unicode>jeune amant, dédaigné par la famille,</Unicode></TextEquiv></TextLine><TextLine id="r0_l026"><Coords points="3602,6180 3602,6179 3602,6176 3601,6176 3598,6176 3598,6175 3598,6171 3597,6171 3589,6171 3589,6170 3589,6167 3588,6167 3581,6167 3581,6166 3581,6131 3580,6131 2483,6133 2483,6133 2483,6121 2482,6120 2402,6120 2401,6119 1245,6122 1245,6122 1245,6124 1244,6125 1207,6125 1207,6126 1207,6184 1206,6184 1203,6184 1203,6184 1203,6126 1202,6125 914,6126 914,6126 914,6128 913,6129 888,6129 888,6129 888,6132 887,6133 884,6133 884,6133 884,6141 883,6142 871,6142 871,6142 871,6153 870,6154 863,6154 863,6154 863,6162 862,6163 858,6163 858,6163 858,6166 857,6167 854,6167 854,6167 854,6170 853,6171 850,6171 850,6171 850,6172 849,6173 848,6172 847,6172 846,6171 845,6171 844,6170 843,6170 842,6169 841,6169 841,6168 841,6150 840,6150 811,6150 811,6149 811,6146 811,6146 862,6146 863,6145 863,6142 863,6142 866,6142 867,6141 867,6137 867,6137 870,6137 871,6136 871,6133 871,6133 874,6133 875,6132 875,6129 875,6129 879,6129 880,6128 880,6120 880,6120 883,6120 884,6119 884,6112 884,6112 887,6112 888,6111 888,6108 888,6108 891,6108 892,6107 892,6103 892,6103 896,6103 897,6102 897,6099 897,6099 900,6099 901,6098 901,6065 901,6065 904,6065 905,6064 905,6057 905,6057 908,6057 909,6056 909,6044 909,6044 913,6044 914,6043 914,6040 914,6040 917,6040 918,6039 918,6035 918,6035 921,6035 922,6034 922,6031 922,6031 925,6031 926,6030 926,6027 926,6027 942,6027 943,6026 943,5997 943,5997 947,5997 948,5996 948,5989 948,5989 951,5989 952,5988 952,5980 952,5980 959,5980 960,5979 960,5976 960,5976 1415,5975 1416,5974 1416,5971 1416,5971 1419,5971 1420,5970 1420,5967 1420,5967 1449,5966 1450,5966 1450,5963 1450,5962 1451,5962 1452,5963 1453,5963 1454,5964 1454,5967 1454,5967 1457,5967 1458,5968 2810,5966 2811,5965 2811,5963 2811,5963 2814,5963 2815,5963 2815,5966 2815,5967 4141,5964 4142,5963 4141,5954 4142,5954 4146,5954 4147,5953 4163,5953 4164,5954 4252,5953 4252,5954 4253,6164 4252,6164 3653,6166 3652,6167 3649,6167 3649,6167 3649,6170 3648,6171 3640,6171 3640,6171 3640,6175 3639,6176 3628,6176 3628,6176 3628,6179 3627,6180"/><TextEquiv index="1"><Unicode>étoit fort habile dans la Chirurgie. Lui</Unicode></TextEquiv></TextLine><TextLine id="r0_l027"><Coords points="2591,6401 2590,6401 2590,6398 2590,6397 2557,6397 2556,6396 1995,6397 1994,6397 1994,6394 1994,6393 1987,6393 1986,6393 1986,6344 1986,6343 944,6346 943,6345 943,6342 943,6342 940,6342 939,6341 939,6337 939,6337 910,6337 909,6336 909,6325 909,6325 906,6325 905,6324 905,6252 905,6252 783,6252 782,6251 782,6248 783,6248 799,6248 799,6247 799,6235 800,6235 841,6235 841,6234 841,6169 841,6169 842,6169 843,6170 844,6170 845,6171 846,6171 847,6172 848,6172 850,6173 850,6234 851,6235 922,6235 922,6234 922,6231 923,6231 926,6231 926,6230 926,6222 927,6222 931,6222 931,6221 931,6210 932,6210 935,6210 935,6209 935,6205 936,6205 939,6205 939,6204 939,6201 940,6201 943,6201 943,6200 943,6197 944,6197 948,6197 948,6196 948,6193 949,6193 956,6193 956,6192 956,6188 957,6188 1199,6187 1199,6187 1199,6185 1199,6184 1202,6184 1203,6185 1853,6184 1854,6185 4022,6180 4023,6179 4023,6176 4023,6176 4026,6176 4027,6175 4027,6171 4027,6171 4226,6170 4227,6170 4227,6165 4227,6164 4252,6164 4253,6165 4253,6374 4253,6374 2876,6377 2875,6378 2875,6380 2875,6380 2603,6381 2602,6381 2602,6400 2602,6401"/><TextEquiv index="1"><Unicode>ſeul ne déſeſpéroit pas; mais il diſoit:</Unicode></TextEquiv></TextLine><TextLine id="r0_l028"><Coords points="3445,6611 3445,6611 3445,6547 3444,6546 3351,6546 3350,6545 2756,6547 2756,6547 2756,6566 2755,6567 2619,6567 2619,6567 2619,6609 2618,6610 2581,6610 2581,6610 2581,6606 2580,6605 2577,6605 2577,6605 2577,6585 2576,6584 2432,6584 2432,6584 2432,6581 2431,6580 2428,6580 2428,6580 2428,6550 2427,6549 2020,6550 2020,6551 2020,6554 2019,6554 1803,6555 1803,6555 1803,6558 1802,6559 1798,6559 1798,6558 1798,6550 1797,6550 1709,6550 1708,6549 1228,6550 1228,6550 1228,6553 1227,6554 1182,6554 1182,6554 1182,6551 1181,6550 1007,6550 1007,6550 1007,6547 1006,6546 1003,6546 1003,6546 1003,6543 1002,6542 995,6542 994,6541 943,6542 943,6541 943,6537 942,6537 918,6537 918,6536 918,6533 917,6533 914,6533 914,6532 914,6529 913,6529 909,6529 909,6528 909,6524 908,6524 905,6524 905,6523 905,6520 904,6520 901,6520 901,6519 901,6490 901,6490 904,6490 905,6489 905,6482 905,6482 908,6482 909,6481 909,6478 909,6478 913,6478 914,6477 914,6473 914,6473 1117,6472 1118,6472 1118,6466 1118,6465 1121,6465 1122,6465 1122,6462 1122,6461 1125,6461 1126,6461 1126,6457 1126,6456 1130,6456 1131,6456 1131,6436 1131,6435 1134,6435 1135,6435 1135,6432 1135,6431 1142,6431 1143,6431 1143,6423 1143,6422 1147,6422 1148,6422 1148,6419 1148,6418 1155,6418 1156,6418 1155,6415 1156,6414 1164,6414 1165,6413 1165,6411 1166,6410 1194,6410 1194,6410 1194,6406 1195,6405 1684,6404 1684,6403 1684,6401 1685,6401 1696,6401 1696,6400 1696,6397 1697,6397 1701,6397 1701,6397 1701,6400 1702,6401 1705,6401 1705,6401 1706,6426 1706,6427 1725,6427 1726,6427 1726,6455 1726,6456 1780,6456 1781,6456 1781,6460 1781,6461 1789,6461 1790,6462 2325,6461 2326,6460 2326,6456 2326,6456 2363,6456 2364,6455 2364,6435 2364,6434 2665,6434 2666,6433 2666,6427 2666,6427 2669,6427 2670,6427 2670,6448 2670,6449 3116,6448 3117,6447 3117,6439 3117,6439 3120,6439 3121,6438 3121,6427 3121,6427 3125,6427 3126,6426 3126,6414 3126,6414 3129,6414 3129,6413 3129,6409 3130,6408 3130,6405 3131,6405 3134,6405 3134,6404 3134,6401 3135,6401 3138,6401 3138,6401 3138,6404 3139,6405 3143,6405 3143,6405 3143,6409 3144,6410 3239,6410 3239,6410 3240,6418 3240,6419 3878,6417 3879,6417 3878,6408 3879,6407 3879,6398 3880,6397 3883,6397 3883,6397 3883,6394 3884,6393 4117,6393 4117,6392 4117,6388 4118,6388 4121,6388 4121,6387 4121,6384 4122,6384 4125,6384 4125,6383 4125,6380 4126,6380 4134,6380 4134,6379 4134,6376 4135,6376 4236,6375 4237,6374 4253,6374 4253,6375 4253,6406 4252,6407 4253,6580 4252,6580 4232,6580 4232,6580 4232,6577 4231,6576 4223,6576 4223,6576 4223,6567 4222,6566 3768,6567 3768,6568 3768,6601 3767,6601 3764,6601 3764,6602 3764,6605 3763,6605 3745,6605 3744,6604 3717,6605 3717,6604 3717,6601 3716,6601 3713,6601 3713,6600 3713,6580 3712,6580 3453,6580 3453,6581 3453,6611 3452,6611"/><TextEquiv index="1"><Unicode>„C'eſt le cœur, peut - être, qui eſt</Unicode></TextEquiv></TextLine><TextLine id="r0_l029"><Coords points="2012,6828 2011,6828 2011,6797 2011,6796 1748,6797 1747,6796 1747,6771 1747,6771 1493,6771 1492,6770 1353,6771 1352,6770 1352,6763 1352,6763 1123,6763 1122,6763 1122,6759 1122,6758 1119,6758 1118,6757 932,6758 931,6757 931,6754 931,6754 906,6754 905,6753 905,6750 905,6750 898,6750 897,6749 897,6746 897,6746 889,6746 888,6745 888,6716 888,6716 876,6716 875,6715 875,6712 875,6712 872,6712 871,6711 871,6707 872,6707 888,6707 888,6706 888,6703 889,6703 892,6703 892,6702 892,6699 893,6699 897,6699 897,6698 897,6690 898,6690 901,6690 901,6689 901,6686 902,6686 918,6686 918,6685 918,6631 918,6631 921,6631 922,6630 922,6627 922,6627 925,6627 926,6627 926,6630 926,6631 930,6631 931,6631 931,6673 932,6674 1369,6673 1369,6672 1369,6618 1369,6618 1376,6618 1377,6617 1377,6614 1377,6614 1389,6614 1390,6615 1576,6614 1577,6615 1577,6618 1577,6618 1580,6618 1581,6619 1581,6632 1581,6632 2359,6631 2360,6630 2360,6627 2360,6627 2363,6627 2364,6626 2364,6622 2364,6621 2410,6621 2411,6621 2411,6619 2411,6618 2418,6618 2419,6618 2419,6615 2419,6614 2733,6614 2734,6614 2734,6617 2734,6618 2738,6618 2739,6618 2739,6621 2739,6622 2742,6622 2743,6622 2743,6665 2744,6666 3304,6664 3304,6664 3304,6645 3305,6644 3309,6644 3309,6644 3309,6636 3309,6635 3312,6635 3313,6635 3313,6628 3313,6627 3316,6627 3317,6627 3317,6623 3317,6622 3320,6622 3321,6622 3321,6619 3321,6618 3439,6618 3440,6618 3440,6615 3440,6614 3444,6614 3445,6614 3445,6612 3445,6611 3452,6611 3453,6612 3453,6614 3453,6614 3456,6614 3457,6615 3457,6618 3457,6618 3461,6618 3462,6619 3462,6669 3463,6669 3530,6669 3530,6669 3530,6672 3531,6673 3964,6672 3964,6672 3964,6653 3965,6652 3968,6652 3968,6651 3968,6635 3968,6635 3971,6635 3972,6634 3972,6627 3972,6627 3980,6627 3981,6626 3981,6618 3981,6618 3984,6618 3985,6617 3985,6610 3985,6610 3988,6610 3989,6609 3989,6605 3989,6605 3997,6605 3998,6604 3998,6601 3998,6601 4005,6601 4006,6600 4006,6597 4006,6597 4222,6596 4223,6596 4223,6585 4223,6584 4231,6584 4232,6584 4232,6581 4232,6580 4252,6580 4253,6581 4253,6797 4253,6797 4228,6797 4227,6797 4227,6780 4227,6779 4090,6780 4089,6780 4089,6801 4089,6802 4088,6802 4087,6801 4087,6780 4087,6780 3935,6780 3934,6780 3934,6742 3934,6741 3773,6741 3772,6742 3772,6746 3772,6746 3765,6746 3764,6747 3764,6750 3764,6750 3629,6751 3628,6751 3628,6800 3628,6801 3620,6801 3619,6801 3619,6804 3619,6805 3616,6805 3615,6805 3615,6809 3615,6810 3607,6810 3606,6809 3606,6767 3606,6767 3280,6768 3279,6768 3279,6787 3279,6788 3276,6788 3275,6788 3275,6791 3275,6792 3161,6792 3160,6792 3160,6796 3160,6797 3156,6797 3155,6797 3155,6800 3155,6801 3148,6801 3147,6801 3147,6804 3147,6805 3144,6805 3143,6805 3143,6809 3143,6810 3139,6810 3138,6810 3138,6813 3138,6814 3135,6814 3134,6814 3134,6817 3134,6818 3088,6818 3087,6817 3087,6814 3087,6814 3003,6814 3002,6814 3002,6764 3002,6763 2867,6763 2866,6762 2344,6764 2343,6764 2343,6766 2343,6767 2250,6767 2249,6767 2249,6817 2249,6818 2229,6818 2228,6818 2228,6821 2228,6822 2014,6822 2013,6823 2013,6828 2013,6828"/><TextEquiv index="1"><Unicode>“malade, &amp; qu'il faut guérir.“ On</Unicode></TextEquiv></TextLine><TextLine id="r0_l030"><Coords points="3288,7048 3287,7047 3283,7047 3283,7047 3283,7043 3282,7042 3228,7043 3228,7042 3228,6984 3227,6984 2764,6985 2764,6985 2764,7047 2763,7048 2743,7048 2743,7047 2743,7043 2742,7043 2739,7043 2739,7042 2739,7039 2738,7039 2700,7039 2700,7038 2700,7026 2699,7026 2568,7026 2568,7026 2568,6993 2567,6992 2449,6992 2448,6991 2271,6992 2271,6991 2271,6988 2270,6988 2237,6988 2237,6987 2237,6984 2236,6984 1918,6984 1918,6985 1918,6992 1917,6992 1913,6992 1912,6991 1505,6992 1504,6991 1114,6992 1114,6993 1114,7018 1113,7018 1097,7018 1097,7019 1097,7022 1096,7022 1075,7022 1075,7023 1075,7026 1074,7026 1054,7026 1054,7026 1054,6993 1053,6992 996,6992 995,6991 994,6991 994,6991 994,6988 993,6987 897,6988 897,6987 897,6984 896,6984 892,6984 892,6983 892,6980 891,6980 888,6980 888,6979 888,6975 887,6975 884,6975 884,6974 884,6903 883,6903 875,6903 875,6902 875,6899 875,6899 879,6899 880,6898 880,6895 880,6895 887,6895 888,6894 888,6890 888,6890 900,6890 901,6889 901,6886 901,6886 990,6885 991,6885 990,6839 991,6838 994,6838 994,6838 994,6835 995,6834 1173,6834 1173,6834 1173,6832 1174,6831 1190,6831 1190,6831 1190,6828 1191,6827 1313,6827 1313,6827 1313,6830 1314,6831 1326,6831 1326,6831 1326,6838 1327,6839 1330,6839 1330,6839 1330,6843 1331,6844 1347,6844 1347,6844 1347,6847 1348,6848 1352,6848 1352,6848 1353,6885 1353,6886 1381,6886 1382,6887 1998,6885 1999,6885 1998,6832 1999,6831 2011,6831 2011,6831 2011,6829 2012,6828 2013,6828 2014,6827 2015,6827 2015,6828 2015,6831 2016,6831 2364,6830 2365,6831 2522,6831 2522,6832 2522,6835 2523,6835 2526,6835 2526,6836 2526,6839 2527,6839 2692,6839 2692,6839 2692,6843 2693,6844 2824,6843 2824,6844 2825,6882 2825,6882 3086,6882 3087,6882 3087,6885 3087,6886 3397,6885 3398,6885 3398,6874 3399,6873 3398,6840 3399,6839 3402,6839 3402,6839 3402,6836 3403,6835 3415,6835 3415,6836 3415,6839 3416,6839 3419,6839 3419,6840 3419,6844 3420,6844 3730,6844 3730,6843 3730,6831 3731,6831 3738,6831 3738,6830 3738,6827 3739,6827 3747,6826 3747,6826 3747,6823 3748,6822 3755,6822 3755,6823 3755,6827 3756,6827 4078,6827 4078,6826 4078,6810 4079,6810 4083,6810 4083,6809 4083,6805 4084,6805 4087,6805 4087,6804 4087,6802 4088,6802 4089,6802 4090,6801 4227,6800 4227,6800 4227,6798 4228,6797 4253,6797 4253,6798 4253,6865 4252,6866 4253,7040 4252,7040 4235,7040 4234,7041 4232,7041 4232,7041 4232,6988 4231,6987 4096,6988 4096,6987 4096,6980 4095,6980 3628,6981 3628,6981 3628,6987 3627,6988 3521,6988 3521,6988 3521,6991 3520,6992 3351,6992 3351,6993 3351,7035 3350,7035 3304,7035 3304,7036 3304,7043 3303,7043 3300,7043 3300,7044 3300,7048 3299,7048"/><TextEquiv index="1"><Unicode>n'oſoit recourir à lui, parce qu'on l'avoit</Unicode></TextEquiv></TextLine></TextRegion></Page></PcGts>