4266 8356
2224 452 2863 638 Lri.
629 681 3989 898 dans celles du commerce & des finances.
877 893 3985 1098 J'y ai proſpéré, mon fils, & je ne m'en
877 1098 4017 1302 repens pas. Je me repens, au contraire,
873 1294 3977 1487 d'avoir voulu rentrer dans cette carrière
873 1495 4025 1703 maudite des grandeurs, en ſongeant à
873 1699 3981 1929 vous marier avec la fille du Comte de
878 1906 1700 2105 Lyſange.“
1022 2092 3977 2309 „Et pourquoi vous repentir, mon
865 2309 4037 2513 “père, lui répondis - je, puiſque rien
861 2512 4049 2710 “n'a tranſpiré, & que vous n'avez pas
869 2710 4049 2914 “été compromis? Le Comte de Lyſange
862 2913 4050 3121 “n'eſt pas plus en droit, je crois, de
865 3115 4057 3319 “vous dédaigner à préſent que ci-devant.
861 3315 4061 3523 “Il n'a rien appris qui nous ſoit con-
865 3520 3997 3727 “traire.“ -- „Ce ne ſeroit pas à lui, peut-
861 3724 3997 3936 être, répondit mon père, à ſe donner
624 3925 3997 4109 des airs de fierté vis - à - vis de nous.
861 4121 3997 4332 Ce ſeroit moi, peut - être, qui aurois
861 4322 3997 4528 droit de faire le difficile vis -à - vis de
861 4522 3997 4732 lui. Je ne lui ai pas tu mon ſecret; mais
865 4725 3997 4936 il a eu la mauvaiſe foi de me cacher le
865 4923 4105 5140 ſien, qui ſeroit plus humiliant que le
865 5127 4110 5342 nôtre, ſi le fait étoit vrai. Je l'ai appris
841 5328 4106 5537 dernièrement, par une voie aſſez sûre.
1062 5537 3997 5741 “Sachez, mon fils, (j'exige de vous
853 5725 3997 5938 le plus rigoureux ſecret.) Sachez, dis-je,
520 5934 3997 6153 que, ſelon des bruits auxquels je veux
861 6134 4109 6355 bien ne pas ajouter foi, il deſcendroit
861 6335 4154 6551 de quelqu'un qui a réellement exercé les
