4266 8676
59 705 3347 895 fonctions terribles dont nos mains ont
84 924 3469 1127 toujours été pures; &, ce qu'il y a de
41 1126 3354 1345 plus ſingulier, c'eſt que ce quelqu'un eſt
75 1341 3363 1561 une femme. Vous avez entendu dire
79 1556 3358 1772 dans votre enfance, qu'il y eut, autre-
88 1767 3346 1988 fois, dans votre patrie, une perſonne
96 1978 3354 2202 du ſexe le plus doux, qui exerça publi-
88 2194 3371 2409 quement, pendant pluſieurs années, à la
37 2405 3367 2620 face de toute la ville, l'emploi malheu-
37 2624 3363 2835 reux, dont je crains même de prononcer
105 2831 3358 3046 le nom. C'eſt-là un de ces phénomènes
29 3046 3379 3264 monſtrueux qu'on ne pourroit jamais
24 3257 3371 3468 croire, ſi une ville entière ne l'atteſtoit
105 3472 3379 3684 pour l'avoir vu. Cette femme étoit, dit-
100 3683 3392 3899 on, de famille noble. Elle avoit été
109 3894 3379 4114 trahie par un amant infidèle. Elle s'étoit
3 4101 3586 4321 déguiſée en homme, & s'étoit enfuie de
96 4316 3392 4536 la maiſon paternelle, afin de pourſuivre
100 4532 3574 4750 ſon infidèle. Ne le trouvant pas, elle eut
1 4743 3396 4967 l'horrible courage de ſe faire exécuteur
109 4958 3405 5169 des ſentences criminelles, comptant que
96 5165 3401 5391 le traître tomberoit un jour ſous ſes
96 5384 3514 5601 mains, & qu'elle pourroit le punir &
62 5591 3603 5820 lui donner la mort. Un jour qu'elle
88 5806 3396 6021 avoit mis bas ſon habit, pour faire une
62 6009 3776 6234 exécution, ſa chemiſe entr'ouverte laiſſa
79 6228 3396 6456 voir ſa gorge, qui trahit le ſecret de
83 6435 3620 6663 ſon ſexe. On ne lui permit plus de faire
83 6652 3371 6906 un métier ſi peu convenable à une
