4266 8455
2295 430 2802 654 mar.
941 681 4107 912 femme. Teinte du ſang de tant d'hommes,
936 911 4078 1121 elle reprit les habits de ſon ſexe, quitta
932 1112 4102 1322 Lyon, & s'enfuit dans un pays aſſez
928 1316 4102 1535 éloigné, où ſa honte ne fut jamais con-
907 1502 4106 1725 nue. Elle s'y maria, dit - on, & Ma-
932 1729 4061 1942 dame la Comteſſe de Lyſange eſt, ſelon
911 1938 4102 2143 quelques - uns, le fruit de ce ſingulier
927 2142 4061 2360 mariage. Vous ſentez, mon fils, je le
923 2355 4111 2560 répète, combien il importe de ne pas
919 2556 4111 2768 révéler ces deux ſecrets. Je ne vous dis
919 2756 4053 2970 pas que celui de M. de Lyſange ſoit
915 2961 4110 3182 vrai. Je ne le crois pas même; mais il
915 3173 4053 3386 ſuffit qu'on le croie, pour porter atteinte
919 3370 4057 3595 à ſon honneur. Le mérite de la nobleſſe
903 3583 4111 3801 étant de pure opinion, l'opinion le dé-
923 3795 4115 3996 truit, quand elle lui eſt défavorable.“
1025 4000 4119 4215 Je reſtai long-temps ſtupéfait, de l'une
924 4208 4065 4419 & l'autre révélation; il eſt sûr que nous
923 4411 4135 4618 nous trouvons, à préſent, en quelque
886 4613 4074 4824 façon, au - deſſus de M. de Lyſange,
887 4824 4069 5242 un oinue os relmter qui
866 5231 4065 5442 lui; mais la belle Laure, qui ne ſait
899 5436 4135 5648 probablement pas un mot de cette cruelle
903 5644 4106 5857 hiſtoire, a-t-telle perdu, pour cela, la
911 5853 4069 6066 moindre partie de ſon mérite? En eſt-
919 6057 4123 6262 elle moins belle, moins éclairée, moins
916 6267 4079 6443 vertueuſe? Non, ſans doute. Elle ne
920 6467 4091 6685 perd donc rien dans mon cœur; au con-
