<PcGts xmlns="http://schema.primaresearch.org/PAGE/gts/pagecontent/2017-07-15" xmlns:xsi="http://www.w3.org/2001/XMLSchema-instance" xsi:schemaLocation="http://schema.primaresearch.org/PAGE/gts/pagecontent/2017-07-15 http://schema.primaresearch.org/PAGE/gts/pagecontent/2017-07-15/pagecontent.xsd"><Metadata><Creator>User123</Creator><Created>2020-10-14T11:42:19</Created><LastChange>2020-10-14T11:42:19</LastChange></Metadata><Page imageFilename="0144.png" imageHeight="8317" imageWidth="4266"><TextRegion id="r0" type="paragraph" orientation="0.25"><Coords points="1,1 4264,1 4264,8315 1,8315"/><TextLine id="r0_l001"><Coords points="1401,471 2138,467 2139,715 1402,719"/><TextEquiv index="1"><Unicode>i</Unicode></TextEquiv></TextLine><TextLine id="r0_l002"><Coords points="1074,926 1074,925 1074,921 1073,921 511,923 511,923 511,900 510,899 105,901 105,900 105,899 104,898 104,897 103,897 101,897 100,895 100,869 99,869 94,869 92,866 92,862 94,860 96,860 97,859 96,777 97,776 97,775 98,775 162,775 162,774 162,739 164,738 336,737 336,736 336,724 338,722 343,722 344,721 344,720 346,718 354,718 356,720 858,718 859,719 2412,712 2414,710 3031,707 3034,705 3034,704 3035,702 3037,702 3038,703 3038,704 3040,706 3153,706 3154,707 3260,706 3262,708 3262,730 3263,730 3268,730 3269,731 3270,731 3270,732 3270,787 3271,787 3281,787 3283,789 3283,791 3282,792 3282,794 3282,795 3281,795 3280,796 3267,796 3266,797 3266,831 3265,832 3264,832 3263,834 3263,835 3261,836 3259,836 3258,838 3258,843 3256,844 3255,844 3254,846 3254,847 3252,848 3181,848 3181,849 3181,859 3178,861 2974,862 2974,863 2974,907 2973,908 2973,909 2972,909 1754,915 1754,915 1754,916 1753,917 1078,920 1078,920 1078,925 1077,926"/><TextEquiv index="1"><Unicode>traire, il ſemble qu'une douce pitié</Unicode></TextEquiv></TextLine><TextLine id="r0_l003"><Coords points="1196,1170 1195,1169 1194,1169 1194,1169 1193,1065 1193,1064 1092,1065 1091,1064 797,1065 795,1067 794,1067 793,1068 793,1067 792,1066 791,1065 791,1064 791,1064 680,1064 679,1063 256,1065 255,1066 255,1067 255,1067 254,1067 253,1068 174,1069 174,1069 174,1070 172,1072 125,1072 125,1072 125,1074 123,1076 118,1076 117,1074 116,1060 116,1060 108,1060 107,1060 108,1129 107,1130 105,1130 105,1129 104,1035 104,1035 98,1035 96,1033 96,979 95,978 94,978 93,977 93,976 91,974 90,974 88,972 88,939 90,937 91,937 92,936 92,935 94,933 97,935 97,953 98,954 100,954 100,954 100,955 101,956 101,1022 102,1023 165,1023 165,1022 165,1003 166,1002 166,991 167,991 168,991 169,990 173,990 174,988 174,987 175,987 177,987 178,985 178,984 180,982 279,982 279,982 279,944 280,942 281,942 283,941 283,936 284,934 323,934 324,933 324,927 326,925 333,925 334,926 335,926 336,926 336,927 338,930 339,930 340,930 340,977 341,978 462,977 465,974 511,974 511,974 511,924 511,923 522,923 524,925 561,925 564,927 564,928 564,929 565,929 566,930 567,930 568,930 568,977 569,978 747,977 747,977 747,976 749,974 750,974 751,972 751,963 753,962 754,962 755,960 755,951 756,950 757,950 759,948 759,943 761,941 762,941 763,940 763,939 764,938 769,938 771,936 771,935 772,934 772,934 773,934 774,933 786,933 787,932 787,931 788,930 789,930 790,929 822,929 824,927 824,926 824,926 825,926 826,925 830,925 832,923 832,922 832,922 833,922 834,921 843,921 844,920 844,918 844,918 845,918 846,917 848,918 848,919 849,921 858,921 860,922 860,923 861,925 862,925 863,925 863,926 865,928 865,978 866,978 891,978 892,979 893,979 893,980 893,981 895,982 899,982 900,983 901,983 901,984 901,985 902,985 1068,985 1068,984 1068,930 1068,930 1069,930 1072,927 1072,926 1072,926 1078,926 1080,927 1080,928 1080,929 1081,929 1084,931 1084,936 1084,937 1085,937 1088,939 1088,944 1089,946 1090,946 1092,947 1092,957 1094,959 1095,958 1096,960 1096,965 1098,966 1099,966 1100,968 1100,985 1101,985 1259,985 1259,984 1259,983 1261,982 1294,982 1295,983 1425,982 1425,982 1425,968 1427,966 1428,966 1429,965 1429,961 1430,960 1430,959 1431,958 1432,958 1433,957 1433,953 1434,952 1434,951 1434,950 1435,950 1437,949 1437,945 1438,943 1438,942 1438,942 1439,942 1441,940 1441,936 1442,935 1442,934 1442,934 1447,934 1450,931 1450,930 1450,930 1510,930 1511,929 1511,926 1511,926 1512,926 1513,925 1525,925 1527,923 1527,922 1527,922 1528,922 1529,921 1536,921 1537,922 1538,922 1539,922 1539,923 1540,925 1544,925 1545,926 1546,926 1547,926 1547,931 1551,935 1551,982 1552,983 1742,982 1742,981 1742,979 1744,978 1745,978 1747,980 1747,981 1748,982 1749,982 1750,983 1750,984 1752,986 1941,985 1944,982 1957,982 1957,981 1957,928 1958,927 1958,926 1958,926 1959,926 1960,925 1975,925 1976,926 1977,926 1978,926 1978,932 1978,933 1979,933 1982,935 1982,982 1983,983 2209,982 2209,981 2209,980 2212,978 2364,977 2364,976 2364,975 2366,974 2367,974 2368,972 2368,971 2370,970 2375,970 2376,971 2376,972 2378,974 2456,974 2457,975 2815,973 2815,972 2815,971 2817,970 2891,970 2892,971 2892,972 2894,974 2925,974 2926,975 2936,974 2937,976 2937,977 2938,978 2940,979 2941,979 2941,980 2941,985 2944,987 2945,987 2945,988 2945,1022 2947,1023 2948,1023 2949,1025 2949,1038 2950,1038 3120,1038 3120,1037 3120,975 3122,974 3123,974 3124,972 3124,971 3126,970 3131,970 3132,968 3132,967 3134,966 3135,966 3136,964 3136,955 3138,954 3139,954 3140,952 3140,947 3141,946 3142,946 3144,944 3144,935 3146,933 3147,933 3148,932 3148,931 3150,929 3151,929 3152,928 3152,923 3153,922 3155,922 3156,921 3156,920 3158,917 3159,917 3160,917 3160,916 3162,913 3167,913 3168,913 3168,912 3170,909 3199,909 3201,911 3201,920 3203,922 3204,922 3205,923 3205,970 3206,970 3236,970 3238,973 3238,974 3239,974 3240,974 3242,977 3242,982 3243,982 3244,982 3246,985 3246,1027 3247,1027 3261,1027 3262,1029 3262,1046 3260,1048 3259,1048 3258,1049 3258,1050 3256,1052 3243,1052 3242,1053 3242,1054 3240,1056 3237,1054 3237,1053 3237,1052 3196,1052 3195,1051 3194,1051 3193,1051 3193,1048 3193,1047 2958,1048 2957,1049 2957,1051 2957,1051 2956,1051 2955,1052 2951,1052 2949,1054 2949,1055 2949,1055 2645,1057 2644,1057 2644,1058 2643,1060 2575,1060 2574,1061 2575,1087 2573,1088 2572,1088 2571,1090 2571,1099 2561,1108 2557,1108 2556,1109 2555,1109 2555,1110 2555,1111 2553,1112 2549,1112 2548,1113 2547,1113 2547,1114 2547,1115 2544,1117 2525,1117 2524,1116 2523,1116 2522,1115 2522,1115 2522,1114 2521,1113 2513,1113 2512,1112 2511,1112 2510,1111 2510,1110 2508,1108 2503,1108 2502,1107 2502,1106 2501,1105 2500,1104 2499,1104 2498,1103 2498,1064 2497,1063 2379,1064 2378,1063 2133,1064 2133,1064 2133,1065 2130,1068 2126,1068 2125,1067 2125,1066 2123,1064 2017,1064 2016,1063 1772,1065 1771,1066 1770,1066 1768,1068 1759,1068 1759,1068 1759,1069 1756,1072 1577,1072 1576,1071 1283,1073 1283,1073 1283,1119 1281,1121 1280,1121 1279,1122 1279,1123 1278,1124 1277,1124 1276,1125 1243,1125 1243,1125 1243,1166 1242,1167 1242,1168 1241,1169 1198,1169 1197,1170"/><TextEquiv index="1"><Unicode>m'intéreſſe à préſent davantage en ſa</Unicode></TextEquiv></TextLine><TextLine id="r0_l004"><Coords points="2751,1325 2751,1325 2751,1310 2750,1309 2417,1311 2417,1310 2416,1275 2416,1275 2346,1275 2344,1274 2344,1273 2344,1272 770,1279 769,1279 770,1332 769,1333 760,1333 760,1332 759,1283 759,1283 740,1283 739,1283 739,1282 734,1277 734,1274 734,1273 225,1275 224,1274 115,1275 113,1273 113,1248 112,1247 111,1247 109,1245 109,1218 109,1218 94,1218 92,1216 92,1194 92,1194 90,1194 89,1193 89,1192 88,1191 91,1189 104,1189 104,1188 104,1131 105,1130 225,1129 226,1130 800,1128 801,1129 802,1129 803,1130 1042,1129 1043,1130 1310,1129 1311,1130 2818,1123 2821,1120 3082,1119 3085,1116 3097,1116 3098,1117 3251,1116 3254,1119 3254,1165 3254,1165 3256,1165 3258,1167 3258,1238 3259,1238 3261,1238 3262,1240 3262,1241 3265,1243 3266,1243 3266,1244 3266,1254 3266,1254 3265,1254 3264,1255 3243,1255 3242,1256 3242,1257 3240,1259 3004,1260 3003,1261 3003,1276 3004,1276 3343,1275 3343,1275 3343,1276 3345,1278 3346,1279 3347,1279 3347,1279 3347,1282 3347,1283 3338,1283 3335,1285 3335,1286 3335,1287 3004,1288 3003,1289 3004,1321 3003,1321 2766,1322 2766,1323 2766,1325 2765,1325"/><TextEquiv index="1"><Unicode>faveur. Je brûle de la revoir. Je lui</Unicode></TextEquiv></TextLine><TextLine id="r0_l005"><Coords points="674,1537 674,1537 673,1474 673,1473 405,1475 404,1474 196,1474 194,1476 194,1477 193,1478 130,1479 129,1479 129,1501 128,1503 92,1503 91,1503 92,1534 91,1535 85,1535 85,1534 85,1533 84,1532 83,1498 83,1498 82,1498 80,1496 80,1483 82,1482 121,1482 121,1481 121,1389 120,1389 86,1389 84,1386 84,1378 85,1377 86,1377 87,1376 89,1376 90,1377 91,1377 92,1377 92,1378 93,1379 93,1380 93,1381 182,1380 183,1381 184,1381 186,1383 186,1384 186,1384 187,1384 190,1387 190,1389 190,1389 546,1388 548,1386 548,1385 548,1385 562,1385 564,1386 564,1387 565,1389 750,1388 751,1387 751,1342 752,1340 753,1340 755,1338 755,1337 756,1336 757,1336 759,1334 759,1333 759,1333 770,1333 771,1333 771,1334 772,1336 773,1336 775,1337 775,1338 775,1339 776,1339 777,1340 778,1340 779,1340 779,1445 780,1446 974,1445 974,1445 974,1407 975,1405 976,1405 979,1403 979,1402 979,1401 980,1401 983,1398 983,1397 983,1397 984,1397 985,1396 987,1394 987,1393 987,1393 1005,1393 1006,1394 1260,1393 1267,1386 1267,1385 1267,1385 1277,1385 1279,1386 1279,1389 1279,1390 1404,1389 1405,1389 1405,1374 1405,1373 1406,1373 1407,1372 1408,1372 1409,1372 1409,1366 1409,1365 1410,1365 1413,1363 1413,1358 1414,1356 1415,1356 1417,1355 1417,1342 1418,1340 1428,1340 1429,1341 1429,1346 1430,1347 1430,1348 1430,1348 1431,1348 1433,1350 1433,1351 1434,1352 1434,1360 1434,1360 1435,1360 1438,1363 1438,1364 1438,1364 1439,1364 1442,1366 1442,1367 1442,1368 1443,1368 1446,1370 1446,1383 1446,1384 1490,1384 1491,1385 1493,1385 1494,1385 1494,1386 1494,1387 1496,1389 1497,1389 1498,1390 1554,1389 1555,1390 1555,1391 1557,1393 1651,1393 1653,1395 1653,1396 1654,1397 1834,1396 1840,1391 1840,1390 1840,1389 1850,1389 1852,1391 1852,1393 1852,1393 2078,1392 2079,1392 2079,1335 2080,1334 2080,1333 2080,1332 2098,1332 2100,1334 2100,1389 2100,1389 2183,1389 2184,1390 2424,1389 2425,1388 2425,1333 2426,1332 2431,1332 2433,1330 2433,1329 2434,1328 2452,1328 2453,1328 2453,1384 2453,1385 2522,1384 2523,1385 2525,1385 2526,1386 2526,1387 2526,1387 2688,1387 2689,1386 2689,1333 2691,1331 2692,1331 2693,1330 2693,1329 2694,1328 2749,1327 2750,1327 2750,1326 2750,1325 2765,1325 2768,1328 2769,1328 2770,1329 2770,1381 2770,1381 2992,1380 2994,1379 2994,1330 3002,1321 3003,1321 3004,1320 3005,1320 3006,1321 3006,1322 3008,1324 3161,1323 3162,1324 3163,1324 3164,1325 3164,1376 3164,1376 3239,1376 3242,1379 3242,1380 3243,1381 3244,1381 3246,1383 3246,1384 3247,1385 3248,1385 3250,1387 3250,1437 3251,1437 3252,1437 3254,1440 3254,1453 3256,1454 3257,1454 3258,1456 3258,1473 3257,1474 3256,1474 3254,1476 3254,1481 3253,1482 3252,1482 3250,1484 3250,1489 3249,1490 3248,1490 3246,1492 3246,1493 3245,1494 3244,1494 3242,1496 3242,1497 3241,1498 3240,1498 3239,1499 3235,1499 3234,1500 3234,1501 3232,1503 3231,1503 3230,1504 3229,1505 3229,1506 3228,1507 3223,1507 3222,1508 3222,1509 3220,1511 3219,1510 3218,1510 3217,1510 3217,1463 3217,1462 3155,1463 3154,1462 2967,1462 2966,1463 2966,1464 2965,1465 2965,1466 2965,1466 2877,1467 2876,1467 2876,1492 2874,1495 2873,1495 2872,1495 2872,1504 2870,1507 2869,1507 2868,1507 2868,1508 2866,1511 2861,1511 2860,1511 2860,1512 2858,1515 2853,1515 2852,1515 2852,1516 2850,1519 2845,1519 2844,1519 2845,1520 2842,1523 2809,1523 2808,1522 2808,1521 2807,1520 2806,1519 2805,1519 2803,1518 2803,1517 2803,1516 2802,1515 2801,1515 2799,1514 2799,1513 2798,1511 2797,1511 2795,1510 2795,1471 2795,1470 2707,1470 2706,1469 2524,1470 2523,1471 2523,1472 2522,1473 2522,1474 2522,1474 2508,1474 2506,1473 2506,1472 2505,1470 2500,1470 2499,1469 2260,1470 2259,1471 2259,1472 2257,1474 2244,1474 2242,1473 2242,1472 2241,1470 2239,1471 2238,1470 2021,1470 2018,1473 2018,1474 2018,1474 2009,1475 2008,1474 1764,1475 1763,1475 1763,1483 1762,1484 1762,1485 1762,1486 1761,1486 1759,1487 1759,1495 1758,1496 1758,1497 1758,1498 1757,1498 1755,1499 1755,1503 1754,1504 1754,1505 1753,1507 1744,1507 1742,1508 1742,1509 1741,1511 1732,1511 1730,1512 1730,1513 1729,1515 1728,1515 1726,1513 1726,1512 1724,1510 1723,1510 1722,1509 1722,1478 1722,1478 1626,1478 1625,1477 1427,1478 1426,1477 1020,1479 1019,1479 1020,1524 1019,1525 1019,1533 1017,1535 996,1535 994,1532 994,1531 993,1531 975,1531 975,1531 975,1530 973,1528 972,1527 971,1527 970,1526 969,1504 969,1503 864,1504 863,1503 847,1503 844,1500 844,1474 844,1474 682,1474 681,1475 682,1537 681,1537"/><TextEquiv index="1"><Unicode>trouverai, peut-être, moins de dignité;</Unicode></TextEquiv></TextLine><TextLine id="r0_l006"><Coords points="1228,1742 1226,1740 1226,1739 1225,1738 1208,1738 1206,1737 1206,1685 1206,1684 1069,1685 1068,1684 1068,1683 1066,1681 1016,1681 1015,1680 1015,1679 1014,1678 1014,1677 1014,1677 752,1678 751,1679 751,1680 750,1681 740,1681 739,1681 739,1680 737,1677 635,1678 634,1677 419,1677 418,1676 177,1678 176,1677 167,1677 166,1676 166,1669 166,1669 106,1669 105,1668 105,1649 105,1649 94,1649 93,1648 93,1647 92,1646 92,1584 91,1584 81,1584 80,1582 80,1581 82,1579 85,1579 86,1580 87,1580 88,1580 88,1582 88,1583 116,1583 117,1584 119,1584 121,1585 121,1636 121,1637 165,1637 166,1636 166,1604 166,1604 168,1604 169,1603 169,1602 170,1601 171,1600 172,1600 173,1599 173,1598 175,1596 177,1596 178,1595 178,1594 179,1592 360,1592 361,1591 361,1540 362,1539 363,1539 365,1537 365,1536 366,1535 375,1535 377,1536 377,1537 377,1538 378,1539 379,1539 381,1540 381,1592 381,1593 607,1592 608,1591 608,1545 610,1543 611,1543 612,1542 612,1541 614,1539 619,1539 621,1537 621,1536 622,1535 627,1535 629,1536 629,1537 629,1538 681,1537 682,1538 682,1575 682,1575 797,1575 799,1576 799,1596 799,1597 1090,1596 1091,1597 1232,1596 1233,1597 1542,1596 1543,1595 1543,1569 1545,1567 1546,1567 1547,1566 1547,1565 1549,1563 1550,1563 1551,1562 1551,1558 1553,1556 1554,1555 1555,1555 1555,1550 1557,1547 1558,1547 1559,1547 1559,1546 1561,1543 1565,1543 1568,1546 1568,1547 1568,1547 1569,1547 1572,1550 1572,1551 1572,1551 1573,1551 1576,1554 1576,1555 1576,1555 1577,1555 1580,1558 1580,1567 1580,1567 1581,1567 1584,1570 1584,1579 1584,1579 1585,1579 1588,1582 1588,1592 1588,1592 1619,1592 1620,1593 1620,1594 1622,1596 1684,1596 1685,1596 1685,1599 1685,1600 1920,1599 1921,1598 1921,1597 1922,1596 1997,1596 1998,1595 1998,1544 1999,1543 2009,1543 2015,1537 2015,1536 2015,1535 2021,1535 2022,1536 2022,1537 2024,1539 2025,1539 2026,1540 2026,1541 2027,1542 2027,1596 2027,1596 2285,1595 2288,1592 2293,1592 2295,1591 2295,1590 2296,1588 2301,1588 2303,1590 2303,1596 2303,1596 2493,1595 2494,1595 2494,1594 2495,1592 2595,1592 2596,1591 2596,1544 2597,1543 2598,1543 2599,1542 2599,1541 2601,1539 2602,1539 2603,1538 2603,1537 2605,1535 2622,1535 2624,1536 2624,1587 2624,1588 2655,1588 2656,1589 2882,1588 2884,1586 2884,1585 2885,1584 2890,1584 2892,1582 2892,1581 2893,1580 2899,1580 2900,1580 2900,1584 2900,1585 2976,1584 2977,1585 2977,1586 2979,1588 2992,1588 2994,1590 2994,1591 2995,1592 2996,1592 2998,1594 2998,1599 2999,1600 3000,1600 3002,1602 3002,1607 3003,1608 3004,1608 3006,1610 3006,1636 3007,1636 3048,1636 3049,1637 3050,1637 3051,1638 3051,1639 3053,1641 3054,1641 3055,1642 3055,1643 3057,1645 3058,1645 3059,1646 3059,1659 3058,1661 3057,1661 3056,1661 3055,1662 3055,1663 3054,1665 3053,1665 3052,1665 3051,1666 3051,1667 3050,1669 2976,1669 2973,1672 2973,1673 2973,1673 2963,1673 2961,1672 2961,1671 2960,1669 2955,1669 2954,1668 2760,1669 2758,1671 2758,1672 2757,1673 2757,1673 2756,1673 2754,1675 2754,1676 2753,1677 2715,1677 2714,1677 2714,1676 2712,1673 2703,1673 2702,1672 2511,1673 2510,1674 2510,1677 2510,1677 2488,1677 2487,1676 2301,1677 2300,1676 2122,1677 2121,1678 2121,1679 2119,1681 1943,1682 1942,1682 1942,1734 1941,1735 1941,1737 1941,1738 1911,1738 1907,1734 1906,1734 1905,1733 1905,1681 1905,1681 1781,1682 1780,1681 1551,1682 1550,1681 1248,1682 1247,1682 1247,1735 1246,1736 1246,1737 1246,1738 1241,1738 1238,1740 1238,1741 1238,1742"/><TextEquiv index="1"><Unicode>mais elle me paroîtra plus touchante.</Unicode></TextEquiv></TextLine><TextLine id="r0_l007"><Coords points="2250,1946 2249,1945 2248,1945 2246,1944 2246,1943 2245,1941 2239,1942 2238,1941 2211,1941 2210,1940 2210,1939 2208,1937 2207,1937 2206,1936 2206,1935 2205,1934 2205,1891 2205,1891 1716,1893 1715,1892 1489,1893 1488,1892 1487,1892 1486,1891 1486,1889 1486,1889 1384,1889 1383,1888 1115,1889 1114,1888 920,1889 919,1888 701,1889 700,1888 699,1888 698,1888 698,1887 698,1886 127,1889 125,1887 125,1885 127,1884 129,1884 129,1883 129,1804 130,1803 324,1802 325,1801 324,1750 324,1750 80,1751 79,1750 78,1750 76,1748 76,1743 78,1742 80,1742 80,1741 80,1735 82,1734 87,1734 88,1735 88,1736 89,1737 89,1740 88,1742 85,1742 84,1742 85,1743 2997,1730 2998,1732 2999,1780 2999,1780 3163,1779 3165,1781 3165,1782 3166,1783 3236,1783 3237,1784 3237,1785 3239,1787 3244,1787 3246,1789 3246,1790 3247,1791 3248,1791 3250,1793 3250,1794 3251,1795 3252,1795 3254,1797 3254,1798 3255,1799 3256,1799 3258,1801 3258,1802 3259,1803 3260,1803 3262,1805 3262,1810 3264,1812 3265,1812 3266,1813 3266,1823 3265,1823 3264,1823 3262,1826 3262,1855 3260,1856 3259,1856 3258,1858 3258,1859 3256,1860 3255,1860 3254,1862 3254,1863 3253,1864 3249,1864 3248,1865 3248,1934 3248,1934 2255,1938 2254,1939 2254,1945 2254,1945 2253,1945 2252,1946"/><TextEquiv index="1"><Unicode>Notre ſéance avoit duré plus de quatre</Unicode></TextEquiv></TextLine><TextLine id="r0_l008"><Coords points="403,2150 402,2149 402,2147 402,2147 186,2147 185,2146 171,2147 170,2146 170,2141 170,2141 66,2141 64,2140 64,2049 65,2047 75,2047 76,2046 76,1999 77,1998 76,1979 78,1978 161,1978 161,1977 161,1952 162,1951 162,1950 163,1950 164,1950 165,1949 166,1947 166,1946 168,1945 173,1945 174,1943 174,1942 176,1941 177,1942 184,1941 189,1946 190,1946 190,1947 190,1953 191,1953 2760,1942 2761,1941 3206,1939 3208,1937 3213,1937 3213,1937 3213,1936 3215,1934 3248,1934 3249,1933 3250,1935 3250,1941 3251,1941 3257,1941 3258,1943 3259,2055 3259,2055 3260,2055 3262,2057 3262,2058 3263,2059 3264,2059 3266,2061 3266,2062 3267,2063 3268,2063 3270,2065 3270,2071 3269,2071 3252,2071 3251,2072 3250,2072 3250,2073 3250,2074 3248,2075 3247,2075 3246,2076 3038,2077 3038,2078 3038,2079 3036,2080 2888,2081 2888,2081 2888,2090 2886,2092 1459,2098 1458,2098 1458,2142 1456,2145"/><TextEquiv index="1"><Unicode>heures. Tandis que nous converſions ſi</Unicode></TextEquiv></TextLine><TextLine id="r0_l009"><Coords points="1578,2356 1576,2355 1576,2354 1575,2352 1553,2353 1551,2351 1551,2334 1551,2334 1050,2336 1047,2333 1047,2332 1047,2332 1046,2332 1043,2329 1043,2307 1042,2307 77,2311 76,2309 76,2308 74,2307 73,2307 72,2305 72,2299 71,2299 57,2299 56,2298 56,2292 56,2291 60,2291 61,2291 60,2179 62,2177 72,2177 72,2176 72,2149 73,2149 74,2149 75,2148 169,2148 170,2147 185,2146 186,2148 186,2150 187,2150 405,2150 406,2151 406,2161 407,2162 3158,2150 3159,2149 3160,2148 3160,2148 3160,2147 3162,2145 3163,2145 3164,2144 3164,2143 3167,2140 3179,2140 3181,2143 3181,2189 3182,2189 3232,2189 3234,2192 3234,2193 3235,2193 3236,2193 3238,2196 3238,2197 3239,2197 3252,2197 3254,2200 3254,2201 3255,2201 3260,2201 3261,2202 3262,2202 3262,2203 3263,2210 3262,2211 3262,2274 3261,2274 3260,2274 3259,2275 3258,2275 3258,2276 3258,2282 3256,2283 3014,2284 3014,2285 3014,2286 3012,2287 2807,2288 2807,2289 2807,2290 2805,2291 2518,2292 2518,2293 2518,2310 2514,2314 2514,2315 2513,2315 2507,2315 2507,2316 2507,2317 2504,2319 2499,2319 2498,2321 2498,2322 2497,2323 2496,2323 2495,2324 1593,2328 1592,2329 1592,2355 1591,2356"/><TextEquiv index="1"><Unicode>intimement, mon père &amp; moi, on avoit</Unicode></TextEquiv></TextLine><TextLine id="r0_l010"><Coords points="2732,2555 2730,2554 2730,2495 2729,2494 2727,2494 2726,2493 2531,2494 2531,2495 2531,2501 2529,2502 2528,2502 2526,2505 2526,2506 2525,2506 2519,2506 2518,2505 2518,2499 2517,2498 2308,2499 2305,2502 2124,2503 2124,2504 2124,2506 2123,2506 2117,2506 2116,2505 2116,2503 2115,2502 2032,2502 2031,2501 1817,2502 1815,2505 1815,2506 1814,2506 1784,2507 1783,2506 1613,2506 1612,2505 1612,2504 1610,2502 1568,2502 1567,2501 1374,2502 1372,2505 1372,2506 1371,2506 1361,2506 1360,2505 1027,2507 1027,2507 1027,2512 1024,2515 1023,2515 1023,2515 1023,2520 1020,2523 1019,2523 1019,2523 1019,2529 1018,2530 1017,2530 1012,2535 1003,2535 1003,2535 1003,2536 1000,2539 996,2539 995,2537 995,2536 993,2535 992,2535 990,2532 990,2506 989,2506 910,2506 909,2505 909,2504 907,2502 902,2502 901,2501 691,2502 690,2501 565,2502 564,2500 564,2499 562,2498 381,2499 381,2499 381,2500 379,2502 378,2502 377,2500 377,2499 375,2498 297,2498 295,2496 295,2495 294,2494 219,2494 218,2493 162,2494 162,2493 162,2492 157,2487 157,2461 156,2461 81,2461 81,2461 81,2507 80,2508 80,2509 79,2510 77,2510 76,2508 76,2461 75,2461 60,2461 60,2461 60,2455 61,2454 60,2394 61,2393 62,2393 64,2391 64,2386 66,2384 117,2384 117,2383 117,2365 119,2364 120,2364 121,2363 121,2362 121,2361 123,2360 166,2360 166,2359 166,2352 167,2352 172,2352 174,2349 174,2348 175,2348 176,2348 177,2349 185,2348 186,2350 186,2404 187,2404 373,2404 373,2403 373,2393 374,2393 375,2393 377,2390 377,2389 378,2389 379,2389 381,2386 381,2377 383,2376 384,2376 385,2374 385,2369 387,2368 388,2368 389,2366 389,2365 391,2364 478,2363 479,2362 479,2361 480,2360 485,2360 487,2358 487,2357 488,2356 498,2356 499,2358 499,2364 500,2364 530,2364 532,2366 532,2367 533,2368 539,2368 539,2368 539,2369 540,2370 540,2375 541,2376 542,2376 544,2378 544,2417 545,2418 826,2417 828,2414 828,2413 829,2413 832,2413 832,2413 832,2416 833,2417 863,2417 864,2418 925,2417 925,2418 925,2419 928,2421 1108,2420 1108,2420 1108,2403 1111,2400 1112,2400 1112,2400 1112,2399 1115,2396 1120,2396 1120,2396 1120,2392 1121,2391 1121,2390 1123,2388 1124,2388 1125,2387 1125,2386 1127,2384 1128,2384 1129,2383 1129,2374 1131,2372 1132,2372 1132,2372 1132,2371 1135,2368 1136,2368 1136,2368 1137,2367 1137,2366 1139,2364 1144,2364 1145,2363 1145,2362 1147,2360 1172,2360 1178,2367 1178,2417 1179,2417 1266,2417 1267,2418 1506,2417 1506,2416 1506,2403 1507,2402 1507,2401 1508,2401 1509,2401 1511,2398 1511,2389 1513,2388 1514,2388 1515,2386 1515,2377 1517,2376 1518,2376 1519,2374 1519,2373 1521,2372 1522,2372 1523,2371 1523,2370 1523,2369 1525,2368 1530,2368 1531,2366 1531,2365 1533,2364 1542,2364 1543,2362 1543,2361 1545,2360 1551,2360 1552,2361 1554,2361 1556,2363 1556,2364 1557,2364 1660,2364 1661,2366 1661,2367 1663,2368 1664,2368 1665,2370 1665,2371 1666,2372 1667,2372 1668,2372 1669,2374 1669,2421 1670,2421 1745,2421 1746,2422 2022,2420 2023,2419 2023,2418 2024,2417 2025,2417 2027,2415 2027,2414 2028,2413 2335,2412 2335,2412 2335,2411 2337,2409 2384,2409 2384,2408 2384,2361 2386,2360 2387,2360 2389,2357 2389,2356 2390,2356 2404,2356 2404,2356 2404,2357 2407,2360 2408,2360 2408,2360 2408,2361 2411,2364 2412,2364 2413,2365 2413,2409 2414,2410 2555,2409 2555,2410 2555,2411 2558,2413 2599,2413 2600,2414 2729,2413 2729,2413 2729,2360 2730,2359 2730,2357 2731,2356 2732,2356 2734,2354 2734,2353 2735,2352 2745,2352 2746,2354 2746,2355 2748,2356 2749,2356 2750,2358 2750,2367 2752,2368 2753,2368 2754,2370 2754,2379 2756,2380 2757,2380 2758,2382 2758,2387 2761,2389 2762,2389 2762,2390 2762,2391 2765,2393 2766,2393 2766,2394 2766,2413 2767,2413 2878,2413 2879,2412 2880,2412 2880,2411 2880,2410 2882,2409 2891,2409 2892,2407 2892,2406 2894,2405 3127,2404 3128,2402 3128,2353 3131,2351 3132,2351 3132,2350 3132,2349 3134,2348 3152,2348 3152,2348 3152,2398 3154,2400 3155,2400 3155,2400 3155,2401 3156,2402 3157,2457 3157,2458 3239,2457 3242,2460 3242,2461 3242,2461 3247,2461 3250,2464 3250,2465 3250,2465 3251,2465 3254,2468 3254,2469 3254,2469 3255,2469 3258,2472 3258,2493 3256,2494 3255,2494 3254,2496 3254,2505 3252,2506 3251,2506 3250,2508 3250,2509 3248,2510 3247,2510 3247,2511 3246,2512 3246,2513 3244,2514 3243,2514 3243,2515 3242,2516 3242,2517 3240,2518 3231,2518 3229,2521 3229,2522 3228,2522 3227,2522 3226,2523 3220,2523 3219,2522 3218,2522 3217,2521 3217,2494 3216,2493 3125,2494 3124,2492 3124,2491 3122,2490 2775,2491 2772,2494 2758,2494 2758,2495 2758,2554 2758,2554 2745,2554 2744,2555"/><TextEquiv index="1"><Unicode>levé l'ancre, ſans faire attention à moi,</Unicode></TextEquiv></TextLine><TextLine id="r0_l011"><Coords points="2468,2763 2467,2762 2389,2762 2388,2760 2388,2759 2386,2758 2360,2758 2360,2757 2360,2705 2359,2705 2125,2706 2124,2708 2124,2709 2123,2709 1950,2710 1949,2711 1949,2712 1948,2713 1947,2713 1946,2714 1944,2714 1943,2713 1909,2713 1909,2712 1909,2711 1906,2709 1674,2710 1673,2711 1673,2712 1672,2713 1671,2713 1670,2714 1554,2715 1553,2714 1552,2714 1552,2713 1552,2712 1551,2711 1551,2710 1549,2709 1548,2709 1547,2707 1547,2706 1545,2705 1223,2706 1215,2714 1149,2714 1149,2715 1149,2721 1147,2722 1146,2722 1145,2724 1145,2737 1143,2738 1142,2738 1141,2740 1141,2741 1139,2742 1138,2742 1137,2744 1137,2753 1135,2754 1134,2754 1133,2756 1133,2757 1131,2758 1126,2758 1124,2761 1124,2762 1123,2762 1117,2762 1117,2762 1117,2761 1116,2760 1114,2758 1113,2758 1112,2757 1112,2714 1111,2713 828,2715 828,2715 828,2760 826,2762 780,2762 779,2760 779,2709 778,2709 768,2709 767,2708 751,2708 751,2709 751,2765 749,2766 748,2766 747,2767 745,2767 744,2766 743,2766 743,2766 743,2709 742,2708 613,2709 612,2707 612,2706 610,2705 443,2705 442,2704 442,2703 441,2702 440,2702 439,2701 406,2702 405,2701 378,2701 377,2699 377,2697 376,2697 240,2697 238,2695 238,2694 237,2693 177,2694 176,2693 171,2693 169,2690 169,2689 168,2689 167,2689 165,2686 165,2685 164,2685 163,2685 161,2682 161,2673 160,2673 159,2673 158,2672 158,2671 157,2670 157,2665 157,2665 156,2665 153,2662 153,2657 153,2657 60,2657 59,2658 60,2753 58,2754 57,2754 56,2755 56,2756 56,2757 55,2757 52,2757 49,2754 48,2754 48,2754 48,2751 49,2750 48,2654 50,2652 51,2652 52,2651 52,2650 54,2648 55,2648 56,2647 56,2642 58,2640 59,2640 60,2639 60,2638 62,2636 64,2636 64,2636 64,2577 66,2575 186,2574 186,2574 186,2573 188,2571 193,2571 194,2570 194,2569 196,2567 205,2567 206,2569 206,2570 208,2571 213,2571 214,2573 214,2578 216,2579 217,2579 218,2581 218,2582 219,2583 219,2591 221,2592 399,2592 400,2591 401,2591 401,2590 401,2581 404,2579 405,2579 405,2578 405,2573 406,2573 407,2573 408,2572 409,2572 409,2571 409,2570 412,2567 417,2567 417,2567 417,2566 420,2563 421,2563 421,2563 421,2562 424,2559 441,2559 442,2561 442,2562 444,2563 445,2563 446,2565 446,2624 447,2624 612,2624 612,2623 612,2622 615,2620 635,2620 637,2622 637,2623 639,2625 958,2623 958,2623 958,2622 960,2620 961,2620 962,2622 962,2623 964,2624 973,2624 974,2625 1125,2624 1125,2624 1125,2597 1127,2595 1128,2595 1129,2594 1129,2585 1131,2583 1147,2583 1148,2584 1149,2584 1149,2585 1149,2586 1152,2588 1153,2588 1153,2589 1153,2624 1154,2624 1221,2624 1222,2625 1408,2624 1409,2626 1409,2627 1411,2628 1465,2628 1466,2629 1490,2629 1490,2628 1490,2581 1493,2579 1494,2579 1494,2578 1494,2577 1497,2575 1505,2575 1507,2577 1507,2578 1508,2579 1513,2579 1515,2581 1515,2582 1516,2583 1517,2583 1519,2585 1519,2628 1520,2629 1831,2627 1832,2626 1832,2601 1833,2600 1834,2600 1836,2598 1836,2593 1837,2592 1838,2592 1840,2590 1840,2585 1841,2584 1842,2584 1844,2582 1844,2581 1846,2579 1847,2579 1848,2578 1848,2573 1850,2571 1855,2571 1856,2570 1856,2569 1858,2567 1867,2567 1868,2566 1868,2565 1870,2563 1887,2563 1888,2564 2091,2563 2091,2564 2091,2565 2092,2566 2098,2571 2099,2571 2100,2573 2100,2620 2101,2620 2119,2620 2121,2623 2121,2624 2122,2624 2131,2624 2132,2625 2375,2624 2376,2622 2376,2621 2378,2620 2469,2620 2470,2618 2470,2617 2471,2617 2651,2616 2652,2614 2652,2613 2654,2612 2656,2612 2657,2613 2732,2612 2732,2612 2732,2556 2733,2555 2744,2555 2745,2554 2759,2554 2760,2555 2773,2555 2777,2559 2798,2559 2799,2561 2799,2562 2801,2563 2810,2563 2811,2565 2811,2566 2812,2566 2813,2567 2814,2567 2815,2569 2815,2612 2816,2612 3006,2611 3006,2611 3006,2565 3008,2563 3017,2563 3018,2562 3018,2561 3020,2559 3139,2559 3140,2557 3140,2556 3142,2555 3155,2555 3156,2556 3156,2557 3157,2558 3157,2559 3158,2560 3159,2560 3160,2561 3160,2561 3160,2562 3161,2563 3161,2608 3162,2608 3229,2608 3229,2609 3229,2610 3232,2612 3237,2612 3237,2613 3237,2614 3239,2615 3240,2616 3241,2616 3242,2618 3242,2627 3244,2628 3245,2628 3246,2630 3246,2664 3247,2664 3259,2664 3260,2665 3261,2665 3263,2667 3263,2668 3263,2668 3264,2668 3265,2669 3265,2670 3266,2671 3266,2676 3264,2677 3263,2677 3262,2679 3262,2688 3260,2689 3251,2689 3250,2691 3250,2692 3248,2693 3173,2693 3173,2694 3173,2696 3171,2697 3165,2697 3164,2696 3003,2697 3002,2696 2987,2696 2987,2697 2987,2758 2986,2758 2977,2758 2977,2758 2977,2697 2976,2696 2754,2697 2754,2698 2754,2725 2752,2726 2751,2726 2750,2728 2750,2741 2748,2742 2747,2742 2746,2744 2746,2745 2744,2746 2743,2746 2742,2748 2742,2749 2740,2750 2739,2750 2738,2752 2738,2753 2736,2754 2722,2754 2722,2754 2722,2753 2717,2748 2717,2705 2716,2704 2498,2705 2498,2706 2498,2761 2496,2762"/><TextEquiv index="1"><Unicode>&amp; ſans que je m'en fuſſe apperçu. Ma</Unicode></TextEquiv></TextLine><TextLine id="r0_l012"><Coords points="1204,2974 1203,2973 1202,2973 1202,2973 1202,2972 1199,2969 1194,2969 1194,2969 1194,2918 1193,2917 1102,2917 1101,2916 874,2917 873,2916 820,2917 820,2917 820,2931 818,2933 808,2933 808,2932 808,2917 807,2917 752,2917 751,2916 751,2915 749,2913 651,2913 650,2912 432,2913 431,2912 430,2912 430,2912 430,2911 427,2908 306,2909 305,2908 304,2908 304,2907 304,2906 302,2905 294,2905 293,2904 251,2904 251,2904 251,2903 248,2900 192,2900 191,2899 151,2900 149,2898 149,2897 148,2896 147,2896 145,2894 145,2888 145,2888 60,2888 59,2889 60,2924 58,2925 57,2925 56,2924 55,2877 55,2876 54,2876 53,2876 52,2875 52,2874 51,2872 49,2872 48,2872 48,2869 49,2868 52,2868 52,2868 52,2764 53,2763 53,2758 53,2757 55,2757 56,2758 62,2758 64,2760 64,2761 65,2762 66,2762 68,2763 68,2846 69,2847 149,2847 149,2846 149,2821 150,2820 150,2819 151,2819 157,2819 157,2818 157,2817 158,2816 158,2815 159,2815 287,2814 287,2814 287,2773 289,2770 301,2770 304,2772 304,2773 304,2774 305,2774 308,2776 308,2789 309,2790 310,2790 312,2792 312,2801 314,2803 315,2803 316,2804 316,2819 317,2820 576,2819 576,2818 576,2775 576,2775 577,2775 582,2770 598,2770 600,2771 600,2772 601,2773 601,2781 601,2782 602,2782 604,2783 604,2786 605,2787 625,2787 625,2787 625,2802 626,2803 628,2803 629,2804 629,2805 631,2807 632,2807 633,2808 633,2827 634,2828 741,2827 743,2830 743,2831 744,2831 810,2831 811,2832 1039,2831 1039,2830 1039,2780 1041,2778 1042,2778 1043,2777 1043,2776 1045,2774 1057,2774 1060,2776 1060,2781 1060,2782 1061,2782 1064,2784 1064,2827 1065,2828 1107,2827 1108,2829 1108,2830 1110,2831 1294,2831 1298,2827 1458,2826 1458,2825 1458,2820 1460,2819 1461,2819 1462,2817 1462,2804 1464,2803 1465,2803 1466,2801 1466,2796 1469,2794 1470,2794 1470,2793 1470,2788 1473,2786 1474,2786 1474,2785 1474,2784 1476,2782 1477,2782 1478,2781 1478,2780 1480,2778 1485,2778 1486,2777 1486,2776 1488,2774 1520,2774 1523,2776 1523,2830 1524,2831 1550,2831 1551,2832 1746,2831 1746,2830 1746,2784 1748,2782 1749,2782 1750,2781 1750,2780 1752,2778 1753,2778 1754,2777 1754,2776 1756,2774 1768,2774 1771,2776 1771,2777 1771,2778 1772,2778 1773,2779 1857,2778 1858,2779 1859,2779 1860,2780 1860,2827 1861,2827 1896,2827 1897,2828 2217,2827 2218,2825 2218,2824 2220,2823 2221,2823 2221,2822 2222,2821 2222,2820 2224,2819 2225,2819 2225,2818 2225,2817 2228,2815 2368,2814 2368,2813 2368,2775 2368,2775 2369,2775 2374,2770 2383,2770 2384,2769 2384,2768 2386,2766 2390,2766 2392,2767 2392,2768 2393,2769 2393,2797 2394,2798 2406,2798 2407,2799 2408,2799 2409,2800 2409,2822 2410,2823 2587,2822 2587,2822 2587,2814 2588,2812 2588,2811 2589,2811 2590,2811 2591,2809 2591,2797 2592,2796 2592,2795 2593,2795 2594,2795 2595,2793 2595,2789 2596,2788 2596,2787 2597,2787 2598,2787 2600,2784 2600,2779 2600,2779 2601,2779 2602,2778 2604,2776 2604,2775 2605,2774 2606,2774 2608,2772 2608,2771 2609,2770 2610,2770 2612,2768 2612,2767 2613,2766 2618,2766 2620,2764 2620,2763 2621,2762 2646,2762 2648,2763 2648,2768 2649,2770 2650,2770 2653,2772 2653,2819 2654,2820 2904,2819 2904,2818 2904,2817 2905,2816 2905,2815 2906,2815 2961,2814 2961,2814 2961,2785 2964,2782 2965,2782 2965,2782 2965,2781 2967,2778 2968,2778 2969,2778 2969,2777 2971,2774 2972,2774 2973,2774 2973,2769 2975,2766 2976,2766 2977,2766 2977,2759 2977,2758 2987,2758 2988,2759 2989,2759 2990,2760 2990,2762 2990,2762 3154,2762 3156,2763 3156,2765 3157,2767 3158,2767 3160,2768 3160,2769 3161,2770 3161,2823 3162,2823 3163,2823 3165,2826 3165,2831 3166,2831 3167,2831 3169,2834 3169,2847 3170,2847 3236,2847 3238,2850 3238,2851 3239,2851 3243,2851 3244,2852 3245,2852 3246,2854 3246,2879 3248,2880 3249,2880 3250,2882 3250,2887 3252,2888 3253,2888 3254,2890 3255,2898 3254,2899 3254,2915 3251,2917 3250,2917 3250,2918 3250,2919 3247,2921 3246,2921 3246,2922 3246,2923 3243,2925 3242,2925 3242,2926 3242,2927 3239,2929 3214,2929 3213,2928 3213,2900 3212,2899 2811,2901 2811,2902 2811,2903 2809,2904 2808,2904 2807,2905 2742,2905 2741,2904 2474,2905 2474,2906 2474,2907 2471,2910 2457,2910 2457,2910 2457,2911 2456,2912 2455,2912 2454,2913 2447,2913 2445,2910 2445,2909 2444,2909 2238,2910 2238,2910 2238,2911 2237,2912 2188,2912 2187,2913 2053,2913 2052,2912 1853,2913 1848,2919 1848,2920 1846,2921 1845,2921 1845,2921 1844,2920 1844,2919 1842,2917 1821,2917 1820,2916 1552,2918 1551,2917 1447,2917 1446,2915 1446,2913 1445,2913 1230,2914 1230,2914 1230,2972 1229,2973 1228,2973 1227,2974"/><TextEquiv index="1"><Unicode>mère dormoit profondément de ſon côté,</Unicode></TextEquiv></TextLine><TextLine id="r0_l013"><Coords points="990,3178 990,3177 989,3177 988,3177 986,3174 986,3156 985,3156 93,3160 92,3158 92,3140 91,3140 61,3140 60,3139 59,3035 59,3034 53,3034 52,3034 52,3033 52,3032 50,3030 49,3030 48,3030 48,3011 48,3010 128,3010 129,3009 129,2995 130,2994 160,2994 161,2993 161,2992 162,2991 162,2990 162,2990 163,2990 166,2987 166,2986 166,2986 167,2986 170,2983 170,2982 170,2982 171,2982 174,2979 174,2978 174,2978 175,2978 176,2977 181,2977 182,2976 182,2975 182,2974 185,2974 186,2975 2605,2965 2606,2966 2607,2966 2608,2966 2608,2968 2608,2969 2613,2969 2615,2971 3044,2969 3047,2971 3047,2976 3047,2977 3048,2977 3051,2979 3051,3017 3052,3018 3114,3018 3115,3019 3233,3018 3233,3019 3233,3020 3234,3021 3234,3022 3235,3022 3236,3022 3238,3025 3238,3026 3239,3026 3240,3026 3242,3029 3242,3042 3243,3042 3244,3042 3246,3045 3246,3087 3247,3087 3252,3087 3257,3092 3258,3092 3258,3093 3258,3103 3258,3103 3257,3103 3256,3104 2910,3106 2909,3106 2910,3127 2909,3128 2909,3149 2908,3150 2908,3151 2907,3152 2906,3152 2905,3153 2905,3154 2903,3156 2307,3158 2307,3159 2307,3168 2306,3168 2305,3168 2304,3169 1023,3175 1022,3176 1021,3176 1020,3177 995,3177 995,3177 995,3178 992,3181"/><TextEquiv index="1"><Unicode>&amp; n'avoit point du tout penſé qu'on</Unicode></TextEquiv></TextLine><TextLine id="r0_l014"><Coords points="1194,3389 1194,3389 1193,3327 1193,3326 907,3327 906,3326 688,3327 686,3326 686,3325 685,3323 676,3323 673,3321 673,3320 673,3319 484,3320 483,3321 483,3322 482,3323 480,3323 479,3323 479,3322 474,3317 474,3316 474,3315 407,3316 406,3315 383,3315 381,3313 381,3311 381,3311 178,3312 177,3311 174,3311 173,3311 174,3372 173,3373 161,3373 161,3372 160,3307 157,3304 157,3303 157,3303 156,3303 153,3300 153,3299 153,3299 152,3299 149,3296 149,3291 149,3291 148,3291 145,3288 145,3283 144,3282 143,3282 141,3280 141,3238 140,3238 45,3238 44,3237 44,3236 43,3235 43,3233 44,3232 44,3231 44,3230 46,3230 47,3230 47,3168 48,3167 48,3166 48,3165 51,3165 52,3166 52,3230 52,3230 120,3230 121,3229 121,3222 122,3221 311,3220 312,3219 312,3177 312,3177 313,3177 317,3173 318,3173 319,3172 327,3172 328,3171 328,3170 330,3168 333,3168 334,3169 335,3169 336,3169 336,3170 338,3173 339,3173 340,3173 340,3206 341,3207 341,3208 341,3209 342,3209 344,3210 344,3224 344,3225 395,3225 397,3226 397,3227 398,3229 405,3229 407,3231 408,3231 409,3231 409,3232 410,3234 616,3233 617,3232 617,3185 617,3185 618,3185 621,3182 621,3181 621,3181 631,3181 633,3182 633,3183 634,3185 635,3185 636,3185 636,3186 637,3187 637,3233 637,3234 823,3233 824,3232 824,3226 824,3226 825,3226 828,3223 828,3206 829,3205 830,3205 832,3203 832,3202 833,3201 834,3201 836,3199 836,3198 837,3197 838,3197 840,3195 840,3194 841,3193 842,3193 844,3191 844,3190 845,3189 850,3189 852,3187 852,3186 853,3185 858,3185 861,3182 861,3181 861,3181 864,3181 865,3182 875,3181 877,3183 877,3184 878,3185 883,3185 885,3187 885,3188 886,3189 887,3189 889,3191 889,3242 889,3242 1054,3242 1055,3241 1055,3223 1057,3221 1168,3220 1171,3217 1172,3217 1173,3217 1173,3208 1194,3187 1194,3186 1194,3185 1273,3185 1275,3183 1275,3182 1276,3181 1281,3181 1283,3182 1283,3183 1284,3184 1284,3185 1285,3185 1287,3186 1287,3237 1287,3238 1344,3237 1345,3238 1346,3238 1348,3240 1348,3241 1348,3241 1349,3241 1350,3242 1355,3242 1356,3243 1356,3244 1359,3246 1669,3245 1669,3245 1669,3244 1671,3242 1765,3242 1767,3239 1767,3238 1767,3238 1936,3237 1937,3236 1937,3190 1938,3189 1939,3189 1941,3187 1941,3186 1942,3185 1951,3185 1954,3182 1954,3181 1954,3181 2010,3181 2011,3182 2017,3181 2018,3182 2018,3183 2019,3184 2019,3234 2019,3234 2082,3234 2084,3236 2084,3237 2084,3237 2092,3237 2093,3238 2094,3238 2096,3240 2096,3241 2098,3242 2266,3241 2266,3241 2266,3188 2267,3187 2267,3186 2267,3185 2345,3185 2348,3183 2348,3182 2348,3181 2383,3181 2384,3181 2384,3182 2386,3185 2391,3185 2392,3185 2392,3186 2392,3187 2394,3189 2395,3189 2396,3189 2396,3192 2396,3193 2439,3193 2441,3194 2441,3232 2441,3233 2566,3232 2567,3232 2567,3231 2567,3230 2617,3230 2618,3229 2753,3228 2756,3225 2883,3225 2884,3224 2884,3198 2885,3197 2886,3197 2888,3195 2888,3190 2889,3189 2890,3189 2892,3187 2892,3178 2893,3177 2894,3177 2896,3175 2896,3170 2898,3168 2901,3168 2902,3169 2903,3169 2904,3169 2904,3170 2905,3172 2914,3172 2915,3172 2917,3174 2917,3191 2918,3193 2926,3193 2929,3195 2929,3196 2930,3198 2931,3198 2933,3199 2933,3225 2933,3225 3147,3225 3148,3224 3148,3223 3150,3221 3155,3221 3156,3222 3251,3221 3260,3230 3261,3230 3262,3231 3262,3237 3262,3237 3263,3237 3264,3238 3265,3238 3266,3239 3266,3281 3264,3283 3263,3283 3262,3284 3262,3294 3262,3294 3261,3294 3248,3307 3231,3307 3230,3308 3230,3309 3228,3311 3158,3312 3156,3310 3156,3307 3156,3307 2780,3308 2777,3311 2760,3311 2758,3313 2758,3314 2757,3315 2756,3315 2755,3314 2549,3315 2547,3317 2547,3318 2546,3319 2525,3319 2524,3318 2158,3320 2156,3321 2156,3322 2156,3323 2077,3323 2076,3324 2076,3325 2075,3326 2075,3327 2075,3327 2073,3327 2072,3326 1886,3327 1885,3327 1885,3326 1884,3325 1884,3324 1884,3323 1874,3323 1873,3322 1695,3323 1694,3323 1694,3324 1693,3325 1693,3326 1693,3327 1683,3327 1682,3327 1682,3328 1680,3331 1590,3331 1589,3330 1480,3331 1478,3329 1478,3328 1477,3327 1334,3327 1333,3326 1208,3327 1207,3326 1197,3326 1196,3327 1197,3389 1196,3389"/><TextEquiv index="1"><Unicode>enlevoit ſon fils avec elle. Nous crûmes</Unicode></TextEquiv></TextLine><TextLine id="r0_l015"><Coords points="1634,3587 1634,3587 1634,3586 1632,3585 1632,3537 1632,3536 1260,3538 1259,3537 1259,3536 1257,3534 1114,3534 1113,3533 45,3538 44,3538 44,3537 42,3534 41,3534 40,3534 40,3518 39,3517 39,3509 40,3508 40,3507 41,3506 52,3506 52,3506 52,3459 53,3457 140,3457 141,3456 141,3442 142,3441 151,3441 153,3439 153,3430 154,3429 155,3429 156,3428 157,3428 158,3427 158,3392 158,3392 159,3392 162,3389 162,3373 162,3373 173,3373 174,3373 174,3376 174,3377 363,3376 365,3377 365,3378 366,3380 371,3380 373,3381 373,3382 374,3384 375,3384 377,3385 377,3392 377,3393 1197,3389 1198,3390 1198,3391 1199,3392 1208,3392 1210,3394 1210,3407 1212,3409 1213,3409 1214,3409 1214,3418 1220,3425 1221,3425 1222,3425 1222,3440 1222,3441 2680,3435 2682,3433 2683,3433 2684,3432 2810,3431 2811,3431 2811,3386 2813,3383 2814,3383 2815,3383 2815,3382 2816,3380 2817,3380 2819,3378 2819,3377 2820,3376 2914,3376 2917,3373 2917,3372 2917,3372 2926,3372 2927,3373 2931,3373 2933,3374 2933,3379 2934,3380 2935,3380 2936,3381 3236,3380 3238,3382 3238,3383 3238,3383 3239,3384 3240,3384 3242,3386 3242,3416 3242,3416 3276,3416 3278,3417 3278,3419 3276,3421 3242,3421 3242,3422 3242,3481 3243,3481 3248,3481 3250,3484 3250,3485 3251,3485 3256,3485 3257,3486 3258,3486 3258,3487 3258,3493 3259,3493 3260,3493 3262,3496 3262,3509 3261,3510 3260,3510 3258,3512 3258,3513 3257,3514 3252,3514 3250,3516 3250,3517 3249,3518 2648,3521 2647,3522 2476,3522 2474,3524 2474,3525 2473,3527 2300,3527 2299,3528 2299,3529 2298,3530 1824,3532 1823,3533 1823,3534 1823,3534 1752,3535 1750,3536 1750,3537 1750,3538 1678,3538 1677,3538 1677,3581 1675,3584 1674,3584 1673,3584 1673,3585 1672,3587"/><TextEquiv index="1"><Unicode>enfin reconnoître que nous marchions.</Unicode></TextEquiv></TextLine><TextLine id="r0_l016"><Coords points="2561,3790 2559,3789 2559,3788 2558,3786 2536,3786 2535,3786 2535,3785 2533,3782 2532,3782 2531,3782 2531,3760 2531,3759 33,3770 32,3770 32,3767 33,3766 34,3766 36,3764 36,3763 37,3762 2531,3751 2531,3751 2531,3740 2531,3739 1863,3742 1862,3741 1567,3742 1566,3741 1565,3741 1564,3740 1213,3742 1212,3741 961,3742 960,3741 890,3741 889,3741 889,3740 888,3738 872,3738 871,3737 803,3738 802,3737 756,3737 755,3737 755,3736 753,3733 663,3733 662,3732 517,3733 515,3732 515,3731 514,3729 509,3729 507,3728 507,3727 507,3726 506,3726 505,3725 456,3725 454,3724 454,3723 453,3721 408,3722 407,3721 192,3721 190,3720 190,3719 189,3717 188,3717 186,3716 186,3715 185,3713 179,3714 178,3713 172,3713 169,3710 169,3709 169,3709 168,3709 165,3706 165,3705 165,3705 164,3705 161,3702 161,3701 160,3701 45,3701 44,3700 44,3698 44,3697 46,3697 47,3696 51,3696 52,3696 52,3593 53,3591 54,3591 56,3590 55,3589 56,3588 57,3588 58,3587 173,3587 174,3585 174,3584 176,3583 182,3583 182,3582 182,3581 184,3579 218,3579 218,3580 218,3581 222,3584 461,3583 462,3585 462,3587 463,3587 596,3587 596,3587 597,3590 597,3591 598,3591 600,3592 600,3593 600,3594 3107,3583 3108,3583 3108,3584 3109,3585 3109,3586 3112,3589 3112,3590 3112,3591 3118,3591 3120,3592 3120,3598 3120,3599 3121,3599 3124,3601 3124,3602 3124,3603 3134,3603 3136,3604 3136,3613 3137,3615 3141,3615 3142,3616 3143,3616 3144,3616 3144,3617 3146,3620 3147,3620 3148,3620 3148,3632 3148,3633 3195,3632 3197,3634 3197,3636 3197,3636 3244,3636 3246,3638 3246,3639 3246,3639 3247,3640 3248,3640 3250,3642 3250,3643 3250,3643 3251,3644 3252,3644 3254,3646 3254,3651 3255,3652 3256,3652 3258,3654 3258,3708 3260,3709 3265,3709 3266,3711 3266,3720 3265,3721 3264,3721 3262,3723 3262,3724 3261,3725 2677,3728 2676,3729 2580,3729 2579,3730 2579,3782 2579,3782 2578,3782 2574,3786 2569,3786 2567,3788 2567,3789 2566,3790"/><TextEquiv index="1"><Unicode>O ciel! nous montâmes ſur le pont. On</Unicode></TextEquiv></TextLine><TextLine id="r0_l017"><Coords points="1359,3998 1356,3996 1356,3995 1356,3994 1355,3994 1352,3992 1352,3941 1352,3940 1151,3941 1149,3943 1149,3968 1148,3969 1147,3969 1145,3971 1145,3976 1144,3977 1143,3977 1141,3979 1141,3980 1140,3981 1139,3981 1137,3983 1137,3984 1136,3985 1135,3985 1133,3987 1133,3988 1132,3989 1130,3989 1129,3989 1129,3988 1127,3985 1126,3985 1125,3985 1125,3946 1125,3945 1095,3946 1094,3945 1017,3945 1015,3943 1015,3942 1014,3941 981,3941 980,3940 597,3942 596,3942 596,3951 595,3953 594,3953 592,3954 592,3959 591,3961 590,3961 588,3962 588,3971 587,3973 586,3973 584,3974 584,3975 583,3977 582,3977 580,3978 580,3979 578,3982 577,3982 576,3982 576,3983 575,3985 565,3985 564,3984 564,3937 564,3937 506,3937 505,3936 504,3936 503,3936 503,3935 502,3933 409,3934 405,3930 405,3924 404,3924 235,3924 235,3924 235,3923 232,3920 178,3921 178,3920 178,3916 177,3916 134,3916 133,3914 133,3888 132,3888 68,3888 68,3889 68,3940 67,3941 66,3941 64,3940 64,3939 63,3937 62,3937 60,3936 60,3889 59,3888 56,3888 56,3889 56,3952 55,3953 54,3953 52,3952 52,3951 51,3949 50,3949 48,3948 48,3886 47,3885 47,3856 46,3855 44,3855 44,3855 44,3854 43,3853 41,3851 40,3851 40,3851 40,3836 39,3835 37,3835 36,3834 36,3833 35,3832 35,3828 34,3827 32,3827 31,3826 31,3825 32,3824 31,3785 32,3784 32,3783 33,3782 35,3782 35,3783 35,3784 37,3785 38,3786 39,3786 39,3787 39,3788 40,3789 40,3790 41,3790 43,3790 44,3792 45,3827 45,3827 46,3827 48,3829 48,3835 48,3835 160,3835 161,3836 184,3835 186,3837 186,3838 187,3839 257,3839 259,3841 259,3842 260,3843 265,3843 267,3845 267,3847 267,3847 387,3847 388,3848 428,3847 430,3849 430,3850 431,3851 521,3851 523,3853 523,3854 524,3855 746,3854 747,3854 747,3818 747,3817 747,3804 749,3802 765,3802 766,3803 767,3803 767,3803 767,3804 770,3807 771,3807 771,3807 772,3854 772,3855 822,3855 824,3856 824,3857 825,3859 838,3859 840,3861 999,3860 1000,3859 999,3811 1001,3810 1002,3810 1003,3808 1003,3807 1004,3807 1005,3807 1007,3804 1007,3803 1008,3803 1009,3803 1010,3802 1017,3802 1019,3804 1019,3805 1020,3806 1025,3806 1026,3807 1198,3806 1198,3806 1198,3804 1199,3803 1200,3803 1201,3802 1208,3802 1213,3807 1214,3807 1214,3808 1214,3814 1215,3814 1216,3814 1217,3815 1218,3829 1219,3831 1220,3831 1222,3832 1222,3833 1222,3834 1223,3835 1224,3835 1226,3836 1226,3841 1227,3843 1228,3843 1230,3844 1230,3862 1230,3863 1367,3862 1370,3859 1371,3859 1372,3859 1372,3858 1374,3855 1449,3855 1450,3854 1449,3810 1450,3809 1450,3807 1451,3807 1452,3807 1453,3806 1457,3806 1458,3804 1458,3803 1459,3803 1460,3803 1461,3802 1469,3802 1470,3800 1470,3799 1471,3799 1472,3799 1473,3798 1477,3798 1478,3799 1479,3859 1479,3860 1717,3859 1718,3858 1718,3816 1719,3815 1718,3807 1719,3807 1720,3807 1721,3806 1740,3806 1741,3807 1742,3807 1742,3807 1743,3817 1744,3819 1745,3819 1746,3819 1746,3863 1746,3864 1928,3863 1929,3862 1929,3860 1929,3860 1930,3860 1931,3859 1936,3859 1937,3858 1937,3857 1939,3855 2087,3854 2088,3854 2088,3853 2089,3851 2239,3851 2240,3852 2260,3851 2263,3854 2263,3855 2263,3855 2264,3855 2267,3858 2267,3859 2267,3859 2558,3858 2559,3858 2559,3841 2560,3839 2561,3839 2563,3838 2563,3833 2564,3831 2565,3831 2567,3830 2567,3825 2568,3823 2569,3823 2570,3823 2571,3822 2571,3821 2572,3819 2573,3819 2575,3818 2575,3817 2576,3815 2578,3815 2580,3814 2579,3813 2581,3811 2582,3811 2583,3810 2587,3810 2587,3810 2587,3809 2590,3806 2595,3806 2596,3804 2596,3803 2598,3802 2599,3802 2599,3801 2600,3800 2600,3799 2602,3798 2611,3798 2612,3796 2612,3795 2614,3794 2807,3793 2807,3793 2807,3792 2809,3790 2818,3790 2819,3791 2819,3792 2822,3795 2823,3795 2823,3795 2823,3796 2826,3799 2827,3799 2827,3799 2827,3800 2830,3803 2831,3803 2831,3803 2832,3842 2832,3843 2952,3842 2953,3842 2953,3841 2954,3839 3049,3839 3050,3838 3050,3837 3052,3835 3073,3835 3075,3836 3075,3837 3076,3839 3156,3839 3157,3840 3171,3839 3172,3840 3172,3841 3173,3842 3173,3846 3174,3847 3175,3847 3177,3849 3177,3863 3177,3863 3217,3863 3218,3863 3217,3804 3218,3803 3219,3803 3220,3802 3222,3805 3223,3863 3223,3863 3255,3863 3260,3868 3261,3868 3262,3869 3262,3875 3262,3875 3263,3875 3266,3878 3266,3883 3265,3883 3264,3883 3263,3884 3262,3886 3262,3887 3260,3888 3255,3888 3254,3890 3254,3891 3252,3892 3177,3892 3177,3893 3177,3911 3175,3912 3174,3912 3172,3914 3172,3915 3172,3916 3171,3916 3170,3916 3168,3919 3168,3920 3167,3920 3157,3921 3156,3920 2860,3921 2860,3921 2860,3922 2858,3924 2857,3924 2856,3925 2855,3925 2854,3924 2701,3925 2701,3925 2701,3956 2700,3958 2698,3958 2697,3958 2697,3959 2696,3961 2691,3961 2689,3962 2689,3963 2688,3965 2646,3965 2645,3964 2645,3963 2643,3961 2638,3961 2636,3959 2636,3958 2635,3957 2630,3957 2628,3955 2628,3954 2627,3953 2626,3953 2625,3952 2624,3951 2624,3950 2622,3948 2621,3948 2620,3947 2620,3946 2618,3944 2617,3944 2616,3943 2616,3938 2614,3936 2613,3936 2612,3935 2612,3934 2610,3932 2609,3932 2608,3931 2608,3926 2605,3924 2604,3924 2604,3923 2604,3922 2601,3920 2328,3921 2328,3922 2328,3967 2327,3968 2327,3969 2327,3969 2325,3969 2323,3968 2323,3937 2323,3936 2322,3936 2321,3937 2313,3937 2311,3939 2311,3940 2310,3941 2309,3941 2307,3940 2307,3939 2306,3937 2241,3938 2240,3937 2235,3937 2040,3937 2039,3938 2039,3939 2037,3941 2017,3942 2016,3941 1793,3941 1791,3943 1791,3944 1791,3944 1790,3944 1789,3945 1785,3946 1784,3945 1558,3946 1557,3945 1398,3945 1397,3946 1397,3992 1395,3994 1394,3994 1393,3995 1393,3996 1391,3998"/><TextEquiv index="1"><Unicode>ne voyoit déjà plus la terre. „Qu'avez-</Unicode></TextEquiv></TextLine><TextLine id="r0_l018"><Coords points="898,4204 897,4204 897,4145 896,4144 57,4148 56,4147 56,4080 55,4079 53,4079 52,4078 52,4072 51,4071 49,4071 48,4070 48,4069 47,4068 47,4066 48,4065 48,4064 48,4063 132,4063 133,4062 133,4051 133,4051 134,4051 135,4050 735,4047 736,4046 738,4046 738,4046 738,4033 741,4030 742,4030 742,4030 742,4029 743,4028 743,4024 751,4016 751,4011 752,4010 753,4010 754,4009 755,4008 755,4007 756,4006 761,4006 766,4001 775,4001 775,4000 775,3999 778,3997 785,3997 786,3998 787,3998 787,3998 787,3999 789,4001 793,4001 794,4002 795,4002 796,4003 893,4002 894,4003 2726,3995 2726,3995 2726,3991 2728,3989 2737,3989 2738,3988 2738,3987 2740,3985 2875,3985 2876,3986 2876,3987 2877,3988 2879,3990 2880,3990 2880,3990 2880,3991 2883,3994 2884,3994 2885,3995 3224,3993 3225,3995 3225,3996 3228,3998 3229,3998 3229,3999 3229,4000 3232,4002 3233,4002 3234,4004 3234,4005 3236,4006 3241,4006 3242,4008 3242,4009 3244,4010 3245,4010 3246,4012 3246,4013 3248,4014 3249,4014 3250,4016 3250,4017 3252,4018 3253,4018 3254,4019 3509,4018 3510,4019 3510,4020 3511,4021 3512,4021 3514,4023 3514,4024 3513,4026 3259,4027 3258,4028 3258,4037 3257,4038 3258,4053 3255,4055 3254,4055 3254,4056 3254,4061 3251,4063 3250,4063 3250,4064 3250,4069 3247,4071 3238,4071 3238,4072 3238,4122 3236,4123 3235,4123 3234,4125 3234,4126 3231,4128 3051,4129 3051,4129 3051,4149 3047,4154 3047,4167 3046,4168 3045,4168 3044,4169 3042,4171 3042,4172 3042,4172 3041,4172 3038,4175 3038,4176 3038,4176 3012,4176 3011,4177 3011,4188 3011,4188 2537,4190 2536,4191 2536,4193 2536,4193 2530,4193 2529,4193 2529,4167 2529,4166 1049,4173 1047,4174 1047,4175 1047,4176 911,4176 910,4177 910,4204 910,4204"/><TextEquiv index="1"><Unicode>“vous fait, malheureux, m'écriai - je?</Unicode></TextEquiv></TextLine><TextLine id="r0_l019"><Coords points="3240,4400 3238,4399 3238,4398 3237,4397 3237,4371 3236,4370 1677,4377 1677,4377 1677,4394 1676,4396 1675,4396 1674,4397 1673,4398 1673,4399 1672,4400 1651,4400 1649,4402 1649,4403 1648,4404 1648,4404 1647,4404 1644,4402 1644,4401 1644,4400 1643,4400 1641,4399 1641,4347 1640,4346 48,4353 48,4354 48,4374 46,4375 44,4375 44,4375 44,4374 41,4371 40,4371 40,4371 40,4370 39,4369 39,4348 38,4347 36,4347 36,4347 36,4344 36,4343 37,4343 39,4342 40,4341 40,4340 40,4339 44,4339 45,4339 44,4243 46,4241 48,4241 48,4241 48,4190 50,4188 51,4188 52,4190 52,4192 53,4192 54,4192 55,4193 56,4193 56,4194 56,4196 55,4197 56,4197 313,4196 314,4197 315,4197 316,4198 675,4196 676,4197 677,4197 678,4199 678,4200 680,4201 681,4201 682,4203 682,4204 684,4205 911,4204 912,4205 913,4205 913,4206 913,4207 916,4209 917,4209 918,4210 2518,4203 2521,4200 2522,4200 2522,4200 2522,4199 2524,4197 2525,4197 2525,4197 2527,4195 2527,4194 2528,4193 2847,4192 2847,4191 2847,4190 2850,4188 3006,4187 3007,4186 3009,4188 3012,4188 3013,4189 3014,4189 3014,4190 3014,4191 3017,4193 3018,4193 3018,4194 3018,4195 3021,4197 3022,4197 3022,4198 3022,4216 3024,4217 3025,4217 3026,4219 3026,4245 3027,4245 3151,4245 3152,4246 3152,4247 3155,4250 3156,4250 3156,4250 3156,4252 3159,4255 3160,4255 3160,4255 3160,4260 3163,4263 3164,4262 3164,4263 3164,4264 3167,4266 3168,4266 3168,4267 3168,4268 3169,4269 3170,4298 3170,4298 3243,4298 3250,4305 3250,4306 3250,4306 3255,4306 3256,4307 3257,4307 3258,4308 3258,4309 3259,4310 3264,4310 3266,4312 3266,4314 3265,4314 3264,4314 3262,4317 3262,4338 3260,4339 3259,4339 3258,4341 3258,4350 3256,4351 3255,4351 3254,4353 3254,4354 3252,4355 3251,4355 3250,4357 3250,4358 3248,4359 3247,4359 3246,4361 3246,4398 3244,4400"/><TextEquiv index="1"><Unicode>“Ne deviez-vous pas m'avertir? Vîte,</Unicode></TextEquiv></TextLine><TextLine id="r0_l020"><Coords points="3147,4603 3147,4602 3147,4538 3146,4538 2954,4538 2953,4537 2953,4536 2951,4534 2942,4534 2941,4533 2941,4532 2939,4530 2934,4531 2933,4530 2780,4530 2778,4528 2778,4527 2777,4526 2763,4526 2762,4525 2762,4515 2761,4514 2760,4514 2758,4512 2758,4511 2757,4510 2756,4510 2755,4509 2592,4510 2592,4510 2592,4511 2589,4514 2437,4515 2437,4515 2437,4520 2436,4521 2435,4521 2433,4523 2433,4524 2431,4526 2414,4526 2413,4527 2413,4528 2411,4530 2319,4530 2319,4531 2319,4541 2317,4542 2308,4542 2307,4544 2307,4545 2305,4546 2251,4546 2250,4548 2250,4549 2248,4550 2243,4551 2242,4550 2231,4550 2230,4548 2230,4547 2228,4546 2028,4546 2027,4548 2027,4549 2025,4550 2012,4551 2011,4550 1844,4550 1843,4549 1621,4550 1620,4549 1459,4550 1458,4548 1458,4546 1457,4546 1361,4546 1360,4545 979,4547 976,4550 967,4550 966,4549 966,4548 964,4546 894,4546 893,4545 695,4546 694,4545 694,4544 692,4542 637,4543 636,4542 439,4542 438,4541 438,4540 436,4538 435,4538 434,4537 362,4538 360,4535 360,4534 359,4534 289,4534 287,4532 287,4518 286,4517 134,4518 133,4519 133,4520 131,4522 68,4522 68,4523 68,4529 66,4530 65,4530 64,4532 64,4537 62,4538 61,4538 60,4537 60,4536 58,4534 57,4534 56,4533 56,4527 55,4526 41,4526 39,4524 39,4511 37,4509 36,4509 36,4509 36,4508 35,4507 34,4506 36,4504 36,4503 38,4501 40,4501 40,4501 40,4417 41,4416 47,4416 48,4418 48,4465 49,4465 125,4465 125,4464 125,4457 126,4457 291,4456 292,4455 292,4401 293,4400 294,4400 296,4398 296,4397 297,4396 364,4396 365,4397 490,4396 491,4398 491,4399 493,4400 506,4400 507,4402 507,4411 509,4412 510,4412 511,4414 511,4460 512,4460 624,4460 625,4458 625,4457 626,4457 695,4456 696,4457 697,4457 698,4459 698,4460 699,4460 700,4460 701,4461 811,4461 812,4462 812,4464 813,4465 970,4464 970,4464 970,4463 972,4461 982,4461 982,4462 982,4463 985,4465 1094,4465 1095,4466 1197,4465 1198,4467 1198,4468 1200,4469 1389,4468 1389,4468 1389,4414 1391,4412 1396,4412 1397,4411 1397,4410 1399,4408 1553,4408 1554,4409 1559,4409 1559,4409 1559,4410 1564,4415 1564,4465 1565,4465 1713,4465 1714,4466 1714,4467 1716,4469 1717,4469 1718,4470 1811,4469 1811,4469 1811,4414 1813,4412 1814,4412 1816,4410 1816,4409 1817,4408 1823,4408 1823,4409 1823,4410 1826,4412 1827,4412 1827,4413 1827,4414 1828,4415 1828,4420 1829,4420 1830,4420 1832,4423 1832,4428 1833,4428 1834,4428 1836,4431 1836,4440 1837,4440 1838,4440 1840,4443 1840,4444 1841,4444 1842,4444 1844,4447 1844,4456 1845,4456 1938,4456 1939,4457 1941,4457 1941,4457 1941,4461 1942,4462 2240,4461 2241,4462 2254,4461 2254,4462 2254,4463 2257,4465 2266,4465 2266,4466 2266,4467 2269,4469 2270,4469 2270,4470 2270,4471 2271,4472 2271,4473 2272,4473 2428,4473 2429,4474 2429,4475 2431,4477 2436,4477 2437,4478 2437,4479 2439,4481 2440,4481 2441,4482 2441,4489 2442,4490 2631,4489 2632,4487 2632,4486 2634,4485 2660,4485 2660,4484 2660,4483 2663,4481 2758,4480 2758,4480 2758,4479 2760,4477 2761,4477 2761,4477 2762,4476 2762,4475 2764,4473 2765,4473 2766,4472 2766,4471 2768,4469 2773,4469 2775,4467 2775,4466 2776,4465 2896,4465 2896,4464 2896,4450 2899,4448 2900,4448 2900,4447 2900,4434 2903,4432 2904,4432 2904,4431 2904,4430 2907,4428 2908,4428 2908,4427 2908,4422 2909,4421 2909,4420 2910,4420 2916,4420 2916,4419 2916,4418 2919,4416 2920,4416 2920,4415 2920,4414 2923,4412 2929,4412 2929,4411 2929,4410 2931,4409 2932,4409 2933,4407 2933,4406 2935,4405 2936,4404 2937,4403 2937,4402 2939,4400 2968,4400 2969,4399 2969,4398 2971,4396 2973,4396 2974,4398 2974,4399 2976,4400 3124,4400 3124,4399 3124,4396 3125,4396 3135,4396 3136,4394 3136,4393 3138,4392 3148,4392 3148,4392 3148,4393 3150,4395 3151,4396 3152,4396 3152,4396 3152,4452 3153,4453 3219,4452 3220,4453 3221,4453 3221,4454 3221,4455 3224,4457 3229,4457 3229,4458 3229,4459 3232,4461 3237,4461 3238,4463 3239,4513 3239,4513 3250,4513 3251,4514 3252,4514 3254,4516 3254,4529 3253,4529 3252,4529 3245,4537 3245,4538 3244,4538 3190,4538 3189,4537 3165,4537 3165,4538 3165,4602 3164,4602"/><TextEquiv index="1"><Unicode>“il faut me conduire à terre.“ -- „Cela</Unicode></TextEquiv></TextLine><TextLine id="r0_l021"><Coords points="2486,4812 2485,4811 1974,4814 1974,4813 1974,4807 1973,4807 1095,4811 1094,4810 1068,4810 1067,4809 711,4810 710,4809 710,4749 709,4748 467,4749 466,4748 466,4747 464,4745 459,4745 458,4744 313,4745 312,4743 312,4742 310,4741 309,4741 308,4739 307,4728 307,4728 123,4729 121,4727 121,4669 123,4668 124,4668 125,4666 125,4665 127,4664 160,4664 162,4661 162,4660 163,4660 401,4659 401,4658 401,4643 401,4643 46,4644 44,4643 44,4642 43,4641 43,4635 44,4634 44,4633 46,4631 401,4630 401,4629 401,4612 402,4611 407,4611 408,4612 582,4611 584,4612 584,4613 585,4615 2598,4606 2601,4603 2606,4603 2608,4605 3165,4602 3166,4603 3167,4603 3168,4604 3168,4605 3169,4606 3169,4684 3170,4684 3261,4684 3262,4686 3262,4695 3265,4697 3266,4697 3266,4698 3266,4704 3266,4704 3265,4704 3264,4705 3259,4705 3258,4706 3258,4707 3256,4709 3251,4709 3250,4710 3250,4711 3248,4713 3186,4713 3185,4714 3186,4731 3185,4732 3185,4736 3183,4737 3182,4737 3181,4739 3181,4740 3179,4741 3083,4742 3083,4742 3083,4792 3081,4794 3072,4794 3071,4795 3071,4796 3069,4798 2498,4800 2498,4801 2498,4812 2497,4812"/><TextEquiv index="1"><Unicode>“n'eſt pas poſſible, répondit le Capi-</Unicode></TextEquiv></TextLine><TextLine id="r0_l022"><Coords points="2858,5011 2857,5009 2856,4948 2856,4948 2705,4949 2704,4949 2705,5005 2704,5006 2693,5006 2693,5006 2693,5007 2691,5009 2669,5009 2669,5008 2669,5007 2667,5005 2666,5005 2665,5005 2665,5004 2664,4953 2664,4953 2463,4954 2332,4954 2331,4955 2331,4956 2331,4956 2330,4956 2327,4959 2328,4960 2327,4960 2326,4960 2325,4961 2238,4962 2238,4962 2238,4979 2236,4981 2235,4981 2234,4982 2234,4983 2232,4985 2231,4985 2230,4986 2230,4991 2228,4993 2227,4993 2226,4994 2226,4999 2224,5001 2223,5001 2222,5002 2222,5003 2220,5005 2214,5005 2214,5004 2214,4997 2213,4996 2213,4965 2212,4965 2101,4965 2100,4964 2100,4963 2098,4961 1917,4962 1917,4962 1917,4963 1915,4965 1829,4965 1828,4964 1828,4963 1826,4961 1783,4962 1782,4961 1535,4962 1535,4962 1535,4963 1533,4965 1532,4965 1531,4963 1531,4961 1530,4961 1372,4961 1372,4962 1372,5009 1371,5009 1370,5009 1368,5012 1368,5013 1367,5013 1365,5013 1364,5014 1363,5014 1362,5013 1361,5013 1360,5012 1360,4962 1359,4961 1198,4962 1195,4965 1098,4966 1096,4963 1095,4961 1094,4960 1028,4960 1027,4959 1027,4958 1026,4957 877,4957 876,4956 839,4957 838,4956 622,4957 621,4957 621,4958 619,4961 616,4961 615,4960 614,4960 613,4959 613,4958 612,4957 595,4957 592,4954 592,4953 592,4953 490,4953 489,4952 316,4953 315,4952 314,4952 306,4944 305,4944 304,4943 304,4933 303,4932 302,4932 300,4930 300,4927 300,4927 131,4928 129,4926 129,4925 128,4924 128,4924 127,4924 125,4922 125,4920 125,4920 41,4920 40,4920 40,4919 39,4918 39,4909 39,4908 38,4908 36,4907 36,4906 35,4904 34,4904 31,4902 31,4901 31,4900 30,4900 27,4898 27,4894 30,4891 129,4891 129,4890 129,4872 131,4871 132,4871 133,4869 133,4868 135,4867 165,4867 165,4866 165,4865 168,4863 304,4862 304,4861 304,4860 306,4859 315,4859 316,4860 316,4861 318,4863 319,4863 320,4864 426,4863 426,4863 426,4816 427,4814 428,4814 430,4813 430,4812 431,4810 440,4810 442,4812 442,4813 443,4814 448,4814 450,4816 450,4821 451,4822 452,4822 454,4824 454,4871 455,4871 624,4871 624,4871 624,4872 627,4875 632,4875 633,4876 633,4877 636,4880 637,4880 637,4880 637,4882 640,4885 641,4885 641,4885 641,4890 644,4893 645,4892 645,4893 645,4898 647,4899 652,4899 653,4901 653,4924 654,4924 836,4924 836,4923 836,4823 836,4823 837,4823 838,4822 865,4822 866,4823 968,4822 970,4824 970,4875 971,4875 1095,4875 1096,4876 1352,4874 1352,4874 1352,4869 1354,4867 1355,4867 1356,4866 1356,4853 1358,4851 1359,4851 1360,4850 1360,4845 1361,4843 1362,4843 1364,4842 1364,4837 1365,4835 1366,4835 1368,4834 1368,4833 1370,4830 1371,4830 1372,4830 1372,4829 1374,4826 1375,4826 1376,4826 1376,4825 1378,4822 1379,4822 1381,4821 1381,4820 1382,4818 1411,4818 1413,4820 1413,4821 1415,4823 1416,4823 1417,4824 1417,4875 1418,4875 1453,4875 1454,4876 1454,4877 1456,4879 1661,4878 1661,4878 1661,4877 1663,4875 1757,4875 1758,4876 2080,4874 2080,4874 2080,4828 2081,4826 2082,4826 2084,4825 2084,4824 2085,4822 2094,4822 2096,4821 2096,4820 2097,4818 2105,4818 2106,4819 2107,4819 2108,4820 2108,4821 2110,4823 2290,4822 2291,4822 2291,4820 2292,4818 2296,4818 2297,4819 2298,4819 2299,4820 2299,4821 2301,4823 2302,4823 2303,4824 2303,4834 2303,4834 2304,4834 2305,4835 2306,4835 2307,4836 2307,4842 2307,4842 2308,4842 2311,4845 2311,4854 2313,4855 2314,4855 2315,4856 2315,4857 2315,4858 2317,4859 2318,4859 2322,4863 2323,4863 2323,4864 2323,4879 2324,4879 2482,4878 2482,4878 2482,4877 2484,4875 2486,4875 2486,4875 2486,4813 2486,4812 2497,4812 2499,4814 2500,4814 2501,4815 2502,4816 2502,4817 2503,4818 2504,4818 2506,4820 2506,4829 2508,4831 2509,4831 2510,4832 2510,4841 2512,4843 2513,4843 2514,4844 2514,4849 2517,4851 2526,4851 2526,4852 2526,4853 2529,4855 2530,4855 2531,4857 2531,4871 2532,4871 2668,4871 2669,4869 2669,4868 2671,4867 2680,4867 2681,4865 2681,4864 2683,4863 2758,4862 2758,4862 2758,4812 2759,4810 2760,4810 2762,4809 2762,4808 2763,4806 2773,4806 2774,4806 2774,4805 2775,4804 2775,4803 2775,4802 2780,4802 2783,4805 2783,4806 2783,4806 2784,4806 2787,4809 2787,4863 2788,4863 2928,4863 2929,4864 3128,4863 3128,4862 3128,4811 3129,4810 3130,4810 3132,4808 3132,4807 3133,4806 3150,4806 3152,4807 3152,4808 3153,4810 3154,4810 3156,4811 3156,4835 3156,4836 3245,4835 3246,4836 3246,4870 3257,4880 3258,4880 3258,4881 3258,4931 3257,4932 3256,4932 3254,4934 3254,4935 3253,4936 3252,4936 3251,4937 3250,4938 3250,4939 3249,4940 3248,4940 3246,4942 3246,4947 3245,4948 3228,4948 3225,4951 3225,4952 3225,4952 3224,4952 3223,4953 3217,4953 3216,4952 3215,4952 3214,4952 3213,4951 3213,4950 3212,4948 3207,4948 3206,4947 2929,4949 2928,4948 2867,4948 2866,4948 2867,5010 2866,5011"/><TextEquiv index="1"><Unicode>“taine. Nous ſommes déjà à plus de</Unicode></TextEquiv></TextLine><TextLine id="r0_l023"><Coords points="545,5217 544,5215 544,5214 542,5213 533,5213 531,5210 531,5209 529,5208 528,5208 527,5207 527,5206 526,5205 525,5204 524,5204 523,5203 522,5161 522,5160 449,5160 448,5159 447,5159 446,5159 446,5158 445,5156 432,5156 431,5155 327,5156 320,5149 320,5144 320,5144 319,5144 316,5141 316,5134 316,5134 28,5135 27,5136 27,5139 27,5139 26,5139 25,5140 23,5140 22,5139 21,5139 19,5138 19,5133 21,5131 121,5131 121,5130 121,5079 122,5079 123,5079 125,5076 125,5075 125,5075 126,5075 129,5072 129,5071 130,5070 167,5070 168,5071 380,5070 381,5069 381,5022 381,5022 382,5022 387,5017 399,5017 401,5018 401,5072 402,5074 403,5074 404,5075 627,5074 629,5072 629,5071 630,5070 774,5069 775,5068 775,5027 776,5026 780,5026 781,5025 782,5025 783,5024 783,5023 785,5021 790,5021 791,5020 791,5019 793,5017 801,5017 804,5019 804,5020 804,5021 849,5021 850,5022 851,5022 852,5022 852,5023 854,5026 855,5026 856,5026 856,5027 857,5028 857,5078 858,5079 1095,5078 1096,5079 1270,5078 1271,5079 1271,5080 1273,5082 1277,5082 1278,5083 1428,5082 1429,5084 1429,5086 1430,5086 1657,5085 1657,5085 1657,5084 1658,5083 1659,5083 1660,5082 1732,5082 1733,5083 1734,5083 1734,5083 1734,5084 1736,5086 1740,5086 1741,5087 1981,5086 1982,5084 1982,5083 1983,5083 1984,5083 1985,5082 1992,5082 1993,5083 2237,5082 2238,5080 2238,5079 2239,5079 2240,5079 2241,5078 2376,5077 2376,5076 2376,5027 2378,5025 2379,5025 2380,5024 2380,5023 2382,5021 2402,5021 2405,5023 2405,5024 2405,5025 2406,5025 2409,5027 2409,5073 2410,5074 2627,5073 2628,5072 2628,5071 2629,5070 2798,5069 2799,5069 2799,5068 2800,5066 2850,5066 2851,5065 2851,5016 2852,5015 2852,5014 2853,5013 2854,5013 2856,5011 2856,5010 2856,5010 2921,5010 2922,5009 2926,5009 2927,5010 2983,5009 2986,5012 2986,5062 2986,5062 3057,5062 3059,5063 3059,5064 3061,5067 3243,5066 3254,5077 3254,5089 3252,5091 3243,5091 3242,5092 3242,5150 3240,5152 3239,5152 3238,5153 3238,5154 3236,5156 3158,5157 3157,5156 3045,5156 3043,5155 3043,5154 3042,5152 2812,5153 2809,5156 2797,5156 2796,5155 2479,5156 2478,5157 2478,5158 2476,5161 2467,5161 2464,5164 2461,5161 2461,5160 2461,5160 2256,5160 2254,5162 2254,5163 2253,5164 2242,5165 2241,5164 1983,5165 1982,5165 1982,5166 1981,5168 1976,5168 1974,5169 1974,5170 1973,5172 1866,5172 1865,5171 1619,5172 1618,5171 1533,5172 1531,5170 1531,5169 1530,5168 1292,5169 1291,5169 1291,5178 1290,5180 1289,5180 1287,5181 1287,5190 1287,5191 1286,5191 1285,5192 1284,5192 1283,5193 1283,5194 1281,5196 1280,5196 1279,5197 1279,5198 1276,5201 1275,5201 1275,5201 1275,5202 1272,5205 1271,5205 1271,5205 1271,5206 1268,5209 1267,5209 1267,5209 1267,5210 1264,5213 1257,5213 1256,5212 1255,5212 1255,5211 1255,5209 1254,5208 1253,5164 1253,5164 1020,5165 1019,5165 1019,5166 1018,5168 1017,5168 1015,5166 1015,5165 1014,5164 908,5164 905,5162 905,5161 905,5160 900,5160 899,5159 655,5160 653,5162 653,5163 652,5164 602,5165 601,5165 601,5171 600,5172 601,5192 600,5193 600,5195 599,5196 598,5196 596,5198 596,5199 595,5200 594,5200 592,5202 592,5203 591,5204 586,5204 580,5210 580,5211 579,5212 578,5212 577,5213 568,5213 568,5213 568,5214 565,5217"/><TextEquiv index="1"><Unicode>“vingt lieues; nous avons le meilleur</Unicode></TextEquiv></TextLine><TextLine id="r0_l024"><Coords points="141,5339 141,5339 124,5339 123,5338 122,5338 121,5337 121,5282 121,5282 122,5282 127,5277 141,5277 142,5276 142,5229 141,5229 29,5229 27,5227 27,5223 28,5221 143,5221 144,5221 144,5228 144,5229 2950,5216 2951,5217 2952,5217 2953,5218 2953,5219 2955,5221 2960,5221 2961,5222 2961,5223 2963,5225 2964,5225 2965,5226 2965,5262 2965,5262 3260,5261 3262,5263 3262,5273 3261,5273 3259,5273 3258,5274 3254,5274 3254,5275 3254,5346 3254,5346 3253,5346 3252,5347 3251,5347 3250,5348 3250,5353 3248,5355 3247,5355 3246,5356 3246,5357 3244,5359 3239,5359 3238,5360 3238,5361 3236,5363 2700,5366 2699,5366 2700,5424 2699,5425 144,5436 144,5436"/><TextEquiv index="1"><Unicode>“vent du monde, il faut en profiter.</Unicode></TextEquiv></TextLine><TextLine id="r0_l025"><Coords points="1413,5636 1412,5636 1412,5626 1412,5625 406,5630 405,5629 405,5574 405,5574 342,5574 340,5572 340,5567 339,5566 338,5566 336,5564 336,5542 336,5542 335,5542 334,5541 132,5542 126,5537 125,5537 125,5536 125,5490 126,5489 127,5489 129,5487 129,5482 130,5481 165,5481 166,5480 166,5477 166,5477 167,5477 168,5476 294,5475 295,5475 295,5428 296,5427 296,5425 296,5424 343,5424 344,5424 344,5425 346,5428 408,5428 409,5429 412,5429 413,5429 413,5430 414,5431 414,5433 414,5434 2569,5424 2570,5425 2699,5425 2705,5430 2705,5435 2706,5437 2707,5437 2709,5438 2709,5442 2710,5443 2710,5444 2710,5444 2711,5444 2713,5446 2713,5447 2714,5448 2714,5456 2714,5456 2715,5456 2718,5459 2718,5474 2718,5474 3226,5472 3227,5473 3228,5473 3229,5474 3229,5475 3231,5477 3232,5477 3234,5479 3234,5480 3235,5481 3240,5481 3242,5483 3242,5484 3243,5485 3244,5485 3246,5487 3246,5492 3247,5493 3248,5493 3250,5495 3250,5500 3251,5501 3252,5501 3254,5503 3254,5573 3256,5574 3261,5574 3262,5576 3262,5582 3262,5582 3080,5583 3079,5583 3079,5613 3078,5615 3061,5615 3059,5616 3059,5617 3058,5619 2783,5620 2782,5621 2782,5629 2782,5629 1421,5635 1420,5636"/><TextEquiv index="1"><Unicode>“Vous attendrez, s'il vous plaît, que</Unicode></TextEquiv></TextLine><TextLine id="r0_l026"><Coords points="915,5835 914,5835 914,5774 914,5773 868,5774 867,5773 614,5774 613,5774 613,5775 612,5777 504,5777 503,5777 503,5774 503,5773 427,5773 426,5773 426,5772 424,5769 411,5770 410,5769 346,5769 344,5767 344,5765 343,5765 305,5765 301,5761 300,5761 300,5761 300,5745 299,5744 126,5745 125,5743 125,5742 123,5741 122,5741 121,5739 121,5733 120,5733 60,5733 15,5733 15,5734 15,5753 14,5753 11,5753 11,5754 11,5777 11,5777 8,5777 7,5777 7,5717 6,5716 3,5716 3,5716 3,5682 4,5680 6,5680 7,5680 6,5651 7,5650 7,5637 9,5635 15,5635 15,5636 16,5684 16,5684 172,5684 173,5685 322,5684 324,5685 324,5687 324,5688 397,5688 398,5687 397,5648 399,5647 401,5647 401,5646 401,5636 403,5635 404,5635 405,5633 405,5630 406,5630 410,5630 410,5630 411,5688 411,5689 440,5688 442,5690 442,5691 443,5692 758,5691 759,5691 759,5690 760,5688 765,5688 767,5686 767,5685 768,5684 773,5684 775,5685 775,5687 775,5688 866,5688 867,5689 1058,5688 1059,5688 1059,5689 1061,5692 1062,5692 1063,5693 1277,5692 1279,5690 1279,5689 1280,5688 1293,5688 1294,5689 1400,5688 1401,5688 1401,5650 1401,5649 1401,5641 1403,5639 1404,5639 1405,5638 1405,5637 1407,5635 1412,5635 1413,5636 1421,5636 1421,5637 1421,5638 1423,5639 1424,5639 1425,5641 1425,5646 1427,5647 1428,5647 1429,5649 1430,5692 1430,5692 1505,5692 1506,5692 1506,5693 1508,5696 1513,5696 1514,5697 1687,5696 1688,5697 1952,5696 1953,5697 2273,5695 2275,5694 2275,5693 2275,5692 2281,5692 2282,5692 2282,5691 2284,5688 2439,5688 2441,5689 2441,5690 2442,5692 2451,5692 2452,5693 2704,5692 2705,5691 2705,5690 2706,5689 2760,5688 2762,5687 2762,5686 2763,5685 2762,5633 2764,5631 2765,5631 2767,5629 2892,5629 2894,5627 2895,5627 2896,5625 2896,5624 2898,5623 2929,5623 2930,5624 2936,5624 2937,5625 2937,5630 2939,5631 2940,5631 2941,5633 2942,5684 2942,5684 3147,5684 3148,5685 3249,5684 3250,5684 3250,5673 3251,5671 3252,5672 3253,5672 3254,5673 3254,5675 3254,5675 3255,5675 3256,5676 3257,5676 3258,5677 3258,5684 3258,5684 3265,5684 3266,5685 3266,5691 3264,5692 3263,5692 3262,5694 3262,5695 3260,5696 3254,5696 3254,5697 3254,5719 3252,5720 3251,5720 3250,5721 3246,5721 3246,5722 3246,5760 3245,5761 3244,5761 3242,5763 3242,5784 3241,5785 3240,5785 3238,5787 3238,5788 3236,5790 3231,5790 3229,5792 3229,5793 3228,5794 3223,5794 3221,5796 3221,5797 3220,5798 3215,5798 3213,5800 3213,5801 3212,5802 3211,5802 3210,5801 3209,5801 3209,5800 3205,5796 3205,5769 3205,5768 2955,5769 2953,5768 2953,5767 2952,5765 2935,5766 2934,5765 2747,5765 2746,5766 2746,5768 2745,5769 2736,5769 2734,5771 2734,5772 2733,5773 2621,5774 2620,5774 2620,5780 2620,5781 2617,5781 2616,5780 2616,5779 2613,5776 2431,5777 2429,5775 2429,5774 2428,5773 2248,5774 2246,5775 2246,5776 2245,5778 2109,5778 2108,5779 2108,5781 2108,5781 1868,5782 1867,5781 1679,5782 1677,5784 1677,5785 1677,5785 1675,5785 1673,5784 1673,5783 1673,5782 1672,5782 1669,5780 1669,5779 1668,5777 1555,5778 1554,5777 1553,5777 1551,5775 1551,5773 1551,5773 1333,5774 1332,5773 1131,5773 1129,5775 1129,5776 1128,5777 1126,5777 1125,5777 1125,5776 1123,5773 1102,5774 1101,5773 917,5773 916,5774 916,5835 916,5835"/><TextEquiv index="1"><Unicode>“nous rencontrions un autre vaiſſeau,</Unicode></TextEquiv></TextLine><TextLine id="r0_l027"><Coords points="1886,6037 1884,6036 1884,6035 1883,6033 1882,6033 1880,6032 1880,6031 1879,6029 1878,6029 1876,6028 1876,5978 1875,5977 1718,5978 1715,5981 1700,5981 1699,5980 1698,5980 1698,5979 1698,5978 1696,5977 1611,5977 1610,5976 1410,5977 1406,5981 1399,5981 1398,5980 1099,5982 1098,5981 1029,5981 1028,5980 659,5981 658,5980 373,5982 373,5982 373,6015 372,6017 371,6017 369,6018 369,6019 368,6021 342,6021 340,6019 340,5973 339,5973 331,5973 330,5972 329,5972 328,5970 328,5969 326,5968 325,5968 324,5966 324,5965 322,5964 313,5964 312,5962 312,5957 310,5956 309,5956 308,5954 308,5953 306,5952 305,5952 304,5950 304,5943 303,5943 16,5944 15,5946 15,5947 13,5948 4,5948 3,5947 3,5946 4,5944 5,5944 7,5943 7,5942 8,5940 11,5940 12,5940 11,5865 14,5862 15,5864 16,5940 16,5940 124,5940 125,5939 125,5900 126,5899 127,5899 129,5897 129,5892 130,5891 165,5891 166,5890 166,5888 167,5887 179,5887 180,5888 346,5887 349,5889 349,5890 349,5891 486,5890 487,5890 486,5850 487,5849 487,5848 489,5846 490,5846 491,5845 491,5844 493,5842 494,5842 495,5841 495,5840 497,5838 502,5838 503,5840 503,5841 510,5847 511,5847 511,5848 512,5899 512,5899 689,5898 690,5898 690,5897 691,5895 753,5895 755,5894 755,5893 756,5891 905,5890 906,5890 905,5845 913,5837 913,5836 914,5835 967,5835 968,5834 1022,5834 1023,5835 1023,5836 1025,5838 1026,5838 1027,5839 1028,5882 1028,5883 1029,5883 1031,5884 1031,5890 1031,5891 1210,5890 1211,5890 1210,5844 1212,5842 1217,5842 1218,5841 1218,5840 1220,5838 1325,5838 1328,5841 1328,5842 1329,5843 1334,5842 1335,5843 1336,5843 1336,5844 1337,5891 1337,5891 1399,5891 1401,5893 1401,5894 1402,5895 1619,5894 1624,5890 1624,5879 1625,5878 1624,5873 1626,5871 1627,5871 1628,5870 1628,5861 1630,5859 1631,5859 1632,5858 1633,5857 1633,5856 1634,5855 1635,5855 1637,5853 1637,5852 1638,5851 1639,5850 1640,5850 1641,5849 1641,5848 1642,5847 1643,5846 1644,5846 1645,5845 1645,5844 1647,5842 1656,5842 1657,5841 1657,5840 1659,5838 1684,5838 1685,5839 1685,5844 1687,5846 1688,5846 1689,5847 1689,5847 1689,5848 1690,5849 1691,5894 1691,5895 1720,5895 1721,5896 1893,5895 1894,5895 1893,5852 1895,5850 1896,5850 1897,5849 1897,5848 1899,5846 1904,5846 1905,5845 1905,5844 1907,5842 1920,5842 1921,5843 1922,5895 1922,5896 2110,5895 2111,5896 2326,5895 2327,5895 2327,5894 2328,5893 2328,5892 2328,5891 2490,5890 2491,5890 2490,5840 2492,5838 2493,5838 2494,5837 2494,5836 2496,5834 2509,5834 2510,5836 2510,5837 2512,5838 2513,5838 2514,5840 2515,5891 2515,5891 2589,5891 2590,5892 2833,5891 2836,5888 2836,5887 2836,5887 2837,5887 2840,5884 2840,5883 2840,5883 2850,5883 2851,5884 3033,5883 3034,5884 3034,5885 3040,5891 3158,5891 3159,5892 3166,5892 3169,5894 3169,5895 3169,5895 3223,5895 3226,5898 3226,5899 3226,5899 3235,5899 3238,5902 3238,5907 3238,5907 3239,5907 3242,5910 3242,5915 3242,5915 3243,5915 3246,5918 3246,5926 3243,5928 3242,5928 3242,5929 3242,5942 3241,5943 3241,5944 3240,5944 3230,5944 3230,5945 3230,5946 3227,5948 3226,5948 3226,5949 3226,5950 3223,5952 3210,5952 3209,5954 3209,5955 3207,5956 3091,5957 3091,5957 3091,5958 3087,5962 3087,5963 3086,5964 2963,5964 2961,5967 2961,5968 2960,5968 2958,5968 2957,5967 2957,5966 2956,5965 2955,5965 2953,5963 2758,5964 2758,5965 2758,5968 2757,5968 2596,5969 2595,5970 2595,5971 2594,5972 2471,5973 2470,5972 2284,5972 2283,5974 2283,5975 2281,5976 2280,5976 2279,5977 2271,5977 2271,5978 2271,5979 2269,5980 2218,5981 2218,5981 2218,5998 2216,6001 2215,6001 2214,6001 2214,6010 2213,6011 2213,6012 2213,6013 2212,6013 2210,6014 2210,6018 2209,6019 2209,6020 2209,6021 2204,6021 2201,6023 2201,6024 2201,6025 2200,6025 2197,6027 2197,6028 2197,6029 2188,6029 2184,6033 2146,6033 2145,6032 2145,6031 2143,6029 2142,6029 2141,6028 2141,6027 2139,6025 2138,6025 2137,6024 2137,6023 2135,6021 2134,6021 2132,6020 2132,5982 2131,5981 2041,5981 2040,5980 2004,5981 2002,5978 2002,5977 2001,5977 1889,5977 1889,5978 1889,6036 1888,6037"/><TextEquiv index="1"><Unicode>“qui veuille bien ſe charger de vous.“</Unicode></TextEquiv></TextLine><TextLine id="r0_l028"><Coords points="2764,6224 2762,6223 2762,6222 2762,6221 2761,6221 2760,6220 2735,6220 2734,6220 2734,6179 2733,6178 1765,6183 1764,6184 1686,6184 1685,6185 1685,6186 1683,6188 1601,6188 1599,6186 1096,6189 1095,6188 951,6188 950,6187 638,6189 637,6188 630,6188 629,6186 629,6185 627,6184 517,6184 516,6183 387,6184 386,6183 385,6183 385,6182 385,6181 383,6180 322,6180 321,6179 320,6179 320,6178 320,6177 317,6175 316,6175 316,6174 316,6163 315,6163 199,6163 198,6162 198,6161 196,6159 166,6160 165,6159 121,6159 121,6158 121,6152 119,6151 118,6151 117,6149 117,6144 118,6143 121,6143 122,6142 121,6026 123,6025 124,6025 125,6023 125,6022 127,6021 144,6021 145,6022 197,6021 198,6023 198,6024 200,6025 201,6025 202,6027 202,6033 203,6033 375,6033 376,6034 377,6034 377,6034 377,6035 379,6037 384,6037 385,6038 385,6041 386,6042 534,6041 535,6042 535,6043 538,6046 539,6046 539,6046 539,6047 540,6048 540,6093 541,6094 1925,6088 1925,6087 1925,6042 1926,6042 1927,6042 1928,6041 1948,6041 1950,6043 1950,6044 1951,6045 3047,6040 3047,6040 3047,6039 3049,6037 3050,6037 3051,6036 3051,6036 3051,6035 3053,6033 3054,6033 3055,6032 3055,6031 3055,6030 3057,6029 3062,6029 3063,6027 3063,6026 3064,6025 3065,6025 3066,6025 3067,6026 3067,6027 3069,6029 3094,6029 3095,6030 3095,6081 3096,6082 3131,6082 3132,6083 3132,6084 3133,6085 3134,6086 3135,6086 3136,6087 3136,6088 3137,6089 3138,6090 3139,6090 3140,6091 3140,6092 3142,6094 3143,6094 3144,6095 3144,6100 3147,6103 3148,6103 3148,6103 3149,6139 3149,6140 3219,6139 3222,6142 3222,6143 3222,6143 3227,6143 3230,6146 3230,6147 3230,6147 3231,6147 3234,6150 3234,6155 3234,6155 3235,6155 3238,6158 3238,6163 3238,6163 3239,6163 3242,6166 3242,6170 3239,6172 3238,6172 3238,6173 3238,6178 3235,6180 3234,6180 3234,6181 3234,6186 3231,6188 3226,6188 3226,6189 3226,6190 3223,6192 3222,6192 3222,6193 3222,6194 3219,6196 3218,6196 3217,6198 3217,6199 3215,6200 2770,6202 2770,6203 2770,6224 2770,6224"/><TextEquiv index="1"><Unicode>Il fallut me contenter de cette réponſe,</Unicode></TextEquiv></TextLine><TextLine id="r0_l029"><Coords points="1212,6452 1210,6451 1210,6450 1208,6448 1203,6448 1202,6447 1202,6446 1200,6444 1199,6444 1198,6443 1198,6392 1197,6391 1097,6392 1096,6391 828,6392 828,6392 828,6409 826,6411 821,6411 821,6411 820,6412 820,6417 818,6419 809,6419 808,6420 808,6421 806,6423 805,6423 804,6424 803,6423 788,6423 787,6421 787,6391 786,6391 638,6392 637,6391 614,6391 612,6388 612,6387 611,6387 419,6387 417,6385 417,6384 416,6384 415,6384 414,6383 345,6383 345,6382 345,6381 344,6380 344,6379 343,6379 342,6379 340,6376 340,6375 339,6375 334,6375 332,6372 332,6371 331,6371 212,6371 210,6369 210,6368 209,6367 196,6367 194,6365 194,6364 193,6363 192,6363 191,6362 148,6363 147,6362 146,6362 145,6360 145,6359 143,6358 134,6358 133,6356 133,6355 132,6355 131,6355 129,6352 129,6351 127,6350 126,6350 125,6348 125,6343 123,6342 122,6342 121,6340 120,6249 120,6249 13,6249 11,6248 11,6247 14,6244 149,6244 149,6243 149,6242 150,6241 151,6241 152,6241 153,6240 172,6240 174,6242 174,6243 175,6244 176,6244 178,6246 178,6251 182,6255 182,6281 183,6282 226,6281 226,6282 226,6283 227,6284 227,6285 228,6285 233,6285 235,6288 235,6293 236,6293 487,6292 487,6292 487,6291 489,6289 490,6289 491,6288 491,6279 493,6277 494,6277 495,6276 495,6271 497,6269 498,6269 499,6268 499,6267 501,6265 502,6265 503,6264 503,6263 505,6261 506,6261 507,6260 507,6259 508,6258 509,6257 510,6257 511,6256 511,6255 513,6253 535,6253 535,6253 535,6254 538,6257 543,6257 543,6257 543,6258 544,6259 544,6263 546,6265 547,6265 547,6265 547,6266 548,6267 548,6302 549,6303 689,6302 690,6304 690,6305 691,6305 724,6305 725,6306 726,6306 726,6307 726,6308 729,6310 730,6310 730,6311 730,6312 731,6313 732,6362 732,6362 929,6361 930,6361 929,6333 930,6332 930,6331 931,6330 932,6330 934,6328 934,6319 935,6318 936,6318 936,6318 938,6316 938,6315 939,6314 944,6314 946,6312 946,6311 947,6310 952,6310 954,6308 954,6307 955,6306 956,6306 957,6305 1033,6305 1034,6306 1035,6306 1035,6306 1035,6308 1036,6309 1077,6309 1078,6310 1311,6309 1312,6307 1312,6306 1313,6306 1314,6306 1315,6305 1385,6304 1385,6304 1385,6299 1386,6298 1387,6298 1389,6296 1389,6283 1391,6281 1392,6281 1393,6280 1393,6275 1395,6273 1396,6273 1397,6272 1397,6271 1399,6269 1400,6269 1401,6268 1401,6263 1403,6261 1408,6261 1409,6260 1409,6259 1411,6257 1412,6257 1413,6256 1413,6255 1415,6253 1437,6253 1437,6254 1437,6255 1440,6257 1441,6257 1441,6258 1441,6259 1442,6260 1442,6264 1444,6265 1445,6265 1445,6266 1445,6267 1448,6269 1449,6269 1449,6269 1449,6270 1450,6271 1450,6304 1451,6305 1468,6305 1470,6307 1671,6306 1672,6305 1673,6305 1673,6305 1673,6304 1676,6301 1677,6301 1677,6301 1677,6300 1680,6297 1684,6297 1685,6298 1685,6299 1688,6302 1689,6302 1689,6302 1689,6303 1690,6304 1690,6308 1692,6310 1713,6310 1714,6311 1715,6362 1715,6363 1945,6362 1946,6361 1945,6311 1947,6310 1948,6310 1949,6308 1950,6307 1950,6306 1951,6306 1952,6306 1954,6303 1954,6302 1955,6302 1956,6302 1957,6301 1958,6299 1958,6298 1960,6297 1961,6297 1962,6295 1962,6274 1964,6273 1965,6273 1966,6272 1966,6271 1966,6270 1968,6269 1969,6269 1970,6267 1970,6262 1972,6261 1977,6261 1978,6259 1978,6258 1980,6257 1981,6257 1982,6255 1982,6254 1985,6252 1986,6252 1986,6251 1986,6250 1989,6248 1990,6248 1990,6247 1990,6246 1993,6244 1994,6244 1994,6243 1994,6242 1997,6240 2008,6240 2009,6241 2010,6241 2010,6241 2010,6242 2013,6245 2020,6245 2021,6246 2022,6246 2023,6247 2023,6297 2024,6297 2315,6296 2315,6296 2315,6247 2318,6244 2319,6244 2319,6244 2319,6243 2322,6240 2337,6240 2338,6241 2339,6241 2340,6243 2340,6293 2341,6293 2411,6293 2412,6294 2713,6292 2713,6292 2713,6243 2716,6240 2717,6240 2717,6240 2717,6239 2720,6236 2721,6236 2722,6235 2722,6234 2724,6232 2851,6232 2852,6230 2852,6229 2854,6228 2887,6228 2888,6229 2888,6230 2890,6232 2891,6233 2892,6233 2892,6233 2892,6284 2893,6285 2915,6285 2916,6286 3046,6285 3046,6286 3046,6287 3047,6288 3047,6289 3048,6289 3110,6289 3112,6291 3113,6346 3113,6347 3215,6346 3217,6348 3217,6349 3218,6350 3227,6350 3230,6353 3230,6358 3230,6358 3231,6358 3234,6361 3234,6381 3231,6383 3230,6383 3230,6384 3230,6389 3227,6391 3226,6391 3226,6392 3226,6393 3223,6395 3222,6395 3222,6396 3222,6397 3219,6399 3218,6399 3218,6400 3218,6401 3215,6403 3206,6403 3205,6405 3205,6406 3203,6407 3198,6407 3197,6406 3197,6405 3195,6403 3189,6403 3189,6403 3189,6375 3188,6374 2971,6375 2970,6374 2902,6375 2900,6372 2900,6371 2899,6371 2693,6372 2693,6372 2693,6373 2692,6374 2691,6374 2690,6375 2579,6375 2579,6376 2579,6378 2577,6379 2576,6379 2575,6380 2575,6381 2575,6382 2573,6383 2413,6384 2410,6387 2402,6387 2400,6384 2400,6383 2399,6383 2316,6383 2315,6382 2080,6383 2080,6384 2080,6385 2077,6387 2028,6387 2027,6386 1836,6387 1836,6388 1836,6402 1834,6403 1833,6403 1832,6404 1831,6406 1831,6407 1830,6407 1829,6407 1827,6410 1827,6411 1826,6411 1825,6411 1823,6414 1823,6415 1822,6415 1813,6415 1811,6418 1811,6419 1810,6419 1800,6419 1799,6418 1799,6395 1798,6394 1690,6395 1689,6393 1689,6392 1687,6391 1564,6391 1563,6391 1243,6392 1243,6392 1243,6448 1242,6449 1242,6450 1241,6452"/><TextEquiv index="1"><Unicode>&amp; reſter, en peſtant, ſur le vaiſſeau,</Unicode></TextEquiv></TextLine><TextLine id="r0_l030"><Coords points="947,6659 946,6658 946,6657 944,6655 943,6655 942,6654 942,6598 941,6597 707,6598 706,6600 706,6601 704,6602 699,6602 698,6601 698,6600 696,6598 646,6599 645,6597 645,6596 643,6595 639,6595 638,6594 512,6594 511,6593 511,6586 510,6585 285,6586 283,6584 283,6583 282,6582 203,6582 202,6581 202,6574 201,6573 155,6574 153,6571 153,6570 152,6570 118,6570 116,6568 116,6566 115,6565 114,6565 113,6564 113,6563 111,6561 110,6561 109,6560 109,6546 111,6545 112,6545 113,6543 113,6501 114,6501 115,6501 117,6498 117,6497 118,6497 119,6497 121,6494 121,6489 122,6489 123,6489 124,6488 133,6488 133,6487 133,6486 136,6484 148,6484 149,6485 149,6486 151,6488 152,6488 153,6489 188,6489 189,6490 190,6489 190,6490 190,6491 192,6492 294,6492 296,6495 296,6496 297,6496 298,6496 300,6499 300,6500 301,6500 382,6500 383,6501 385,6501 385,6501 385,6507 386,6508 387,6508 389,6510 579,6509 580,6510 779,6509 779,6509 779,6512 780,6513 823,6513 824,6514 1055,6513 1055,6512 1055,6466 1056,6465 1056,6464 1057,6464 1071,6464 1072,6465 1072,6470 1074,6472 1075,6472 1076,6473 1076,6478 1079,6481 1080,6481 1080,6481 1080,6487 1081,6488 1082,6488 1083,6489 1084,6489 1084,6489 1084,6495 1085,6496 1086,6496 1087,6497 1088,6497 1088,6497 1088,6513 1089,6514 1242,6513 1242,6513 1242,6514 1243,6515 1245,6517 1246,6517 1246,6517 1246,6518 1247,6519 1247,6523 1249,6525 1409,6524 1409,6524 1409,6478 1411,6476 1449,6476 1450,6474 1450,6473 1452,6472 1481,6472 1482,6473 1482,6474 1484,6476 1489,6476 1490,6477 1490,6478 1492,6480 1493,6480 1494,6481 1494,6504 1495,6505 1555,6505 1555,6505 1555,6507 1558,6510 1729,6509 1730,6510 1730,6512 1731,6513 1774,6513 1775,6514 2091,6512 2092,6511 2092,6510 2093,6509 2238,6509 2238,6508 2238,6457 2240,6456 2241,6456 2244,6453 2246,6453 2246,6453 2246,6454 2247,6455 2247,6456 2248,6457 2262,6456 2262,6457 2262,6462 2263,6463 2263,6464 2264,6464 2265,6464 2267,6467 2267,6480 2268,6480 2269,6480 2271,6483 2271,6488 2272,6488 2273,6488 2275,6491 2275,6500 2276,6500 2418,6500 2419,6501 2420,6501 2421,6502 2421,6503 2423,6505 2428,6505 2429,6506 2429,6507 2430,6508 2431,6508 2433,6510 2433,6511 2435,6513 2436,6513 2437,6514 2437,6519 2439,6521 2440,6521 2441,6522 2441,6523 2442,6524 2443,6525 2444,6525 2445,6526 2445,6557 2446,6558 2612,6557 2612,6556 2612,6452 2613,6452 2614,6452 2615,6451 2616,6451 2616,6450 2616,6449 2617,6448 2642,6448 2644,6446 2644,6445 2645,6444 2659,6444 2660,6445 2740,6444 2742,6446 2742,6447 2744,6448 2745,6448 2746,6450 2746,6455 2748,6456 2749,6456 2750,6458 2750,6496 2751,6496 2957,6495 2960,6492 2965,6492 2965,6492 2965,6491 2968,6488 3112,6488 3112,6487 3112,6440 3112,6440 3117,6440 3120,6437 3120,6436 3120,6436 3121,6436 3122,6435 3126,6435 3128,6433 3128,6432 3128,6432 3131,6432 3132,6432 3132,6433 3136,6437 3136,6492 3137,6493 3207,6492 3208,6493 3209,6493 3209,6494 3209,6495 3211,6496 3215,6496 3216,6497 3217,6497 3217,6498 3217,6499 3220,6501 3225,6501 3225,6502 3225,6503 3226,6504 3226,6512 3228,6513 3229,6513 3229,6514 3229,6515 3230,6516 3230,6520 3232,6521 3233,6521 3233,6522 3233,6523 3236,6525 3237,6525 3238,6527 3239,6564 3238,6564 3237,6564 3235,6566 3234,6566 3234,6567 3234,6568 3231,6570 3226,6570 3226,6571 3226,6572 3223,6574 3218,6574 3217,6576 3217,6577 3215,6578 3210,6578 3209,6580 3209,6581 3207,6582 3206,6582 3205,6584 3205,6585 3203,6586 3202,6586 3201,6585 3201,6584 3199,6582 2990,6583 2989,6585 2989,6586 2988,6586 2913,6587 2912,6588 2912,6589 2911,6590 2909,6590 2909,6589 2909,6588 2906,6586 2706,6587 2705,6586 2495,6586 2494,6588 2494,6593 2492,6594 2475,6595 2474,6594 2272,6594 2270,6597 2270,6598 2269,6598 2255,6598 2254,6597 2076,6598 2075,6597 1873,6598 1873,6599 1873,6612 1872,6613 1872,6614 1871,6614 1869,6614 1868,6613 1868,6599 1867,6598 1743,6599 1740,6602 1714,6602 1714,6601 1714,6600 1710,6597 1442,6598 1442,6598 1442,6597 1439,6594 1385,6594 1243,6595 1242,6596 1242,6601 1241,6602 1227,6602 1227,6602 1227,6603 1226,6604 1226,6605 1225,6606 1223,6606 1222,6604 1222,6603 1220,6602 1211,6602 1210,6601 991,6602 991,6603 991,6657 990,6658 990,6659 989,6659"/><TextEquiv index="1"><Unicode>avec mon père &amp; ma mère. Tout le</Unicode></TextEquiv></TextLine></TextRegion></Page></PcGts>