4266 8629
2318 361 3003 634 (o
844 642 4153 869 „Applaudis-toi, me dit-elle, mon beau
924 869 4153 1083 “captif, de ce que tu es tombé entre les
914 1087 4240 1300 “mains d'une femme qui t'adore, & qui
692 1284 4240 1507 “ne t'a acheté, que pour faire ton bon-
914 1502 4127 1717 “heur.“ Nouvelle diſgrace, il ne me
654 1715 4228 1938 reſtoit plus, pour comble d'infortune, que
755 1935 3573 2107 d'être aimé d'une vieille femme.
1120 2145 4211 2364 Je voyois que la malheureuſe ne con-
906 2355 4207 2574 ſentiroit jamais à me rendre, ſi l'on
902 2565 4211 2789 vouloit me racheter; & je ſentois les
910 2779 4207 2997 horribles dégoûts qu'il faudroit eſſuyer,
906 2993 4198 3418 i e aiie ceeie u eu eaua es
906 3417 4186 3636 de perſécution, qui me faiſoit ſoulevet
826 3631 4186 3851 le cœur. Ah! Laure, Levrette, Aurore,
906 3850 3766 4064 où étiez-vous, adorables perſonnes?
931 4064 4165 4283 J'eus la prudence de ne pas témoigner,
910 4261 4102 4488 à la vieille, tout le dégoût qu'elle
906 4481 4173 4699 m'inſpiroit. Je lui répondis même avec
914 4694 4102 4908 politeſſe, & elle fut enchantée. L'en-
898 4904 4106 5122 chantement n'étoit pas réciproque de ma
885 5118 4165 5332 part. Il falloit tirer parti de ma ſituation,
902 5326 4182 5542 prendre mes meſures, pour jouir des agré-
894 5548 4187 5753 mens que je pourrois trouver dans cette
919 5752 4182 5975 maiſon, tant que j'y reſterois, éviter tous
906 5966 4114 6185 les inconvéniens que je pourrois y ren-
898 6171 4190 6396 contrer, & tâcher d'en ſortir le plutôt
919 6395 2817 6611 qu'il ſeroit poſſible.
1103 6605 4119 6819 J'examinai la famille; elle étoit com-
