4266 8724
1439 459 1944 650 i.
114 708 3361 933 poſée de la maîtreſſe & de moi, de
122 920 3748 1137 ſa petite fille, & d'une grande femme
123 1146 3498 1342 eſclave; enfin, d'un vieux cuiſinier &
127 1359 3638 1567 d'un jeune valet, que la bonne Dame
24 1574 3378 1794 avoit acheré pour me ſervir. „Tiens,
126 1786 3412 1986 “m'avoit-elle dit, au lieu de te traiter
122 1999 3387 2216 “comme un eſclave, je t'en donne
118 2211 3642 2432 “un pour te ſervir.“ Je la remerciai.
127 2424 3396 2636 J'obſervai mon captif, françois comme
127 2641 3401 2853 moi. Il avoit, par haſard, une voix
126 2852 3404 3072 aſſez reſſemblante à la mienne, & il
131 3068 3451 3281 étoit à - peu-près de ma taille. „Vous
136 3282 3418 3500 “êtes bienheureux, me dit - il, mon
132 3500 3413 3681 “maître ou mon camarade, comme
119 3711 3592 3919 “vous voudrez; car il y a déjà quel-
114 3922 3417 4142 “que temps que je demeure à Alger,
105 4134 3442 4344 “quoique notre maîtreſſe ne m'ait acheté
114 4344 3501 4557 “que d'aujourd'hui. Je la connois de
114 4554 3425 4779 “réputation. On dit qu'elle donne,
114 4767 3425 4975 “chaque matin, la valeur d'un louis
119 4980 3426 5201 “au jeune-homme qui a paſſé la nuit
135 5200 3425 5414 “avec elle. C'eſt une vieille uſurière
135 5408 3642 5625 “fort riche. Je n'aurai jamais de pa-
135 5624 3429 5839 “reilles aubaines.“ -- „Je te cede
143 5832 3429 6049 “volontiers celle - la, lui répondis - je;
122 6045 3429 6270 “tu me reſſembles par la taille & la
118 6261 3442 6471 “voix. Tâche de t'arranger pour t'in-
118 6465 3429 6690 “ſinuer à ma place, ſi la vieille veut
131 6686 3446 6923 “m'accorder, la nuit, l'honneur de
