4266 8200
2496 368 3055 591 A.
1192 597 4226 808 “habits m'iront bien. Je m'en revétirai.
1184 803 4186 1001 “J'aurai ſoin de m'arranger de façon
977 1001 4214 1211 “qu'on ne voie pas mon viſage; la
1167 1203 4199 1402 “grand-maman ordonnera à ſa nièce de
1171 1401 4155 1604 “coucher avec Mauriſca, & moi je ſerai
1171 1603 4167 1802 “Mauriſca, & je vous récompenſerai
1156 1797 4175 2000 “bien.“ Mauriſca ſe laiſſa perſuader.
1355 2001 4172 2203 Le ſoir vint; on ſervit le ſouper &
1152 2202 4143 2400 j'eus l'honneur de prendre ce repas tête-
839 2399 4111 2602 à-tête avec l'auguſte vieille. Je préparai
1148 2599 4127 2796 mes batteries. Je dis d'abord à cette
875 2796 4111 2998 antique libertine que, par un caprice
1136 2986 4107 3192 de la nature, la moindre lumière, quand
1128 3200 4115 3392 j'allois me coucher, me rendoit très-
1128 3391 4080 3596 malade, & me faiſoit perdre ma viri-
1121 3597 4069 3768 lité. „Hé bien, me dit-elle naïvement,
1117 3787 4069 3946 “nous aurons ſoin de nous coucher ſans
1104 3988 4080 4194 “lumière.“ Mon eſclave, qui nous ſer-
1104 4188 4076 4397 voit à table, ne ſe poſſédoit pas de joie.
1263 4388 4060 4593 Je m'apperçus qu'Almide nous écou-
1096 4579 4048 4789 toit, du haut d'une petite tribune. J
1092 4773 4060 4983 racontai des hiſtoires épouvantables de
1077 4974 4056 5182 voleurs & de revenans, afin qu'elle eût
1060 5178 4032 5383 peur & ne voulût pas coucher ſeule
1053 5371 4044 5573 Quand il fut queſtion d'aller au lit,
1072 5561 4024 5783 Mauriſca s'offrit pour partager celui de
1068 5779 4032 5981 la belle. „Fi donc! s'écria la jeune per
1061 5977 4024 6163 “ſonne; moi coucher avec une eſclave
1057 6147 3992 6369 -„Couchez donc ſeule, lui ditſ
3435 6350 4029 6576 “grande
