4266 8463
2012 408 2787 679 r
971 658 4269 900 Avec des manières auſſi careſſantes
900 884 4271 1106 que les miennes, la nuit ne pouvoit ſe
896 1090 4272 1310 paſſer ſans une péripélie; c'eſt-à-dire ſans
896 1299 4273 1512 une reconnoiſſance. Il eſt sûr que mon
888 1488 4275 1721 ſexe devoit ſe trahir. Je ne dirai pas s'il
789 1715 4276 1927 ſe trahit en effet, je n'en détaillerai pas
557 1921 4277 2150 ſur-tout la manière. Le lendemain, nous
908 2136 4051 2353 étions fort inquiets tous les deux.
962 2323 4280 2567 Nous nous levâmes, & je trouvai mon
900 2549 4281 2769 eſclave déjà levé. Il étoit dans l'enthou-
908 2760 4283 2972 ſiaſme. Il me montraune pièce de monnoie
904 2965 4284 3182 valant environ un louis, qu'il avoit reçue de
913 3172 4285 3406 la Dame, & me demanda les moyens de
582 3377 4287 3617 la changer. Je lui donnai un louis, en lui
636 3584 3009 3833 laiſſant ſa pièce africaine.
1124 3781 4290 4031 Notre bonheur, ou plutôt l'erreur de
917 4011 4291 4242 ma compagne de lit, ne put durer long-
569 4228 4292 4446 temps. Quand je m'apperçus que la jeune
921 4426 4294 4654 perſonne goûtoit mes façons d'agir, je
706 4636 4295 4870 parlai. Elle fut d'abord très - ſurpriſe:
937 4843 4296 5066 „Malheureux! me dit - elle, ſais - tu
917 5047 4298 5283 “que je peux te faire empaler?“ Je
917 5263 4299 5486 réfléchis qu'elle pouvoit avoir raiſon,
664 5468 4300 5688 & je trouvai ce danger très-cruel pour
903 5671 4302 5903 moi. Il me pétrifia. Mon inhumaine
917 5885 4303 6117 s'en apperçut. „Hé bien, malhéureux,
780 6103 4305 6316 “me dit - elle, à quoi rêves-tu?“ --
941 6292 4306 6539 „Ah! belle Almide, lui répondis-je,
904 6504 4307 6746 “je ſens que j'ai commis une faute bien
