4266 8467
1304 468 1966 662 .
127 711 3339 938 pas à arriver à Gênes. J'y laiſſai l'ongri
140 930 3331 1139 & Mauriſca, tous deux de grande taille,
144 1137 3331 1348 & n'ayant rien à ſe diſputer pour la
135 1344 3335 1555 laideur. Ils ſe propoſoient de tirer parti
136 1556 3332 1755 de leurs vols, qu'ils croyoient innocens,
127 1762 3579 1977 pour ſe former un petit établiſſement.
135 1971 3322 2176 Je ne leur enviai point leur bonheur.
132 2181 3658 2384 Je leur aurois laiſſé volontiers la jeune
123 2387 3326 2603 Almide, quoiqu'elle fût très-jolie. J'a-
115 2602 3322 2814 vois d'autres Belles qui m'attendoient à
102 2809 3314 3016 Paris; mais la petite Africaine ne re-
95 3017 3303 3224 nonçoit pas ſi volontiers à moi, que
94 3227 3310 3434 moi à elle. Nous ſommes venus par
1 3430 3302 3633 terre, de Gênes à Lyon, où je n'ai
95 3642 3302 3841 pas eu le bonheur de te trouver, mon
94 3847 3306 4055 ami, ni le temps de t'attendre. Je me
36 4050 3297 4267 ſuis refuſé au plaiſir de reſpirer, pen-
86 4232 3293 4475 dant quelques jours, dans ma patrie,
81 4468 3297 4680 tant j'étois preſſé de retourner dans notre
86 4679 3302 4888 capitale. L'amour, que j'avois pris pour
90 4886 3289 5098 la belle Aurore, m'attiroit, quoique je
95 5090 2603 5276 fuſſe dans les bras d'Almide.
277 5305 3294 5512 Cependant l'objet préſent me fut très-
49 5511 3293 5727 utile pour me diſtraire de l'apparition
1 5722 3293 5940 preſque continuelle d'un fantôme déſolé,
90 5933 3289 6145 qui me pourſuivoit ſans ceſſe, & qui
90 6140 3297 6343 perſécutoit mon imagination. C'étoit
82 6335 3293 6562 l'ombre de ma déplorable ſœur, qui ſe
78 6550 3285 6774 préſenta à mon eſprit dès que j'apperçus
2358 6770 2739 6919 iv
