4266 8089
1480 480 1972 667 s
14 699 3195 921 Chevalier Marqué, & l'indigne Fré-
174 915 2594 1117 dégonde que je ne cherchois pas.
69 1102 3186 1282 J'ai demandé au ſcélérat, s'il ſavoit
181 1304 3194 1503 ce qu'étoit devenue ma petite Aurore.
6 1503 3194 1697 „Je n'en ſais rien, m'a-t-il dit,“ en
3 1694 3202 1893 affectant de la ſurpriſe & de la bon-
3 1889 3358 2095 hommie; mais en laiſſant auſſi échapper
3 2084 3218 2287 un ſourire plein de malignité, qui m'an-
201 2287 3218 2484 nonçoit qu'il étoit joyeux, & peut - être
209 2476 3226 2687 complice de cette perte. „Demandez à
3 2676 3230 2879 “Frédégonde, a-t-il continué.“ Cette
11 2871 3241 3067 Frédégonde ſeroit-elle la grande Dame
3 3067 3241 3268 qui eſt allé faire l'hypocrite, chez ces
14 3264 3249 3463 bonnes gens, & qui m'a ſouſtrait mon
26 3467 3249 3658 amante? O ciel! ſi je le croyois... Pauvre
14 3638 3253 3859 Aurore! Quoi! tu ſerois tombée dans
26 3856 1850 4056 de ſi indignes mains!
400 4047 3257 4242 Accablé d'inquiétude, j'ai voulu voir
38 4242 3272 4438 au moins Mademoiſelle de Lyſange. Je
30 4437 3280 4628 me ſuis déguiſé, & je l'ai demandée au
65 4632 3276 4836 parloir. Elle m'a reconnu du premier
53 4831 3284 5026 coup - d'œil. O Dieu! quelle joie j'ai
42 5021 3276 5217 vu rayonner dans ſes beaux yeux! Les
69 5216 3288 5420 marques ſi viſibles de ſon tendre amour
61 5399 3296 5614 lui ont rendu tout le mien. Si j'ai eu
53 5602 3300 5798 le malheur affreux de perdre l'innocente
283 5797 3307 6011 Aurore, elle ſeule peut me dédommager
57 5999 1351 6210 de cette perte.
478 6186 3340 6413 Elle eſt excédée, la pauvre Demoi-
2422 6405 2746 6546 Gv
