4266 8447
866 556 4032 778 “à vous le faire éviter; & ſe croi-
873 772 4028 989 “roit très - heureuſe, ſi elle pouvoit
870 985 4175 1206 “vous poſſéder chez elle, pendant quel-
842 1195 4015 1413 “que temps, avec la permiſſion de
866 1401 4019 1606 “Madame votre mère, qu'elle connoît
607 1610 4114 1829 “beaucoup. Si vous l'agréez, elle de-
862 1812 4167 2028 “mandera, à Madame votre mère, la
866 2027 4167 2240 “permiſſion de vous tirer du Couvent,
866 2230 4110 2452 “pour vous mener paſſer quelque temps
866 2442 4016 2630 “chez elle, à la ville ou à la cam-
879 2653 4008 2870 pagne.“ -- „Mais, interrompis - je,
866 2868 4155 3076 “ſa mère ne le permettroit pas; &
866 3065 4027 3281 “moi, où trouverois - je une tante? En
874 3271 4027 3460 “vérité, vous inventez-là de drôles de
862 3485 4031 3691 “projets.“ -- „Mon cher enfant, re-
850 3684 4032 3904 “prit - il, vous êtes d'une ignorance
858 3900 4031 4110 “craſſe. Quand on n'a pas de tante,
841 4097 4035 4311 “on en fait une; quand on n'a pas le
850 4307 4110 4500 “conſentement d'une mère, on en fa-
846 4520 4031 4726 “brique un. On ne donne pas même,
850 4720 4159 4924 “à la vraie mère, l'embarras de le lui
525 4923 4159 5137 “demander; pour peu qu'on connoiſſe
850 5141 4015 5347 “ſa ſignature, on la copie au bas d'un
640 5342 4019 5557 “petit écrit de quelques lignes. Laiſſez
833 5552 4011 5758 “moi faire, puiſque vous avez beſoin
837 5758 4007 5975 “qu'on faſſe tout pour vous. Il eſt,
459 5974 4007 6173 “dans Paris, des Dames très complai-
821 6177 4163 6395 “ſantes, avec un air très-honnête. Nous
821 6393 4184 6628 “en trouverons une de ce genre; nous
3382 8247 4164 8362 .
