4266 8250
43 684 3353 894 charge de les porter à la poſte, ſeroit-
206 887 3549 1112 il aſſez frippon pour les lui communiquer?
32 1092 2498 1283 Il faut que j'examine cela.
461 1290 3342 1493 Le tableau que le fourbe me préſente
35 1473 3342 1685 eſt pourtant ſéduiſant. Mademoiſelle de
23 1684 3401 1893 Lyſange eſt ſi belle! J'ai le bonheur d'en
19 1887 3338 2091 être aimé ſi tendrement! quel plaiſir in-
3 2090 3342 2290 concevable de vivre avec elle, pendant
4 2291 3343 2494 quelque temps, dans la plus parfaite in-
8 2494 3343 2693 timité, avec une perſonne ſi noble, ſi
3 2692 3457 2903 décente, ſi impoſante que l'adorable
3 2895 3334 3087 Laure! Si c'étoient réellement ſes vœux
1 3094 3561 3294 ſecrets.... Mais ſes parens, que diroient-
1 3289 3330 3493 ils?.... Ses parens! hé mais que pour-
1 3497 3318 3694 roient-ils dire cu faire? Le ſecret que
186 3692 3322 3895 j'ai appris les mettra bien bas dans l'opi-
198 3891 3310 4087 nion de tout le monde, s'il eſt connu.
194 4086 3310 4274 Il eſt vrai que cela eſt faux, mais ſi on
190 4262 3310 4481 le croit vrai. Il ne faut pas à préſent
183 4486 3315 4685 qu'ils ſe targuent de leur prétendue
187 4685 3303 4880 nobleſſe. C'eſt probablement la con-
90 4883 3294 5089 noiſſance qu'ils ont de cette tache de
178 5086 3294 5290 leur famille, qui les oblige de ne plus
186 5289 3294 5485 penſer au mariage projetté. C'eſt encore
186 5485 3310 5691 une remarque que m'a fait faire le Che-
182 5684 3286 5887 valier. On peut aller en avant; ils ne
182 5887 3274 6095 feront pas les méchans. Ils ont trop
182 6086 3270 6294 d'intérêt à ce que le ſecret ſoit gardé......
