4266 8375
1886 456 2674 645 i6
850 671 3994 903 Mais, ne commets-je point une ſcéléra-
854 902 3962 1111 teſſe? Non, ſans doute, ſi c'eſt le vœu
849 1097 4124 1304 de la Demoiſelle; mais qui m'aſſurera
846 1304 4116 1514 qu'elle forme ce vœu? La parole du
846 1502 4108 1718 Chevalier Marqué doit-elle me ſuffire
866 1709 4108 1916 pour le croire? Je veux conſulter, ſur
854 1916 4100 2118 cette difficulté. Ne devrois-je pas m'en
834 2122 3970 2331 tenir à ma conſcience? J'en ai encore
842 2320 4120 2532 un peu; mais je crains bien de la perdre,
850 2519 4035 2738 dans le monde corrompu où je vis preſ-
846 2734 2126 2937 que malgré moi.
2077 3523 2698 3672 Suite.
874 3808 1028 3915 L
858 3909 3990 4167 'ai conſulté, mon bon ami. On s'eſt
846 4156 3990 4356 moqué de moi, je m'y attendois. On
509 4356 4144 4598 trouve qu'une Demoiſelle, qui ſe pique
842 4553 3990 4761 de Philoſophie, qui abhorre le cloitre,
846 4752 4140 4967 & qui avoue à un jeune-homme qu'elle
850 4954 4140 5165 l'aime, eſt à moitié vaincue & deſire de
570 5161 4140 5369 l'être tout-à-fait. „Elle vous fait voir,
758 5368 4144 5579 “dit-on, l'envie de ſortir du Couvent.
728 5566 4140 5774 “C'eſt à vous à l'en tirer. Cela ne ſe
729 5767 3994 5987 “demande pas. Si elle cherche à être
858 5988 3986 6190 “trompée, il faut la tromper. Si vous
862 6178 4161 6401 “vous faites un ſcrupule de lâcher quel-
