4266 8571
2099 473 2805 764 (.
910 770 4128 990 “& tout ce que je puis faire, c'eſt de
898 994 4119 1208 “ſigner mon nom. Je vous remercie,
892 1200 4119 1402 “de tout mon cœur, des ſoins que vous
851 1414 4110 1641 “avez bien voulu prendre pour l'édu-
847 1620 4261 1838 “cation de ma Laure. Elle s'en reſſen-
902 1834 4106 2049 “tira toute ſa vie, auſſi bien que moi,
876 2044 4249 2263 “qui ne ceſſerai d'être, Madame,
889 2274 2208 2445 “votre, &c.“
579 2711 4261 2972 Lettre ſuppoſée de Madame de Lyſange,
948 3116 4261 3351 à Madame la Comteſſe de Buſencour.
906 3659 4195 3861 „J'acoepte vos offres de ſervices,
881 3884 4245 4093 “ma chère Comteſſe, puiſque vous
881 4093 4257 4257 “voulez bien me les faire. J'ai beſoin de
881 4308 4228 4513 “ma fille auprès de moi. Vous me voyez
877 4513 4249 4727 “ſi accablée, que je n'ai pas la force de
587 4723 4119 4942 “vous écrire. Je ne puis me paſſer, pour
877 4929 4257 5122 “le moment, de ſes ſoins, & de ſes
881 5138 4120 5353 “ſecours. Je vous prie donc de vouloir
872 5353 4261 5568 “bien l'aller retirer du Couvent en
872 5565 4261 5777 “mon nom. J'ai l'honneur d'en préve-
637 5777 4257 5988 “nir Madame la Prieure. Vous vou-
860 5988 4257 6202 “drez bien auſſi ſatisfaire pour tout ce
859 6197 4261 6418 “que ma fille pourra devoir, & pour ſa
856 6407 4102 6634 “penſion. Mon Banquier Monſieur
847 6630 4102 6836 “vous remettra les fonds, à votre pre-
