4266 8512
44 764 3244 987 “mière réquiſition. Vous me témoignez
36 979 3216 1190 “le deſir obligeant d'avoir, auprès de
48 1190 3228 1405 “vous, pendant quelque temps, la
36 1396 3583 1608 “jeune perſonne. Malgré le beſoin que
57 1603 3509 1819 “j'en ai, je ne puis la priver du plaiſir
49 1818 3598 2025 “de jouir, au moins, pendant quel-
53 2025 3224 2236 “ques jours, de vos bontés. Mille
57 2231 3224 2447 “pardons de la liberté que je prends.
57 2438 3236 2658 “Adieu, ma chère Comteſſe, portez-
58 2654 2398 2878 “vous mieux que moi, &c.“
49 3050 3224 3265 Lettre ſunpoſée de Madame de Lyſange,
857 3369 2009 3572 à ſa fille.
314 3844 2282 4039 „Mademoiselle,
198 4287 3225 4502 “Je ſuis malade; je n'ai pas la force
28 4501 3559 4722 “d'écrire une lettre. J'ai beſoin de vos
25 4709 3225 4912 “ſoins. Madame la Comteſſe de Bu-
29 4916 3212 5123 “ſencour, tante du jeune Perlencour,
29 5126 3229 5288 “aura la bonté d'aller vous chercher à
33 5346 3229 5544 “votre Couvent, pour vous conduire
28 5543 3203 5759 “d'abord chez elle. Je vous confie à
32 5750 3228 5961 “ſes bontés, & je trouve bon que vous
28 5961 3224 6179 “paſſiez quelque temps auprès de cette
32 6163 3199 6329 “chère amie. Obéiſſez-lui comme à votre
32 6378 3199 6594 “mère, tant que vous ſerez chez elle.
28 6577 3191 6800 “Vous viendrez enſuite me rejoindre,
