4266 8266
1051 712 4099 919 “quand je vous le manderai, &c.“
1019 915 4190 1111 Le Chevalier Marqué, tout enthou-
1044 1115 4179 1303 ſiaſmé d'avoir écrit de ſi belles lettres,
1048 1315 4167 1518 m'a demandé ce que j'en penſois, & n'a
840 1517 4158 1728 pas été flatté de ce que je les liſois froi-
700 1724 4142 1923 dement. Il a été cependant conclu, que
1031 1919 4047 2130 j'irois préparer les voies, & que j'annon-
1035 2122 4150 2322 cerois, à la Demoiſelle Laure, ma pré-
1036 2334 2020 2474 tendue tante.
1020 2691 4131 2904 .i
2346 3111 2773 3251 Suite.
1115 3500 4122 3737 Mon bon ami, j'agis un peu comme
744 3724 4123 3932 un roué. J'en rougis, mais ce n'eſt pas
1019 3919 4126 4122 aſſez. J'ai vu Laure; elle m'a encore
788 4130 4047 4335 peint les chagrins dont elle s'abreuve
1015 4321 4051 4522 dans ſon Couvent, & ſon envie d'en
1007 4521 4039 4716 ſortir. „Ma chère amie, lui ai-je dit,
669 4721 4036 4920 “il ne tiendra qu'à vous. Madame la
1003 4919 4027 5132 “Comteſſe de Buſencour, ma tante,
999 5126 4031 5322 “que Madame votre mère connoît beau-
996 5330 4100 5522 “coup, viendra, ſi vous voulez, vous
868 5525 4032 5693 “retirer du Couvent & vous conduire
991 5720 4027 5931 “chez elle, par ordre de Madame de
991 5923 4031 6134 “Lyſange, qui lui a écrit, pour la
988 6135 4036 6334 “charger de cette commiſſion; la Prieure
979 6337 4106 6541 “doit être prévenue, & vous recevrez,
3725 6536 4040 6673 “al
