4266 8309
103 579 3178 803 “au premier moment, de Madame
107 783 3178 967 “votre mère, une lettre à cette ſujet.“
103 987 3190 1189 J'ai examiné les yeux de Laure, je les
107 1185 3186 1383 ai vu étinceler de joie à ce propoſition.
111 1386 3190 1587 „Ah! mon cher ami, m'a-t-elle dit,
103 1582 3198 1787 “que je vous ai d'obligation! c'eſt à
107 1778 3198 1986 “vous que je dois ce bon office. Je ne
55 1982 3194 2191 “connoiſſois pas Madame votre tante
3 2182 3202 2394 “(ni moi non plus, diſois-je en moi-
119 2382 3194 2590 “même.) Eſt - elle aimable, continua
123 2586 3526 2795 “Laure? Oui, ſans doute, étant de
3 2790 3206 2992 “votre famille, elle doit être char-
3 2986 3202 3194 “mante. Que j'aurai de plaiſir à paſſer
19 3190 3210 3394 “quelque temps chez elle. Je vous y
91 3390 3202 3601 “verrai familièrement, intimement;
91 3590 3210 3790 “quelles délices!“ Excellente Demoi-
91 3782 3206 3988 ſelle! comme elle a la bonté de m'ai-
11 3986 3202 4186 mer! comme elle ſe fie à moi! que
19 4182 3206 4386 je me reprochois de la tromper! Nous
7 4382 3398 4577 nous ſommes quittés avec un attendriſſe-
119 4581 3202 4798 ment mutuel. Elle m'a preſſé avec la
31 4777 3206 4982 plus grande vivacité de hâter le bien-
19 4973 1663 5177 heureux inſtant.
495 6356 1207 6509 Tome ll.
