4266 8040
2157 295 2878 535 o
1119 681 4280 938 L
2258 1034 3043 1239 Suite.
1165 1344 1592 1501 L
1142 1495 4277 1725 J'ai rendu compte au Chevalier Mar-
1118 1711 4277 2128 lels leae eeat i e u nn euuai-
1142 2100 4276 2310 „Hé bien, m'a-t-il dit, vous le voyez,
1038 2296 4276 2477 “elle eſt enchantée.“ -- Oui, lui
1122 2474 4275 2688 “répondis-je; mais c'eſt parce qu'elle eſt
1118 2680 4275 2898 “notre dupe.“ -- „Elle a trop d'eſprit
1080 2876 3308 3077 “pour cela, reprit-il.“
995 3047 4274 3292 Je revis le lendemain ma chère Laure;
1080 3257 4274 3461 elle avoit reçu la lettre de ſa maman;
1088 3454 4273 3654 ſon paquet étoit déjà tout prêt; mais
1107 3642 4273 4004 ant e aoioit ort nqquite ſa
1249 4005 4272 4239 Enfin, hier l'après - midi, ma chère,
1069 4222 4272 4422 tante, Madame la Comteſſe de Buſen-
1099 4419 4271 4612 cour, femme d'une figure très-honnête,
1103 4608 4271 4814 très - décente, & très - impoſante, que
1099 4793 4270 5003 j'avois ci - devant connue, dans un tri-
1095 4970 4270 5390 rédt gole avoit ſait oereer a e la
1092 5341 4269 5570 orties, ma chère tante, dis - je, s'eſt
1080 5553 4269 5784 préſentée au Couvent, avec la lettre
1080 5758 4268 5966 de Madame de Lyſange à la main. Ma-
1061 5921 4268 6186 dame la Prieure, étant prévenue par une
