4266 8108
2344 378 2953 566 Ci.
1060 615 4211 830 une honnête Demoiſelle dans une pa-
1122 818 2191 1009 reille maiſon.
1184 1009 4188 1226 Dès le lendemain, j'ai pris, moi même,
997 1209 4180 1408 mon logement ſous le même toît que
1118 1407 4078 1602 ma belle de Lyſange. Ma tante, par
1122 1594 4153 1795 mon ordre, a dit à la jolie Philoſophe:
1142 1793 4063 1995 „Ma chère Laure, il me ſurvient, à
1118 1984 4149 2189 “la campagne, une affaire d'impor-
1130 2183 4141 2384 “tance, qui me force de m'abſenter,
1122 2378 4133 2577 “pendant quelques jours. Je vous laiſſe
1126 2573 4133 2773 “à la tête de ma maiſon; mon neveu
931 2768 4043 2975 “vous tiendra compagnie; je vous le
1083 2971 4114 3166 “recommande. Vous me promettez
861 3162 4043 3349 “d'attendre mon retour.“ Laure a bien
1130 3357 4106 3556 voulu le promettre, & les deux Dames
1134 3548 3579 3756 ſe ſont quittées fort tendrement.
1333 3751 4106 3947 J'ai reconduit ma chère tante juſqu'au
1130 3938 4106 4145 bas de l'eſcalier; je lui ai gliſſé quelques
1130 4129 4055 4339 louis dans la main, pour la récompenſer
810 4320 4055 4529 de ſes peines; &, lui parlant avec tout
810 4490 4083 4718 le reſpect que je lui dois: „Vieille ſcé-
1122 4703 4043 4905 “lérate, lui ai-je dit, ſi tu t'aviſes de
1114 4905 4078 5108 “parler, je te couperai les oreilles.“
1118 5099 4067 5299 Alors je l'ai remiſe à la porte, en riant,
974 5284 4036 5506 avec un léger coup de pied dans le
927 5486 1797 5683 derrière.
1150 5681 4036 5888 Me voilà donc en poſſeſſion de Ma-
1056 5872 4059 6087 demoiſelle de Lyſange; mais comment,
