4266 8244
2095 474 3089 675 a
993 716 4265 964 Quoique nous ne fiſſions pas d'excès,
992 918 4265 1135 le vin mouſſeux, la liqueur pétillante,
1012 1121 4266 1326 la ſuite des illuſions de l'Opéra, le ver-
1016 1325 4266 1532 tige de l'amour, tout égaroit mon in-
911 1522 4267 1729 fortunée victime, & m'égaroit moi-
1008 1713 4267 1941 même; car je n'avois eu d'abord aucune
1005 1925 4268 2133 mauvaiſe intention. Il vint un moment,
1016 2122 4268 2332 fatal moment! où toutes les lumières de
1017 2326 4269 2542 la raiſon & du bon ſens furent éteintes,
1017 2531 4269 2731 où je ne ſais plus ce que je fis moi-
1020 2713 4269 2941 même; qui l'eût cru, ſi-tôt? .... ô! voile
748 2931 4270 3136 impénétrable du myſtère tombe ſur nous..
1020 3083 4270 3339 La foudre nous éveille, & le plaiſir s'eſt
820 3330 3909 3520 évanoui; le remords ſeul nous reſte.
1017 3678 4272 3931 i
2343 4105 2772 4251 Suite.
1118 4477 4273 4718 ademoiselle Laure ne vouloit
1025 4699 4274 4927 pas me voir ce matin. Elle veut partit
953 4901 4274 5114 à toute force, & voler chez ſa mère.
1036 5072 4275 5327 Elle ne va pas tarder à découvrir le myſ-
1033 5301 4275 5524 tère d'iniquité, & elle me mépriſera
1032 5499 4275 5704 toute ſa vie. J'aurois dû ſuivre les inſpi-
985 5704 4276 5967 rations de ma conſcience, & non les ſug-
1033 5927 2917 6138 geſtions d'un ſcélérat.
1237 6070 4277 6332 Je ſuis entré chez ma belle, par une
1037 6292 4277 6537 porte qu'elle ne connoiſſoit pas. Elle a
