4266 7870
796 258 993 353 S
10 783 3103 999 paru effrayée. Je l'ai raſſurée. Je me ſuis
3 977 3076 1185 jeté à ſes genoux. Elle paroiſſoit effarée.
10 1174 3087 1371 „Ah! Monſieur de Perlencour, m'a-
10 1371 3099 1562 “t-elle dit, devois-je attendre une pa-
154 1556 3095 1749 “reille conduite de votre part?“ J'é-
10 1742 3102 1928 tois vraiment humilié; je ne trouvois
1 1931 3099 2125 pas de mots, pour m'exprimer. La pitié
1 2121 3099 2312 s'eſt preſque peint dans les yeux de la
1 2310 3402 2521 belle offenſée, au milieu de ſa juſte
7 2505 682 2641 colère.
18 2686 3129 2881 Le Chevalier Marqué eſt furieux de
3 2879 3103 3068 mon ſouper tête-à-tête avec Mademoiſelle
177 3068 3362 3262 de Lyſange. Il en devine les ſuites, qui
22 3254 3364 3445 ne ſont que trop naturelles. Le drôle
25 3440 3110 3639 ſeroit - il jaloux? Seroit - il, par haſard,
14 3629 3110 3819 amoureux de Laure? Ne l'a - t - il fait
29 3815 3102 4008 ſortir du Couvent, que pour s'en em-
44 4003 3102 4198 parer? Etois-je un inſtrument dont il ſe
37 4190 3102 4380 ſervoit uniquement pour ſon intérêt?
41 4379 3114 4576 Quoi qu'il en ſoit, ce n'eſt pas lui qui
48 4570 3186 4762 en a goûté le fruit du moins; mais je
45 4759 3106 4961 vois que je n'ai fait qu'un beau rêve. Je
48 4948 3341 5149 m'étois figuré que je pourrois vivre quel-
185 5141 3118 5342 que temps avec Laure, dans la plus
37 5316 3118 5519 douce intimité; & je lui fais horreur.
44 5505 3114 5713 Elle veut me fuir; elle va m'échapper
44 5698 3118 5888 au premier moment. Elle retournera
196 5884 2163 6069 bientôt dans ſon Couvent.
68 6078 3122 6271 A préſent, je ſuis faché d'avoir cédé
2364 6290 2842 6427 Hiv
