4266 8190
2062 485 2790 737 i
969 729 4214 946 ma petite Almide à Frédégonde, qui
969 941 4190 1137 l'a miſe dans le commerce. La pauvre
745 1140 4015 1344 enfant ne perd pas beaucoup à cela. Ce
977 1336 4210 1548 n'eſt pas un grand tort qu'on lui fait.
949 1536 4210 1743 Dans ſa patrie elle eût été deſtinée pour
981 1743 4186 1931 un Serrail ou Harem. Elle n'eſt point
841 1916 4187 2108 ſcandaliſée de ſe voir ici dans un Serrail
980 2133 4195 2550 en ure ie ſe ei pu pus qii dn u
702 2536 4191 2751 ſource, qui ne me dédommageroit pas
981 2741 4191 2957 de Laure; mais qui me diſtrairoit un peu
988 2946 2051 3150 de ſa perte.
1188 3116 4174 3341 Il faut que je cherche d'autres diſtrac-
993 3335 4167 3497 tions. C'eſt ſur - tout dans mes travaux
981 3527 4178 3743 Politiques & Littéraires, que je prétends
993 3727 4174 3934 en trouver. Et ma chère petite Aurore,
981 3934 4174 4143 qu'eſt - elle devenue? C'eſt celle - là que
977 4126 4158 4326 j'aime véritablement. J'aurois dû faire
710 4320 3385 4574 plus d'efforts pour la retrouver.
977 4708 4019 4943 e
2159 5099 2758 5316 Suite.
985 5507 4154 5735 J'ai apperçu ma chère Aurore, qui
977 5726 4039 5935 ſortoit de chez Frédégonde. Ce ſont ces
981 5926 4027 6139 miſérables-là qui me l'ont enlevée, qu'en
985 6120 4154 6329 vont ils faire? J'ai voulu lui parler. Des
993 6321 4034 6549 poliſſons m'ont inſulté; peut-être étoient-
