4266 8095
1329 327 1972 560 i.
153 555 3233 768 ils envoyés, contre moi, par les mal-
153 756 3225 965 heureux qui me trompent. J'ai été obligé
161 954 3229 1162 de perdre mon temps à les châtier avec
149 1150 3229 1361 ma canne; pendant ce temps - là, Au-
23 1348 3213 1553 rore, qui ne m'avoit, ſans doute, pas
70 1551 1486 1747 vu, a diſparu.
101 1734 3217 1938 J'ai voulu forcer Frédégonde à m'a-
141 1935 3225 2138 vouer où elle avoit logé ma belle Au-
145 2128 3540 2354 rore; elle a d'abord tout nié; enſuite
149 2322 3213 2507 elle m'a dit: „Quand cela ſeroit vrai,
141 2523 3213 2725 “il faudroit que vous vous ſoumiſſiez
149 2718 3209 2917 “à bien des conditions, avant que je
141 2913 3201 3110 “vous découvriſſe le ſecret que vous
142 3115 3210 3305 “voulez en vain pénétrer.“ Je lui ai
145 3307 3201 3510 demandé quelles ſont ces conditions;
133 3504 2314 3703 elle a refuſé de s'expliquer.
310 3702 3193 3899 Cependant il m'eſt venu un homme
121 3899 3189 4096 d'une apparence très-honnête, avec une
121 4094 3193 4286 lettre du Banquier de mon père, qui me
125 4289 3213 4496 l'envoyoit, pour que je l'agréaſſe, en
129 4486 3185 4686 qualité de Gouverneur. J'avois remis à
46 4680 3185 4883 ce Banquier la lettre, par laquelle mon
121 4877 3173 5076 père le prioit de recueillir des infor-
117 5070 3174 5260 mations ſur le compte du Chevalier
109 5259 3173 5461 Marqué, & de me choiſir un autre
110 5462 3202 5647 Gouverneur, en cas que le Chevalier lui
109 5650 3173 5856 parût indigne de cet emploi. En conſé-
121 5851 3182 6052 quence, cet honnête commiſſionnaire,
113 6048 3189 6245 s'étant exactement informé, avoit en-
2362 6262 2681 6408 Hv
