4266 7933
2296 493 2789 673 iS
1080 713 4071 920 homme, que j'avois interceptée; mais je
1042 908 4189 1113 n'y avois pas fait aſſez d'attention. Quoi
1038 1103 4182 1301 qu'il en ſoit, l'inſolent Banquier, comme
1076 1294 4163 1489 s'il ſe fût aſſuré de mon indignité, a
839 1489 4170 1681 trouvé un autre Mentor, & l'a envoyé
1084 1680 4144 1875 au petit perſonnage, qui veut abſolu-
1076 1867 4140 2020 ment ſe mettre ſous ſa tutele. Tu vois
1072 2062 4140 2257 de quelle importance eſt ce grief, dont
805 2253 4144 2451 il faut punir le petit bon-homme. Qu'a-
828 2451 4147 2650 vons-nous à faire dans cette circonſtance?
1073 2647 3866 2838 Comment parer ce coup imprévu?
1062 2991 4121 3205 L &
1188 3384 4107 3597 Frédégonde, au Chevalier Marqué.
877 3670 4098 3996 Inécille que tu es, peux-tu donc
1072 3978 4071 4187 être bouché à ce point-là? Tu me de-
1015 4170 3987 4373 mandes comment tu dois faire, pour te
778 4354 3975 4548 reſaiſir du rebelle qui veut t'échapper.
1072 4529 4079 4739 Il faut d'abord que ce petit bon-homme
1065 4743 4079 4935 ſe remette volontairement ſous ton em-
1057 4930 4075 5320 areilee, puin le romroaer ſ nos
1057 5317 4067 5511 compte; c'eſt-à-dire, pour lui faire ac-
1053 5511 3972 5706 croire qu'il a été trompé lui Céſar, & que
1046 5699 3960 5893 tues, toi, un honnête-homme calomnié.
1034 5893 3976 6094 Il faut, de plus, que le nouveau Gouver-
912 6084 3956 6287 neur, qui ſe préſente, renonce de lui-
