4266 8201
1406 419 1936 640 ri
107 666 3246 867 même à ſon Gouvernement; qu'on n'en
151 867 3458 1072 puiſſe trouver aucun autre, ſi l'on a l'au-
111 1063 3250 1269 dace d'en chercher encore, & qu'on ſoit
107 1262 3250 1467 forcé de te garder, faute de pouvoir
151 1462 3570 1668 faire mieux. Or, je vois, d'ici, ton air
39 1662 3258 1869 nigaud: „Comment, diras-tu, comment
83 1858 3246 2058 “puis - je faire écrire le jeune - homme
139 2057 3259 2262 “contre ſon ſentiment & ſon inclina-
147 2252 3254 2458 “tion?“ Hé, pauvre eſprit! le cas
147 2456 3558 2663 ſeroit-il nouveau? &, d'ailleurs, ne peut-
155 2654 3278 2862 on pas faire naître, à des machines,
155 2855 3266 3066 comme cela, les ſentimens & les incli-
19 3054 3290 3258 nations qu'on veut? Quoi qu'il en ſoit,
147 3250 3271 3466 voilà ce qu'il faut faire écrire, par le
143 3457 2387 3666 jeune-homme, au Banquier.
171 3832 3291 4045 Lettre que doit écrire Perlencour fils,
1179 4119 2215 4334 au Banquier.
99 4551 3270 4813 „Mon Dieu, Monſieur, que j'ai
163 4809 3278 5022 “été trompé, & que je ſuis honteux
158 5006 3270 5207 “de l'avoir été à ce point! J'ai engagé
151 5207 3274 5406 “mon père dans mon erreur, qui pa-
155 5401 3278 5604 “roît avoir influé juſques ſur vous.
151 5601 3266 5805 “Depuis plus de deux ans, je ſuis entre
163 5797 3302 5985 “les mains de M. le Chevalier Marqué,
151 5993 3302 6210 “homme extrêmement intelligent, &
155 6193 3298 6409 “plein de bonne volonté pour moi,
