4266 8053
2244 359 2752 570 S
975 584 4129 784 “qui m'en a donné continuellement
955 780 4133 983 “des preuves; & j'ai oſé penſer mal de
967 979 3961 1178 “lui, & le calomnier, en le repréſen-
959 1174 4145 1394 “tant comme un indigne ſujet. Pluſieurs
963 1373 3946 1573 “circonſtances ont contribué à m'égarer;
963 1568 4106 1759 “mais cette averſion ſecrette, que
959 1767 4129 1961 “reſſentent tous les jeunes gens, contre
951 1959 4129 2158 “les hommes à qui on les force d'être
955 2152 4137 2356 “ſoumis, cette averſion m'a peut-être
944 2353 4145 2554 “aveuglé autant que tout le reſte. En-
674 2544 4141 2757 “fin j'ai ouvert les yeux, Monſieur;
944 2746 4141 2939 “j'ai examiné la conduite de mon Gou-
944 2939 4157 3139 “verneur, avec ces regards prévenus
944 3130 4157 3333 “qui cherchoient à le trouver coupable.
940 3325 4157 3537 “Je l'ai reconnu pour parfaitement inno-
944 3524 4161 3723 “cent. Je me ſuis aſſuré, à n'en pou-
807 3718 4157 3926 “voir douter, de la pureté de ſes in-
940 3910 4164 4117 “tentions, de l'honnêteté de toutes ſes
608 4106 3969 4313 “démarches, de ſa bonne volonté pour
936 4297 3977 4502 “moi, que rien, de ma part, ne peut
791 4492 4133 4696 “rebuter. Je ne puis revenir du comble
932 4679 4149 4891 “de l'erreur & de la mépriſe où j'étois.
940 4882 3985 5082 “Je ſens que déſormais je ne dois pas
936 5081 3981 5273 “me fier à ma manière de voir; que
729 5277 3977 5484 “j'ai beſoin des yeux clairvoyans de
928 5476 4086 5681 “cet homme unique, pour me guider
932 5671 3977 5874 “& m'éclairer; que mon véritable in-
933 5875 3974 6066 “térêt eſt qu'il veuille bien me con-
941 6066 4181 6277 “tinuer ſes ſoins; en conſéquence,
