4266 8327
1157 465 2238 725 s.
28 760 3335 997 Laure, que tu n'as pas encore eu l'eſprit
70 988 3499 1202 de t'approprier, ſa Laure, n'eſt - elle
1 1193 3675 1413 pas auſſi en notre pouvoir? N'eſt - elle
70 1411 3318 1617 pas dans une maiſon qui nous appar-
79 1615 3507 1825 tient? Ne pouvons-nous pas la lui en-
70 1822 3629 2033 lever, quand il nous plaira? Quoi! nous
66 2032 3507 2247 poſſédons la femme qu'il aime, & celle
74 2241 3323 2454 dont il jouit; & nous ne ſerions pas
7 2449 3331 2664 parfaitement maîtres de lui! Allons, im-
83 2660 3331 2872 bécille, ne manque pas de m'apporter
79 2870 3331 3082 demain la copie de ma lettre, de la
83 3080 3335 3289 main du petit Monſieur. „Mais, me
87 3285 3344 3494 “diras-tu, peut-être, car tu es un franc
74 3493 3348 3700 “poltron, quand je voudrai faire copier
70 3704 3335 3914 “la lettre au bouillant jeune-homme,
70 3905 3570 4115 “en lui remontrant que j'ai ſon Au-
66 4115 3436 4324 “rore en mon pouvoir, au lieu de
74 4320 3339 4530 “faire la copie requiſe, il pourra bien
66 4530 3511 4740 “me ſauter au collet, & me dire: „co-
70 4739 3386 4936 “quin, ſi tu ne me rends ma maîtreſſe,
66 4949 3494 5155 “je te coupe les deux oreilles.“ Quand
70 5150 3499 5368 il t'en couperoit un bout, voyez le grand
66 5360 3331 5573 malheur, ne ſeroient - elles pas encore
70 5569 3369 5770 aſſez longues? Au reſte, s'il fait le mé-
66 5775 3369 6013 chant, envoie le moi. Nous verrons ſi
59 5981 2842 6190 ſa morgue tiendra devant moi.
130 6190 3336 6392 Il faut effrayer le bon - homme de
88 6408 3345 6614 Gouverneur, qu'on envoie pour te rem-
84 6614 3336 6828 placer. Il faut lui peindre ton jeune-
