4266 8304
1970 494 2606 680 (
510 727 4017 933 ſur un tas de boue. Pas l'ombre du ſen-
843 928 4021 1136 timent. Il m'a renvoyé à Frédégonde.
839 1133 4069 1335 J'ai volé chez elle, enflammé de colère,
598 1330 3920 1531 diſpoſé à la traiter comme ſon infame
843 1535 4041 1737 Chevalier. Je ne ſais pas comment la
843 1732 4017 1940 damnable ſcélérate à pu faire; mais elle
843 1933 4017 2135 eſt parvenue à me faire copier ſon ri-
521 2138 3924 2340 dicule écrit, à me le faire ſigner. Il a
839 2339 3920 2549 fallu qu'en grinçant des dents, pour
840 2541 3928 2750 voir ma chère Aurore, je me ſois avili
827 2741 3924 2951 à ce point. Elle a ſu ſi bien me faire
843 2951 3932 3148 voir la chère Belle-en-Deuil perdue pour
847 3144 3940 3349 moi ſans reſſource, la belle Laure auſſi
803 3341 3936 3547 dérobée à mes deſirs...... Car enfin cet
851 3534 3956 3745 ange eſt dans une maiſon ſoumiſe à l'in-
855 3739 4105 3940 digne Furie. J'ai vu qu'il n'y avoit que
843 3940 4044 4145 deux partis, de la rouer de coups, ou
843 4137 3960 4342 de faire ce qu'elle vouloit. J'ai été cent
494 4334 3972 4491 fois tenté de lui caſſer ma canne ſur le
843 4535 3972 4737 corps; enfin le parti le plus modéré m'a
803 4732 4117 4937 paru le plus ſupportable. J'ai copié en
811 4925 4089 5135 frémiſſant.... Ce qu'il y a de plus déſeſ-
844 5133 4109 5340 pérant, c'eſt que la maudite copie a
843 5335 4125 5541 produit l'effet qu'ils vouloient. Elle étoit
852 5532 4057 5750 adreſſée au Banquier de mon père. Voici
849 5734 1701 5940 ſa réponſe.
