4266 8562
736 470 4268 714 “effet honnêtes, s'ils ont été calomniés,
916 682 4269 903 “vous faites bien de leur rendre juſtice;
561 903 4270 1124 “mais vous aurez, contre vous, tout
907 1104 4272 1333 “le public, qui les connoît du mauvais
910 1310 4273 1518 “côté. L'homme, que je vous avois
907 1518 4274 1737 “envoyé, renonce volontiers à votre
899 1727 4276 1937 “ſociété. On l'a effrayé; on vous a peint
795 1935 4277 2162 “comme plus méchant que vous n'êtes.
536 2143 4278 2366 “N'y a-t-il point ici du manège? Exa-
686 2351 4280 2572 “minez bien, Monſieur. Je n'ai que
891 2557 4281 2787 “le droit de repréſentation. Tâchez de
507 2775 3750 3002 “n'être pas dupe & victime.“
1032 2948 4284 3187 Tu vois, mon cher Dumoulin, par
520 3155 4285 3420 la lettre de M. l'Agiot, quelle idée on
886 3388 4287 3617 a des malheureux avec leſquels je ſuis
878 3600 4288 3825 lié. J'aurois bien voulu lui écrire en
732 3807 4289 4037 ſecret ce que je penſe; mais je n'ai pu
874 4013 4291 4243 me réſoudre à jouer un rôle humiliant
870 4221 4292 4449 pour l'amour - propre. Il falloit avouer
574 4431 4293 4656 que je m'étois laiſſé ſubjuguer, qu'on
870 4634 4295 4852 m'avoit fait écrire malgré moi; dès lors
861 4849 4297 5258 oonn eu a nit anſol rnent beſoia
832 5256 4299 5470 d'un Précepteur. Je ſuis bien humilié.
832 5454 4300 5697 Viens à mon ſecours. Fortifie moi par
866 5682 2116 5862 tes conſeils.
824 5867 4303 6101 Cependant je n'ai pas encore vu la
820 6092 4304 6332 petite Aurore, qu'on m'avoit promis
