4266 7981
1372 494 1989 672 o
-15 711 3500 921 charité. Elle nous fait bien de la peine.
-15 896 3503 1117 Elle nous fait verſer des larmes bien
-14 1107 3254 1307 amères, depuis qu'elle ſe mêle de nos
-14 1298 3258 1499 affaires, & il faut encore la remercier;
-13 1490 3426 1681 car elle dit que c'eſt pour notre bien.
-13 1666 3258 1881 C'eſt elle qui nous a fait quitter votre
-13 1873 3284 2066 voiſinage, qui nous plaiſoit tant, pour
-12 2065 3254 2257 nous loger dans le ſien, dont je ne me
-12 2241 3258 2457 ſouciois point du tout. Demandez - moi
-11 2449 3484 2847 ple ſa ueuiſon,
-10 2839 3261 3034 dans la petite vilaine rue de** où
-10 3031 3265 3234 nous ſommes triſtement enſevelis dans
-10 3202 3269 3420 l'ombre, comme dans un cachot. D'ail-
-9 3393 3261 3612 leurs, nous n'avons jamais ſi mal vécu;
-9 3612 3265 3804 nous n'avons pas d'autres ouvrages que
-8 3802 3269 3995 ceux qu'elle nous donne, & il n'y a
-8 3989 3261 4210 pas de quoi nous entretenir. Tous les
-8 4181 3269 4369 marchands, qui nous fourniſſoient de
-7 4350 3261 4573 l'ouvrage, ne veulent plus nous employer.
-7 4541 3277 4765 Je ne ſais pas qui eſt-ce qui les a pré-
-6 4760 3273 4949 venus contre nous. Ils m'ont laiſſé en-
-6 4939 3273 5138 trevoir que quelqu'un leur avoit dit beau-
-5 5136 3273 5328 coup de mal de nous; & l'un d'eux m'a
-5 5326 3277 5523 même avoué que c'étoit une grande
-5 5493 3284 5714 Dame, juſtement comme Madame Fré-
-4 5703 3284 5910 dégonde. Quel intérêt pourroit avoir cette
-4 5895 3281 6085 cruelle Dame, à nous décrier, à nous ôter
-3 6075 3296 6300 toute reſſource? Eſt-cepour que nous ſoyons
574 6282 1260 6432 Tome lu.
