4266 8508
2325 564 3090 778 i.
600 819 4225 1044 “J'adore leur incomparable Demoiſelle.
966 1040 4114 1225 “Gardez - vous de cauſer le moindré
958 1250 4110 1461 “chagrin à cette famille reſpectable.
949 1460 4171 1669 “Vous m'en répondrez tous deux ſur
949 1665 4093 1875 “votre tête.“ La furieuſe Frédégonde
950 1880 4110 2082 a voulu prendre le ton de Reine, &
941 2085 4204 2299 m'en impoſer. Elle a vu que mes yeux
945 2291 4081 2505 étinceloient, que j'agitois ma canne, &
945 2500 4200 2708 la faiſois ſiffler dans mes mains. Elle a
768 2708 4200 3130 ii, de iiiade aa oe eareeea
801 3126 4208 3344 J'ai raſſuré ces pauvres gens, qui étoient
949 3344 4208 3547 tout tremblans. Je leur ai demandé par-
941 3541 4208 3760 don de mon emportement, qui naiſſoit
941 3751 4130 3974 de mon zèle pour eux. Ils m'en ont
929 3956 4129 4185 remercié, preſqu'à genoux. J'ai ſerré,
929 4175 4101 4394 contre mon cœur, la timide Aurore.
945 4376 4101 4587 „Fiez - vous ſur moi, me ſuis-je écrié,
929 4578 4097 4791 “gens honnêtes & ſacrés pour moi. Je
587 4784 4093 4994 “répandrai juſqu'à la dernière goutte de
930 4995 4098 5205 “mon ſang, pour que vous ſoyez heu-
933 5204 4180 5417 “reux autant que vous méritez de l'être.“
1139 5401 4089 5628 Je ſuis parti pénétré & comblé de
921 5623 4085 5833 l'attendriſſement de ces bonnes gens,
925 5825 4085 6052 partagé entre l'enchantement & la fu-
920 6043 4072 6259 reur. Je courois comme un frénétique.
925 6240 4072 6467 Je vis de loin, devant moi, mon couple
925 6450 4072 6677 indigne qui marchoit à pied. En paſſant
937 6659 4072 6883 auprès d'eux comme un trait, je donnai
