<PcGts xmlns="http://schema.primaresearch.org/PAGE/gts/pagecontent/2017-07-15" xmlns:xsi="http://www.w3.org/2001/XMLSchema-instance" xsi:schemaLocation="http://schema.primaresearch.org/PAGE/gts/pagecontent/2017-07-15 http://schema.primaresearch.org/PAGE/gts/pagecontent/2017-07-15/pagecontent.xsd"><Metadata><Creator>User123</Creator><Created>2020-10-14T11:42:17</Created><LastChange>2020-10-14T11:42:17</LastChange></Metadata><Page imageFilename="0206.png" imageHeight="8172" imageWidth="4266"><TextRegion id="r0" type="paragraph" orientation="-0.0"><Coords points="1,1 4264,1 4264,8170 1,8170"/><TextLine id="r0_l001"><Coords points="1574,632 2061,632 2061,813 1574,813"/><TextEquiv index="1"><Unicode>o.</Unicode></TextEquiv></TextLine><TextLine id="r0_l002"><Coords points="2885,1067 2884,1067 2884,1009 2884,1008 2705,1008 2704,1009 2704,1010 2702,1012 2693,1012 2692,1013 2692,1014 2690,1016 2671,1016 2668,1014 2668,1013 2668,1012 2477,1012 2476,1013 2476,1034 2475,1035 2473,1035 2472,1035 2472,1034 2468,1030 2468,1013 2468,1012 2356,1012 2354,1011 2354,1010 2353,1008 2037,1008 1987,1008 1985,1010 1985,1011 1984,1012 1916,1012 1915,1013 1915,1065 1913,1067 1893,1067 1891,1066 1891,1065 1890,1064 1890,1063 1889,1063 1887,1062 1887,1061 1886,1060 1886,1059 1885,1059 1883,1058 1883,1057 1883,1056 1882,1055 1881,1055 1879,1054 1879,1014 1878,1012 1873,1012 1871,1011 1871,1009 1871,1008 1689,1008 1687,1007 1687,1006 1686,1004 1515,1004 1514,1005 1514,1062 1513,1063 1512,1063 1510,1065 1510,1066 1509,1067 1505,1067 1502,1065 1502,1064 1502,1063 1485,1063 1483,1062 1483,1061 1482,1059 1477,1059 1475,1058 1475,1013 1475,1012 1021,1012 1020,1013 1020,1014 1018,1016 974,1016 972,1018 972,1019 971,1020 653,1020 651,1019 651,1018 650,1016 377,1016 376,1017 376,1018 374,1020 373,1020 372,1021 372,1022 370,1024 316,1024 309,1018 309,1010 308,1008 307,1008 305,1007 305,962 305,961 304,961 301,959 301,954 301,953 300,953 297,951 297,940 301,936 301,935 303,933 588,933 588,933 588,919 590,917 591,917 592,916 592,911 593,910 594,910 596,908 596,899 597,898 598,898 608,888 608,887 609,886 614,886 626,874 637,874 639,877 639,878 640,878 814,878 815,880 815,884 816,885 816,886 817,886 818,886 819,888 819,889 820,890 820,909 822,910 823,910 823,911 823,929 824,929 1247,929 1247,929 1247,928 1250,925 1349,925 1349,925 1349,923 1351,921 1372,921 1373,923 1373,925 1374,925 1706,925 1706,925 1706,877 1709,874 1733,874 1734,876 1734,878 1735,878 1850,878 1852,881 1852,929 1853,929 2072,929 2072,929 2072,911 2074,909 2138,909 2138,909 2138,877 2149,866 2156,866 2157,868 2158,869 2158,877 2161,879 2162,879 2162,880 2162,921 2163,921 2227,921 2229,924 2229,925 2230,925 2235,925 2236,927 2236,928 2238,929 2421,929 2421,929 2421,927 2423,925 2609,925 2609,925 2609,920 2612,917 2613,917 2613,917 2613,912 2616,909 2617,909 2617,909 2617,904 2619,902 2620,902 2621,901 2621,900 2623,898 2624,898 2624,898 2625,897 2625,896 2627,894 2628,894 2628,894 2629,893 2629,892 2631,890 2636,890 2637,889 2637,888 2639,886 2640,886 2640,886 2640,885 2643,882 2648,882 2648,882 2648,881 2651,878 2671,878 2672,877 2672,876 2674,874 2754,874 2754,874 2754,873 2757,870 2769,870 2770,872 2770,873 2772,874 2773,874 2774,876 2774,921 2775,921 2886,921 2890,925 3100,925 3100,925 3100,880 3102,878 3103,878 3104,877 3104,876 3106,874 3107,874 3108,873 3108,872 3110,870 3111,870 3112,869 3112,864 3113,863 3114,863 3115,862 3115,861 3117,859 3217,859 3218,861 3218,921 3219,921 3306,921 3310,925 3326,925 3328,928 3328,929 3329,929 3330,929 3332,932 3332,933 3333,933 3334,933 3336,936 3336,937 3337,937 3338,937 3339,939 3339,941 3339,941 3338,941 3335,944 3335,948 3334,949 3333,949 3332,950 3332,951 3331,952 3331,1012 3331,1012 3325,1012 3324,1013 3324,1014 3322,1016 3313,1016 3312,1017 3312,1034 3310,1036 3309,1036 3308,1037 3308,1038 3307,1039 3290,1039 3288,1038 3288,1037 3288,1036 3266,1036 3265,1035 3263,1035 3260,1032 3256,1032 3255,1031 3254,1031 3253,1031 3253,1013 3253,1012 3228,1012 3225,1010 3225,1009 3225,1008 3039,1008 3037,1010 3037,1011 3036,1012 3035,1012 3034,1012 3033,1011 3033,1010 3032,1008 2897,1008 2896,1009 2896,1066 2895,1067"/><TextEquiv index="1"><Unicode>un furieux coup d'épaule au Chevalier</Unicode></TextEquiv></TextLine><TextLine id="r0_l003"><Coords points="3645,1273 3645,1269 3645,1268 2226,1268 2225,1267 668,1267 667,1267 667,1266 661,1259 660,1259 659,1259 659,1258 658,1257 658,1217 658,1216 299,1216 298,1216 298,1215 297,1214 297,1127 297,1126 41,1126 34,1120 37,1117 297,1117 297,1117 297,1085 300,1082 301,1082 301,1082 301,1081 304,1078 1380,1078 1381,1077 1381,1076 1382,1075 1383,1075 1385,1073 1385,1072 1386,1071 1387,1071 1388,1070 1396,1070 1396,1070 1396,1069 1398,1067 1399,1067 1400,1066 1401,1066 1402,1067 2907,1067 2908,1069 2908,1070 2910,1071 2911,1071 2911,1072 2911,1073 2913,1074 2914,1074 2915,1076 2915,1121 2916,1121 3131,1121 3132,1122 3139,1122 3139,1123 3139,1125 3140,1125 3223,1125 3224,1126 3225,1126 3225,1127 3225,1128 3226,1128 3227,1129 3228,1129 3229,1131 3229,1132 3230,1132 3231,1133 3232,1133 3233,1135 3233,1136 3235,1137 3236,1137 3237,1139 3237,1140 3239,1141 3240,1141 3241,1143 3241,1144 3243,1145 3244,1145 3245,1147 3245,1184 3246,1184 3326,1184 3328,1187 3328,1188 3329,1188 3330,1188 3332,1191 3332,1192 3333,1192 3334,1192 3336,1195 3336,1196 3337,1196 3338,1196 3339,1198 3339,1199 3341,1200 3346,1200 3347,1201 3347,1202 3347,1207 3349,1208 3350,1208 3351,1210 3351,1219 3350,1220 3349,1220 3347,1222 3347,1235 3347,1235 3346,1235 3343,1238 3343,1239 3343,1239 3334,1239 3331,1242 3331,1243 3331,1243 3326,1243 3324,1245 3324,1246 3323,1247 3318,1247 3316,1249 3316,1250 3315,1251 2233,1251 2232,1252 2232,1255 2233,1255 3653,1255 3653,1256 3653,1259 3653,1259 3652,1259 3650,1261 3650,1273 3648,1275"/><TextEquiv index="1"><Unicode>Marqué. La ſecouſſe fut ſi violente,</Unicode></TextEquiv></TextLine><TextLine id="r0_l004"><Coords points="2831,1467 2829,1466 2829,1465 2828,1463 2819,1463 2817,1462 2817,1461 2816,1459 2807,1459 2806,1459 2806,1458 2804,1455 2803,1455 2802,1455 2802,1454 2801,1453 2801,1441 2801,1440 2800,1440 2798,1439 2798,1413 2798,1412 2756,1412 2755,1412 2755,1411 2753,1408 2576,1408 2574,1407 2574,1406 2573,1404 2442,1404 2441,1405 2441,1449 2440,1450 2440,1451 2440,1451 2439,1451 2436,1454 2436,1455 2436,1455 2435,1455 2432,1458 2432,1459 2432,1459 2426,1459 2425,1459 2425,1405 2425,1404 2003,1404 2001,1406 2001,1407 2000,1408 1919,1408 1918,1409 1918,1455 1918,1455 1917,1455 1916,1456 1914,1458 1914,1459 1914,1459 1877,1459 1875,1458 1875,1457 1875,1456 1874,1455 1873,1455 1871,1454 1871,1409 1871,1408 1606,1408 1605,1408 1605,1407 1603,1404 1407,1404 1404,1407 1404,1408 1404,1408 1167,1408 1165,1410 1165,1411 1164,1412 959,1412 956,1410 956,1409 956,1408 747,1408 745,1410 745,1411 744,1412 739,1412 737,1414 737,1415 736,1416 711,1416 710,1416 710,1415 708,1412 373,1412 372,1413 372,1458 371,1459 366,1459 364,1461 364,1462 363,1463 346,1463 345,1463 345,1462 343,1459 338,1459 337,1459 337,1458 336,1457 336,1413 336,1412 319,1412 317,1411 317,1410 316,1408 315,1408 313,1407 313,1406 312,1404 307,1404 305,1403 305,1402 304,1400 303,1400 301,1399 301,1398 300,1396 299,1396 298,1396 297,1395 297,1394 296,1392 295,1392 293,1391 293,1360 297,1356 297,1352 300,1349 301,1349 301,1349 301,1348 304,1345 305,1345 305,1345 305,1340 308,1337 320,1337 321,1336 321,1335 322,1334 323,1334 324,1333 328,1333 329,1332 329,1331 330,1330 434,1330 435,1329 470,1329 470,1329 470,1316 472,1314 474,1314 474,1314 474,1288 475,1287 476,1287 478,1285 478,1284 479,1283 480,1283 482,1281 482,1280 483,1279 484,1279 485,1278 607,1278 607,1278 607,1277 609,1275 615,1275 615,1276 615,1279 616,1279 662,1279 662,1280 662,1281 665,1283 666,1283 666,1284 666,1285 669,1287 670,1287 670,1288 670,1329 671,1329 886,1329 886,1329 886,1328 888,1326 889,1326 890,1325 890,1312 892,1310 893,1310 894,1309 894,1304 896,1302 897,1302 898,1301 898,1296 900,1294 901,1294 902,1293 902,1288 903,1287 904,1287 906,1285 906,1284 907,1283 908,1283 910,1281 910,1280 911,1279 912,1279 914,1277 914,1276 915,1275 944,1275 945,1277 945,1278 946,1278 947,1278 949,1281 949,1330 950,1330 1163,1330 1165,1328 1165,1327 1166,1326 1313,1326 1313,1326 1313,1325 1314,1324 1314,1323 1315,1322 1502,1322 1502,1323 1502,1324 1504,1325 1698,1325 1699,1324 1699,1323 1700,1322 1781,1322 1781,1322 1781,1277 1784,1274 1785,1274 1785,1274 1785,1273 1787,1271 1800,1271 1801,1273 1801,1274 1803,1275 1804,1275 1805,1277 1805,1321 1807,1322 1886,1322 1887,1324 1887,1325 1889,1326 2224,1326 2224,1326 2224,1270 2226,1268 2232,1268 2235,1271 2236,1271 2236,1272 2236,1275 2237,1275 2680,1275 2680,1275 2680,1272 2681,1271 2690,1271 2692,1269 2692,1268 2693,1267 2695,1267 2696,1269 2696,1270 2698,1271 2703,1271 2703,1272 2703,1273 2704,1274 2704,1278 2705,1278 2774,1278 2775,1279 2781,1279 2782,1281 2782,1326 2783,1326 3120,1326 3120,1326 3120,1276 3121,1275 3122,1275 3124,1273 3124,1272 3125,1271 3142,1271 3143,1273 3143,1274 3144,1274 3145,1274 3147,1277 3147,1326 3148,1326 3221,1326 3221,1327 3221,1328 3224,1330 3229,1330 3229,1331 3229,1336 3232,1338 3233,1338 3233,1339 3233,1344 3235,1345 3236,1345 3237,1347 3237,1384 3238,1384 3333,1384 3334,1385 3335,1385 3335,1386 3335,1387 3337,1388 3341,1388 3342,1389 3343,1389 3343,1390 3343,1399 3345,1400 3346,1400 3347,1402 3347,1423 3346,1424 3345,1424 3343,1426 3343,1431 3342,1432 3341,1432 3340,1433 3339,1434 3339,1435 3338,1436 3333,1436 3332,1437 3332,1438 3330,1440 3321,1440 3320,1441 3320,1442 3319,1443 3317,1443 3316,1443 3316,1442 3316,1441 3314,1439 3313,1439 3312,1439 3312,1409 3312,1408 2881,1408 2880,1409 2880,1431 2879,1432 2878,1432 2876,1434 2876,1439 2876,1439 2875,1439 2872,1442 2872,1447 2872,1447 2867,1447 2864,1450 2864,1451 2864,1451 2859,1451 2856,1454 2856,1455 2856,1455 2855,1455 2852,1458 2852,1459 2852,1459 2847,1459 2845,1461 2845,1462 2844,1463 2835,1463 2833,1465 2833,1466 2832,1467"/><TextEquiv index="1"><Unicode>qu'elle ſe communiqua à Frédégonde,</Unicode></TextEquiv></TextLine><TextLine id="r0_l005"><Coords points="1104,1667 1102,1666 1102,1665 1102,1664 1101,1664 1098,1662 1098,1654 1101,1651 1102,1651 1102,1651 1102,1613 1102,1612 597,1612 596,1612 596,1611 594,1608 326,1608 325,1609 324,1608 322,1608 321,1608 321,1607 319,1604 315,1604 313,1603 313,1602 313,1601 304,1601 301,1599 301,1598 301,1597 300,1597 297,1595 297,1586 297,1585 296,1585 293,1583 293,1560 296,1557 297,1557 297,1557 297,1552 300,1549 301,1549 301,1549 301,1548 304,1545 305,1545 305,1545 305,1544 308,1541 309,1541 309,1541 309,1540 311,1538 313,1538 313,1538 313,1516 315,1514 316,1514 317,1513 317,1508 319,1506 320,1506 321,1505 321,1496 322,1495 323,1495 325,1493 325,1488 326,1487 340,1487 340,1488 340,1489 342,1490 525,1490 525,1490 525,1481 527,1479 528,1479 529,1478 529,1477 531,1475 532,1475 533,1474 533,1474 533,1473 535,1471 544,1471 544,1472 544,1473 547,1475 548,1475 548,1476 548,1477 549,1478 549,1526 550,1526 874,1526 874,1526 874,1517 875,1516 875,1515 876,1514 877,1514 878,1513 878,1501 881,1498 882,1498 882,1498 882,1493 885,1490 886,1490 886,1490 886,1485 888,1483 889,1483 890,1482 890,1481 892,1479 893,1479 894,1478 894,1477 896,1475 909,1475 909,1475 909,1474 912,1471 928,1471 937,1481 937,1522 938,1522 983,1522 984,1524 984,1525 986,1526 987,1526 988,1528 988,1529 990,1530 1219,1530 1219,1530 1219,1529 1222,1526 1390,1526 1390,1526 1390,1483 1388,1481 1388,1478 1389,1477 1389,1476 1390,1475 1391,1475 1393,1473 1393,1472 1394,1471 1411,1471 1412,1473 1412,1522 1413,1522 1455,1522 1455,1523 1455,1524 1456,1525 1456,1526 1457,1526 1556,1526 1569,1540 1569,1548 1572,1550 1573,1550 1573,1551 1573,1577 1574,1577 1781,1577 1781,1577 1781,1547 1782,1546 1783,1546 1785,1544 1785,1540 1791,1534 1795,1534 1797,1532 1797,1531 1798,1530 1803,1530 1805,1528 1805,1527 1806,1526 1806,1479 1805,1478 1805,1477 1804,1476 1804,1471 1805,1470 1805,1468 1806,1467 1819,1467 1820,1469 1820,1477 1823,1479 1824,1479 1824,1480 1824,1485 1827,1487 1828,1487 1828,1488 1828,1497 1831,1499 1832,1499 1832,1500 1832,1505 1834,1506 1835,1506 1836,1508 1836,1518 1837,1518 1957,1518 1957,1519 1957,1520 1960,1522 2383,1522 2383,1522 2383,1479 2382,1478 2382,1477 2381,1476 2381,1475 2382,1474 2382,1472 2383,1471 2388,1471 2390,1469 2390,1468 2391,1467 2404,1467 2405,1469 2405,1522 2406,1522 2655,1522 2657,1525 2657,1526 2658,1526 2675,1526 2676,1528 2676,1533 2675,1534 2670,1534 2668,1536 2668,1537 2667,1538 2662,1538 2660,1540 2660,1577 2661,1577 2896,1577 2896,1577 2896,1485 2895,1483 2890,1483 2889,1483 2888,1482 2888,1477 2890,1475 2891,1475 2892,1474 2892,1473 2894,1471 2895,1471 2896,1470 2896,1469 2898,1467 2911,1467 2911,1468 2911,1469 2914,1471 2915,1471 2915,1472 2915,1475 2916,1475 3021,1475 3021,1476 3021,1477 3024,1479 3025,1479 3025,1480 3025,1482 3024,1483 3023,1483 3022,1484 3022,1522 3023,1522 3238,1522 3238,1522 3238,1479 3237,1478 3237,1477 3239,1475 3240,1475 3241,1474 3241,1473 3243,1471 3256,1471 3257,1473 3257,1474 3259,1475 3260,1475 3261,1477 3261,1537 3262,1537 3263,1537 3265,1540 3265,1557 3266,1557 3354,1557 3355,1559 3355,1572 3354,1573 3345,1573 3343,1575 3343,1576 3342,1577 3274,1577 3273,1578 3273,1603 3272,1604 3271,1604 3270,1605 3215,1605 3214,1606 3214,1607 3213,1608 3180,1608 3179,1609 3129,1609 3128,1610 3128,1647 3129,1647 3130,1647 3131,1649 3131,1651 3130,1652 3129,1652 3127,1654 3127,1655 3127,1655 3126,1655 3125,1656 3092,1656 3091,1655 3090,1655 3088,1654 3088,1609 3088,1608 2988,1608 2986,1607 2986,1606 2986,1605 2807,1605 2806,1606 2806,1635 2805,1636 2737,1636 2735,1635 2735,1609 2735,1608 2536,1608 2535,1609 2534,1608 2458,1608 2456,1607 2456,1606 2456,1605 2152,1605 2150,1607 2150,1608 2150,1608 2147,1608 2146,1608 2146,1606 2146,1605 1668,1605 1667,1606 1667,1623 1666,1624 1665,1624 1663,1626 1663,1631 1662,1632 1661,1632 1660,1633 1660,1634 1658,1636 1649,1636 1648,1637 1648,1638 1646,1640 1638,1640 1636,1639 1636,1638 1635,1636 1634,1636 1632,1635 1632,1609 1632,1608 1371,1608 1370,1609 1237,1609 1235,1611 1235,1612 1235,1612 1133,1612 1132,1613 1132,1656 1133,1657 1133,1658 1134,1658 1135,1659 1136,1659 1137,1661 1137,1663 1137,1663 1136,1663 1133,1666 1133,1667 1133,1667"/><TextEquiv index="1"><Unicode>&amp; leur fit perdre, à tous deux, l'équi-</Unicode></TextEquiv></TextLine><TextLine id="r0_l006"><Coords points="3297,1865 3296,1865 3296,1806 3296,1805 2956,1805 2955,1806 2955,1815 2954,1816 2953,1816 2951,1818 2951,1819 2950,1820 2949,1820 2947,1822 2947,1823 2946,1824 2945,1824 2943,1826 2943,1827 2942,1828 2937,1828 2935,1830 2935,1831 2934,1832 2929,1832 2928,1833 2928,1834 2927,1835 2927,1836 2927,1836 2925,1836 2923,1835 2923,1834 2922,1832 2921,1832 2919,1831 2919,1810 2919,1809 2726,1809 2722,1805 2655,1805 2652,1803 2652,1802 2652,1801 2442,1801 2441,1802 2441,1803 2439,1805 2430,1805 2429,1806 2429,1807 2427,1809 2424,1809 2423,1808 2422,1808 2421,1808 2421,1807 2420,1805 2226,1805 2225,1806 2225,1854 2223,1856 2222,1856 2221,1857 2221,1858 2219,1860 2212,1860 2211,1859 2198,1859 2197,1859 2197,1858 2196,1856 2192,1856 2189,1854 2189,1806 2189,1805 2173,1805 2172,1806 2172,1864 2172,1864 2171,1864 2171,1806 2171,1805 1900,1805 1899,1806 1899,1807 1897,1809 1882,1809 1879,1807 1879,1806 1879,1805 1669,1805 1667,1807 1667,1808 1667,1808 1666,1808 1665,1809 1574,1809 1573,1810 1573,1843 1572,1844 1571,1844 1570,1845 1569,1846 1569,1847 1568,1848 1567,1848 1565,1847 1565,1810 1565,1809 1198,1809 1196,1811 1196,1812 1196,1812 1195,1812 1194,1813 1188,1813 1187,1812 1186,1812 1184,1811 1184,1810 1184,1809 575,1809 572,1807 572,1806 572,1805 288,1805 286,1804 286,1803 285,1802 285,1796 286,1795 286,1794 287,1793 288,1793 290,1791 290,1790 291,1789 296,1789 297,1788 297,1685 293,1681 293,1674 300,1667 399,1667 399,1667 399,1666 402,1663 410,1663 411,1665 411,1666 412,1666 413,1667 414,1667 415,1669 415,1722 416,1722 449,1722 451,1725 451,1726 452,1726 725,1726 725,1726 725,1696 726,1695 756,1695 756,1695 756,1678 757,1677 757,1676 758,1675 1015,1675 1015,1675 1015,1674 1018,1671 1023,1671 1023,1671 1023,1670 1026,1667 1034,1667 1035,1669 1035,1670 1037,1671 1038,1671 1039,1673 1039,1675 1040,1675 1085,1675 1086,1677 1086,1722 1087,1722 1195,1722 1196,1724 1196,1725 1198,1726 1427,1726 1427,1726 1427,1725 1430,1722 1580,1722 1581,1721 1581,1712 1582,1711 1583,1711 1585,1709 1585,1696 1586,1695 1587,1695 1589,1693 1589,1692 1590,1691 1591,1691 1593,1689 1593,1684 1594,1683 1595,1683 1600,1678 1600,1674 1603,1671 1608,1671 1608,1671 1608,1670 1611,1667 1635,1667 1635,1668 1635,1669 1642,1675 1643,1675 1643,1676 1643,1677 1644,1678 1644,1722 1645,1722 2039,1722 2040,1721 2040,1720 2042,1718 2051,1718 2052,1720 2052,1721 2054,1722 2851,1722 2853,1725 2853,1726 2854,1726 2863,1726 2864,1727 3046,1727 3047,1726 3052,1726 3053,1725 3053,1673 3055,1671 3056,1671 3057,1670 3057,1669 3059,1667 3287,1667 3288,1669 3288,1674 3290,1675 3291,1675 3292,1677 3292,1722 3293,1722 3319,1722 3319,1723 3319,1724 3322,1726 3330,1726 3335,1732 3335,1736 3338,1738 3339,1738 3339,1739 3339,1783 3342,1785 3343,1785 3343,1786 3343,1788 3342,1789 3341,1789 3340,1790 3340,1791 3338,1793 3337,1793 3336,1794 3336,1795 3334,1797 3329,1797 3328,1798 3328,1799 3326,1801 3325,1801 3324,1802 3324,1803 3322,1805 3313,1805 3312,1806 3312,1807 3310,1809 3305,1809 3304,1810 3304,1865 3304,1865"/><TextEquiv index="1"><Unicode>libre. Malheureuſement pour eux, il ſe</Unicode></TextEquiv></TextLine><TextLine id="r0_l007"><Coords points="2481,2065 2480,2065 2480,2002 2480,2001 2391,2001 2390,2002 2390,2014 2389,2015 2389,2016 2388,2017 2387,2017 2386,2018 2386,2019 2385,2020 2385,2020 2384,2020 2382,2022 2382,2027 2381,2028 2376,2028 2374,2030 2374,2031 2373,2032 2360,2032 2358,2031 2358,2006 2358,2005 2140,2005 2139,2005 2139,2004 2137,2001 2088,2001 2087,2002 2087,2061 2087,2061 2081,2061 2080,2061 2080,2002 2080,2001 1865,2001 1864,2002 1864,2003 1862,2005 1861,2005 1860,2006 1860,2007 1858,2009 1771,2009 1769,2008 1769,2007 1768,2005 1594,2005 1593,2006 1593,2007 1591,2009 1080,2009 1079,2010 1079,2018 1078,2019 1078,2020 1078,2020 1077,2020 1075,2022 1075,2026 1074,2027 1074,2028 1074,2028 1069,2028 1067,2030 1067,2031 1066,2032 1057,2032 1055,2034 1055,2035 1054,2036 1049,2036 1047,2035 1047,2010 1047,2009 820,2009 819,2010 819,2020 819,2020 818,2020 815,2023 815,2024 815,2024 814,2024 811,2027 811,2028 811,2028 810,2028 808,2030 808,2031 807,2032 802,2032 800,2034 800,2035 799,2036 790,2036 788,2035 788,2034 788,2033 787,2033 786,2032 785,2032 784,2032 784,2010 784,2009 613,2009 612,2010 612,2022 611,2023 611,2024 611,2024 609,2024 607,2023 607,2010 607,2009 527,2009 525,2008 525,2007 524,2005 311,2005 309,2004 309,2003 308,2001 303,2001 302,2001 302,2000 300,1997 299,1997 298,1997 298,1996 297,1995 297,1979 296,1977 295,1977 293,1976 293,1940 292,1938 291,1938 290,1938 290,1937 289,1936 289,1929 292,1926 293,1926 293,1926 293,1921 296,1918 297,1918 297,1918 297,1917 300,1914 305,1914 305,1914 305,1912 306,1911 309,1911 309,1912 309,1913 315,1918 457,1918 458,1920 458,1921 460,1922 720,1922 721,1924 721,1925 723,1926 724,1926 725,1928 725,1929 727,1930 894,1930 894,1930 894,1873 896,1871 897,1871 898,1870 898,1869 900,1867 904,1867 906,1870 906,1871 907,1871 971,1871 973,1874 973,1875 974,1875 975,1875 976,1877 976,1882 978,1883 979,1883 980,1885 980,1893 981,1894 981,1895 982,1895 983,1895 984,1897 984,1901 987,1903 988,1903 988,1904 988,1909 991,1911 992,1911 992,1912 992,1934 993,1934 1169,1934 1169,1934 1169,1932 1171,1930 1172,1930 1172,1930 1173,1929 1173,1928 1175,1926 1176,1926 1176,1926 1176,1925 1179,1922 1431,1922 1432,1921 1432,1920 1434,1918 1754,1918 1754,1918 1754,1877 1756,1875 1757,1875 1757,1875 1757,1874 1760,1871 1761,1871 1761,1871 1761,1870 1764,1867 1942,1867 1942,1867 1942,1865 1943,1864 1944,1864 1945,1863 1960,1863 1962,1866 1962,1867 1963,1867 1964,1867 1966,1870 1966,1907 1967,1907 2048,1907 2048,1908 2048,1909 2049,1909 2051,1911 2052,1911 2052,1912 2052,1918 2053,1918 2169,1918 2169,1918 2169,1866 2171,1864 2173,1864 2174,1866 2174,1918 2175,1918 2258,1918 2262,1922 2270,1922 2272,1925 2272,1926 2273,1926 2274,1926 2276,1929 2276,1934 2277,1934 2278,1934 2280,1937 2280,1941 2282,1942 2283,1942 2283,1943 2283,1944 2284,1945 2284,1973 2285,1973 2495,1973 2495,1973 2495,1964 2497,1962 2498,1962 2499,1961 2499,1948 2501,1946 2502,1946 2503,1945 2503,1940 2505,1938 2510,1938 2511,1937 2511,1936 2513,1934 2514,1934 2515,1933 2515,1897 2517,1895 2518,1895 2519,1894 2519,1893 2521,1891 2522,1891 2523,1890 2523,1889 2525,1887 2534,1887 2534,1887 2534,1886 2537,1883 2542,1883 2542,1883 2542,1882 2545,1879 2557,1879 2558,1881 2558,1882 2559,1882 2560,1883 2561,1883 2562,1885 2562,1886 2563,1886 2564,1887 2565,1887 2566,1889 2566,1890 2568,1891 2569,1891 2570,1893 2570,1914 2571,1914 2627,1914 2629,1917 2629,1918 2630,1918 2631,1918 2633,1921 2633,1973 2634,1973 2817,1973 2817,1973 2817,1929 2824,1922 2908,1922 2908,1922 2908,1877 2910,1875 2911,1875 2911,1875 2911,1874 2914,1871 2922,1871 2923,1873 2923,1874 2924,1875 2925,1875 2926,1875 2927,1877 2927,1878 2928,1878 2929,1879 2930,1879 2931,1881 2931,1886 2933,1887 2934,1887 2935,1889 2935,1922 2936,1922 3296,1922 3296,1922 3296,1866 3297,1865 3304,1865 3304,1866 3304,1922 3305,1922 3307,1922 3308,1921 3308,1920 3310,1918 3311,1919 3312,1919 3312,1920 3312,1921 3316,1925 3316,1926 3317,1926 3338,1926 3339,1928 3339,1929 3341,1930 3342,1930 3343,1932 3343,2000 3342,2001 3337,2001 3336,2002 3336,2003 3334,2005 3062,2005 3061,2006 3061,2023 3060,2024 3059,2024 3057,2026 3057,2035 3056,2036 3055,2036 3053,2038 3053,2043 3052,2044 3047,2044 3045,2046 3045,2047 3044,2048 3035,2048 3033,2047 3033,2046 3033,2045 3032,2044 3031,2044 3029,2043 3029,2006 3029,2005 2957,2005 2955,2004 2955,2003 2954,2001 2705,2001 2704,2002 2704,2010 2703,2011 2703,2012 2702,2013 2701,2013 2700,2014 2700,2015 2698,2017 2697,2017 2696,2018 2696,2019 2694,2021 2693,2021 2692,2022 2692,2027 2691,2028 2686,2028 2684,2030 2684,2031 2683,2032 2650,2032 2649,2033 2649,2035 2648,2036 2646,2036 2645,2036 2645,2035 2644,2034 2643,2032 2642,2032 2641,2032 2641,2002 2641,2001 2496,2001 2495,2002 2495,2065 2495,2065"/><TextEquiv index="1"><Unicode>trouva, là, un tas de boue, &amp;, n'ayant</Unicode></TextEquiv></TextLine><TextLine id="r0_l008"><Coords points="276,2256 274,2255 274,2242 276,2240 278,2240 278,2240 278,2124 279,2123 280,2123 280,2123 282,2121 282,2120 283,2119 288,2119 290,2117 290,2116 291,2115 473,2115 474,2114 611,2114 611,2114 611,2066 613,2064 622,2064 623,2063 623,2062 625,2060 630,2060 631,2062 631,2063 632,2063 633,2063 635,2066 635,2118 636,2118 890,2118 890,2118 890,2069 891,2068 893,2068 894,2067 905,2067 906,2066 906,2065 907,2064 909,2064 910,2066 910,2067 911,2067 1096,2067 1097,2068 1098,2068 1098,2069 1098,2070 1101,2072 1102,2072 1102,2073 1102,2122 1103,2122 1326,2122 1326,2122 1326,2069 1327,2068 1328,2068 1329,2067 1347,2067 1348,2068 1349,2068 1349,2069 1349,2078 1351,2079 1352,2079 1353,2081 1353,2122 1354,2122 1549,2122 1549,2122 1549,2074 1552,2071 1553,2071 1553,2071 1553,2070 1555,2068 1556,2068 1557,2067 1557,2066 1559,2064 1564,2064 1565,2063 1565,2062 1567,2060 1569,2060 1569,2061 1569,2062 1573,2066 1573,2071 1574,2071 1606,2071 1607,2072 1608,2072 1608,2073 1608,2074 1609,2074 1611,2076 1612,2076 1612,2077 1612,2078 1614,2079 1615,2079 1616,2081 1616,2118 1617,2118 1680,2118 1681,2119 1682,2119 1682,2120 1683,2121 1683,2122 1684,2122 1855,2122 1855,2122 1855,2071 1856,2070 1856,2069 1857,2068 1858,2068 1860,2066 1860,2065 1861,2064 1882,2064 1886,2068 1887,2068 1887,2069 1887,2114 1888,2114 2071,2114 2071,2114 2071,2071 2072,2070 2072,2069 2073,2068 2074,2068 2075,2067 2075,2066 2076,2065 2077,2064 2078,2064 2079,2063 2079,2062 2080,2061 2087,2061 2094,2068 2095,2068 2095,2069 2095,2111 2096,2111 2134,2111 2134,2112 2134,2113 2137,2115 2142,2115 2142,2116 2142,2117 2144,2118 2342,2118 2342,2118 2342,2066 2344,2064 2354,2064 2355,2065 2539,2065 2540,2064 2554,2064 2554,2065 2554,2118 2555,2118 2743,2118 2743,2118 2743,2069 2744,2068 2745,2068 2746,2067 2754,2067 2754,2067 2754,2066 2756,2064 2758,2064 2759,2066 2759,2067 2761,2068 2762,2068 2762,2069 2762,2070 2765,2072 2766,2072 2766,2073 2766,2078 2768,2079 2769,2079 2770,2081 2770,2118 2771,2118 2838,2118 2839,2119 3060,2119 3060,2119 3060,2075 3061,2074 3061,2073 3062,2072 3063,2072 3065,2070 3065,2065 3066,2064 3080,2064 3080,2065 3080,2066 3083,2068 3084,2068 3084,2069 3084,2118 3085,2118 3304,2118 3304,2118 3304,2117 3306,2115 3307,2115 3308,2114 3309,2114 3310,2115 3311,2115 3312,2117 3312,2118 3313,2118 3333,2118 3334,2119 3335,2119 3335,2120 3335,2121 3336,2122 3338,2123 3339,2123 3339,2124 3339,2125 3340,2126 3341,2126 3342,2126 3343,2128 3343,2130 3343,2130 3342,2130 3339,2133 3339,2197 3339,2197 3333,2197 3332,2198 3332,2203 3331,2204 3331,2205 3331,2205 3137,2205 3135,2204 3135,2203 3134,2201 2478,2201 2395,2201 2394,2202 2394,2203 2392,2205 2380,2205 2377,2203 2377,2202 2377,2201 2246,2201 2156,2201 2154,2203 2154,2204 2153,2205 2136,2205 2134,2204 2134,2202 2134,2201 2061,2201 2060,2202 2060,2215 2058,2217 2054,2217 2052,2216 2052,2202 2052,2201 1893,2201 1891,2203 1891,2204 1890,2205 1653,2205 1652,2205 1652,2204 1650,2201 1430,2201 1428,2203 1428,2204 1427,2205 1418,2205 1416,2207 1416,2208 1415,2209 1340,2209 1337,2207 1337,2206 1337,2205 1086,2205 1014,2205 1012,2207 1012,2208 1011,2209 1010,2209 1007,2207 1007,2206 1007,2205 695,2205 694,2205 694,2204 693,2203 693,2202 693,2201 476,2201 474,2203 474,2204 473,2205 310,2205 309,2206 309,2255 308,2256"/><TextEquiv index="1"><Unicode>pas le choix de l'endroit où ils devoient</Unicode></TextEquiv></TextLine><TextLine id="r0_l009"><Coords points="667,2461 666,2461 666,2402 666,2401 299,2401 297,2400 297,2399 296,2397 295,2397 293,2396 293,2387 293,2386 292,2386 289,2384 289,2379 289,2378 288,2378 287,2377 286,2377 286,2376 285,2375 285,2322 286,2321 286,2320 287,2319 288,2319 290,2317 290,2316 291,2315 292,2315 294,2313 294,2312 295,2311 304,2311 305,2313 305,2314 307,2315 572,2315 572,2315 572,2266 574,2264 575,2264 576,2263 576,2263 576,2262 578,2260 583,2260 584,2259 584,2258 586,2256 591,2256 592,2258 592,2259 593,2259 594,2260 595,2260 596,2262 596,2315 597,2315 791,2315 792,2317 792,2318 794,2319 795,2319 796,2321 796,2374 797,2374 1051,2374 1051,2374 1051,2325 1055,2321 1055,2266 1057,2264 1133,2264 1133,2265 1133,2319 1134,2319 1341,2319 1341,2319 1341,2298 1344,2295 1345,2295 1345,2295 1345,2290 1348,2287 1349,2287 1349,2287 1349,2282 1352,2279 1353,2279 1353,2279 1353,2278 1356,2275 1357,2275 1357,2275 1357,2274 1359,2272 1364,2272 1365,2271 1365,2270 1368,2267 1369,2267 1369,2267 1369,2266 1371,2264 1396,2264 1396,2265 1396,2266 1399,2268 1400,2268 1400,2269 1400,2319 1401,2319 1576,2319 1577,2318 1577,2317 1579,2315 1749,2315 1749,2316 1749,2317 1752,2319 2023,2319 2025,2317 2025,2316 2026,2315 2107,2315 2107,2315 2107,2301 2109,2299 2110,2299 2111,2298 2111,2293 2113,2291 2114,2291 2115,2290 2115,2285 2116,2284 2117,2284 2119,2282 2119,2277 2120,2276 2121,2276 2122,2275 2123,2274 2123,2273 2124,2272 2125,2272 2127,2270 2127,2269 2128,2268 2235,2268 2236,2267 2236,2266 2238,2264 2393,2264 2393,2265 2393,2266 2396,2268 2534,2268 2535,2270 2535,2271 2536,2271 2537,2271 2539,2274 2539,2319 2540,2319 2601,2319 2601,2320 2601,2321 2604,2323 2605,2323 2605,2324 2605,2327 2606,2327 2792,2327 2794,2325 2794,2324 2795,2323 2817,2323 2817,2323 2817,2270 2819,2268 2820,2268 2820,2268 2821,2267 2821,2266 2823,2264 2836,2264 2837,2266 2837,2267 2838,2268 2839,2268 2840,2268 2841,2270 2841,2315 2842,2315 3233,2315 3233,2315 3233,2270 3235,2268 3240,2268 3241,2267 3241,2266 3243,2264 3256,2264 3257,2266 3257,2315 3258,2315 3327,2315 3327,2316 3327,2317 3328,2318 3330,2319 3331,2319 3331,2320 3331,2321 3334,2323 3335,2323 3335,2324 3335,2329 3338,2331 3339,2331 3339,2332 3339,2333 3342,2335 3343,2335 3343,2336 3343,2345 3345,2346 3346,2346 3347,2348 3347,2350 3347,2350 3346,2350 3343,2353 3343,2389 3343,2389 3342,2389 3340,2391 3339,2392 3339,2393 3339,2393 3338,2393 3336,2395 3335,2396 3335,2397 3335,2397 3326,2397 3324,2399 3324,2400 3323,2401 3298,2401 3296,2400 3296,2399 3295,2397 3079,2397 3076,2400 3076,2401 3076,2401 3019,2401 3018,2401 3018,2400 3016,2397 2953,2397 2835,2397 2833,2399 2833,2400 2832,2401 2795,2401 2794,2401 2794,2400 2788,2393 2721,2393 2604,2393 2601,2396 2601,2397 2601,2397 2600,2397 2597,2400 2597,2401 2597,2401 2588,2401 2586,2403 2586,2404 2585,2405 2524,2405 2523,2405 2523,2404 2522,2403 2522,2402 2522,2401 2320,2401 2319,2402 2319,2455 2318,2456 2290,2456 2287,2459 2287,2460 2287,2460 2285,2460 2283,2459 2283,2458 2282,2457 2282,2456 2281,2456 2280,2456 2280,2402 2280,2401 1967,2401 1966,2402 1966,2454 1965,2455 1965,2456 1965,2456 1964,2456 1961,2459 1961,2460 1961,2460 1956,2460 1953,2458 1953,2457 1953,2456 1924,2456 1922,2455 1922,2406 1922,2405 1410,2405 1408,2404 1408,2403 1407,2401 1329,2401 1191,2401 1188,2404 1188,2405 1188,2405 938,2405 937,2406 937,2412 936,2413 935,2413 933,2415 933,2420 932,2421 931,2421 929,2423 929,2424 928,2425 923,2425 922,2426 922,2427 920,2429 919,2429 918,2430 918,2431 916,2433 900,2433 898,2432 898,2431 897,2429 896,2429 894,2428 894,2402 894,2401 708,2401 705,2404 705,2405 705,2405 688,2405 686,2404 686,2403 685,2401 675,2401 674,2402 674,2461 674,2461"/><TextEquiv index="1"><Unicode>tomber, ils furent précipités dans le</Unicode></TextEquiv></TextLine><TextLine id="r0_l010"><Coords points="2163,2659 2162,2659 2162,2610 2162,2609 471,2609 470,2610 470,2652 470,2652 463,2652 462,2652 462,2599 462,2598 289,2598 288,2597 287,2597 286,2597 286,2596 285,2595 285,2552 285,2551 239,2551 238,2550 236,2550 235,2550 235,2549 234,2548 234,2546 235,2545 235,2544 236,2543 237,2543 238,2542 238,2537 240,2535 281,2535 281,2535 281,2523 282,2522 282,2521 288,2515 352,2515 352,2515 352,2494 355,2491 505,2491 505,2491 505,2467 506,2466 506,2465 507,2464 508,2464 509,2463 510,2462 510,2461 511,2460 512,2460 513,2459 513,2458 515,2456 567,2456 568,2458 568,2459 570,2460 571,2460 572,2461 674,2461 674,2462 674,2468 675,2468 2137,2468 2138,2467 2138,2466 2140,2464 2145,2464 2146,2463 2146,2462 2148,2460 2883,2460 2884,2459 2884,2458 2886,2456 2902,2456 2912,2467 2912,2515 2913,2515 3319,2515 3319,2516 3319,2517 3322,2519 3323,2519 3323,2520 3323,2521 3326,2523 3327,2523 3327,2524 3327,2525 3328,2526 3328,2530 3330,2531 3331,2531 3331,2532 3331,2533 3334,2535 3335,2535 3335,2536 3335,2537 3338,2539 3339,2539 3339,2540 3339,2581 3338,2582 3337,2582 3336,2583 3336,2584 3334,2586 3333,2586 3332,2587 3332,2588 3330,2590 3329,2590 3328,2591 3328,2592 3326,2594 3325,2594 3324,2595 3324,2596 3322,2598 3321,2598 3320,2599 3320,2600 3319,2601 3318,2601 3317,2602 3309,2602 3308,2603 3308,2604 3307,2605 2803,2605 2802,2606 2802,2617 2803,2617 3586,2617 3587,2619 3587,2620 3586,2621 3585,2621 3584,2622 3583,2623 3583,2624 3582,2625 2803,2625 2802,2626 2802,2659 2802,2659"/><TextEquiv index="1"><Unicode>malheureux monceau de fange, la femme</Unicode></TextEquiv></TextLine><TextLine id="r0_l011"><Coords points="3251,2862 3250,2862 3250,2859 3250,2858 2670,2858 2669,2857 497,2857 496,2857 496,2799 496,2798 300,2798 293,2792 293,2791 293,2790 288,2790 285,2788 285,2787 285,2786 284,2786 282,2785 282,2781 281,2780 281,2779 281,2778 280,2778 274,2773 274,2764 276,2762 277,2762 278,2761 278,2736 279,2735 280,2735 282,2733 282,2728 283,2727 289,2727 289,2727 289,2726 290,2725 290,2724 291,2723 296,2723 298,2721 298,2720 299,2719 304,2719 305,2718 305,2717 307,2715 317,2715 317,2715 317,2689 317,2688 1,2688 1,2688 1,2681 1,2680 317,2680 317,2680 317,2666 319,2664 320,2664 320,2664 321,2663 321,2662 323,2660 328,2660 329,2659 329,2658 331,2656 462,2656 462,2656 462,2653 463,2652 563,2652 564,2654 564,2655 566,2656 567,2656 568,2658 568,2659 569,2659 2802,2659 2803,2660 2804,2660 2804,2661 2806,2663 2806,2664 2807,2664 2808,2664 2809,2666 2809,2667 2811,2668 2985,2668 2986,2670 2986,2715 2987,2715 3228,2715 3230,2718 3230,2719 3231,2719 3236,2719 3237,2721 3237,2722 3239,2723 3240,2723 3241,2725 3241,2726 3243,2727 3244,2727 3245,2729 3245,2738 3247,2739 3248,2739 3249,2741 3249,2770 3250,2770 3322,2770 3335,2784 3335,2785 3336,2786 3336,2797 3338,2798 3339,2798 3339,2799 3339,2817 3339,2817 3338,2817 3337,2818 3335,2820 3335,2821 3335,2821 3330,2821 3327,2824 3327,2825 3327,2825 3326,2825 3323,2828 3323,2829 3323,2829 3314,2829 3312,2831 3312,2832 3311,2833 3257,2833 3256,2834 3256,2862 3256,2862"/><TextEquiv index="1"><Unicode>deſſous, &amp; l'homme deſſus. La femme,</Unicode></TextEquiv></TextLine><TextLine id="r0_l012"><Coords points="1677,3053 1675,3052 1675,3050 1675,3049 1504,3049 1503,3049 1503,3048 1502,3047 1502,2999 1502,2998 1328,2998 1324,3002 1068,3002 1067,3003 1067,3004 1065,3006 1061,3006 1059,3005 1059,3004 1058,3002 813,3002 812,3003 812,3004 810,3006 806,3006 804,3005 804,3004 803,3002 567,3002 563,2998 276,2998 273,2996 273,2995 273,2994 272,2994 270,2993 270,2988 269,2986 268,2986 266,2985 266,2972 268,2970 274,2970 274,2970 274,2921 276,2919 277,2919 278,2918 278,2917 280,2915 281,2915 282,2914 282,2897 283,2896 284,2896 285,2895 285,2891 286,2890 286,2889 287,2888 288,2888 289,2887 289,2879 292,2876 293,2876 293,2876 293,2875 296,2872 297,2872 297,2872 297,2871 300,2868 301,2868 301,2868 301,2867 304,2864 305,2864 305,2864 305,2863 308,2860 309,2860 309,2860 309,2859 312,2856 316,2856 319,2853 320,2853 321,2852 338,2852 339,2853 340,2853 340,2854 340,2855 343,2857 505,2857 505,2858 505,2859 508,2861 509,2861 509,2862 509,2863 511,2864 512,2864 513,2866 513,2912 514,2912 725,2912 725,2912 725,2910 728,2907 729,2907 729,2907 729,2898 731,2896 732,2896 733,2895 733,2886 735,2884 736,2884 737,2883 737,2874 739,2872 744,2872 745,2871 745,2870 747,2868 748,2868 749,2867 749,2866 751,2864 752,2864 753,2863 753,2862 755,2860 764,2860 764,2860 764,2859 766,2857 768,2857 769,2859 769,2860 770,2860 778,2860 779,2861 780,2861 780,2862 780,2863 782,2864 786,2864 787,2865 788,2865 788,2866 788,2919 789,2919 976,2919 976,2919 976,2871 979,2868 984,2868 984,2868 984,2867 987,2864 998,2864 999,2865 1000,2865 1000,2866 1000,2871 1003,2873 1004,2873 1004,2874 1004,2919 1005,2919 1231,2919 1231,2919 1231,2918 1234,2915 1816,2915 1816,2915 1816,2910 1819,2907 1820,2907 1820,2907 1820,2902 1822,2900 1823,2900 1824,2899 1824,2886 1826,2884 1827,2884 1828,2883 1828,2878 1830,2876 1831,2876 1832,2875 1832,2870 1833,2869 1834,2869 1836,2867 1836,2866 1837,2865 1838,2865 1840,2863 1840,2862 1841,2861 1842,2861 1843,2860 1847,2860 1848,2859 1848,2858 1849,2857 1850,2857 1851,2856 1873,2856 1874,2857 1875,2857 1875,2858 1875,2911 1876,2911 2134,2911 2134,2911 2134,2906 2136,2904 2137,2904 2138,2903 2138,2902 2140,2900 2141,2900 2142,2899 2142,2894 2144,2892 2145,2892 2146,2891 2146,2886 2148,2884 2149,2884 2150,2883 2150,2882 2152,2880 2157,2880 2158,2879 2158,2878 2160,2876 2165,2876 2166,2875 2166,2874 2168,2872 2173,2872 2173,2872 2173,2871 2176,2868 2181,2868 2181,2868 2181,2867 2184,2864 2272,2864 2272,2864 2272,2862 2274,2860 2283,2860 2283,2860 2283,2859 2285,2857 2287,2857 2288,2859 2288,2860 2290,2861 2291,2861 2291,2862 2291,2911 2292,2911 2411,2911 2412,2912 2413,2912 2413,2913 2413,2914 2415,2915 2617,2915 2617,2915 2617,2866 2618,2865 2619,2865 2621,2863 2621,2858 2622,2857 2623,2857 2624,2856 2635,2856 2637,2858 2680,2858 2680,2859 2680,2867 2683,2869 2684,2869 2684,2870 2684,2907 2685,2907 2689,2907 2690,2908 2691,2908 2692,2910 2692,2911 2693,2911 2815,2911 2816,2912 2817,2912 2817,2913 2817,2915 2818,2915 2851,2915 2853,2918 2853,2919 2854,2919 3178,2919 3178,2919 3178,2918 3181,2915 3245,2915 3245,2915 3245,2866 3246,2865 3247,2865 3250,2862 3257,2862 3263,2868 3264,2868 3265,2870 3265,2915 3266,2915 3334,2915 3335,2917 3335,2918 3337,2919 3338,2919 3339,2921 3339,2926 3341,2927 3342,2927 3343,2929 3343,2931 3343,2931 3342,2931 3339,2934 3339,2990 3339,2990 3338,2990 3335,2993 3335,2997 3334,2998 3329,2998 3328,2999 3328,3000 3326,3002 3318,3002 3316,3001 3316,3000 3315,2998 3167,2998 3090,2998 3088,3000 3088,3001 3087,3002 3086,3002 3084,3001 3084,3000 3083,2998 2984,2998 2982,2997 2982,2995 2982,2994 2764,2994 2763,2995 2763,2996 2761,2998 2756,2998 2755,2999 2755,3000 2753,3002 2745,3002 2743,3001 2743,3000 2742,2998 2188,2998 2184,2994 1987,2994 1985,2996 1985,2997 1984,2998 1684,2998 1683,2999 1683,3052 1682,3053"/><TextEquiv index="1"><Unicode>furieuſe de ce que ſon Chevalier avoit</Unicode></TextEquiv></TextLine><TextLine id="r0_l013"><Coords points="550,3258 549,3258 549,3250 549,3249 48,3249 46,3248 46,3231 47,3230 48,3230 49,3229 549,3229 549,3229 549,3199 549,3198 374,3198 372,3197 372,3196 371,3194 295,3194 294,3194 294,3193 292,3190 287,3190 286,3190 286,3189 284,3186 283,3186 282,3186 282,3181 280,3178 279,3178 278,3178 278,3177 276,3174 275,3174 274,3174 274,3169 272,3166 271,3166 270,3166 270,3153 272,3151 273,3151 273,3151 273,3108 274,3107 274,3105 275,3104 512,3104 513,3103 513,3098 515,3096 516,3096 517,3095 517,3082 518,3081 519,3081 521,3079 521,3078 522,3077 523,3077 525,3075 525,3074 526,3073 527,3073 529,3071 529,3070 530,3069 531,3069 533,3067 533,3066 534,3065 535,3065 537,3063 537,3062 538,3061 547,3061 549,3059 549,3058 550,3057 2196,3057 2197,3059 2197,3060 2198,3060 2199,3060 2200,3061 2746,3061 2747,3063 2747,3111 2748,3111 2861,3111 2862,3112 2864,3112 2864,3113 2864,3114 2866,3115 3309,3115 3310,3116 3311,3116 3312,3118 3312,3119 3313,3119 3314,3119 3316,3122 3316,3123 3317,3123 3318,3123 3320,3126 3320,3178 3321,3178 3322,3178 3324,3181 3324,3186 3325,3186 3326,3186 3328,3189 3328,3190 3329,3190 3330,3190 3332,3193 3332,3204 3330,3206 3329,3206 3328,3207 3328,3220 3326,3222 3325,3222 3324,3223 3324,3228 3322,3230 3321,3230 3320,3231 3320,3232 3319,3233 3318,3233 3317,3234 3316,3235 3316,3236 3315,3237 3310,3237 3308,3239 3308,3240 3307,3241 2190,3241 2189,3242 2189,3248 2188,3249 2054,3249 2052,3251 2052,3252 2051,3253 711,3253 710,3254 710,3255 708,3257 564,3257 563,3258"/><TextEquiv index="1"><Unicode>eu ſi peu de force, le prit aux cheveux;</Unicode></TextEquiv></TextLine><TextLine id="r0_l014"><Coords points="1005,3461 1004,3461 1004,3459 1003,3457 1001,3457 1000,3457 1000,3403 1000,3402 755,3402 753,3404 753,3405 752,3406 679,3406 678,3407 678,3444 673,3449 652,3449 651,3449 651,3448 650,3446 646,3446 645,3445 644,3445 643,3445 643,3399 643,3398 636,3398 635,3398 635,3397 633,3394 471,3394 470,3395 470,3417 469,3418 338,3418 337,3419 337,3444 336,3445 326,3445 325,3445 325,3444 323,3441 307,3441 305,3440 305,3391 305,3390 299,3390 297,3389 297,3388 297,3387 285,3387 284,3386 283,3386 282,3386 282,3385 280,3382 279,3382 278,3382 278,3381 276,3378 275,3378 274,3378 274,3373 273,3371 272,3371 270,3370 270,3353 269,3351 268,3351 266,3350 266,3345 268,3343 269,3343 270,3342 270,3329 271,3328 272,3328 274,3326 274,3325 275,3324 276,3324 278,3322 278,3321 279,3320 280,3320 282,3318 282,3317 283,3316 284,3316 286,3314 286,3313 287,3312 296,3312 297,3311 297,3310 299,3308 320,3308 321,3310 321,3311 323,3312 544,3312 544,3312 544,3270 545,3269 545,3262 546,3261 547,3261 550,3258 564,3258 568,3263 568,3316 569,3316 830,3316 834,3320 1000,3320 1000,3320 1000,3270 1001,3269 1002,3269 1006,3265 1010,3265 1012,3263 1012,3262 1013,3261 1027,3261 1027,3262 1027,3263 1030,3265 1031,3265 1031,3266 1031,3316 1032,3316 1192,3316 1192,3317 1192,3318 1195,3320 1388,3320 1388,3320 1388,3272 1389,3271 1389,3270 1390,3269 1391,3269 1393,3267 1393,3266 1394,3265 1415,3265 1416,3267 1416,3320 1417,3320 1612,3320 1612,3320 1612,3263 1614,3261 1627,3261 1628,3260 1628,3259 1630,3257 1631,3257 1632,3259 1632,3260 1634,3261 1635,3261 1636,3263 1636,3312 1637,3312 1733,3312 1734,3313 1907,3313 1908,3312 1929,3312 1931,3315 1931,3316 1932,3316 1937,3316 1938,3318 1938,3319 1939,3319 1940,3319 1942,3322 1942,3323 1943,3323 1944,3323 1946,3325 2107,3325 2107,3325 2107,3266 2108,3265 2109,3265 2111,3263 2111,3262 2112,3261 2176,3261 2178,3259 2178,3258 2179,3257 2192,3257 2193,3259 2193,3267 2196,3269 2197,3269 2197,3270 2197,3312 2198,3312 2444,3312 2444,3312 2444,3271 2446,3269 2447,3269 2447,3269 2448,3268 2448,3267 2450,3265 2605,3265 2605,3265 2605,3263 2607,3261 2608,3261 2609,3260 2609,3259 2611,3257 2628,3257 2629,3259 2629,3260 2631,3261 2785,3261 2786,3263 2786,3312 2787,3312 2864,3312 2864,3313 2864,3314 2867,3316 2974,3316 2974,3316 2974,3271 2976,3269 2985,3269 2994,3279 2994,3284 2995,3284 2996,3284 2998,3287 2998,3291 3002,3295 3002,3300 3003,3300 3174,3300 3174,3301 3174,3302 3176,3304 3177,3304 3178,3304 3178,3305 3178,3320 3179,3320 3295,3320 3296,3319 3296,3318 3298,3316 3299,3316 3299,3316 3300,3315 3300,3314 3302,3312 3303,3312 3304,3311 3304,3310 3306,3308 3307,3308 3308,3310 3308,3315 3310,3316 3335,3316 3335,3317 3335,3322 3337,3323 3338,3323 3339,3325 3339,3327 3338,3328 3337,3328 3336,3329 3336,3392 3335,3393 3335,3394 3335,3394 3334,3394 3331,3397 3331,3398 3331,3398 3141,3398 3140,3399 3140,3400 3139,3401 3139,3402 3139,3402 2992,3402 2990,3401 2990,3400 2989,3398 2984,3398 2982,3397 2982,3396 2981,3394 2525,3394 2523,3396 2523,3397 2522,3398 2387,3398 2386,3398 2386,3397 2384,3394 2153,3394 2152,3395 2151,3395 2150,3396 2150,3397 2149,3398 1493,3398 1491,3400 1491,3401 1490,3402 1488,3402 1487,3402 1487,3401 1485,3398 1257,3398 1255,3400 1255,3401 1254,3402 1009,3402 1008,3403 1008,3460 1007,3461"/><TextEquiv index="1"><Unicode>quoique dans la boue. Ils s'eſcrimèrent</Unicode></TextEquiv></TextLine><TextLine id="r0_l015"><Coords points="2929,3630 2928,3630 2928,3629 2926,3626 2925,3626 2923,3624 47,3624 45,3622 44,3622 42,3621 42,3616 44,3614 2923,3614 2923,3614 2923,3603 2923,3602 1119,3602 1118,3602 1118,3601 1117,3599 517,3599 516,3598 515,3598 513,3597 513,3596 513,3595 395,3595 394,3594 393,3594 392,3594 392,3593 391,3591 288,3591 286,3590 286,3589 285,3587 280,3587 278,3586 278,3585 277,3583 272,3583 270,3582 270,3581 270,3580 269,3579 268,3579 266,3578 266,3565 265,3563 264,3563 262,3562 262,3502 264,3500 450,3500 450,3500 450,3487 452,3485 453,3485 454,3484 454,3483 456,3481 457,3481 458,3480 458,3479 460,3477 461,3477 462,3476 462,3471 464,3469 465,3469 466,3468 466,3463 468,3461 473,3461 474,3460 474,3459 476,3457 481,3457 482,3456 482,3455 484,3453 488,3453 490,3456 490,3457 491,3457 2267,3457 2268,3459 2268,3460 2270,3461 2271,3461 2272,3463 2272,3469 2273,3469 2632,3469 2633,3471 2633,3472 2635,3473 2636,3473 2637,3475 2637,3480 2639,3481 2640,3481 2641,3483 2641,3492 2642,3492 2643,3492 2645,3495 2645,3496 2646,3496 2647,3496 2649,3499 2649,3512 2650,3512 2816,3512 2818,3515 2818,3516 2819,3516 3315,3516 3316,3518 3316,3519 3318,3520 3319,3520 3320,3522 3320,3527 3322,3528 3323,3528 3324,3530 3324,3579 3325,3579 3327,3579 3327,3580 3327,3581 3330,3583 3331,3583 3331,3584 3331,3585 3332,3586 3332,3592 3331,3593 3331,3594 3331,3594 3330,3594 3329,3595 2964,3595 2963,3596 2963,3612 2962,3613 2962,3614 2962,3614 2961,3614 2960,3615 2958,3617 2958,3618 2958,3618 2953,3618 2951,3620 2951,3621 2950,3622 2941,3622 2939,3624 2939,3625 2938,3626 2937,3626 2935,3628 2935,3629 2934,3630"/><TextEquiv index="1"><Unicode>enſemble dans cette molle arène, non</Unicode></TextEquiv></TextLine><TextLine id="r0_l016"><Coords points="687,3854 686,3854 686,3800 686,3799 681,3799 680,3798 679,3798 678,3798 678,3797 677,3795 468,3795 466,3794 466,3793 465,3791 272,3791 270,3790 270,3789 269,3787 260,3787 258,3786 258,3717 258,3716 5,3716 3,3715 3,3710 5,3708 258,3708 258,3708 258,3706 258,3705 38,3705 37,3704 36,3704 34,3703 34,3702 34,3701 33,3701 30,3699 33,3696 46,3696 46,3696 46,3625 47,3624 50,3624 52,3626 53,3626 54,3627 54,3628 54,3629 56,3630 57,3630 58,3632 58,3696 59,3696 277,3696 278,3695 278,3686 279,3685 280,3685 282,3683 282,3678 283,3677 284,3677 285,3676 285,3672 300,3657 301,3657 301,3657 301,3656 304,3653 308,3653 312,3649 323,3649 325,3652 325,3653 326,3653 335,3653 337,3656 337,3665 338,3665 339,3665 341,3668 341,3712 342,3712 890,3712 890,3712 890,3667 892,3665 893,3665 894,3664 894,3659 896,3657 900,3657 904,3661 908,3661 914,3668 914,3712 915,3712 1247,3712 1247,3712 1247,3667 1249,3665 1254,3665 1255,3664 1255,3663 1257,3661 1270,3661 1271,3663 1271,3716 1272,3716 1561,3716 1561,3716 1561,3667 1563,3665 1564,3665 1565,3664 1565,3663 1567,3661 1580,3661 1581,3660 1581,3659 1583,3657 1587,3657 1589,3660 1589,3661 1590,3661 1807,3661 1809,3664 1809,3708 1810,3708 2146,3708 2146,3708 2146,3663 2148,3661 2149,3661 2150,3660 2150,3659 2152,3657 2431,3657 2433,3660 2433,3661 2434,3661 2435,3661 2437,3664 2437,3712 2438,3712 3017,3712 3017,3712 3017,3680 3018,3679 3018,3678 3019,3677 3020,3677 3022,3675 3022,3674 3023,3673 3032,3673 3033,3675 3033,3691 3036,3693 3037,3693 3037,3694 3037,3708 3038,3708 3263,3708 3265,3711 3265,3712 3266,3712 3271,3712 3273,3715 3273,3716 3274,3716 3275,3716 3277,3719 3277,3720 3278,3720 3279,3720 3281,3723 3281,3731 3283,3732 3284,3732 3284,3733 3284,3763 3285,3763 3318,3763 3320,3766 3320,3767 3321,3767 3326,3767 3328,3770 3328,3771 3329,3771 3330,3771 3332,3774 3332,3781 3330,3783 3329,3783 3328,3784 3328,3793 3326,3795 2869,3795 2868,3796 2868,3845 2867,3846 2667,3846 2664,3844 2664,3843 2664,3842 2655,3842 2652,3840 2652,3792 2652,3791 1869,3791 1868,3792 1868,3793 1866,3795 1732,3795 1730,3797 1730,3798 1730,3798 1729,3798 1728,3799 1717,3799 1714,3797 1714,3796 1714,3795 1414,3795 1412,3797 1412,3798 1411,3799 1273,3799 1271,3798 1271,3797 1270,3795 1047,3795 978,3795 976,3797 976,3798 975,3799 691,3799 690,3800 690,3854 690,3854"/><TextEquiv index="1"><Unicode>ſans exciter les huées de la populace.</Unicode></TextEquiv></TextLine><TextLine id="r0_l017"><Coords points="1861,4030 1860,4030 1860,4024 1860,4023 697,4023 696,4022 695,4022 694,4022 694,4014 694,4013 1,4013 1,4013 1,4008 1,4007 694,4007 694,4007 694,3996 694,3995 676,3995 674,3994 674,3993 673,3991 488,3991 486,3990 486,3989 485,3987 315,3987 313,3986 313,3985 312,3983 299,3983 297,3982 297,3981 296,3979 295,3979 294,3979 294,3978 292,3975 287,3975 286,3975 286,3974 284,3971 279,3971 278,3971 278,3970 276,3967 275,3967 274,3967 274,3966 272,3963 271,3963 270,3963 270,3958 268,3955 267,3955 266,3955 266,3954 264,3951 263,3951 262,3951 262,3946 261,3944 260,3944 258,3943 258,3926 257,3924 256,3924 254,3923 254,3899 256,3897 257,3897 258,3896 258,3891 260,3889 261,3889 262,3888 262,3887 264,3885 265,3885 266,3884 266,3883 268,3881 269,3881 269,3881 270,3880 270,3879 272,3877 273,3877 274,3876 274,3871 276,3869 277,3869 278,3868 278,3867 280,3865 281,3865 282,3864 282,3863 284,3861 285,3861 286,3860 286,3859 288,3857 301,3857 301,3857 301,3856 304,3853 2526,3853 2527,3852 2527,3851 2528,3850 2543,3850 2544,3849 2545,3850 2546,3850 2546,3851 2546,3852 2548,3853 3078,3853 3079,3854 3080,3854 3080,3855 3080,3868 3082,3869 3083,3869 3084,3871 3084,3904 3085,3904 3313,3904 3314,3905 3315,3905 3316,3907 3316,3908 3317,3908 3322,3908 3324,3911 3324,3912 3325,3912 3330,3912 3332,3915 3332,3916 3333,3916 3334,3916 3335,3918 3335,3919 3336,3920 3336,3999 3337,3999 3339,3999 3339,4000 3339,4002 3338,4003 3337,4003 3336,4004 3336,4005 3334,4007 2909,4007 2908,4008 2908,4009 2906,4011 2905,4011 2904,4012 2904,4013 2902,4015 2901,4015 2900,4016 2900,4017 2899,4018 2894,4018 2892,4020 2892,4021 2891,4022 1868,4022 1867,4023 1867,4030 1867,4030"/><TextEquiv index="1"><Unicode>On les tira enfin delà tous deux, dans</Unicode></TextEquiv></TextLine><TextLine id="r0_l018"><Coords points="141,4169 141,4168 17,4168 15,4167 15,4166 14,4165 14,4163 15,4162 15,4161 16,4160 144,4160 144,4160 144,4158 145,4157 145,4134 146,4133 146,4110 147,4109 147,4086 148,4085 148,4062 149,4061 149,4038 150,4037 150,4016 150,4015 1,4015 1,4015 1,4014 1,4013 152,4013 152,4014 152,4042 153,4042 277,4042 278,4044 278,4045 280,4046 281,4046 282,4048 282,4050 283,4050 2558,4050 2558,4051 2558,4052 2561,4054 2597,4054 2597,4055 2597,4056 2600,4058 2601,4058 2601,4059 2601,4060 2602,4061 2602,4101 2603,4101 2656,4101 2656,4102 2656,4103 2659,4105 3225,4105 3225,4106 3225,4107 3227,4108 3316,4108 3317,4109 3319,4109 3320,4111 3320,4135 3324,4139 3324,4143 3326,4144 3327,4144 3327,4145 3327,4146 3328,4147 3328,4150 3326,4152 3325,4152 3324,4153 3324,4154 3322,4156 3314,4156 3310,4160 3302,4160 3300,4162 3300,4163 3299,4164 3250,4164 3249,4165 3249,4178 3240,4187 3236,4187 3233,4190 3233,4191 3233,4191 3008,4191 3006,4193 3006,4194 3005,4195 2556,4195 2555,4196 2555,4197 2553,4199 2045,4199 2044,4200 2044,4210 2043,4211 2042,4211 2040,4213 2040,4218 2040,4218 2039,4218 2036,4221 2036,4222 2036,4222 2035,4222 2034,4223 2032,4225 2032,4226 2032,4226 2031,4226 2028,4229 2028,4230 2028,4230 2027,4230 2024,4233 2024,4234 2024,4234 2019,4234 2016,4237 2016,4238 2016,4238 1995,4238 1993,4240 1993,4241 1992,4242 1640,4242 1639,4243 1639,4247 1639,4247 144,4247 143,4248"/><TextEquiv index="1"><Unicode>l'état qu'on peut ſe figurer. Je me re-</Unicode></TextEquiv></TextLine><TextLine id="r0_l019"><Coords points="962,4442 961,4442 961,4441 959,4438 958,4438 957,4438 957,4436 957,4435 1,4435 1,4435 1,4404 1,4403 3,4403 3,4403 3,4377 4,4376 30,4376 30,4376 30,4248 32,4246 1878,4246 1879,4245 1879,4244 1880,4243 1881,4242 1882,4242 1883,4244 1883,4245 1885,4246 2137,4246 2138,4248 2138,4249 2140,4250 2612,4250 2613,4252 2613,4301 2614,4301 2687,4301 2688,4303 2688,4304 2690,4305 2691,4305 2692,4307 2692,4312 2694,4313 2695,4313 2696,4315 2696,4316 2698,4317 2699,4317 2699,4318 2699,4319 2700,4320 2700,4352 2701,4352 2734,4352 2735,4354 2735,4355 2737,4356 2738,4356 2739,4357 2739,4358 2739,4359 2741,4360 2742,4360 2743,4362 2743,4374 2741,4376 2740,4376 2739,4377 2739,4382 2738,4383 2734,4383 2733,4384 2732,4384 2731,4385 2731,4387 2731,4387 2175,4387 2174,4388 2174,4433 2172,4435 2171,4435 2170,4436 2170,4437 2169,4438 1395,4438 1394,4439 997,4439 996,4440 996,4441 995,4442"/><TextEquiv index="1"><Unicode>tournai, pour jouir du ſpectacle.</Unicode></TextEquiv></TextLine><TextLine id="r0_l020"><Coords points="1,4599 3297,4599 3297,4832 1,4832"/><TextEquiv index="1"><Unicode>.</Unicode></TextEquiv></TextLine><TextLine id="r0_l021"><Coords points="1590,5001 2014,5001 2014,5142 1590,5142"/><TextEquiv index="1"><Unicode>Suite.</Unicode></TextEquiv></TextLine><TextLine id="r0_l022"><Coords points="435,5623 435,5590 435,5589 13,5589 11,5588 11,5515 11,5514 1,5514 1,5514 1,5507 1,5506 3,5506 3,5506 3,5484 4,5483 297,5483 297,5483 297,5450 298,5449 298,5448 299,5447 299,5446 300,5445 300,5444 301,5443 301,5442 302,5441 302,5440 304,5438 304,5437 306,5435 306,5434 311,5429 311,5428 316,5423 317,5423 322,5418 323,5418 325,5416 326,5416 328,5414 329,5414 330,5413 331,5413 332,5412 333,5412 334,5411 335,5411 336,5410 337,5410 338,5409 340,5409 341,5408 343,5408 344,5407 346,5407 347,5406 350,5406 351,5405 1700,5405 1701,5404 1702,5404 1703,5403 1707,5403 1707,5404 1707,5412 1708,5412 2581,5412 2582,5414 2582,5415 2584,5416 2597,5416 2597,5417 2597,5418 2600,5420 2601,5420 2601,5421 2601,5424 2602,5424 3147,5424 3147,5425 3147,5426 3155,5434 3155,5478 3156,5478 3223,5478 3224,5479 3225,5479 3225,5480 3225,5481 3227,5482 3231,5482 3232,5483 3233,5483 3233,5484 3233,5485 3234,5485 3235,5486 3236,5486 3237,5488 3237,5493 3239,5494 3240,5494 3241,5496 3241,5506 3242,5506 3319,5506 3319,5507 3319,5508 3321,5510 3322,5510 3323,5510 3324,5512 3324,5521 3326,5522 3327,5522 3328,5524 3328,5528 3326,5530 3325,5530 3324,5531 3324,5532 3322,5534 3317,5534 3316,5535 3316,5536 3315,5537 3311,5537 3310,5538 3309,5538 3308,5539 3308,5540 3307,5541 3242,5541 3241,5542 3241,5552 3236,5557 3235,5557 3234,5558 3234,5559 3232,5561 3231,5561 3230,5562 3230,5563 3228,5565 2945,5565 2943,5567 2943,5568 2942,5569 2873,5569 2872,5570 2872,5592 2872,5592 2871,5592 2868,5595 2868,5600 2868,5600 2867,5600 2864,5603 2864,5608 2864,5608 2863,5608 2860,5611 2860,5612 2860,5612 2179,5612 2178,5613 2178,5618 2176,5620 455,5620 454,5621 454,5622 454,5622 437,5622 436,5623"/><TextEquiv index="1"><Unicode>l me revint dans l'eſprit que je de-</Unicode></TextEquiv></TextLine><TextLine id="r0_l023"><Coords points="444,5812 442,5811 442,5810 441,5808 440,5808 439,5808 439,5755 439,5754 290,5754 289,5753 4,5753 3,5753 3,5743 3,5742 1,5742 1,5742 1,5703 1,5702 262,5702 262,5702 262,5696 262,5695 261,5695 258,5693 258,5688 258,5687 253,5687 250,5685 250,5684 250,5683 249,5683 246,5681 246,5677 248,5675 249,5675 250,5674 250,5673 252,5671 398,5671 399,5670 399,5669 401,5667 435,5667 435,5667 435,5624 437,5622 717,5622 719,5620 720,5620 721,5619 721,5618 723,5616 783,5616 784,5618 784,5619 786,5620 1270,5620 1271,5622 1271,5623 1273,5624 3224,5624 3225,5623 3225,5622 3227,5620 3229,5620 3229,5621 3229,5622 3230,5622 3232,5624 3233,5624 3233,5625 3233,5675 3234,5675 3303,5675 3304,5677 3304,5678 3306,5679 3311,5679 3312,5681 3312,5682 3313,5682 3314,5682 3316,5685 3316,5686 3317,5686 3318,5686 3320,5689 3320,5690 3321,5690 3322,5690 3324,5693 3324,5702 3325,5702 3326,5702 3328,5705 3328,5712 3327,5713 3327,5714 3327,5714 3325,5714 3324,5715 3324,5740 3322,5742 3321,5742 3320,5743 3320,5748 3319,5749 3318,5749 3316,5751 3316,5752 3315,5753 3310,5753 3308,5755 3308,5756 3307,5757 3232,5757 3229,5760 3229,5761 3229,5761 2376,5761 2374,5763 2374,5764 2373,5765 2364,5765 2362,5764 2362,5763 2361,5761 448,5761 447,5762 447,5811 446,5812"/><TextEquiv index="1"><Unicode>vois aller voir auſſi ma chère Laure de</Unicode></TextEquiv></TextLine><TextLine id="r0_l024"><Coords points="1,5813 3325,5813 3325,6006 1,6006"/><TextEquiv index="1"><Unicode>Lyſange. Elle demeure dans le même</Unicode></TextEquiv></TextLine><TextLine id="r0_l025"><Coords points="3533,6216 3532,6216 3532,6215 3531,6214 3531,6155 3531,6154 3505,6154 3504,6155 3504,6189 3504,6189 2933,6189 2931,6191 2931,6196 2930,6197 2929,6197 2927,6199 2927,6200 2926,6201 1484,6201 1483,6202 1483,6203 1477,6209 512,6209 509,6207 509,6206 509,6205 488,6205 486,6204 486,6151 486,6150 355,6150 352,6148 352,6147 352,6146 276,6146 274,6145 274,6144 273,6142 268,6142 266,6141 266,6140 265,6138 264,6138 262,6137 262,6136 261,6134 260,6134 258,6133 258,6132 257,6130 256,6130 254,6129 254,6072 254,6071 75,6071 74,6071 74,6070 74,6069 72,6067 71,6067 70,6067 70,6062 68,6059 67,6059 66,6059 66,6058 64,6055 63,6055 62,6055 62,6049 63,6048 737,6048 737,6048 737,6018 739,6016 740,6016 741,6015 741,6014 743,6012 755,6012 757,6015 757,6016 758,6016 2408,6016 2409,6018 2409,6019 2411,6020 3275,6020 3277,6023 3277,6024 3278,6024 3283,6024 3284,6025 3285,6027 3285,6028 3286,6028 3287,6028 3288,6030 3288,6035 3290,6036 3291,6036 3292,6038 3292,6071 3293,6071 3315,6071 3316,6073 3316,6078 3318,6079 3319,6079 3319,6080 3319,6081 3320,6082 3320,6126 3321,6126 3546,6126 3547,6128 3547,6136 3550,6138 3551,6138 3551,6139 3551,6141 3550,6142 3549,6142 3547,6144 3547,6153 3546,6154 3537,6154 3536,6155 3536,6215 3535,6216"/><TextEquiv index="1"><Unicode>corps de logis, que la belle Aurore; c'eſt</Unicode></TextEquiv></TextLine><TextLine id="r0_l026"><Coords points="3291,6413 3288,6411 3288,6359 3288,6358 2906,6358 2903,6356 2903,6355 2903,6354 2690,6354 2643,6354 2639,6358 2351,6358 2350,6359 2350,6385 2350,6385 2349,6385 2348,6386 2346,6386 2345,6385 2344,6385 2342,6384 2342,6359 2342,6358 2328,6358 2327,6359 2327,6364 2325,6366 2324,6366 2323,6367 2323,6368 2321,6370 2298,6370 2295,6368 2295,6367 2295,6366 2294,6366 2291,6364 2291,6359 2291,6358 1778,6358 1777,6359 1777,6377 1777,6377 1776,6377 1773,6380 1773,6388 1771,6390 1770,6390 1769,6391 1769,6396 1768,6397 1767,6397 1766,6398 1766,6399 1764,6401 1759,6401 1758,6402 1758,6403 1756,6405 1748,6405 1744,6409 1736,6409 1734,6411 1734,6412 1733,6413 1713,6413 1710,6411 1710,6410 1710,6409 1705,6409 1702,6407 1702,6406 1702,6405 1701,6405 1699,6404 1699,6403 1698,6402 1698,6395 1695,6392 1695,6359 1695,6358 1332,6358 1330,6357 1330,6356 1329,6354 1143,6354 1142,6354 1142,6353 1140,6350 935,6350 934,6351 934,6352 932,6354 931,6354 929,6353 929,6352 928,6350 488,6350 485,6348 485,6347 485,6346 350,6346 349,6346 349,6345 347,6342 260,6342 258,6341 258,6340 258,6339 257,6339 254,6337 254,6336 256,6334 257,6334 257,6334 258,6333 258,6332 259,6331 260,6331 261,6330 262,6330 262,6330 262,6214 263,6213 264,6213 268,6209 272,6209 274,6207 274,6206 275,6205 285,6205 286,6207 286,6216 287,6216 288,6216 289,6218 289,6219 290,6220 290,6264 291,6264 340,6264 341,6266 341,6267 342,6267 662,6267 662,6267 662,6219 665,6216 666,6216 666,6216 666,6215 668,6213 669,6213 670,6212 760,6212 761,6211 761,6210 762,6209 772,6209 772,6210 772,6211 775,6213 780,6213 780,6214 780,6268 781,6268 874,6268 874,6269 874,6270 876,6271 1066,6271 1066,6271 1066,6221 1067,6220 1067,6218 1068,6217 1069,6217 1070,6216 1078,6216 1078,6216 1078,6215 1080,6213 1081,6213 1082,6212 1084,6212 1085,6213 1086,6213 1086,6214 1086,6215 1089,6217 1090,6217 1090,6218 1090,6219 1093,6221 1094,6221 1094,6222 1094,6267 1095,6267 1282,6267 1282,6267 1282,6228 1283,6227 1283,6226 1285,6224 1286,6224 1286,6224 1286,6223 1289,6220 1359,6220 1360,6221 1361,6221 1361,6222 1361,6223 1363,6224 1576,6224 1577,6223 1577,6222 1578,6221 1579,6221 1580,6220 1587,6220 1589,6223 1589,6224 1590,6224 1678,6224 1679,6226 1679,6271 1680,6271 1736,6271 1738,6274 1738,6275 1739,6275 2020,6275 2020,6275 2020,6223 2023,6220 2032,6220 2032,6220 2032,6219 2035,6216 2042,6216 2043,6217 2044,6217 2044,6218 2044,6219 2047,6221 2048,6221 2048,6222 2048,6271 2049,6271 2121,6271 2123,6274 2123,6275 2124,6275 2125,6275 2127,6278 2127,6279 2128,6279 2133,6279 2134,6281 2134,6282 2136,6283 2137,6283 2138,6285 2138,6286 2140,6287 2303,6287 2303,6287 2303,6226 2304,6225 2305,6225 2306,6224 2310,6224 2311,6223 2311,6222 2312,6221 2313,6221 2314,6220 2356,6220 2357,6221 2540,6221 2541,6220 2546,6220 2546,6220 2546,6219 2549,6216 2554,6216 2554,6216 2554,6215 2556,6213 2557,6213 2558,6212 2568,6212 2570,6215 2570,6216 2571,6216 2674,6216 2675,6217 2676,6217 2676,6218 2676,6219 2678,6220 2682,6220 2684,6223 2684,6271 2685,6271 2910,6271 2912,6274 2912,6275 2913,6275 3197,6275 3202,6270 3202,6269 3203,6268 3276,6268 3276,6268 3276,6255 3277,6254 3277,6253 3278,6252 3279,6252 3280,6251 3280,6239 3283,6236 3284,6236 3284,6236 3284,6231 3287,6228 3288,6228 3288,6228 3288,6227 3291,6224 3296,6224 3296,6224 3296,6223 3299,6220 3310,6220 3314,6224 3315,6224 3316,6226 3316,6326 3317,6326 3476,6326 3476,6326 3476,6322 3477,6321 3477,6320 3478,6319 3480,6319 3481,6321 3481,6322 3482,6322 3483,6322 3485,6325 3485,6329 3484,6330 3483,6330 3481,6332 3481,6341 3480,6342 3479,6342 3477,6344 3477,6345 3476,6346 3306,6346 3304,6348 3304,6349 3304,6349 3303,6350 3302,6350 3300,6352 3300,6353 3300,6353 3299,6354 3298,6354 3296,6356 3296,6412 3295,6413"/><TextEquiv index="1"><Unicode>la maiſon de Frédégonde. Je ſuis monté</Unicode></TextEquiv></TextLine><TextLine id="r0_l027"><Coords points="2219,6613 2217,6612 2217,6563 2217,6562 1960,6562 1956,6566 1944,6566 1942,6565 1942,6564 1941,6562 1669,6562 1667,6561 1667,6559 1667,6558 1538,6558 1347,6558 1346,6559 1346,6560 1344,6562 1336,6562 1333,6560 1333,6559 1333,6558 833,6558 831,6557 831,6556 830,6554 774,6554 772,6553 772,6552 771,6550 561,6550 560,6551 560,6569 559,6570 554,6570 553,6570 553,6569 552,6568 552,6551 552,6550 464,6550 462,6549 462,6548 461,6546 444,6546 443,6546 443,6545 441,6542 373,6542 372,6543 372,6592 370,6594 369,6594 368,6595 368,6596 367,6597 366,6597 364,6599 364,6600 363,6601 362,6601 361,6602 361,6603 359,6605 358,6605 356,6604 356,6543 356,6542 346,6542 345,6542 345,6541 343,6538 287,6538 286,6538 286,6537 284,6534 279,6534 278,6534 278,6533 278,6532 276,6530 275,6530 274,6530 274,6529 272,6526 271,6526 270,6526 270,6513 269,6511 268,6511 266,6510 266,6505 265,6503 264,6503 262,6502 262,6497 264,6495 265,6495 266,6494 266,6485 267,6484 268,6484 270,6482 270,6473 271,6472 272,6472 274,6470 274,6469 275,6468 276,6468 278,6466 278,6465 279,6464 280,6464 282,6462 282,6461 283,6460 296,6460 297,6459 297,6458 299,6456 337,6456 337,6456 337,6414 338,6413 339,6413 339,6413 341,6411 341,6410 342,6409 343,6409 345,6407 345,6406 346,6405 351,6405 353,6408 353,6409 354,6409 359,6409 360,6411 360,6460 361,6460 465,6460 466,6462 466,6463 468,6464 513,6464 513,6465 513,6466 516,6468 783,6468 784,6470 784,6471 785,6471 786,6471 787,6472 994,6472 995,6471 996,6471 996,6471 996,6470 998,6468 1165,6468 1165,6468 1165,6422 1166,6421 1167,6421 1169,6419 1169,6418 1170,6417 1179,6417 1181,6415 1181,6414 1182,6413 1192,6413 1192,6414 1192,6417 1193,6417 1290,6417 1290,6418 1290,6456 1291,6457 1291,6472 1292,6472 1529,6472 1530,6471 1531,6471 1532,6472 1576,6472 1577,6474 1577,6475 1578,6475 1738,6475 1738,6475 1738,6442 1740,6440 1741,6440 1742,6439 1742,6434 1744,6432 1745,6432 1746,6431 1746,6426 1747,6425 1748,6425 1749,6424 1750,6423 1750,6422 1751,6421 1752,6421 1753,6420 1754,6420 1755,6421 1769,6421 1769,6422 1769,6431 1771,6432 1772,6432 1773,6434 1773,6439 1775,6440 1776,6440 1777,6442 1777,6467 1778,6467 1809,6467 1810,6468 1812,6468 1812,6469 1812,6470 1815,6472 1816,6472 1816,6473 1816,6475 1817,6475 2009,6475 2009,6475 2009,6473 2010,6472 2011,6472 2013,6470 2013,6457 2014,6456 2015,6456 2016,6455 2016,6451 2019,6448 2020,6448 2020,6448 2020,6443 2023,6440 2024,6440 2024,6440 2024,6439 2027,6436 2028,6436 2028,6436 2028,6435 2031,6432 2032,6432 2032,6432 2032,6431 2035,6428 2043,6428 2047,6424 2075,6424 2075,6424 2075,6423 2077,6421 2078,6421 2078,6421 2079,6420 2079,6419 2081,6417 2086,6417 2087,6416 2087,6415 2089,6413 2114,6413 2115,6415 2115,6416 2117,6417 2126,6417 2126,6418 2126,6419 2127,6420 2127,6472 2128,6472 2350,6472 2350,6472 2350,6446 2352,6444 2353,6444 2354,6443 2354,6438 2355,6437 2356,6437 2358,6435 2358,6434 2359,6433 2360,6433 2361,6432 2527,6432 2527,6432 2527,6430 2529,6428 2530,6428 2531,6427 2531,6422 2532,6421 2537,6421 2539,6419 2539,6418 2540,6417 2715,6417 2715,6418 2715,6419 2718,6421 2719,6421 2719,6422 2719,6423 2722,6425 2723,6425 2723,6426 2723,6468 2724,6468 2872,6468 2872,6469 2872,6472 2873,6472 2962,6472 2962,6473 2962,6474 2964,6475 3213,6475 3214,6474 3214,6473 3215,6472 3273,6472 3273,6472 3273,6457 3274,6456 3275,6456 3276,6455 3276,6451 3279,6448 3280,6448 3280,6448 3280,6443 3283,6440 3284,6440 3284,6440 3284,6431 3287,6428 3288,6428 3288,6428 3288,6427 3291,6424 3292,6424 3292,6424 3292,6423 3294,6421 3295,6421 3296,6420 3301,6420 3302,6421 3304,6421 3304,6422 3304,6482 3311,6488 3312,6488 3312,6489 3312,6523 3313,6523 3315,6523 3316,6525 3316,6529 3314,6531 3313,6531 3312,6532 3312,6541 3311,6542 3310,6542 3308,6544 3308,6565 3307,6566 3196,6566 3194,6565 3194,6564 3193,6562 2874,6562 2872,6561 2872,6560 2871,6558 2866,6558 2865,6558 2865,6557 2863,6554 2674,6554 2672,6556 2672,6557 2671,6558 2631,6558 2629,6557 2629,6556 2628,6554 2439,6554 2436,6557 2436,6558 2436,6558 2372,6558 2370,6560 2370,6576 2368,6578 2367,6578 2366,6579 2366,6584 2364,6586 2363,6586 2362,6587 2362,6596 2361,6597 2360,6597 2359,6598 2358,6599 2358,6600 2357,6601 2356,6601 2355,6602 2354,6603 2354,6604 2353,6605 2352,6605 2351,6606 2350,6607 2350,6608 2349,6609 2348,6609 2347,6610 2347,6611 2345,6613"/><TextEquiv index="1"><Unicode>chez ma noble maîtreſſe; je l'ai trouvé</Unicode></TextEquiv></TextLine><TextLine id="r0_l028"><Coords points="2437,6618 2732,6618 2732,6763 2437,6763"/><TextEquiv index="1"><Unicode>liv</Unicode></TextEquiv></TextLine></TextRegion></Page></PcGts>