4266 8805
1553 472 2316 738 .
-17 723 3623 957 de Boulogne. Il m'a répondu qu'il s'y
-17 944 3614 1177 trouveroit fidèlement. Je m'y ſuis rendu
-16 1157 3614 1387 à l'heure marquée, me promettant bien
-16 1370 3618 1597 de ne pas me laiſſer aveugler cette fois.
-15 1562 3623 1821 Je l'ai attendu vainement. Pour comble
-15 1796 3623 2022 de malheur, il eſt ſurvenu une pluie
-14 2013 3627 2237 épouvantable. J'ai été percé juſqu'aux
-14 2230 3635 2447 os. Malgré le mauvais temps, j'ai at-
-13 2435 3644 2662 tendu plus de deux heures; mais, ſen-
-13 2652 3635 2880 tant que ma chemiſe, froide & mouillée,
-12 2865 3640 3133 pouvoit me cauſer quelque maladie dan-
-12 3082 3640 3317 gereuſe, j'ai été forcé de quitter le
-11 3303 3652 3520 théâtre choiſi pour ma vengeance. Heu-
-11 3512 4002 3745 reuſement, la rage m'empêchoit de me
-10 3729 3652 3949 refroidir. J'ai couru au logis de mon
-10 3934 3725 4165 adverſaire. La porte étoit fermée. J'ai
-10 4146 3665 4377 frappé en furieux. J'ai cru entendre des
-9 4359 3665 4599 éclats de rire. Ma rage en a redoublé.
318 4564 3670 4802 On ouvre enfin; je vois une groſſe
-8 4733 3670 5019 ſervante ſale, qui me demande très-
-8 5011 3840 5274 groſſièrement: „Que voulez-vous?“ --
-7 5215 3670 5439 “Votre maître, m'écriai-je. Hé bien le
-7 5424 3674 5658 “lâche, il n'a pas paru!“ -- „Où
-6 5644 3670 5859 “diable voulez - vous qu'il aille de ce
-5 5854 3671 6078 “temps- ci, a répondu la ſouillon? Il a
-5 6070 3773 6291 “quelque choſe de mieux à faire pour
-5 6283 3750 6502 “le préſent. Il s'amuſe.“ -- „Oh! je
-4 6496 3750 6722 “vais l'amuſer de la bonne manière,
-4 6710 3674 6962 “ai-je repris. Conduis-moi chez lui.“
