4266 8145
851 737 4118 933 attaques abſurdes, qui annonçoient, de
858 936 4113 1140 la part de quelques ennemis cachés, un
622 1136 4090 1336 deſſein formé de m'humilier. Je m'ap-
740 1336 4015 1734 uont, ouis deroor te e lirte ne
842 1725 3995 1933 ſulter? D'ailleurs, mon nouvel adver-
846 1925 3870 2130 ſaire me propoſoit formellement de me
842 2124 4109 2331 donner ſatisfaction. „Je n'ai pas d'épée,
599 2324 4117 2525 “lui dis je.“ -- „Voilà, répondit-il,
736 2528 4137 2725 “un de mes amis qui va vous en prêter
791 2724 4148 2928 “une.“ En effet, le prétendu ami me
595 2920 4144 3129 préſenta une épée nue. Je ne la conſi-
842 3111 4144 3329 dérai pas beaucoup. Il étoit tard, & la
670 3324 4062 3524 nuit étoit déjà un peu ſombre. L'enne-
838 3517 4148 3724 mi, pour début, me donne, avec ſon
630 3724 3889 3926 épée, un coup de fouet ſur la mienne,
838 3917 3893 4114 & je la vois tomber en morceaux. Pris
838 4114 3897 4315 au dépourvu par un malheureux qui
826 4305 3905 4507 ſembloit vouloir me pourſuivre, quoi-
830 4505 3905 4706 que déſarmé, je vois accourir un autre
509 4701 3885 4903 cavalier, qui prend ma défenſe & met
830 4897 3956 5063 en fuite mon ennemi actuel. Ce défen-
831 5102 4149 5302 ſeur étoit mon adverſaire précédent, qui
658 5301 4144 5504 m'avoit joué de ſi vilains tours. „Monſieur,
826 5501 4156 5705 “me dit-il, j'ai eu ci-devant la gloire de
822 5701 4148 5906 “vous donner une leçon; j'ai celle, aujour-
826 5897 4129 6101 “d'hui, de vous ſauver peut-être la vie.“
818 6097 4148 6301 Je regarde, avec étonnement, cet étrange
552 6297 3885 6505 perſonnage. „Ne vous glorifiez pas tant,
