4266 8479
1709 552 2343 746 ae.
371 786 3789 1001 “lui dis-je; votre conduite à mon égard
362 1005 3579 1215 “n'eſt pas celle d'un galant - homme.
123 1215 3575 1400 “Oſez-vous, malheureux, vous vanter
346 1413 3563 1623 “d'une victoire, que vous n'avez obte-
337 1626 3566 1831 “nu, qu'en m'aveuglant avec votre
324 1827 3578 2039 “tabac? Cette lâcheté eſt indigne d'un
333 2034 3747 2240 “homme d'honneur. „-- „Oui, ſans
333 2243 3574 2450 “doute, répondit l'ennemi; mais vous
324 2449 3598 2664 “m'avouerez qu'elle eſt pardonnable à
44 2659 3566 2858 “une femme.“ -- „Qu'entends - je,
328 2869 3570 3080 “m'écriai-je? J'ai été la dupe & le jouet
316 3075 3570 3294 “d'une femme!“ -- „Oui, mon bon
312 3285 3566 3496 “ami, reprit l'homme, qui n'étoit plus
320 3495 3557 3708 “qu'une femme; oui, vous avez été
324 3705 3557 3917 “joué. Je vous devois cette petite le-
320 3911 3549 4122 “çon, pour la mauvaiſe querelle que
225 4117 3557 4311 “vous avez faite à mon amant, le Che-
320 4323 3549 4539 “valier de L*, & pour le coup d'épée
316 4533 3788 4739 “que vous lui avez donné. J'ai cru qu'il
308 4735 3541 4953 “m'étoit permis de vous jeter un peu
246 4941 3549 5159 “de poudre aux yeux, pour pouvoir
312 5147 3553 5357 “vous bleſſer, parce que vous maniez
300 5353 3537 5567 “mieux les armes que moi; & que,
304 5563 3533 5780 “ſans cette petite liberté que j'ai priſe,
24 5777 3529 5983 “je n'aurois jamais pu venir à bout de
61 5976 3883 6194 “mon deſſein. La ſervante, qui a fer-
291 6143 3525 6402 “raillé contre vous, étoit un valet dé-
295 6391 3508 6633 “guiſé. Elle avoit un gros ventre, parce
