4266 8406
787 668 4098 878 loſophie, Littérature, Beaux-Arts, tout
783 877 3984 1098 eſt de mon reſſort. Je me partage entre
783 1085 4184 1308 tant d'objets. Je vais de la brune à la
775 1289 4184 1500 blonde. Je vois toutes les Beautés qu'une
775 1497 4233 1702 douce fécondité va rendre mères, &
456 1701 3923 1918 qui me devront ce dangereux avantage.
750 1914 3931 2128 La chère petite Levrette, l'Africaine
766 2114 3935 2340 Almide, la belle Laure de Lyſange, il
746 2322 3931 2539 faut le dire tout bas, avec le reſpect dû à
460 2522 4074 2743 la nobleſſe.... Je viſite chaque jour toutes
754 2734 4103 2955 ces Beautés..... Mais ciel! j'apprends que
424 2939 3947 3151 Levrette eſt dans le moment critique
750 3147 3915 3359 où elle va me rendre père. J'y vole,
538 3348 1669 3545 au revoir.
717 3733 4066 4001 te
2110 4160 2548 4311 Suite.
805 4552 3902 4785 Mon bon ami, je ſuis dans des
722 4776 3898 4993 tranſes mortelles. Prie Dieu; je le prie
717 4988 4225 5202 moi-même, quoique j'aie le malheur de
713 5192 4225 5404 n'être pas très - familier avec ce ſaint
709 5404 4184 5620 exercice. La pauvre Levrette eſt dans
701 5609 4184 5819 les douleurs. Il paroît qu'elle va avoir
697 5816 3878 6026 un accouchement très - pénible. Déjà les
693 6025 3871 6234 vieilles femmes commencent à craindre
501 6233 3870 6439 pour ſes jours. O Dieu! ſi cette chère
464 6438 4070 6626 perſonne, véritable ornement de la terre,
