4266 8076
1453 441 1919 625 i
155 663 3453 879 alloit périr par ma faute..... Mais ciel!
151 874 2801 1019 il me ſurvient un autre embarras....
323 1069 3207 1272 M. le Comte de S. Flour, auquel je
155 1269 3207 1468 n'avois plus repenſé depuis très - long-
163 1464 3207 1660 temps, vient d'arriver en très - bonne
159 1652 3211 1828 ſanté. Il s'eſt bien rétabli, le malheu-
151 1851 3203 2054 reux, pour ſe faire tuer. „Monſieur,
147 2046 3203 2247 “m'a-t-il dit, je ne ſais pas ſi vous
147 2246 3211 2447 “m'attendiez; mais j'étois fort empreſſé
155 2445 3207 2646 “de vous voir. Cependant j'ai été obligé
151 2640 3207 2844 “de différer, pour bien des raiſons.
159 2836 3207 3039 “Ma ſanté a été fort long-temps à ſe
100 3035 3379 3235 “rétablir; enſuite vous vous êtes ab-
156 3231 3216 3427 “ſenté; vous avez couru le monde,
159 3433 3215 3629 “& vous avez été moins jaloux, ſans
148 3625 3207 3821 “doute, que moi, de terminer notre
147 3820 3207 4017 “différend. Quoi qu'il en ſoit, Monſieur,
151 4016 3211 4207 “je vois que vous êtes auſſi bien en
143 4211 3449 4409 “état que moi, de remplir ce que
147 4406 3222 4598 “l'honneur exige de nous. Je viens
147 4601 3191 4801 “vous chercher, comme je le dois.“
143 4793 3301 5002 -- „Monſieur, lui ai - je répondu, je
136 4992 3191 5184 “ſuis tout prêt.“ -- „Tant mieux,
143 5184 3203 5386 “Monſieur, a-t-il repris. Je vous avoue
7 5379 3199 5586 “que je ſuis veillé de près. J'ai échappé
151 5578 3199 5776 “aux yeux des ſurveillans; mais ils ne
151 5776 3203 5973 “tarderont pas à nous retrouver; il
155 5965 3199 6173 “faut donc profiter du moment. Vou-
155 6164 3195 6364 “lez-vous bien, demain de grand ma-
