4266 7927
182 731 3203 974 “plus preſſé que cette affaire malheu-
178 948 3496 1165 “reuſe.“ -- „Monſieur, s'eſt-il écrié,
166 1134 3207 1356 “connoiſſez-vous quelque choſe de plus
193 1321 3203 1553 “preſſé que de ſatisfaire à l'honneur?“
193 1533 3211 1735 -- „L'honneur, l'honneur! j'en ai au-
190 1728 3214 1932 “tant que vous.“ -- „Hé bien! Mon-
193 1911 3222 2122 “ſieur, faites-le donc voir.“ --“ Hé-
197 2103 3233 2311 “bien! Monſieur, partez, je vous ſuis,
201 2307 3222 2513 “& j'arriverai ſur vos pas, peut-être trop
205 2488 3241 2700 “tôt pour vous.“ -- „Monſieur, Mon-
205 2692 3268 2896 “ſieur, point de fanfaronade, s'eſt-il
208 2889 3230 3089 “écrié, en partant. Après - demain, au
216 3085 3230 3293 “plus tard nous terminerons enſemble;
235 3283 3241 3483 “&, loin de redouter ce moment, je
235 3477 2201 3664 “brûle de m'y voir.“
425 3667 3237 3866 Voyez un peu cet original. J'avois bien
1 3862 3245 4065 beſoin de ſa querelle dans ce moment-
3 4056 3249 4258 ci! Je n'aurai pas le tems de voir com-
6 4250 3241 4449 ment ſe terminera la douloureuſe criſe
3 4445 3256 4651 de ma chère Levrette. Je ne ſaurai pas
3 4636 3245 4845 ſi elle vivra ou non, ſi je ſerai père,
1 4819 3256 5038 & de qui. Je vais la laiſſer dans cette
1 5022 3256 5229 cruelle ſituation, cette fille adorable. Je
6 5210 3260 5412 vais laiſſer, dans une infâme maiſon,
6 5405 3283 5611 ma divine Aurore, expoſée aux plus
258 5595 3264 5801 cruels dangers, & ma ſublime Laure,
262 5778 3268 6012 que je vois dans une auſſi déplorable ſi-
90 5968 3268 6200 tuation. Jé abandonner mon bien,
18 6159 3275 6380 tout ce que j'ai, à la déprédation de
594 6377 1250 6526 Tome Il.
