4266 7976
861 663 3960 907 adverſaire a eu l'épaule effleurée. Nous
915 903 4200 1106 avons changé de côté & tiré encore en
919 1100 4193 1297 même temps. J'ai reçu la balle dans le
950 1296 4212 1487 bras gauche, & mon ennemi dans la joue.
838 1494 4208 1689 Nous avons encore changé de côté. Je
957 1684 4188 1885 l'ai laiſſé tirer ſeul. Sa balle ne m'a
942 1884 4185 2079 qu'effleuré, à mon tour, l'épaule. Alors
737 2074 4189 2272 j'ai tiré mon troiſième coup en l'air.
946 2271 4185 2473 „Votre procédé, Monſieur, eſt fort
745 2468 4196 2667 “honnête, m'a dit le Comte; il vous
787 2662 4196 2855 “acquiert des droits à mon eſtime; mais
957 2859 3953 3056 “les légères bleſſures que vous avez
946 3048 4200 3249 “reçues ne ſont pas une ſatisfaction
949 3238 4200 3441 “ſuffiſante, pour la perte que j'ai faite;
644 3431 4196 3628 “& la perſonne adorable que je dois
953 3623 4196 3826 “venger ne l'eſt pas aſſez. Nous ſommes,
957 3813 4193 4023 “l'un & l'autre, en état de nous faire
957 4007 4185 4204 “tête à l'épée. Si vous voulez bien,
946 4197 3736 4389 “nous y procéderons ſur-le-champ.“
1182 4385 4165 4571 „J'y conſens, ai - je dit,“ & nous
760 4571 3980 4772 ſommes deſcendus de cheval. Nous avons
683 4764 3964 4966 mis l'habit bas, l'épée à la main, &
957 4961 3964 5159 quoiqu'un peu enſanglantés, nous nous
756 5154 4131 5367 ſommes préſentés l'un & l'autre avec le
957 5354 3284 5558 même feu, & la même grace.
930 5521 4142 5753 Le fier jeune-homme étoit très-fort
942 5738 4142 5947 dans l'art de l'eſcrime. Tu ſais que je
946 5939 4138 6144 ne m'en tire pas mal. Il m'a donné beau-
950 6136 4111 6363 coup de tablature. Il avoit un jeu par-
