4266 8034
278 881 3285 1142 :
281 1282 3292 1514 OEEE
473 1608 3011 1890 DEM. GESSNER,
455 1978 3106 2250 AM.LESSIRE.
1008 2385 2547 2585 Traduite de l'Allemand.
2408 2640 3080 2845 Zurich.
289 2968 3319 3226 J'ai reçu, Monſieur, le nouveau ma-
285 3214 3315 3423 nuſcrit que vous m'avez fait paſſer, qui
281 3396 3327 3605 a pour titre l'Hiſtoire du Génie, ou Les
3 3609 3323 3808 quatre grands Siècles. Ce ſujet eſt grand,
57 3798 3327 3996 & vous l'avez traité d'une manière en-
285 3991 3323 4193 core plus étendue, que le titre ne l'an-
281 4192 3327 4384 nonce; car non - ſeulement vous avez
285 4378 3342 4577 peint les quatre Siècles fameux, que
277 4573 3358 4772 vous nommez celui des Grecs, celui
1 4767 3616 4962 des Romains, celui des Italiens, & celui
289 4960 3319 5163 des François; mais vous tracez encore
18 5147 3350 5358 rapidement les ſiècles intermédiaires, &
18 5348 3346 5547 ceux qui les ont précédés; tellement
296 5541 3562 5935 ouie, lee pſeeniie eeiſa
3 5927 3590 6341 les et l s s les o ot leit lae
2388 6342 2752 6524 Kvi
