4266 8496
1448 554 2342 808 .
117 808 3446 1046 des Grecs. Beaucoup de gens ont écrit ſur
276 1039 3454 1251 cette époque intéreſſante. Un Monſieur
272 1239 3462 1451 Linguet en a même ébauché une eſquiſſe
280 1435 3467 1654 dans ſa jeuneſſe. Malheureuſement cet
284 1651 3466 1855 écrit ſe reſſent déjà de cet eſprit para-
232 1855 3692 2063 doxal & anti-philoſophique, qui cherche
272 2059 3695 2269 à renverſer, parmi vous, les notions
268 2263 3495 2463 éternelles du juſte & de l'injuſte. Je
276 2467 3466 2678 détourne, en gémiſſant, les yeux de
280 2671 3462 2882 tout ce qu'enfantent de pareilles plumes.
117 2875 3474 3083 Le ſiècle des Romains étoit neuf à trai-
280 3078 3470 3287 ter, & vous êtes créateur ſur ce ſujet,
272 3291 3474 3500 qu'on peut nommer vierge. Le ſiècle
1 3495 3793 3703 des Italiens vous offroit plus de maté-
1 3678 3483 3905 riaux & plus de reſſources. Celui des
113 3870 3482 4113 François avoit été peint par le grand
3 4094 3499 4311 Voltaire. C'eſt ici que le ſujet devenoit
15 4304 3487 4515 déſeſpérant, par le trop grand ſecours
7 4510 3487 4714 qu'il vous préſentoit. Comment traiter un
15 4710 3487 4918 ſujet après un ſi grand maître, & ſe
292 4914 3744 5117 rendre intéreſſant? Comment n'avez-
32 5115 3752 5318 vous pas été entraîné ſans ceſſe dans le
19 5313 3487 5528 tourbillon d'un aſtre ſi ſupérieur? C'eſt
11 5518 3487 5726 ici que je vous ai ſur - tout applaudi.
19 5699 3524 5923 Vous avez ſu être vous - même & inté-
23 5922 3495 6139 reſſer, après un des hommes les plus
44 6130 3470 6550 moriſon itéa aient jamais brilé ſur
