4266 8116
820 867 4226 1116 diſſant, Monſieur, en vous exhortant
942 1097 4222 1314 à continuer vos travaux, je vous fais
947 1294 4230 1519 mes adieux, qui ſeront peut - être les
951 1513 2077 1736 derniers (1).
819 1927 4004 2194 P. S. J'oubliois, Monſieur, de vous
804 2184 4234 2403 parler de votre Hiſtoire de la République
958 2382 4227 2592 des Lettres & Arts en France. Je me
955 2580 4167 2804 reproche cet oubli; j'en ai lu avec plaiſir
955 2784 4020 3009 cinq cahiers, que vous avez donnés.
717 2985 4028 3183 L'idée eſt excellente. L'exécution n'eſt
959 3191 4036 3402 pas, dites-vous, telle que vous la con-
867 3381 4036 3602 cevez. Un pareil projet, bientrempli, de-
967 3580 4079 3801 vroit avoir, en effet, beaucoup de ſuc-
883 3778 4190 4004 cès; mais je ne ſais s'il ne vous faudroit
962 3992 4048 4198 pas recourir aux Preſſes Etrangères, &
852 4174 4226 4575 adétiié ua jes eulle eoanoiin oue
974 4567 4079 4772 voudriez la dire, & vous vous feriez
967 4757 4060 4976 beaucoup d'ennemis. Cela eſt dangereux.
974 4959 4238 5158 Il eſt un autre bien, dont vous jouiſſez,
927 5156 4246 5396 qui eſt peut-être auſſi précieux; tel eſt
986 5796 4242 6024 (1) On ſait que M. Geſſher eſt mort der-
986 5986 4246 6177 nièrement. M. de Flonian; connu par un talent
990 6156 4056 6344 analogue à celui de ce Poëte aimable & ſen-
990 6324 4056 6500 ſible, vient de louer, avec ſuccès, cet Auteur
1010 6486 3941 6661 Allemand dans notre Académie Françoiſe.
