4266 7910
1549 424 2079 631 .
260 676 3296 899 du moins le ſentiment de votre grand
22 879 1239 1050 Voltaire.
397 1172 3060 1365 La paix enfin, ce bien qu'on deſire & qu'on aime,
366 1365 3013 1550 Eſt d'un prix auſſi grand que la vérité même.
431 1634 3300 1841 Vous vous propoſez de donner déſor-
10 1840 3296 2038 mais cette Hiſtoire par volumes. Vous
275 2035 3491 2246 m'avez envoyé le premier & le ſecond,
256 2230 3297 2428 qui me font bien augurer du reſte. Tra-
124 2419 3293 2624 vaillez, Monſieur, puiſque telle eſt votre
1 2619 3293 2818 vocation. Vous pourrez être perſécuté;
272 2813 3293 3009 mais vous en ſerez dédommagé par le
268 3004 1993 3230 plaiſir d'être utile.
