4266 7998
2238 353 2743 613 s5
1195 641 1644 787 m.
1740 687 2152 789 L
2869 679 3258 796 me
1569 1142 3535 1427 NOTE
2132 1494 2677 1741 DE
1077 1867 4013 2181 M.LE,
960 2242 4193 2537 Sua le Secret d'être heureux, & ſu
1336 2533 3713 2778 la Société des Heureux.
1003 2808 1230 2944 L
976 2942 4235 3377 lvoit aneſela ne de ai cetmeo,
663 3343 4236 3592 de former une Société, qui aura pour
976 3531 4235 3773 but de chercher le bonheur; c'eſt-à-dire
968 3730 4236 4152 lee paitle à tlunnaie maenute oiu la
651 4148 4235 4348 nommera, peut - être pour cela, la So-
980 4324 4235 4553 ciété des Heureux. Si je viens à bout de
976 4512 4235 4737 l'établir, me voilà érigé en fondateur;
976 4715 4235 4915 mais, comme une ſociété ne peut être
984 4914 4235 5139 compoſée d'un ſeul homme, il me faut
983 5109 4235 5327 des aſſociés, & des aſſociés volontaires;
624 5309 4235 5511 c'eſt - à - dire qui ſe préſenteront libre-
984 5508 4235 5705 ment & d'eux-mêmes, & que j'accep-
984 5700 4235 5903 terai avec la même liberté. Dans cette
991 5900 4235 6125 acceptation, le mérite des ſujets & leur
975 6092 4236 6287 aptitude au bonheur ou à la recherche
