4266 8466
893 610 4095 851 de la Mort d'Abel. Nous la nommerons
898 865 4100 1060 le Fratricide. M. l'abbé Aubert en a
589 1080 4195 1297 déjà donné une ſur ce premier meurtre,
897 1288 4099 1500 dont l'Hiſtoire faſſe mention. La nôtre
885 1500 4104 1716 étoit compoſée avant que nous connuſ-
781 1704 4104 1916 ſions la ſienne; & elle paroîtra dans un
876 1915 4116 2133 des premiers volumes de nos Inviſibles
876 2132 4141 2340 ou Paſſe-Temps Littéraires, que nous
872 2336 4083 2552 devons publier ſous peu de temps. Il
876 2548 4083 2748 eſt bon de donner une idée de ce re-
868 2752 4083 2972 cueil. Il aura, pour Introduction, l'Hiſ-
618 2964 4083 3180 toire d'une Société, dont les membres
876 3176 4079 3392 ne ſe connoiſſent pas réciproquement,
872 3384 4083 3601 ne s'aſſemblent que maſqués, & ſont
876 3600 4083 4017 es aur te reu ſundle le lamnu
876 4017 4083 4249 au milieu des Nuages, dans un Palais
880 4228 4087 4441 aërien, ſoutenu par des ballons. L'Au-
885 4440 4091 4648 teur y eſt introduit. Il entretient, avec
881 4640 4091 4848 la Société, une correſpondance, dont
893 4838 4083 5010 des oiſeaux ſont les couriers. Il a une
885 5056 4083 5272 maîtreſſe qu'il ne voit qu'en image. C'eſt
885 5259 4083 5443 dans ces aſſemblées, au milieu de l'azut
889 5471 4087 5696 céleſte, qu'il lit les différens morceaux
893 5684 4112 5904 dont il publie le recueil, & cette hiſto-
885 5892 4075 6112 riette eſt le cadre qui lui ſert à faire
881 6103 4074 6324 un corps, pour ainſi dire, de tous ſes
880 6312 4104 6533 mêlanges variés pour la forme & le ſujet.
880 6499 4096 6760 Outre cette Tragédie du Fratricide,
1614 7378 1988 7606 i.
