4266 7746
498 1068 3227 1243 de lui faire des questions sur cet excs
499 1304 3233 1478 de repentir, dont je ne pouvais deviner
488 1536 3232 1704 le moti. Eh bien, Saint-Ange! lui dit
489 1760 3233 1891 le commandeur avec un ton d'humeur
488 1989 3232 2166 qui ne m'chappa pas, est-ce ainsi que tu
484 2208 3243 2397 t'empresses de prsenter tes devoirs  M.
478 2444 3227 2612 de Servol, le meilleur ami de ta famille?
479 2678 3218 2847 -- Mon oncle, pardon; mais j'ai tant de
483 2888 3222 3033 satisfaction  retrouver ici mademoiselle
474 3131 3223 3263 Saint-Brice! -- Je le crois... Voil mon
473 3362 3217 3524 neveu, mon cher Servol; tu dois le trou-
469 3590 3228 3753 ver grand et bien fait; et il a des droits
468 3814 3222 3977 ton attachement, car tu l'as vu natre?
474 4045 3223 4214 -- Hlas, oui! rpondit M. de Servol
473 4272 3212 4448 en soupirant; je n'oublierai jamais ce
469 4499 3208 4674 moment fatal... -- Chut! paix, inter-
468 4726 3207 4902 rompit le commandeur; il faut qu'une
469 4952 3218 5123 nuit ternelle couvre  jamais tant de
463 5179 3202 5356 malheurs! Ha a, sans faon, nous ve-
464 5407 3203 5593 nons te demander un asile pour quelques
478 5627 3196 5808 mois peut-tre; car j'attends ici des nou-
469 5859 3187 6047 velles des vaisseaux que j'ai envoys l-
1642 864 2114 1025 .
2563 6068 2846 6320 L.
