4266 7746
1591 771 2141 952 .
398 967 3359 1193 Dumrel elle - mme qui prit ce soin.
395 1142 3357 1412 Cette intrigante, qui, pour se venger de
393 1425 3354 1651 la Linval, lui avait ourdi la fable de l'a-
390 1636 3351 1879 mour et de la visite prochaine, mais in-
386 1868 3347 2082 cognito, d'un monsieur Dormon, ap-
384 2096 3345 2330 prit que son ennemie tait tombe dans
380 2340 3342 2554 le pige qu'elle lui avait tendu: elle com-
377 2553 3339 2794 mena  dvoiler par crit  la Linval
375 2774 3336 3026 le tour qu'elle lui avait jou, ajoutant
372 3022 3333 3252 que celui qu'elle avait pris pour Dormon
368 3259 3330 3478 tait un respectable pre de famille qui
366 3473 3327 3706 voyageait avec sa fille. Ensuite la Dum-
363 3694 3324 3948 rel fit courir des lettres circulaires, o toute
360 3932 3321 4175 cette aventure tait relate; et la vanit,
357 4157 3318 4407 ainsi que l'ambition et la cupidit de la
354 4383 3315 4638 Linval, devinrent ainsi la fable et la
351 4621 3312 4864 rise de tout le monde. Vous jugez du
348 4855 3309 5100 dpit de la Linval, de l'tonnement de
344 5079 3305 5302 toute sa socit, et sur-tout de ma dou-
341 5283 3302 5536 leur!... Mon oncle apprit ce tour sin-
338 5548 3300 5784 gulier, et cela lui ouvrit les yeux; il fit
335 5783 3296 5986 une scne  son htesse, et nous la quit-
