4266 7867
1583 924 2133 1121 nr.
486 1160 3232 1349 amie, elle avait chapp encore  tous
480 1395 3242 1588 les regards. Madame de Servol, pour me
480 1626 3247 1813 tirer de ce fatal embarras, prtexta des
486 1851 3237 2043 affaires  sa maison de campagne. Ma-
486 2087 3247 2276 dame de Servol voulait y faire des rpa-
486 2322 3242 2513 rations, des embellissemens  l'approche
491 2553 3248 2743 du printems. Elle n'eut pas de peine
486 2785 3241 2960 obtenir de mon pre la permission de m'y
486 3013 3268 3191 emmener avec elle; et elle sut si bien ar-
475 3238 3263 3428 ranger ce voyage, que les hommes res-
475 3469 3263 3655 trent tous  Calais, pendant que, nous
470 3701 3227 3886 deux mon amie, nous partmes pour res-
470 3928 3228 4105 ter un mois  Rmival, o tait situe sa
475 4159 3227 4340 maison. L, nous attendions de jour en
465 4366 3247 4568 jour le moment de la maternit; et notre
465 4610 3232 4797 seule crainte tait d'y voir arriver, non
460 4842 3232 5030 M. de Servol, qui avait trop d'affaires
464 5064 3232 5244 Calais, mais le Commandeur, vieillard
455 5300 3223 5491 fort pour les surprises; ou son neveu, dont
445 5531 3206 5723 l'amour impatient pouvait s'ennuyer de
450 5769 3222 5957 mon absence. Mon amie cependant, au
450 5996 3206 6184 moyen de serviteurs fidles et srs, tait
