4266 7891
2188 956 2758 1138 L.
881 1152 3947 1376 Que vois-je? s'crie-t-il.... Et soudain je
879 1370 3826 1602 tombe sur mon lit sans connaissance!...
1180 1617 3944 1829 Madame de Servol, outre de la har-
876 1850 3942 2070 diesse du jeune homme, et dsespre de
875 2078 3941 2303 son imprudence, qui va l'clairer sur
873 2304 3939 2537 ma faute, lui fait les plus vifs reproches
872 2542 3938 2759 de sa brusque visite, et Saint-Ange inter-
870 2773 3936 2998 dit n'a pas la force de lui rpondre. Mon
869 2999 3935 3227 amie vole  mon secours; elle me prodi-
866 3236 3933 3475 gue tous ses soins, et je revois enfin la lu-
865 3475 3931 3700 mire pour la dtester. Quelle honte en
864 3702 3930 3922 effet pour moi, quelle honte, Jean-
862 3929 3929 4158 nette!... Je m'crie: Monsieur, mon-
861 4165 3927 4389 sieur! (Il veut sortir). Ah! restez, res-
859 4387 3926 4625 tez; ne m'accablez point de votre m-
857 4628 3924 4881 pris: ne m'accusez point sans m'enten-
856 4880 3922 5080 dre?... Cet enfant, il est vrai.... il est le
854 5080 3921 5314 mien! mais je suis innocente! je le suis!
853 5348 3919 5546 J'ignore comment... O mon dieu! fais
851 5546 3918 5784 clater mon innocence!.... -- Voil
850 5798 3916 6006 donc cet obstacle, mademoiselle? rpond
848 5983 3915 6226 Saint - Ange ple et balbutiant avec
