4266 7724
1534 900 2075 1068 a.
363 1071 3324 1313 peine.... C'est donc l ce mystre imp-
361 1210 512 1306 L.
357 1306 3319 1546 ntrable! ... Ah! femme perfide! Je l'au-
353 1517 3315 1780 rais crue la vertu sur la terre! -- Elle
348 1713 3311 2010 l'est toujours, monsieur, interrompt mon
344 1964 3307 2236 amie; elle m'aime, elle n'a point de secret
341 2200 3302 2460 pour moi; et, ce qui me confond, c'est
336 2443 3297 2692 qu'elle m'a toujours jur qu'elle n'avait
331 2667 3293 2904 connu personne! Elle est mme l-des-
326 2882 3288 3146 sus d'une navet.... Mais quel mal vous
321 3074 3284 3374 lui faites dans un moment pareil!... Voyez
318 3330 2907 3587 ses larmes, entendez ses sanglots....
313 3574 3156 3814 Je m'crie: Il me croit coupable!...
309 3790 3271 4039 -- Je l'ai toujours dit, interrompt ma-
304 4017 3267 4272 dame Servol; il faut que quelque scl-
300 4242 3262 4514 rat, abusant de son sommeil..... -- De
295 4481 3257 4732 son sommeil! que dites-vous? reprend
290 4671 3253 4954 Saint-Ange comme frapp d'un trait de
286 4900 3249 5198 lumire! ... Ah, madame! daignez m'-
282 5157 3244 5418 claircir.... Combien de grossesse? -- Eh,
277 5371 3240 5640 monsieur, neuf mois: cela se demande-
273 5594 3236 5871 t-il? -- Neuf mois! il y a neuf mois,
268 5833 3231 6099 juste!... Oui, oui, c'est la vertu mme...
