4266 7914
2209 956 2776 1136 .
1097 1161 3880 1348 Il n'est pas possible qu'un autre!... C'est
1096 1392 3879 1578 moi, moi! Ah, mon pouse! ah, mon
1091 1640 1619 1764 fils!..
1255 1857 3891 2050 Saint-Ange se jette sur mon lit; il sai-
1086 2095 3885 2277 sit l'enfant, le couvre de baisers; puis se
1097 2338 3895 2519 prcipitant  genoux, il cherche ma
1102 2565 3890 2754 main pour en couvrir son front courb
1091 2802 3890 2992 sous le poids du remords. Madame de
1081 3035 3885 3218 Servol, tous les assistans, et moi-mme,
1102 3268 3884 3409 nous restons interdits des cris de cet insen-
1097 3497 3890 3685 s, et personne ne sait ce qu'il veut dire:
1107 3727 3885 3916 il nous claire enfin. Vous me regardez
1107 3964 3901 4152 tous, s'crie-t-il, et vous ne voyez pas
1107 4204 3900 4381 que c'est moi qui suis ce sclrat, ce su-
1112 4430 3896 4613 borneur!... Saint - Brice, Saint - Brice!
1117 4661 3911 4850 rappelle - toi cette nuit, cette dernire
1121 4903 3911 5088 nuit que tu passas chez madame de Lin-
1122 5136 3901 5329 val? chez elle, dans son appartement? ....
1122 5360 3911 5570 Pour se venger, l'infame avait engourdi
1122 5607 3901 5803 tes sens par une liqueur soporifique:
1133 5840 3912 6043 gar par l'amour, par d'autres passions
1133 6085 3910 6260 que je n'ose rappeler, je trouvai ta porte
