4266 7576
1529 918 2069 1103 .
459 1159 3142 1287 ouverte: tu dormais du sommeil des an-
464 1381 2728 1554 ges.... et... j'osai te dshonorer!...
612 1603 3157 1766 Au lieu d'accabler Saint-Ange de mes
459 1825 3152 1993 reproches, il me sembla qu'un baume
459 2042 3132 2205 consolateur venait rafrachir mon sang:
469 2274 3152 2432 le calme rentra dans mon ame, et je
478 2496 3157 2654 m'criai: Eh bien, mon amie! avais-je
474 2713 3103 2876 tort? suis-je encore coupable  vos yeux?
636 2940 3157 3098 Madame de Servol ne peut revenir de
478 3162 3152 3320 son tonnement: Quoi! jeune homme,
478 3379 3157 3542 dit-elle  Saint-Ange, c'est vous, vous
482 3600 3156 3767 qui avez pu outrager  ce point l'honneur
493 3823 3152 3995 et la vertu!... Elle avait donc raison,
493 4045 3162 4222 cette chre enfant, en me jurant qu'elle
488 4257 3162 4429 ignorait.... Mais quel bonheur! tout est
498 4479 3152 4646 rpar: Saint-Ange, voil votre femme
508 4711 3167 4883 et votre fils. Et nous qui rougissions de lui
508 4942 3162 5100 avouer un tat dont il tait l'auteur! Ras-
508 5159 3167 5322 sure-toi, mon amie; ouvre tes bras
508 5376 3167 5539 Saint-Ange; tu as recouvr tous tes droits
513 5598 3167 5781 son estime. -- Oh! que ne puis-je m-
513 5820 3157 6013 riter la sienne! reprend Saint - Ange.
