4266 7683
1164 1133 3852 1327 Moi, moi, lev dans des murs, dans
1134 1355 3831 1551 des principes!... me dgrader  ce point!
1155 1589 3847 1763 Oh, quel torrent que le vice!... Ma-
1149 1815 3066 1977 dame, obtenez mon pardon?
1300 2045 3847 2214 Saint - Ange, repliquai-je d'une voix
1139 2261 3842 2425 faible, vous m'avez confondue avec les
1134 2490 3841 2645 plus viles cratures; vous avez servi la
1109 2712 3836 2880 cruaut d'un monstre  qui je n'avais ja-
1129 2939 3836 3066 mais fait de mal: vous m'avez caus bien
1109 3158 3831 3331 des maux!... Mais je les oublie; je par-
1130 3389 3831 3556 donne tout, puisque vous tes le pre de
1119 3617 3826 3782 mon enfant, et si vous me jurez sur-tout
1115 3845 3811 4016 de ne jamais vous carter des devoirs que
1114 4070 2836 4239 vous impose ce titre sacr.
1269 4297 3816 4470 Saint-Ange saisit ma main, l'inonde
1109 4527 3811 4714 des larmes du repentir, et bientt nous
1105 4728 3815 4912 nous livrons tous  l'ivresse dans laquelle
1109 4968 3806 5140 l'aveu du coupable et ce fortun mo-
1100 5197 3805 5369 ment devaient nous plonger. Quel heu-
1094 5421 3796 5594 reux hasard avait guid Saint-Ange  R-
1099 5647 3795 5821 mival, ce jour-l, prcisment  cette
1099 5872 3786 6050 heure? Ennuy de ma longue absence,
2980 6102 3790 6262 s'apercevant
