4266 7629
864 6030 1128 6164 .
496 1046 3169 1232 s'apercevant bien que madame de Servol
485 1278 3174 1455 l'loignait de sa maison de campagne, il
486 1507 3164 1680 s'tait dcid  s'y rendre secrtement;
501 1731 3179 1906 et au moyen d'un domestique qui lui avait
491 1953 3169 2126 confi la cle d'une petite porte du jardin,
491 2180 3174 2353 il tait parvenu, sans obstacle, jusqu'
496 2403 3174 2572 mon appartement, o le tableau le moins
502 2626 3214 2790 attendu venait de faire son bonheur,
507 2837 3179 3026 aprs avoir excit sa douleur et son res-
507 3079 1192 3202 sentiment.
666 3296 3184 3470 Saint-Ange passa la journe  Rmi-
511 3524 3189 3694 val: il me jura cent fois que je serais son
516 3741 3184 3920 pouse, quelque obstacles qu'on appor-
511 3970 3174 4146 tt  son bonheur. Ce mot me fit frmir;
511 4194 3184 4377 je vis clairement que Saint-Ange crai-
521 4420 3189 4589 gnait, de la part de son oncle, une onno-
530 4643 3194 4788 sition dont il me cachait le motif. Je le
521 4872 3194 5042 pressai de s'expliquer: il dtourna les
526 5095 3198 5274 veux, versa quelques larmes, et il repar-
526 5309 3195 5497 tit pour Calais, o sa longue absence
530 5532 3189 5712 avait sans doute inquit le vieux Com-
530 5760 3204 5933 mandeur. Je passai un mois entier encore
1548 856 2092 1026 .
