4266 7683
1114 1089 3826 1272 Rmival, o Saint-Ange vint me voir
1119 1312 3831 1499 presque tous les jours. Mon pre lui-
1114 1546 3830 1724 mme y vint aussi, accompagn de ses
1114 1775 3826 1931 deux vieux amis. Madame de Servol leur
1094 1999 3816 2172 dit que, depuis mon sjour dans cette
1099 2223 3815 2397 campagne, je n'avais pas cess d'tre ali-
1099 2447 3810 2618 te. Mon pre parut sensible  mon in-
1094 2666 3852 2846 disposition; mais il ne se douta de rien.
1094 2892 3806 3070 Pour Saint-Ange, il devint triste, sou-
1084 3122 3805 3292 cieux, et nous nous apermes qu'un
1089 3341 3796 3519 fond de chagrin altrait singulirement
1080 3565 3796 3742 sa sant. Ce fut en vain que nous le pres-
1079 3793 3791 3936 smes de verser dans notre sein ses se-
1064 4018 3791 4200 crtes inquitudes. Il s'obstina  garder un
1070 4245 3781 4418 silence cruel, toujours en me jurant qu'il
1074 4466 3771 4639 m'obtiendrait de son oncle inhumain,
1069 4695 3526 4873 inflexible, ou qu'il perdrait la vie!...
1215 4920 3766 5094 Nous avions mis mon petit Charles
1043 5141 3761 5292 chez une nourrice dont nous connais-
1044 5371 3761 5547 sions la discrtion, la fidelit, et qui de-
1043 5596 3751 5779 meurait au bout du village mme de R-
1043 5821 3751 6015 mival. Il y avait un mois qu'il tait dans
2207 891 2758 1069 L)
