4266 7691
1634 855 2172 1052 c.
2464 6155 2674 6230 B
439 1059 3405 1313 cette maison sre, lorsqu'un jour cette
436 1287 3402 1539 femme entra chez madame de Servol en
432 1522 3397 1774 versant un torrent de larmes: Madame,
429 1745 3395 1992 me dit - elle en sanglottant,  madame!
426 1980 3391 2219 que je suis coupable! Non, vous ne me
422 2215 3387 2476 le pardonnerez jamais! -- Qu'avez-vous,
418 2394 3384 2679 Hlne? -- On me l'a pris, madame, on
415 2662 3381 2933 me l'a enlev. -- Qui? -- Je ne sais,
411 2887 3377 3131 madame, qui s'est permis, pendant mon
408 3113 3374 3354 absence ..... -- Ciel! expliquez-vous?
405 3301 3369 3595 Que vous a-t-on pris? -- Eh, mon dieu,
401 3557 3367 3805 madame, mon nourrisson, le petit Char-
398 3786 3364 4031 les. -- Mon fils! on vous a enlev mon
394 4010 3360 4285 fils! Malheureuse! ... -- Accablez-moi,
391 4244 3357 4488 madame, je le mrite pour une paroille
387 4464 3353 4717 ngligence; mais pouvais-je me douter?
385 4690 1872 4882 pouvais-je prvoir?...
380 4947 3346 5174 Je jette des cris lugubres: madame de
377 5116 3342 5385 Servol, non moins mue, mais plus rfl-
373 5381 3339 5632 chie, me calme, interroge cette femme:
370 5619 3335 5836 Remettez-vous, lui dit-elle, et racontez-
366 5832 3332 6049 nous au moins comment cela s'est pass?
