4266 7801
1036 1123 3769 1300 jour, en la suppliant d'accepter la main
1036 1356 1966 1519 de son pre.
1204 1585 3779 1752 Amie rare et prcieuse, daignez la
1046 1813 3784 1981 consoler, daignez implorer mon par-
1046 2047 3774 2215 don pour le larcin que j'ose lui faire.
1051 2270 3789 2397 Assurez - la du bonheur et de tous les
1051 2499 3789 2667 soins que cette faible crature doit at-
1051 2733 3794 2895 tendre de celui qui lui donna le jour,
1057 2956 3804 3124 et jurez-lui que, si mon secret est d'une
1057 3185 3799 3352 nature  ne pouvoir tre rvl encore,
990 3413 3810 3581 un jour viendra o elle saura tout, et
1067 3642 3815 3815 pardonnera tout, j'ose le croire, en
1062 3870 3810 4033 faveur des motifs qui me forcent au
1067 4099 3815 4262 silence. Adieu, madame; c'est sur vous
1067 4328 3815 4500 que je compte pour me donner de tems
1072 4556 3815 4719 en toms des nouvelles de celle que ja-
1072 4785 3185 4952 mais je ne cesserai d'adorer.
1239 5003 3820 5186 Point de signature, Jeannette. Et il
1071 5231 3809 5419 partait, pour toujours, avec mon enfant!
1077 5470 3830 5653 Juge de ma situation, ma pauvre Jean-
1737 5704 3825 5836 .Une fivre ardente vint con-
1082 5724 1681 5841 nette!..
1082 5928 3830 6116 sumer mon sang. Mon amie, effraye de
