4266 7746
1653 869 2200 1073 L
2469 6029 2878 6367 L
570 1079 3288 1256 mon tat, en prvint mon pre, qui vint
570 1316 3278 1483 Rmival, accompagn de M. de Servol.
560 1543 3288 1715 Ils nous apprirent que depuis quelques
555 1775 3278 1942 jours le vieux commandeur de Mellery,
560 1997 3278 2154 qui les boudait tous deux, sans leur en
550 2219 3273 2386 dire les motifs, les avait quitts un beau
545 2451 3273 2612 matin, ainsi que son neveu, sans les
549 2677 3272 2848 prvenir de leur dpart, sans mme les
550 2900 3258 3066 charger de faire leurs adieux aux dames.
545 3132 3258 3268 M. de Servol tait furieux de cette con-
545 3354 3263 3525 duite  laquelle il ne comprenait rien, et
540 3586 3258 3747 mon pre l'interprta en disant qu'il avait
555 3813 3263 3974 toujours regard le Commandeur comme
540 4035 3258 4211 un original. Mon pre me tmoigna le
535 4262 3253 4433 plus tendre intrt; et, graces aux soins
540 4489 3258 4655 obligeans de mes amis, je me rtablis
535 4726 3248 4887 assez promptement. Mon pre alors me
535 4937 3243 5104 dclara qu'il tait dans l'intention de
525 5164 3243 5341 continuer ses voyages, et je partis avec
530 5391 3248 5578 lui, peu curieuse du coin de terre qu'il
530 5623 3248 5765 me fallait habiter dsormais. Tu sens
525 5845 3243 6032 bien, Jeannette, que je n'oubliai pas de
