4266 7746
1740 822 2143 1055 La.
589 1034 3324 1230 faire part alors de ma secrète aventure
589 1260 3298 1455 avec Saint - Ange; et la honte, le regret
583 1490 3313 1682 m'auraient engagée à te la laisser tou-
579 1715 3303 1910 jours ignorer, si le hasard n'eût pas en-
578 1942 3319 2138 voyé ici, hier soir, Saint - Ange lui-
579 2165 3288 2363 même, qui sans doute ignore ce que je
573 2402 3284 2594 suis devenue, et ne se doute guères que
564 2634 3283 2821 son amante est cette pauvre Dascourt
579 2859 3283 3040 qu'il est venn demander, obligée de tra-
568 3084 3293 3282 vailler pour exister! ... Il paraît, par la
558 3313 3284 3507 lettre qu'il a égarée ici, qu'il m'aime
568 3542 3283 3731 toujours, et qu'il est encore libre de sa
568 3764 3303 3961 main! Ah, Jeannette! si je pouvais le
569 3996 3097 4192 découvrir, m'offrir à ses yeux!...
569 4217 3279 4426 Mais que dis - je? Saint - Ange pourrait-
564 4461 3273 4616 il donner sa main à une femme sans for-
568 4688 3299 4882 tune, sans nom, sans état!..... Ah,
574 4911 1459 5047 Jeannette!“
2491 6040 2870 6284 L
