4266 7801
2095 885 2649 1062 .
875 1029 3877 1297 Saint - Ange, et je l'amenerai  vos
878 1301 3880 1567 pieds. -- A quoi bon, Jeannette,  quoi
881 1522 3883 1750 bon troubler son repos et le mien? Son
884 1709 3886 1983 oncle vit encore; cet inflexible vieillard
887 1973 3889 2207 veut toujours tyranniser son neveu: tu
890 2208 3892 2440 le vois par la lettre que Saint - Ange lui
893 2443 3895 2682 crit. Je suis sans parens, sans fortune,
896 2657 3898 2894 sans appui sur la terre. Je ne retrouverais
900 2883 3901 3124 Saint - Ange que pour m'en voir sparer
902 3074 3903 3349 de nouveau par l'ambition et la cupidit!
905 3301 3907 3561 -- Mais votre fils! -- Ah, mon fils!
908 3575 3910 3810 Jeannette, tu as raison; j'oubliais que je
911 3798 3913 4040 suis mre!.... Va, Jeannette, vole chez
914 4030 3916 4270 madame de Saint-Albin; inorme-toi de
917 4264 3919 4504 mon amant; apprends-lui mes malheurs,
920 4494 3922 4729 ma triste position; non pour qu'il m'offre
923 4731 3926 4978 des services indignes de ma dlicatesse,
926 4941 3928 5178 mais pour qu'il me rende mon fils; que
929 5172 3932 5440 je le voie ce fils chri; que je l'embrasse
932 5401 3934 5633 une seule fois, et j'oublierai toutes mes
935 5656 1840 5866 infortunes!
938 5861 3940 6093 Jeannette ne perd pas de tems: elle
