4266 7811
564 1083 3311 1256 vole chez madame de Saint-Albin, qu'elle
564 1327 3295 1444 a le bonheur de rencontrer au moment
570 1556 3295 1709 où elle va sortir: Madame ..... -- Qui
575 1785 3290 1943 êtes - vous, mon enfant? -- C'est moi,
580 2014 3300 2171 madame, qui travaille chez mademoiselle
595 2238 3300 2400 Dascourt. -- Ah, mademoiselle Das-
570 2477 3285 2629 court! je suis contente de son ouvrage.
564 2690 3285 2812 -- On vous l'a remis? -- Sans doute.
570 2924 3290 3087 -- Monsieur.... Saint - Ange? -- Mon-
570 3148 3285 3316 sieur.... Saint-Ange? Que dites - vous,
564 3372 3300 3534 ma fille? -- Oui, ce monsieur qui est
570 3606 3295 3758 venu? .... -- Eh bien, ce monsieur ne
579 3828 3299 3996 s'appelle point Saint - Ange. C'est le fils
519 4063 3290 4216 d'un des anciens amis de ma famille.
580 4297 3300 4460 Jamais il n'a porté ce nom. -- Ah! c'est
585 4526 3295 4650 que ce monsieur a laissé tomber chez
2070 4765 3290 4923 ..- Important?
579 4759 2003 4880 Ous un panter....
580 4989 3300 5157 -- Non, madame; mais auquel il peut
580 5218 3290 5380 cependant attacher de l'intérêt. -- L'a-
579 5451 3299 5608 vez - vous? -- Non, madame: je prenais
580 5675 3290 5802 la liberté de demander son adresse à ma-
580 5904 3285 6077 dame pour le lui reporter. -- Son adresse,
1724 865 2131 1027 .
