4266 7801
2135 781 2681 1027 .
1040 1056 3773 1218 ma fille: Il est bien loin à présent; il
1041 1290 3904 1448 court la poste; et moi, telle que vous me
1041 1519 3774 1681 voyez, je monte dans l'instant en voiture
1036 1752 3779 1915 pour aller le rejoindre. -- Madame, je
1036 1976 3779 2143 vous demande bien pardon. Ce monsieur
1036 2183 3779 2362 n'est point M. Saint - Ange, neveu du
1041 2428 2428 2545 commandeur de?...
1199 2657 3789 2819 Ici on avertit madame Saint-Albin que
904 2880 3784 3053 la voiture était prête. Cette dame fit signe
1026 3114 3789 3281 de la main à Jeannette de se retirer; et
1041 3347 3779 3505 Jeannette, timide et conſuse, sortit.
1057 3581 3784 3738 Comme elle était dans la rue, elle ren-
1046 3797 3794 3972 contra une femme qui la fixa, et se jeta
1041 4038 3789 4196 bientôt à son col. Est-ce toi, Jeannette?
1046 4262 3784 4429 s'écrie cette femme; ah! quel bonheur
1041 4495 3789 4663 pour moi de te revoir après deux ans
1051 4729 3784 4891 d'absence! Eh quoi! tu me regardes? Tu
1046 4957 3779 5120 ne reconnais plus sous cet habit ton an-
1051 5186 3779 5349 cienne amie, la sœur Emilie, qui n'est
1001 5410 3779 5577 plus religieuse? -- Quoi! c'est toi, Emi-
1057 5643 3774 5806 lie? Eh, par quel hasard? -- Bien simple,
1051 5877 3789 6039 ma pauvre Jeannette. Tous les ordres
