4266 7746
1745 817 2148 978 (i.
554 1025 3278 1216 religieux sont supprimés; je suis rentrée
539 1255 3268 1446 dans le monde. J'ai quitté l'hospice il
544 1492 3257 1653 v a deux ans, et j'ai bien vovagé de-
549 1709 3262 1870 puis! ... Mais, dis-moi donc toi - même
544 1933 3263 2119 ce que tu es devenne? Je t'ai cherchée à
539 2158 3258 2347 Mendon, par tout Paris; j'avais d'excel-
538 2384 3253 2573 lentes nouvelles à t'apprendre. -- A moi,
539 2613 3258 2799 Emilie? -- A toi, ma pauvre Jeannette!
529 2844 3258 3036 Mais, quelle joie! Ta fortune est faite,
544 3074 3258 3261 mon enfant: il ne tient qu'à toi de re-
534 3304 3248 3487 trouver tes parens. -- Mes parens? Que
539 3527 3253 3673 me dis - tu? .... Tu les connais? -- Non
539 3761 3247 3943 pas moi; mais je te donnerai les moyens
534 3979 3263 4126 de les retrouver. -- Et ils sont riches?
539 4208 3253 4393 -- Riches à millions! -- Ah, Cécile,
539 4437 3253 4624 mon amie, vous ne travaillerez plus! Je
544 4667 3253 4813 trouverai donc enfin l'occasion de recon-
544 4896 3243 5048 naître les bienfaits de votre famille!
544 5129 2203 5302 -- Que dis-tu de Cécile?
705 5360 3243 5548 Jeannette apprend à Emilie les mal-
548 5592 3253 5767 heurs de mademoiselle d'Eranville, en
544 5824 3258 6016 lui cachant cependant le secret de ses
