4266 7746
565 1155 3273 1311 cultivateur, isolée, et absolument la
540 1382 3258 1548 seule qu'il y eût dans quatre lienes d'é-
550 1609 3263 1775 tendue de plaine. La pluie commençait
545 1836 3263 1992 à tomber; je me hasardai à entrer dans
540 2058 3258 2224 cette cabane pour y demander l'hospi-
535 2285 3253 2451 talité. J'y ſus parfaitement reçue par un
535 2512 3253 2673 vieillard et une jeune personne qui me
539 2738 3252 2894 parut être sa fille. Thérèse, lui dit le
540 2960 3243 3122 vieillard, donne à madame du lait,
545 3187 3253 3354 quelque chose pour la désaltérer; car elle
545 3419 3248 3581 me paraît être bien fatiguée: vous res-
545 3641 3253 3818 terez ici toute cette nuit, n'est - ce pas?
574 3867 3257 4034 nérèse partagera son lit avec vous, et
540 4090 3248 4262 c'est un vrai plaisir que vous ferez au bon
545 4322 3258 4499 Jacques. -- Jacques, je vous dérangerai;
535 4539 3243 4705 je crains de gêner .... -- Qui donc? ma
545 4761 3248 4948 fille? Ah, elle sera très-contente de pou-
540 4988 2728 5164 voir vous rendre ce léger service!
711 5210 3243 5386 „J'accepte, et bientôt je me mets, avec
545 5437 3243 5618 ces bonnes gens, à une table sur laquelle
564 5658 3257 5844 'hérèse a servi une collation frugale. La
545 5896 3268 6037 conversation s'entame. Madame vient de
