4266 7746
1674 888 2078 1049 .
509 1105 3243 1286 pice mme. Un papier dchir en deux
508 1338 3237 1500 ct d'elle.... -- Que dites-vous? un
513 1567 3247 1734 papier dchir prs d'elle? et combien
513 1789 3232 1956 va-t-il de tems de cela? -- Vingt-six ans,
530 2011 3243 2184 juste aujourd'hui. -- Le jour de l'ascen-
508 2236 3242 2367 sion? Misricorde! c'est Jeannette! --
534 2465 3237 2632 Vous connaissez cette petite fille? elle
513 2692 3232 2863 vivrait? -- Son pre, comment se nom-
504 2921 3248 3089 mait-il? -- Je ne puis vous dire les
498 3145 3227 3311 noms de ses parens; mais ils sont bien
499 3368 3228 3537 riches! -- Si elle se prsentait  eux?
503 3595 3227 3726 -- Ils la recevraient comme l'enfant du
504 3827 3233 3996 malheur. -- Daignez me raconter, bon
513 4055 3232 4227 Jacques... -- Il ne m'est pas permis de
504 4281 3223 4458 rvler les secrets des autres. Envoyez-
508 4503 3237 4675 moi Jeannette: je lui dirai tout, et la
509 4725 3233 4894 rendrai  sa famille, heureuse de la
508 4983 1154 5075 retrouver.
661 5189 3238 5321 Enchante de cet claircissement inat-
498 5416 3212 5586 tendu, je quittai, le lendemain, cet
504 5644 3218 5817 homme sensible et gnreux, qui m'as-
503 5875 3222 6053 sura de nouveau que les parens de Jean-
