4266 7801
2177 872 2702 1095 i
1066 1125 3820 1305 nette combleraient tous ses vux, s'ils
1071 1354 3815 1531 la retrouvaient, et je poursuivis ma
1066 1577 3810 1760 route. Depuis, mes propres affaires, mes
1076 1817 3820 1992 voyages, tout m'a distraite du projet
1081 2046 3819 2214 que j'avais de te faire part de cette heu-
1081 2272 3820 2444 reuse nouvelle. J'ai cependant crit
1081 2501 3810 2676 Meudon; je n'ai point reu de rponse:
1086 2725 3835 2905 depuis mon retour  Paris, je t'ai cher-
1086 2950 3830 3129 che inutilement par-tout, et je bnis le
1091 3178 3830 3352 ciel de t'avoir offerte  mes regards
1101 3403 3830 3577 aujourd'hui. Adieu, ma bonne Jeannette,
1091 3634 3840 3812 je suis presse; voil mon adresse et
1096 3865 3840 4038 celle du bon Jacques, cultivateur prs
1091 4089 3505 4256 de Chartres; va, cours trouver
1106 4314 3840 4492 homme qui doit te rendre  ta famille;
1106 4544 3840 4722 et si tu deviens heureuse, que Ccile
1111 4773 3307 4946 d'Eranville partage ta flicit!
1264 5000 3830 5172 La bonne Emilie embrassa Jeannette,
1116 5244 1869 5411 et la quitta.
