4266 7844
458 2278 3174 2469 eannette revint, toute rêveuse,
457 2497 3175 2699 chez Cécile. Ses parens! il lui est pos-
453 2723 3186 2916 sible de les retrouver, et ils sont immen-
453 2953 3181 3152 sément riches! Ce n'est pas pour elle
453 3180 3181 3383 que Jeannette voudrait la grandeur, la
448 3404 3186 3605 fortune; mais pour son amie, pour Cé-
453 3636 3181 3841 cile, à qui elle céderait sondain un par-
452 3867 3165 4071 tage égal de ses biens. Cécile ne tra-
447 4099 3165 4304 vaillerait plus pour exister, Cécile ren-
452 4330 3170 4529 trerait dans l'état d'aisance auquel son
457 4557 3170 4762 enfance et ses parens l'avaient accou-
452 4785 3175 4987 tumée, et Jeannette paierait ainsi, aux
452 5012 3175 5185 mânes de monsieur et madame d'Eran-
447 5238 3165 5440 ville, le tribut de reconnaissance qu'elle
452 5463 3165 5624 leur doit! O Jeannette! comme cette
452 5693 3165 5895 idée plaît à ton cœur excellent! Et cette
457 5923 3165 6130 autre idée, Jeannette? si Cécile retrouve
680 1551 2959 1699 APITRE XXII.
1174 1914 2450 2057 Adieu, eannette!
1648 929 2047 1092 .
