4266 7858
2261 911 2665 1069 (
1068 1128 3822 1322 un jour ce jeune Saint-Ange et son fils,
1068 1357 3832 1547 Ccile, riche, peut prtendre encore
1058 1593 3816 1774 la main de son amant; et c'est Jean-
1068 1819 3827 2014 nette qui ferait tant d'heureux!... Elle
1063 2043 3822 2232 vivrait alors prs de ce couple fortun,
1078 2271 3832 2461 avec leur petit Charles, dont elle serait la
1073 2505 3827 2651 seconde mre. Toute cette famille lui
1068 2736 3827 2921 sourirait; elle en serait l'ame, l'amie
1073 2969 3816 3156 tendre et chrie! quel heureux avenir!...
1063 3195 3827 3391 Allons, Jeannette, il n'y a pas  ba-
1069 3430 3816 3615 lancer. Pour toi seule, Jeannette, tu ne
1063 3659 3822 3850 chercherais pas  quitter l'tat obscur
1058 3888 3811 4079 auquel tu es habitue; tu n'irais pas
1068 4120 3822 4310 t'exposer aux troubles, aux inquitudes
1063 4346 3811 4549 qu'accompagnent toujours une grande
1063 4587 3811 4773 fortune, et dont tes bienfaiteurs t'ont
1068 4817 3811 5007 donn un funeste exemple! tu ne t'expo-
1068 5049 3816 5243 serais pas  voir vrifier les prdictions
1063 5279 3805 5432 que t'adressa M. d'Eranville mourant,
1063 5500 3806 5688 et tu n'irais pas te jeter au travers
1063 5725 3811 5927 d'une famille o tu pourrais rencontrer
1068 5963 3806 6163 des gens tonns, fchs mme de te
