4266 7844
453 1120 3195 1276 reconnaître..... Mais l'amitié te rend
452 1352 3191 1549 capable de tout; c'est à l'amitié que
452 1576 3342 1731 tu dois sacrifier tes craintes et ton
447 1806 3186 2004 amour pour l'obscurité: Jeannette, il
438 2039 3180 2233 s'agit d'une autre, et non de toi; ce
432 2264 3170 2464 motif doit seul te faire agir, et sur-
427 2493 3164 2653 monter toutes les difficultés que ton
427 2725 3165 2917 esprit veut offrir à ton cœur. Voilà
423 2952 3164 3111 qui est décidé: Jeannette va chercher
422 3182 3160 3377 ses parens; mais, pour cela, il faut
411 3411 3154 3607 voyager, il faut quelques moyens pécu-
406 3637 3150 3834 niaires, et Jeannette ne possède pas une
407 3862 3133 4051 pièce d'argent. Tont ce qu'elle gagne,
401 4092 3140 4289 elle le donne à Cécile; c'est Cécile qui
391 4327 3129 4509 tient la bourse, et cette bourse est bien
397 4557 3128 4725 peu garnie; mais à propos, Jeannette
387 4760 3114 4964 se le rappelle, madame de Saint-Albin a
387 4997 3103 5189 donné cent francs pour le raccommo-
377 5228 3109 5427 dage de son voile et de plusieurs autres
377 5458 3109 5614 dentelles: Cécile a ces cent francs
371 5684 3089 5872 encore intacts; si Jeannette lui en de-
387 5911 3123 6113 mandait la moitié, cela suffirait san
1659 908 2067 1067 .
