<PcGts xmlns="http://schema.primaresearch.org/PAGE/gts/pagecontent/2017-07-15" xmlns:xsi="http://www.w3.org/2001/XMLSchema-instance" xsi:schemaLocation="http://schema.primaresearch.org/PAGE/gts/pagecontent/2017-07-15 http://schema.primaresearch.org/PAGE/gts/pagecontent/2017-07-15/pagecontent.xsd"><Metadata><Creator/><Created>2020-09-22T14:11:49</Created><LastChange>1970-01-01T00:00:00</LastChange><Comments/></Metadata><Page imageFilename="0053.png" imageHeight="7844" imageWidth="4266"><ReadingOrder><OrderedGroup id="g1"><RegionRefIndexed index="0" regionRef="r2"/><RegionRefIndexed index="1" regionRef="r3"/><RegionRefIndexed index="2" regionRef="r1"/></OrderedGroup></ReadingOrder><TextRegion id="r1" type="footnote" orientation="-0.0"><Coords points="513,6336 529,6097 2871,6160 2919,6336"/><TextEquiv><Unicode/></TextEquiv><TextLine id="r1_l001"><Coords points="709,6186 898,6186 898,6267 709,6267"/><TextEquiv index="1"><Unicode>II.</Unicode></TextEquiv></TextLine></TextRegion><TextRegion id="r2" type="page-number" orientation="-0.0"><Coords points="1593,838 1563,867 1563,1000 1568,1005 1568,1014 1573,1019 1573,1024 1583,1034 1583,1039 1588,1044 1720,1044 1725,1039 1769,1039 1774,1044 1774,1054 1907,1054 1916,1044 2063,1044 2063,1039 2073,1029 2073,1024 2078,1019 2078,1014 2083,1009 2083,1005 2088,1000 2088,970 2093,965 2093,906 2088,902 2088,882 2083,877 2083,872 2078,867 2078,862 2073,857 2073,853 2059,838 1926,838 1921,843 1921,867 1916,872 1882,872 1877,867 1877,843 1735,843 1730,848 1725,843 1725,838"/><TextEquiv><Unicode/></TextEquiv><TextLine id="r2_l001"><Coords points="1628,868 2036,868 2036,1031 1628,1031"/><TextEquiv index="1"><Unicode>.</Unicode></TextEquiv></TextLine></TextRegion><TextRegion id="r3" type="paragraph" orientation="-1.0"><Coords points="416,1044 411,1049 411,1215 730,1215 735,1220 1161,1220 1166,1225 1382,1225 1387,1230 1789,1230 1794,1235 1853,1235 1854,1236 1850,1240 1850,1241 1846,1245 1846,1246 1842,1250 1842,1251 1837,1256 1837,1257 1833,1261 1833,1262 1829,1266 1829,1267 1825,1271 1825,1272 1821,1276 1821,1277 1816,1282 1816,1283 1812,1287 1812,1288 1808,1292 1808,1293 1804,1297 1804,1298 1800,1302 1800,1303 1796,1307 1796,1308 1791,1313 1791,1314 1787,1318 1787,1319 1783,1323 1783,1324 1779,1328 1779,1329 1775,1333 1775,1334 1771,1338 1642,1338 1637,1333 1495,1333 1485,1343 1480,1343 1470,1333 1127,1333 1122,1328 838,1328 833,1323 666,1323 661,1318 568,1318 563,1313 500,1313 495,1308 495,1299 362,1299 357,1304 357,1308 352,1313 352,1382 392,1382 397,1387 397,1416 402,1421 402,1426 406,1426 411,1431 416,1431 426,1441 701,1441 703,1443 703,1444 705,1446 1044,1446 1049,1451 1480,1451 1484,1455 1485,1455 1490,1460 1711,1460 1712,1461 1712,1463 1711,1464 1711,1466 1710,1467 1710,1469 1709,1470 1709,1472 1708,1473 1708,1475 1707,1476 1707,1478 1706,1479 1706,1481 1705,1482 1705,1483 1704,1484 1704,1486 1703,1487 1703,1489 1702,1490 1702,1492 1701,1493 1701,1495 1700,1496 1700,1498 1699,1499 1699,1501 1698,1502 1698,1504 1697,1505 1697,1507 1696,1508 1696,1510 1695,1511 1695,1512 1694,1513 1694,1515 1693,1516 1693,1518 1692,1519 1692,1521 1691,1522 1691,1524 1690,1525 1690,1527 1689,1528 1689,1530 1688,1531 1688,1533 1687,1534 1687,1536 1686,1537 1686,1539 1685,1540 1685,1541 1684,1542 1684,1544 1683,1545 1683,1547 1682,1548 1682,1550 1681,1551 1681,1553 1680,1554 1680,1556 1679,1557 1679,1559 1678,1560 1678,1562 1677,1563 1677,1565 1676,1566 1676,1567 1675,1568 1617,1568 1612,1563 1612,1529 1608,1529 1603,1524 1603,1514 1456,1514 1456,1558 1451,1563 1323,1563 1318,1558 1318,1514 1313,1509 1088,1509 1083,1514 1083,1554 1081,1556 1080,1556 1078,1558 1014,1558 1012,1556 1011,1556 1009,1554 1009,1505 823,1505 821,1507 820,1507 818,1509 818,1549 813,1554 799,1554 794,1549 794,1505 789,1500 573,1500 568,1495 431,1495 431,1544 426,1549 421,1549 416,1554 411,1554 402,1563 402,1568 397,1573 397,1642 402,1647 402,1652 416,1666 593,1666 598,1671 720,1671 725,1676 725,1715 862,1715 867,1710 867,1701 872,1696 877,1696 877,1676 882,1671 887,1671 892,1676 1093,1676 1098,1681 1225,1681 1230,1676 1235,1681 1568,1681 1573,1686 1737,1686 1748,1697 1748,1698 1770,1720 1770,1721 1793,1744 1793,1745 1797,1749 1796,1750 1745,1750 1740,1755 1735,1755 1735,1794 1730,1799 1558,1799 1556,1797 1556,1796 1554,1794 1431,1794 1421,1784 1421,1779 1284,1779 1284,1789 1274,1799 1274,1823 1269,1828 1240,1828 1235,1823 1235,1804 1220,1789 1073,1789 1068,1784 1068,1740 1024,1740 1019,1735 892,1735 887,1740 823,1740 823,1755 821,1757 820,1757 818,1759 705,1759 703,1761 703,1762 701,1764 701,1774 696,1779 656,1779 654,1781 654,1782 652,1784 603,1784 598,1779 598,1735 593,1730 549,1730 544,1725 411,1725 406,1730 406,1769 401,1774 401,1775 397,1779 392,1779 392,1843 397,1848 397,1897 583,1897 588,1902 813,1902 818,1907 1147,1907 1149,1909 1150,1909 1152,1911 1152,1951 1279,1951 1294,1936 1294,1931 1299,1926 1299,1921 1303,1917 1303,1916 1308,1911 1397,1911 1402,1916 1578,1916 1583,1921 1583,1965 1750,1965 1750,1921 1755,1916 1823,1916 1828,1921 1941,1921 1942,1922 1942,1923 1944,1925 1944,1926 1947,1929 1947,1930 1949,1932 1949,1933 1951,1935 1951,1936 1953,1938 1953,1939 1955,1941 1955,1942 1958,1945 1958,1946 1960,1948 1960,1949 1962,1951 1962,1952 1964,1954 1964,1955 1966,1957 1966,1958 1968,1960 1968,1961 1971,1964 1971,1965 1973,1967 1973,1968 1975,1970 1975,1971 1977,1973 1977,1974 1979,1976 1979,1977 1982,1980 1982,1981 1984,1983 1984,1984 1986,1986 1986,1987 1988,1989 1988,1990 1990,1992 1990,1993 1993,1996 1993,1997 1995,1999 1995,2000 1997,2002 1997,2003 1999,2005 1999,2006 2001,2008 2001,2009 2003,2011 2003,2012 2006,2015 2006,2016 2008,2018 2008,2019 2010,2021 2010,2022 2012,2024 2012,2025 2014,2027 2014,2028 2017,2031 2017,2032 2018,2033 2017,2034 1902,2034 1897,2029 1897,1985 1892,1980 1745,1980 1745,2024 1740,2029 1725,2029 1720,2024 1642,2024 1637,2019 1637,1980 1490,1980 1490,2019 1485,2024 1475,2024 1470,2019 1470,1980 1465,1975 1313,1975 1313,2019 1308,2024 1269,2024 1264,2019 1264,1975 1029,1975 1029,2014 1024,2019 818,2019 813,2014 813,2010 642,2010 637,2005 387,2005 382,2010 382,2073 387,2078 387,2103 382,2108 382,2166 387,2171 416,2171 421,2176 549,2176 549,2137 551,2135 551,2134 553,2132 764,2132 769,2137 1039,2137 1044,2142 1392,2142 1397,2147 1764,2147 1769,2152 1907,2152 1909,2154 1909,2155 1911,2157 2023,2157 2024,2158 2024,2160 2023,2161 2023,2163 2022,2164 2022,2167 2021,2168 2021,2170 2020,2171 2020,2173 2019,2174 2019,2176 2018,2177 2018,2179 2017,2180 2017,2182 2016,2183 2016,2185 2015,2186 2015,2188 2014,2189 2014,2191 2013,2192 2013,2194 2012,2195 2012,2197 2011,2198 2011,2200 2010,2201 2010,2204 2009,2205 2009,2207 2008,2208 2008,2210 2007,2211 2007,2213 2006,2214 2006,2216 2005,2217 2005,2219 2004,2220 1975,2220 1975,2260 1973,2262 1972,2262 1970,2264 1843,2264 1841,2262 1840,2262 1838,2260 1838,2215 1642,2215 1642,2260 1640,2262 1639,2262 1637,2264 1603,2264 1601,2262 1600,2262 1598,2260 1598,2255 1490,2255 1485,2250 1357,2250 1355,2252 1355,2253 1353,2255 1250,2255 1245,2250 1132,2250 1127,2245 1127,2206 1122,2201 975,2201 970,2206 970,2245 965,2250 955,2250 953,2252 953,2253 951,2255 941,2245 696,2245 691,2240 578,2240 573,2235 387,2235 387,2294 382,2299 382,2358 387,2363 598,2363 600,2365 601,2365 603,2367 603,2407 605,2409 605,2410 607,2412 754,2412 759,2407 759,2397 764,2392 764,2382 769,2377 769,2372 774,2367 1000,2367 1005,2372 1225,2372 1230,2377 1519,2377 1524,2382 1600,2382 1601,2383 1602,2383 1603,2384 1604,2384 1605,2385 1606,2385 1607,2386 1609,2386 1610,2387 1611,2387 1612,2388 1613,2388 1614,2389 1615,2389 1616,2390 1617,2390 1618,2391 1620,2391 1621,2392 1622,2392 1623,2393 1624,2393 1625,2394 1626,2394 1627,2395 1629,2395 1630,2396 1631,2396 1632,2397 1633,2397 1634,2398 1635,2398 1636,2399 1637,2399 1638,2400 1640,2400 1641,2401 1642,2401 1643,2402 1644,2402 1645,2403 1646,2403 1647,2404 1649,2404 1650,2405 1651,2405 1652,2406 1653,2406 1654,2407 1655,2407 1656,2408 1657,2408 1658,2409 1660,2409 1661,2410 1662,2410 1663,2411 1664,2411 1665,2412 1666,2412 1667,2413 1669,2413 1670,2414 1671,2414 1672,2415 1673,2415 1674,2416 1675,2416 1676,2417 1677,2417 1678,2418 1680,2418 1681,2419 1682,2419 1683,2420 1684,2420 1685,2421 1686,2421 1687,2422 1689,2422 1690,2423 1691,2423 1692,2424 1693,2424 1694,2425 1695,2425 1696,2426 1697,2426 1698,2427 1700,2427 1701,2428 1702,2428 1703,2429 1704,2429 1705,2430 1706,2430 1707,2431 1709,2431 1710,2432 1711,2432 1712,2433 1713,2433 1714,2434 1715,2434 1716,2435 1718,2435 1719,2436 1720,2436 1721,2437 1722,2437 1723,2438 1724,2438 1725,2439 1726,2439 1727,2440 1729,2440 1730,2441 1731,2441 1732,2442 1733,2442 1734,2443 1735,2443 1736,2444 1738,2444 1739,2445 1740,2445 1741,2446 1742,2446 1743,2447 1744,2447 1745,2448 1746,2448 1747,2449 1749,2449 1750,2450 1751,2450 1752,2451 1753,2451 1754,2452 1755,2452 1756,2453 1758,2453 1759,2454 1760,2454 1761,2455 1762,2455 1763,2456 1764,2456 1765,2457 1766,2457 1767,2458 1769,2458 1770,2459 1771,2459 1772,2460 1773,2460 1774,2461 1775,2461 1776,2462 1778,2462 1779,2463 1780,2463 1781,2464 1782,2464 1783,2465 1784,2465 1785,2466 1786,2466 1787,2467 1789,2467 1790,2468 1791,2468 1792,2469 1793,2469 1794,2470 1795,2470 1796,2471 1798,2471 1799,2472 1800,2472 1801,2473 1802,2473 1803,2474 1804,2474 1805,2475 1806,2475 1807,2476 1809,2476 1810,2477 1811,2477 1812,2478 1813,2478 1814,2479 1815,2479 1816,2480 1818,2480 1819,2481 1820,2481 1821,2482 1822,2482 1823,2483 1824,2483 1825,2484 1827,2484 1828,2485 1829,2485 1830,2486 1831,2486 1832,2487 1833,2487 1834,2488 1835,2488 1836,2489 1835,2490 1661,2490 1659,2488 1659,2487 1657,2485 1657,2441 1519,2441 1514,2446 1505,2446 1505,2485 1495,2495 1490,2490 1490,2485 1274,2485 1269,2480 1269,2441 1264,2436 1039,2436 1034,2441 1034,2470 1029,2475 931,2475 926,2470 926,2436 921,2431 794,2431 789,2436 774,2436 774,2465 769,2470 652,2470 647,2475 637,2475 632,2470 568,2470 563,2465 563,2426 411,2426 411,2470 406,2475 397,2475 377,2495 377,2573 382,2578 382,2583 387,2588 392,2588 397,2593 465,2593 470,2598 774,2598 779,2603 1284,2603 1289,2608 1490,2608 1495,2613 1764,2613 1766,2615 1767,2615 1769,2617 1896,2617 1897,2618 1897,2624 1896,2625 1896,2634 1895,2635 1895,2644 1894,2645 1894,2653 1893,2654 1893,2663 1892,2664 1892,2673 1891,2674 1891,2683 1890,2684 1890,2693 1889,2694 1889,2703 1888,2704 1888,2713 1887,2714 1887,2719 1886,2720 1769,2720 1764,2715 1764,2701 1622,2701 1622,2715 1617,2720 1554,2720 1549,2715 1289,2715 1287,2713 1286,2713 1284,2711 833,2711 828,2706 823,2706 818,2701 774,2701 769,2696 769,2662 637,2662 635,2664 634,2664 632,2666 632,2696 627,2701 622,2701 617,2696 617,2691 612,2686 612,2676 607,2671 607,2666 603,2662 470,2662 468,2664 467,2664 465,2666 465,2676 460,2681 460,2691 455,2696 406,2696 404,2698 404,2699 402,2701 397,2701 390,2708 389,2708 382,2715 382,2725 377,2730 377,2799 382,2804 382,2818 387,2823 676,2823 681,2828 750,2828 752,2830 752,2831 754,2833 754,2867 833,2867 843,2877 990,2877 995,2872 1000,2872 1000,2838 1005,2833 1103,2833 1105,2835 1105,2836 1107,2838 1245,2838 1250,2833 1294,2833 1299,2838 1402,2838 1407,2843 1799,2843 1804,2848 1864,2848 1865,2849 1865,2850 1864,2851 1864,2855 1863,2856 1863,2859 1862,2860 1862,2864 1861,2865 1861,2869 1860,2870 1860,2873 1859,2874 1859,2878 1858,2879 1858,2883 1857,2884 1857,2887 1856,2888 1856,2892 1855,2893 1855,2897 1854,2898 1854,2902 1853,2903 1853,2906 1852,2907 1852,2911 1851,2912 1851,2916 1850,2917 1850,2920 1849,2921 1849,2925 1848,2926 1848,2930 1847,2931 1847,2934 1846,2935 1846,2939 1845,2940 1845,2944 1844,2945 1844,2949 1842,2951 1710,2951 1708,2949 1708,2948 1706,2946 1519,2946 1514,2941 1514,2902 1509,2897 1426,2897 1421,2892 1171,2892 1171,2936 1166,2941 955,2941 953,2943 953,2944 951,2946 946,2941 946,2936 936,2936 931,2931 931,2921 926,2916 794,2916 789,2921 789,2931 784,2936 730,2936 725,2931 725,2887 720,2882 588,2882 583,2887 583,2907 578,2912 553,2912 551,2910 551,2909 549,2907 549,2882 411,2882 406,2887 406,2926 404,2928 404,2929 402,2931 392,2931 382,2941 382,2946 377,2951 377,3034 387,3044 392,3044 397,3049 696,3049 701,3054 931,3054 936,3049 946,3049 951,3054 1103,3054 1105,3056 1105,3057 1107,3059 1220,3059 1225,3064 1225,3068 1549,3068 1554,3073 1816,3073 1817,3074 1817,3075 1816,3076 1816,3080 1815,3081 1815,3085 1814,3086 1814,3089 1813,3090 1813,3094 1812,3095 1812,3099 1811,3100 1811,3104 1810,3105 1810,3108 1809,3109 1809,3112 1808,3113 1808,3114 1807,3115 1807,3116 1806,3117 1806,3118 1805,3119 1805,3120 1804,3121 1804,3122 1803,3123 1803,3124 1802,3125 1802,3126 1801,3127 1801,3128 1800,3129 1800,3130 1798,3132 1710,3132 1708,3134 1708,3135 1706,3137 1706,3176 1701,3181 1652,3181 1647,3176 1647,3162 1509,3162 1509,3176 1507,3178 1507,3179 1505,3181 1500,3181 1500,3211 1495,3216 1441,3216 1436,3211 1436,3176 1210,3176 1208,3174 1208,3173 1206,3171 975,3171 973,3169 972,3169 970,3167 951,3167 946,3162 946,3122 941,3117 799,3117 799,3147 794,3152 701,3152 701,3157 696,3162 661,3162 656,3167 607,3167 605,3165 605,3164 603,3162 603,3117 601,3115 600,3115 598,3113 382,3113 382,3181 397,3181 402,3186 402,3211 397,3216 382,3216 382,3279 588,3279 593,3284 902,3284 904,3286 904,3287 906,3289 1171,3289 1176,3294 1357,3294 1362,3299 1362,3338 1500,3338 1504,3334 1504,3333 1509,3328 1514,3328 1514,3318 1516,3316 1517,3316 1519,3314 1519,3304 1524,3299 1717,3299 1718,3300 1717,3301 1717,3302 1716,3303 1716,3304 1715,3305 1715,3306 1714,3307 1714,3308 1713,3309 1713,3311 1712,3312 1712,3313 1711,3314 1711,3315 1710,3316 1710,3317 1709,3318 1709,3319 1708,3320 1708,3321 1707,3322 1707,3323 1706,3324 1706,3325 1705,3326 1705,3327 1704,3328 1704,3329 1703,3330 1703,3331 1702,3332 1702,3333 1701,3334 1701,3335 1700,3336 1700,3337 1699,3338 1699,3340 1698,3341 1698,3342 1697,3343 1697,3344 1696,3345 1696,3346 1695,3347 1695,3348 1694,3349 1694,3350 1693,3351 1693,3352 1692,3353 1692,3354 1691,3355 1691,3356 1690,3357 1690,3358 1689,3359 1689,3360 1688,3361 1688,3362 1687,3363 1687,3364 1686,3365 1686,3366 1685,3367 1685,3369 1684,3370 1684,3371 1683,3372 1683,3373 1682,3374 1682,3375 1681,3376 1681,3377 1680,3378 1680,3379 1679,3380 1679,3381 1678,3382 1678,3383 1677,3384 1677,3385 1676,3386 1676,3387 1675,3388 1675,3389 1674,3390 1674,3391 1673,3392 1673,3393 1672,3394 1672,3395 1671,3396 1671,3398 1670,3399 1670,3400 1669,3401 1669,3402 1668,3403 1668,3404 1667,3405 1667,3406 1666,3407 1666,3408 1665,3409 1665,3410 1663,3412 1490,3412 1485,3407 1269,3407 1264,3412 1264,3436 1259,3441 1240,3441 1235,3436 1235,3358 1186,3358 1181,3353 995,3353 990,3348 853,3348 853,3397 848,3402 828,3402 818,3412 818,3417 816,3419 815,3419 813,3421 813,3426 808,3431 808,3432 804,3436 774,3436 769,3431 769,3397 759,3397 754,3392 754,3382 752,3380 752,3379 750,3377 750,3372 612,3372 607,3377 607,3382 605,3384 605,3385 603,3387 509,3387 504,3382 377,3382 372,3387 372,3456 382,3456 387,3461 387,3490 392,3490 397,3495 397,3500 402,3505 402,3510 465,3510 470,3515 696,3515 698,3517 699,3517 701,3519 701,3554 703,3556 703,3557 705,3559 833,3559 838,3554 838,3549 843,3544 843,3539 848,3534 848,3529 853,3524 853,3519 857,3515 897,3515 899,3517 900,3517 902,3519 1088,3519 1093,3524 1161,3524 1166,3529 1166,3564 1294,3564 1301,3557 1301,3556 1308,3549 1308,3544 1313,3539 1313,3529 1318,3524 1416,3524 1421,3529 1708,3529 1710,3531 1711,3531 1769,3589 1770,3589 1822,3641 1821,3642 1710,3642 1708,3644 1708,3645 1706,3647 1701,3642 1539,3642 1534,3647 1529,3647 1524,3652 1519,3647 1519,3642 1514,3637 1514,3632 1318,3632 1313,3627 1313,3588 1308,3583 1181,3583 1176,3588 1176,3627 1171,3632 1068,3632 1063,3627 916,3627 911,3622 784,3622 782,3620 781,3620 779,3618 779,3583 774,3578 558,3578 553,3573 406,3573 404,3575 404,3576 402,3578 397,3578 397,3583 387,3593 387,3618 385,3620 384,3620 382,3622 377,3622 372,3627 372,3745 696,3745 701,3750 1112,3750 1117,3755 1367,3755 1372,3760 1500,3760 1505,3755 1514,3755 1519,3750 1524,3755 1529,3755 1534,3760 1544,3760 1549,3765 1549,3804 1710,3804 1710,3770 1715,3765 1833,3765 1838,3760 1843,3765 1851,3765 1852,3766 1852,3768 1851,3769 1851,3772 1850,3773 1850,3775 1849,3776 1849,3779 1848,3780 1848,3782 1847,3783 1847,3786 1846,3787 1846,3789 1845,3790 1845,3792 1844,3793 1844,3796 1843,3797 1843,3799 1842,3800 1842,3803 1841,3804 1841,3806 1840,3807 1840,3810 1839,3811 1839,3813 1838,3814 1838,3817 1837,3818 1837,3820 1836,3821 1836,3822 1835,3823 1745,3823 1745,3863 1740,3868 1661,3868 1659,3866 1659,3865 1657,3863 1529,3863 1524,3868 1514,3868 1509,3863 1509,3819 1215,3819 1215,3858 1210,3863 1176,3863 1171,3858 1171,3814 1024,3814 1024,3853 1019,3858 965,3858 960,3853 823,3853 818,3858 813,3858 808,3853 779,3853 774,3848 774,3809 769,3804 642,3804 637,3809 632,3809 632,3848 627,3853 622,3853 617,3848 529,3848 524,3843 524,3809 372,3809 372,3868 377,3868 379,3870 380,3870 382,3872 382,3892 377,3897 377,3966 382,3971 627,3971 629,3973 630,3973 632,3975 789,3975 794,3980 921,3980 926,3975 1005,3975 1007,3977 1007,3978 1009,3980 1210,3980 1215,3985 1563,3985 1568,3990 1786,3990 1787,3991 1787,3993 1786,3994 1786,3997 1785,3998 1785,4000 1784,4001 1784,4004 1783,4005 1783,4007 1782,4008 1782,4011 1781,4012 1781,4014 1780,4015 1780,4018 1779,4019 1779,4021 1778,4022 1778,4025 1777,4026 1777,4028 1776,4029 1776,4032 1775,4033 1775,4035 1774,4036 1774,4039 1773,4040 1773,4042 1772,4043 1772,4046 1771,4047 1771,4049 1770,4050 1770,4053 1769,4054 1769,4056 1768,4057 1768,4060 1767,4061 1767,4063 1766,4064 1766,4067 1765,4068 1765,4070 1764,4071 1764,4073 1763,4074 1763,4077 1762,4078 1762,4080 1761,4081 1761,4084 1760,4085 1760,4087 1759,4088 1759,4091 1757,4093 1622,4093 1617,4098 1598,4098 1593,4093 1549,4093 1544,4088 1544,4054 1539,4049 1392,4049 1392,4088 1387,4093 1210,4093 1208,4091 1208,4090 1206,4088 1206,4049 1201,4044 1019,4044 1019,4088 1014,4093 1009,4093 1009,4123 1005,4127 995,4127 993,4125 992,4125 990,4123 990,4088 828,4088 823,4083 607,4083 605,4081 605,4080 603,4078 362,4078 357,4083 357,4142 362,4147 372,4147 377,4152 377,4157 382,4162 382,4167 387,4172 387,4181 392,4186 392,4201 397,4206 509,4206 514,4211 514,4245 519,4250 514,4255 402,4255 397,4260 392,4260 382,4270 382,4294 377,4299 377,4304 372,4309 362,4309 357,4314 357,4426 426,4426 431,4431 431,4436 804,4436 806,4438 806,4439 808,4441 1127,4441 1137,4451 1137,4485 1142,4490 1304,4490 1306,4488 1306,4487 1308,4485 1308,4451 1313,4446 1505,4446 1507,4448 1507,4449 1509,4451 1725,4451 1730,4456 1853,4456 1858,4461 1858,4500 1892,4500 1897,4505 1899,4505 1901,4507 1901,4509 1902,4510 1902,4512 1903,4513 1903,4515 1904,4516 1904,4518 1905,4519 1905,4521 1906,4522 1906,4523 1907,4524 1907,4526 1908,4527 1908,4529 1909,4530 1909,4532 1910,4533 1910,4535 1911,4536 1911,4538 1912,4539 1912,4541 1913,4542 1913,4544 1914,4545 1914,4547 1915,4548 1915,4550 1916,4551 1916,4553 1917,4554 1917,4555 1918,4556 1918,4558 1919,4559 1919,4561 1920,4562 1920,4563 1919,4564 1823,4564 1818,4559 1818,4515 1671,4515 1671,4520 1666,4525 1642,4525 1642,4559 1637,4564 1578,4564 1573,4559 1568,4559 1563,4554 1426,4554 1421,4559 1362,4559 1357,4554 1357,4515 1355,4513 1355,4512 1353,4510 1259,4510 1257,4508 1257,4507 1255,4505 1117,4505 1107,4515 1107,4525 1103,4529 1103,4549 1098,4554 1029,4554 1024,4549 862,4549 857,4544 857,4505 855,4503 855,4502 853,4500 607,4500 605,4498 605,4497 603,4495 402,4495 402,4539 397,4544 392,4544 377,4559 377,4564 372,4569 372,4647 387,4662 686,4662 691,4667 936,4667 941,4672 1357,4672 1359,4674 1360,4674 1362,4676 1362,4681 1529,4681 1534,4686 1632,4686 1637,4691 1896,4691 1897,4692 1897,4693 1896,4694 1896,4695 1895,4696 1895,4697 1894,4698 1894,4700 1893,4701 1893,4702 1892,4703 1892,4704 1891,4705 1891,4707 1890,4708 1890,4709 1889,4710 1889,4711 1888,4712 1888,4714 1887,4715 1887,4716 1886,4717 1886,4719 1885,4720 1885,4721 1884,4722 1884,4723 1883,4724 1883,4726 1882,4727 1882,4728 1881,4729 1881,4730 1880,4731 1880,4733 1879,4734 1879,4735 1878,4736 1878,4738 1877,4739 1877,4740 1876,4741 1876,4742 1875,4743 1875,4744 1874,4745 1637,4745 1632,4740 1495,4740 1490,4745 1490,4784 1485,4789 1460,4789 1458,4787 1458,4786 1456,4784 1456,4740 1304,4740 1304,4784 1299,4789 1294,4784 1294,4740 1289,4735 1142,4735 1142,4779 1137,4784 1093,4784 1088,4779 1088,4735 1009,4735 1007,4733 1007,4732 1005,4730 857,4730 855,4732 855,4733 853,4735 853,4775 851,4777 850,4777 848,4779 745,4779 743,4777 742,4777 740,4775 372,4775 370,4777 369,4777 367,4779 362,4779 352,4789 352,4804 347,4809 347,4810 343,4814 343,4882 348,4882 352,4886 352,4887 357,4892 446,4892 451,4897 578,4897 583,4892 593,4892 598,4897 951,4897 953,4899 953,4900 955,4902 1083,4902 1088,4897 1112,4897 1117,4902 1299,4902 1304,4907 1470,4907 1475,4912 1475,4956 1612,4956 1617,4951 1622,4951 1622,4946 1627,4941 1627,4936 1632,4931 1632,4917 1637,4912 1764,4912 1769,4917 1869,4917 1871,4919 1871,4921 1872,4922 1872,4924 1873,4925 1873,4927 1874,4928 1874,4930 1875,4931 1875,4933 1876,4934 1876,4935 1877,4936 1877,4938 1878,4939 1878,4941 1879,4942 1879,4944 1880,4945 1880,4947 1881,4948 1881,4950 1882,4951 1882,4952 1883,4953 1883,4955 1884,4956 1884,4958 1885,4959 1885,4961 1886,4962 1886,4964 1887,4965 1887,4967 1888,4968 1888,4970 1889,4971 1889,4972 1890,4973 1890,4975 1891,4976 1891,4978 1892,4979 1891,4980 1813,4980 1811,4982 1811,4983 1809,4985 1809,5015 1804,5020 1691,5020 1686,5015 1686,4976 1637,4976 1632,4971 1505,4971 1500,4976 1480,4976 1480,5020 1475,5025 1446,5025 1441,5020 1348,5020 1343,5015 1343,5010 1098,5010 1093,5005 823,5005 818,5010 774,5010 769,5005 509,5005 504,5000 504,4961 502,4959 502,4958 500,4956 352,4956 350,4958 350,4959 348,4961 348,5020 352,5020 357,5025 357,5044 352,5049 348,5049 343,5054 343,5123 348,5128 730,5128 732,5130 733,5130 735,5132 1191,5132 1196,5137 1362,5137 1367,5142 1608,5142 1610,5144 1610,5145 1612,5147 1880,5147 1881,5148 1881,5149 1880,5150 1880,5151 1879,5152 1879,5153 1878,5154 1878,5155 1877,5156 1877,5157 1876,5158 1876,5160 1875,5161 1875,5162 1874,5163 1874,5164 1873,5165 1873,5166 1872,5167 1872,5168 1871,5169 1871,5170 1870,5171 1870,5172 1869,5173 1869,5174 1868,5175 1868,5177 1867,5178 1867,5179 1866,5180 1866,5181 1865,5182 1865,5183 1864,5184 1864,5185 1863,5186 1863,5187 1862,5188 1862,5189 1861,5190 1861,5191 1860,5192 1860,5194 1859,5195 1859,5196 1858,5197 1858,5198 1857,5199 1857,5200 1856,5201 1856,5202 1855,5203 1855,5204 1854,5205 1854,5206 1853,5207 1853,5209 1851,5211 1627,5211 1627,5221 1622,5226 1622,5230 1617,5235 1485,5235 1480,5230 1480,5206 1475,5201 1348,5201 1343,5206 1186,5206 1181,5211 1181,5216 1171,5226 1171,5240 1166,5245 1161,5240 1161,5201 1156,5196 1014,5196 1009,5201 1009,5235 1007,5237 1007,5238 1005,5240 813,5240 808,5235 754,5235 752,5233 752,5232 750,5230 750,5196 745,5196 740,5191 333,5191 333,5250 343,5260 348,5260 350,5262 350,5263 352,5265 352,5279 347,5284 347,5285 343,5289 333,5289 333,5353 426,5353 431,5358 500,5358 502,5360 502,5361 504,5363 637,5363 642,5358 652,5358 654,5360 654,5361 656,5363 877,5363 882,5368 1264,5368 1269,5373 1485,5373 1490,5378 1622,5378 1627,5373 1696,5373 1701,5378 1782,5378 1783,5379 1783,5381 1782,5382 1782,5383 1781,5384 1781,5386 1780,5387 1780,5389 1779,5390 1779,5392 1778,5393 1778,5395 1777,5396 1777,5398 1776,5399 1776,5401 1775,5402 1775,5404 1774,5405 1774,5407 1773,5408 1773,5410 1772,5411 1772,5413 1771,5414 1771,5416 1770,5417 1770,5418 1769,5419 1769,5421 1768,5422 1768,5424 1767,5425 1767,5427 1766,5428 1766,5430 1765,5431 1765,5433 1764,5434 1764,5436 1763,5437 1763,5439 1761,5441 1750,5441 1750,5477 1749,5478 1749,5480 1748,5481 1748,5482 1745,5485 1505,5485 1505,5520 1500,5525 1451,5525 1446,5520 1446,5485 1441,5480 1357,5480 1353,5476 1353,5436 1348,5431 1014,5431 1009,5436 1009,5446 1004,5451 1004,5452 1000,5456 872,5456 867,5451 867,5427 573,5427 566,5434 565,5434 558,5441 558,5461 553,5466 534,5466 529,5461 529,5441 524,5436 524,5417 377,5417 372,5422 372,5461 367,5466 357,5466 352,5471 348,5471 343,5476 343,5480 338,5485 338,5490 328,5500 328,5569 333,5574 338,5574 343,5579 348,5579 352,5583 436,5583 441,5588 652,5588 654,5590 654,5591 656,5593 867,5593 872,5598 1132,5598 1137,5603 1372,5603 1377,5608 1377,5647 1509,5647 1524,5632 1524,5628 1529,5623 1529,5618 1539,5608 1701,5608 1706,5613 1753,5613 1754,5614 1754,5615 1755,5616 1755,5619 1756,5620 1756,5622 1757,5623 1757,5626 1758,5627 1758,5630 1759,5631 1759,5634 1760,5635 1760,5638 1761,5639 1761,5642 1762,5643 1762,5646 1763,5647 1763,5650 1764,5651 1764,5654 1765,5655 1765,5657 1766,5658 1766,5661 1767,5662 1767,5665 1768,5666 1768,5669 1769,5670 1769,5673 1770,5674 1770,5677 1771,5678 1771,5681 1772,5682 1772,5685 1773,5686 1773,5688 1774,5689 1774,5692 1775,5693 1775,5696 1776,5697 1776,5700 1777,5701 1777,5704 1778,5705 1778,5708 1779,5709 1779,5712 1780,5713 1780,5715 1779,5716 1549,5716 1544,5711 1544,5706 1539,5701 1539,5691 1534,5686 1534,5677 1529,5672 1397,5672 1392,5677 1392,5686 1387,5691 1274,5691 1269,5686 1269,5662 970,5662 960,5672 960,5677 958,5679 957,5679 955,5681 955,5691 953,5693 953,5694 951,5696 853,5696 848,5701 720,5701 715,5696 705,5696 700,5691 700,5690 696,5686 696,5677 661,5677 656,5672 656,5667 654,5665 654,5664 652,5662 652,5657 647,5652 519,5652 519,5657 514,5662 514,5667 509,5672 509,5686 504,5691 333,5691 328,5696 328,5814 333,5819 671,5819 676,5824 676,5863 681,5868 833,5868 838,5863 838,5829 843,5824 1093,5824 1098,5829 1357,5829 1359,5831 1360,5831 1362,5833 1549,5833 1554,5838 1554,5873 1556,5875 1556,5876 1558,5878 1563,5878 1568,5883 1735,5883 1750,5868 1750,5843 1755,5838 1769,5838 1774,5843 1859,5843 1862,5846 1862,5847 1866,5851 1866,5852 1870,5856 1870,5857 1874,5861 1874,5862 1878,5866 1878,5867 1882,5871 1882,5872 1886,5876 1886,5877 1890,5881 1890,5882 1894,5886 1894,5887 1898,5891 1898,5892 1902,5896 1902,5897 1906,5901 1906,5902 1909,5905 1909,5906 1913,5910 1913,5911 1917,5915 1917,5916 1921,5920 1921,5921 1925,5925 1925,5926 1929,5930 1929,5931 1933,5935 1933,5936 1937,5940 1937,5941 1941,5945 1941,5946 1945,5950 1944,5951 1823,5951 1813,5941 1813,5932 1676,5932 1676,5936 1671,5941 1402,5941 1397,5936 1264,5936 1262,5934 1261,5934 1259,5932 1259,5892 1257,5890 1257,5889 1255,5887 980,5887 980,5927 975,5932 902,5932 897,5927 607,5927 602,5922 602,5921 598,5917 598,5907 455,5907 455,5912 453,5914 453,5915 451,5917 352,5917 350,5919 350,5920 348,5922 343,5922 333,5932 332,5932 323,5941 323,6030 325,6032 326,6032 328,6034 333,6034 338,6039 348,6039 350,6041 350,6042 352,6044 598,6044 603,6049 730,6049 735,6044 818,6044 823,6049 985,6049 990,6054 990,6059 1044,6059 1049,6064 1176,6064 1181,6059 1201,6059 1206,6064 1436,6064 1441,6069 1441,6108 1451,6108 1456,6113 1603,6113 1603,6079 1608,6074 1686,6074 1691,6079 1818,6079 1823,6074 1848,6074 1853,6079 1853,6123 2024,6123 2024,6084 2029,6079 2166,6079 2171,6084 2250,6084 2252,6086 2253,6086 2255,6088 2255,6128 2259,6132 2388,6132 2397,6123 2397,6118 2402,6113 2402,6103 2409,6096 2409,6095 2416,6088 2514,6088 2519,6093 2823,6093 2828,6098 3024,6098 3029,6103 3171,6103 3176,6098 3181,6098 3186,6093 3191,6093 3191,6088 3193,6086 3194,6086 3196,6084 3196,6020 3191,6015 3191,5995 3186,5990 3186,5985 3184,5983 3183,5983 3181,5981 3181,5976 3171,5966 3039,5966 3034,5971 2985,5971 2980,5966 2980,5956 2975,5951 2975,5946 2970,5941 2970,5936 2961,5927 2833,5927 2828,5932 2827,5932 2823,5936 2823,5946 2818,5951 2818,5961 2816,5963 2816,5964 2814,5966 2676,5966 2671,5961 2637,5961 2632,5956 2632,5922 2627,5917 2622,5917 2617,5912 2485,5912 2480,5917 2475,5917 2470,5922 2470,5927 2465,5932 2465,5956 2463,5958 2463,5959 2461,5961 2377,5961 2372,5966 2367,5966 2367,5981 2363,5985 2363,5990 2358,5995 2333,5995 2328,5990 2328,5961 2323,5956 2313,5956 2311,5954 2311,5953 2309,5951 2309,5941 2176,5941 2171,5936 2171,5917 2166,5912 2166,5911 2162,5907 2034,5907 2029,5912 2029,5946 2024,5951 1949,5951 1945,5947 1945,5946 1941,5942 1941,5941 1937,5937 1937,5936 1933,5932 1933,5931 1929,5927 1929,5926 1925,5922 1925,5921 1921,5917 1921,5916 1917,5912 1917,5911 1913,5907 1913,5906 1909,5902 1909,5901 1905,5897 1905,5896 1901,5892 1901,5891 1897,5887 1897,5886 1893,5882 1893,5881 1889,5877 1889,5876 1885,5872 1885,5871 1881,5867 1881,5866 1877,5862 1877,5861 1873,5857 1873,5856 1870,5853 1870,5852 1866,5848 1866,5847 1863,5844 1864,5843 2078,5843 2083,5848 2083,5887 2088,5892 2108,5892 2110,5894 2110,5895 2112,5897 2245,5897 2250,5892 2255,5892 2255,5858 2260,5853 2632,5853 2637,5858 2877,5858 2882,5863 2887,5863 2892,5868 2892,5907 3059,5907 3064,5902 3064,5868 3066,5866 3066,5865 3068,5863 3196,5863 3196,5794 3191,5789 3191,5745 3186,5740 3186,5696 3181,5691 3054,5691 3049,5696 3044,5696 3039,5701 3039,5731 3037,5733 3036,5733 3034,5735 2916,5735 2912,5731 2912,5726 2779,5726 2774,5721 2774,5691 2769,5686 2573,5686 2573,5726 2568,5731 2519,5731 2514,5726 2514,5681 2382,5681 2377,5686 2377,5706 2372,5711 2318,5711 2318,5721 2313,5726 2108,5726 2103,5721 2054,5721 2049,5716 2049,5681 2047,5679 2046,5679 2044,5677 1892,5677 1892,5716 1887,5721 1809,5721 1804,5716 1783,5716 1782,5715 1782,5713 1781,5712 1781,5709 1780,5708 1780,5705 1779,5704 1779,5701 1778,5700 1778,5697 1777,5696 1777,5694 1776,5693 1776,5690 1775,5689 1775,5686 1774,5685 1774,5682 1773,5681 1773,5678 1772,5677 1772,5674 1771,5673 1771,5670 1770,5669 1770,5666 1769,5665 1769,5663 1768,5662 1768,5659 1767,5658 1767,5655 1766,5654 1766,5651 1765,5650 1765,5647 1764,5646 1764,5643 1763,5642 1763,5639 1762,5638 1762,5635 1761,5634 1761,5631 1760,5630 1760,5628 1759,5627 1759,5624 1758,5623 1758,5620 1757,5619 1757,5616 1756,5615 1756,5614 1757,5613 2029,5613 2034,5618 2215,5618 2220,5623 2451,5623 2456,5628 2456,5662 2461,5667 2588,5667 2603,5652 2603,5647 2613,5637 2613,5632 2617,5628 2804,5628 2806,5630 2807,5630 2809,5632 3142,5632 3142,5623 3147,5618 3196,5618 3201,5613 3201,5539 3196,5539 3191,5534 3137,5534 3135,5532 3134,5532 3132,5530 3132,5520 3127,5520 3122,5515 3019,5515 3017,5513 3017,5512 3015,5510 3015,5505 2715,5505 2713,5503 2713,5502 2711,5500 2578,5500 2573,5505 2573,5534 2568,5539 2544,5539 2539,5534 2539,5515 2534,5510 2534,5505 2529,5500 2470,5500 2465,5495 2465,5466 2463,5464 2463,5463 2461,5461 2461,5456 2456,5451 2264,5451 2264,5490 2262,5492 2262,5493 2260,5495 2245,5495 2240,5490 2240,5451 2235,5446 2103,5446 2098,5451 2098,5485 2093,5490 1911,5490 1909,5488 1909,5487 1907,5485 1907,5446 1902,5441 1765,5441 1764,5440 1765,5439 1765,5437 1766,5436 1766,5434 1767,5433 1767,5431 1768,5430 1768,5428 1769,5427 1769,5425 1770,5424 1770,5422 1771,5421 1771,5419 1772,5418 1772,5416 1773,5415 1773,5413 1774,5412 1774,5410 1775,5409 1775,5407 1776,5406 1776,5405 1777,5404 1777,5402 1778,5401 1778,5399 1779,5398 1779,5396 1780,5395 1780,5393 1781,5392 1781,5390 1782,5389 1782,5387 1783,5386 1783,5384 1784,5383 1784,5381 1785,5380 1785,5379 1786,5378 1867,5378 1869,5380 1870,5380 1872,5382 2112,5382 2117,5387 2363,5387 2365,5385 2365,5384 2367,5382 2372,5382 2372,5368 2377,5363 2387,5363 2392,5368 2490,5368 2495,5373 2495,5387 2583,5387 2588,5392 2691,5392 2696,5397 2853,5397 2858,5402 3044,5402 3049,5407 3181,5407 3186,5402 3191,5402 3196,5397 3196,5378 3201,5373 3201,5299 3196,5294 3196,5289 3191,5289 3186,5284 2980,5284 2975,5279 2921,5279 2919,5277 2918,5277 2916,5275 2916,5240 2914,5238 2914,5237 2912,5235 2912,5226 2510,5226 2508,5228 2507,5228 2505,5230 2505,5289 2500,5294 2475,5294 2470,5289 2313,5289 2313,5299 2311,5301 2311,5302 2309,5304 2201,5304 2196,5299 2196,5235 2171,5235 2166,5230 2166,5226 2161,5221 2161,5220 2157,5216 2005,5216 1995,5226 1990,5226 1990,5250 1985,5255 1980,5250 1980,5216 1975,5211 1855,5211 1854,5210 1854,5209 1855,5208 1855,5207 1856,5206 1856,5205 1857,5204 1857,5203 1858,5202 1858,5201 1859,5200 1859,5198 1860,5197 1860,5196 1861,5195 1861,5194 1862,5193 1862,5192 1863,5191 1863,5190 1864,5189 1864,5188 1865,5187 1865,5186 1866,5185 1866,5184 1867,5183 1867,5181 1868,5180 1868,5179 1869,5178 1869,5177 1870,5176 1870,5175 1871,5174 1871,5173 1872,5172 1872,5171 1873,5170 1873,5169 1874,5168 1874,5167 1875,5166 1875,5164 1876,5163 1876,5162 1877,5161 1877,5160 1878,5159 1878,5158 1879,5157 1879,5156 1880,5155 1880,5154 1881,5153 1881,5152 1882,5151 1882,5150 1883,5149 1883,5148 1884,5147 2054,5147 2059,5152 2191,5152 2196,5157 2196,5201 2215,5201 2220,5206 2289,5206 2294,5211 2426,5211 2431,5206 2446,5206 2446,5162 2451,5157 2598,5157 2603,5162 2740,5162 2745,5167 2838,5167 2843,5172 2975,5172 2980,5167 3000,5167 3005,5172 3191,5172 3201,5162 3201,5103 3196,5098 3196,5088 3191,5083 3064,5083 3059,5088 3005,5088 3000,5083 3000,5005 2995,5005 2990,5000 2833,5000 2828,5005 2828,5039 2823,5044 2774,5044 2769,5039 2769,4995 2613,4995 2613,5034 2608,5039 2382,5039 2377,5034 2240,5034 2235,5029 2235,5005 2230,5000 2230,4985 2225,4980 2088,4980 2083,4985 2083,5029 2078,5034 1970,5034 1961,5025 1961,5010 1956,5005 1956,4990 1951,4985 1951,4980 1895,4980 1893,4978 1893,4977 1892,4976 1892,4974 1891,4973 1891,4971 1890,4970 1890,4968 1889,4967 1889,4965 1888,4964 1888,4962 1887,4961 1887,4959 1886,4958 1886,4957 1885,4956 1885,4954 1884,4953 1884,4951 1883,4950 1883,4948 1882,4947 1882,4945 1881,4944 1881,4942 1880,4941 1880,4940 1879,4939 1879,4937 1878,4936 1878,4934 1877,4933 1877,4931 1876,4930 1876,4928 1875,4927 1875,4925 1874,4924 1874,4922 1873,4921 1873,4920 1872,4919 1872,4918 1873,4917 2137,4917 2142,4922 2250,4922 2254,4926 2255,4926 2260,4931 2500,4931 2505,4936 2784,4936 2789,4941 2951,4941 2956,4946 3216,4946 3218,4944 3218,4943 3220,4941 3220,4877 3216,4873 3216,4868 3211,4863 3211,4824 3206,4819 3206,4775 3064,4775 3064,4809 3059,4814 2892,4814 2887,4809 2887,4779 2885,4777 2884,4777 2882,4775 2877,4775 2872,4770 2872,4765 2686,4765 2686,4814 2681,4819 2671,4819 2657,4833 2657,4843 2652,4848 2490,4848 2485,4843 2485,4809 2480,4804 2397,4804 2392,4799 2392,4789 2387,4784 2260,4784 2255,4789 2255,4794 2250,4799 2211,4799 2206,4794 2206,4789 2201,4784 2201,4775 2196,4770 2196,4760 2191,4755 2059,4755 2059,4770 2054,4775 2054,4784 2049,4789 2049,4794 2044,4799 2044,4809 2039,4814 2039,4824 2037,4826 2036,4826 2034,4828 2034,4833 2029,4838 1956,4838 1951,4833 1911,4833 1909,4831 1909,4830 1907,4828 1907,4755 1897,4745 1878,4745 1877,4744 1877,4743 1878,4742 1878,4741 1879,4740 1879,4738 1880,4737 1880,4736 1881,4735 1881,4733 1882,4732 1882,4731 1883,4730 1883,4729 1884,4728 1884,4726 1885,4725 1885,4724 1886,4723 1886,4722 1887,4721 1887,4719 1888,4718 1888,4717 1889,4716 1889,4714 1890,4713 1890,4712 1891,4711 1891,4710 1892,4709 1892,4707 1893,4706 1893,4705 1894,4704 1894,4703 1895,4702 1895,4700 1896,4699 1896,4698 1897,4697 1897,4696 1898,4695 1898,4693 1900,4691 2054,4691 2059,4696 2225,4696 2230,4701 2294,4701 2299,4706 2299,4740 2426,4740 2431,4735 2436,4735 2436,4730 2440,4726 2441,4726 2446,4721 2446,4711 2456,4701 2461,4701 2463,4703 2463,4704 2465,4706 2598,4706 2603,4701 2701,4701 2706,4706 2740,4706 2745,4711 2872,4711 2877,4716 3211,4716 3216,4711 3216,4706 3218,4704 3218,4703 3220,4701 3220,4632 3218,4630 3218,4629 3216,4627 3216,4593 3211,4588 3157,4588 3152,4583 3152,4544 3005,4544 3005,4583 3000,4588 2828,4588 2823,4583 2647,4583 2642,4578 2554,4578 2552,4576 2551,4576 2549,4574 2549,4559 2412,4559 2407,4564 2407,4574 2405,4576 2404,4576 2402,4578 2402,4608 2397,4613 2392,4613 2387,4608 2387,4593 2382,4588 2382,4583 2377,4578 2363,4578 2361,4576 2360,4576 2358,4574 2309,4574 2304,4569 2304,4559 2299,4554 2112,4554 2110,4556 2110,4557 2108,4559 2108,4564 2103,4569 1936,4569 1931,4564 1923,4564 1921,4562 1921,4560 1920,4559 1920,4557 1919,4556 1919,4554 1918,4553 1918,4551 1917,4550 1917,4548 1916,4547 1916,4545 1915,4544 1915,4542 1914,4541 1914,4539 1913,4538 1913,4536 1912,4535 1912,4534 1911,4533 1911,4531 1910,4530 1910,4528 1909,4527 1909,4525 1908,4524 1908,4522 1907,4521 1907,4519 1906,4518 1906,4516 1905,4515 1905,4513 1904,4512 1904,4510 1903,4509 1903,4507 1902,4506 1903,4505 2024,4505 2029,4500 2029,4461 2034,4456 2049,4456 2054,4461 2211,4461 2213,4463 2213,4464 2215,4466 2598,4466 2603,4471 2779,4471 2781,4473 2782,4473 2784,4475 2912,4475 2914,4477 2914,4478 2916,4480 2916,4520 2936,4520 2941,4525 3078,4525 3083,4520 3083,4490 3088,4485 3167,4485 3167,4466 3169,4464 3169,4463 3171,4461 3216,4461 3220,4457 3220,4456 3225,4451 3225,4387 3220,4382 3220,4381 3216,4377 3216,4373 3167,4373 3162,4368 3162,4314 3157,4309 3019,4309 3017,4311 3017,4312 3015,4314 3015,4348 3010,4353 2936,4353 2931,4348 2789,4348 2779,4358 2774,4353 2774,4348 2769,4343 2706,4343 2701,4338 2701,4304 2696,4299 2549,4299 2544,4304 2544,4338 2539,4343 2505,4343 2500,4338 2500,4294 2343,4294 2343,4333 2338,4338 2132,4338 2127,4333 2103,4333 2098,4328 2098,4289 1946,4289 1946,4324 1944,4326 1943,4326 1941,4328 1842,4328 1840,4326 1840,4324 1839,4323 1839,4322 1838,4321 1838,4319 1837,4318 1837,4316 1836,4315 1836,4313 1835,4312 1835,4310 1834,4309 1834,4307 1833,4306 1833,4304 1832,4303 1832,4301 1831,4300 1831,4298 1830,4297 1830,4295 1829,4294 1829,4293 1828,4292 1828,4290 1827,4289 1827,4287 1826,4286 1826,4284 1825,4283 1825,4281 1824,4280 1824,4278 1823,4277 1823,4275 1822,4274 1822,4272 1821,4271 1821,4269 1820,4268 1820,4266 1819,4265 1819,4264 1818,4263 1818,4261 1817,4260 1817,4258 1816,4257 1816,4255 1815,4254 1815,4252 1814,4251 1814,4249 1813,4248 1813,4246 1812,4245 1812,4243 1811,4242 1811,4240 1810,4239 1810,4237 1809,4236 1809,4234 1808,4233 1808,4232 1807,4231 1807,4229 1806,4228 1806,4226 1807,4225 1995,4225 2000,4230 2000,4274 2157,4274 2162,4279 2304,4279 2309,4274 2313,4274 2313,4265 2318,4260 2318,4250 2323,4245 2323,4240 2328,4235 2333,4240 2333,4274 2465,4274 2465,4270 2475,4260 2475,4255 2485,4245 2593,4245 2598,4240 2617,4240 2622,4245 2828,4245 2833,4250 3034,4250 3039,4255 3216,4255 3218,4253 3218,4252 3220,4250 3230,4250 3230,4186 3225,4186 3220,4181 3220,4083 2926,4083 2926,4103 2921,4108 2828,4108 2828,4118 2823,4123 2818,4118 2760,4118 2755,4113 2755,4103 2652,4103 2647,4098 2514,4098 2514,4108 2509,4113 2509,4114 2505,4118 2446,4118 2441,4123 2440,4123 2436,4127 2436,4142 2426,4152 2416,4152 2414,4150 2414,4149 2412,4147 2412,4113 2407,4113 2402,4108 2049,4108 2044,4103 1941,4103 1936,4098 1764,4098 1760,4094 1760,4092 1761,4091 1761,4088 1762,4087 1762,4085 1763,4084 1763,4081 1764,4080 1764,4078 1765,4077 1765,4074 1766,4073 1766,4071 1767,4070 1767,4067 1768,4066 1768,4064 1769,4063 1769,4060 1770,4059 1770,4057 1771,4056 1771,4053 1772,4052 1772,4050 1773,4049 1773,4046 1774,4045 1774,4043 1775,4042 1775,4039 1776,4038 1776,4036 1777,4035 1777,4032 1778,4031 1778,4029 1779,4028 1779,4025 1780,4024 1780,4022 1781,4021 1781,4019 1782,4018 1782,4015 1783,4014 1783,4012 1784,4011 1784,4008 1785,4007 1785,4005 1786,4004 1786,4001 1787,4000 1787,3998 1788,3997 1788,3994 1789,3993 1789,3992 1790,3991 1794,3995 2034,3995 2044,4005 2186,4005 2191,4000 2215,4000 2220,4005 2451,4005 2456,4010 2691,4010 2696,4015 2696,4049 2833,4049 2843,4039 2843,4034 2848,4029 2848,4020 2853,4015 2877,4015 2882,4020 2990,4020 2992,4022 2993,4022 2995,4024 3088,4024 3093,4029 3240,4029 3240,3956 3230,3956 3225,3951 3225,3907 3220,3902 3010,3902 3005,3897 3005,3853 3000,3848 2818,3848 2816,3850 2816,3851 2814,3853 2804,3853 2799,3848 2789,3848 2784,3843 2784,3838 2779,3833 2647,3833 2647,3863 2642,3868 2514,3868 2514,3882 2512,3884 2512,3885 2510,3887 2348,3887 2343,3882 2343,3877 2230,3877 2225,3872 2225,3833 2054,3833 2054,3897 2059,3897 2063,3901 2063,3902 2068,3907 2063,3912 2039,3912 2034,3907 2034,3897 2029,3892 2029,3887 2024,3882 2024,3877 2019,3872 1902,3872 1900,3870 1899,3870 1897,3868 1897,3838 1892,3833 1892,3823 1839,3823 1838,3822 1838,3821 1839,3820 1839,3817 1840,3816 1840,3814 1841,3813 1841,3810 1842,3809 1842,3807 1843,3806 1843,3804 1844,3803 1844,3800 1845,3799 1845,3797 1846,3796 1846,3793 1847,3792 1847,3790 1848,3789 1848,3786 1849,3785 1849,3783 1850,3782 1850,3779 1851,3778 1851,3776 1852,3775 1852,3772 1853,3771 1853,3769 1854,3768 1854,3766 1855,3765 1956,3765 1961,3770 2117,3770 2119,3772 2120,3772 2122,3774 2264,3774 2266,3772 2267,3772 2269,3770 2274,3770 2276,3772 2277,3772 2279,3774 2436,3774 2441,3779 2755,3779 2760,3784 2823,3784 2828,3789 2966,3789 2968,3787 2968,3786 2970,3784 2995,3784 3000,3789 3034,3789 3039,3794 3220,3794 3225,3789 3230,3789 3235,3784 3240,3784 3240,3686 3235,3686 3225,3676 3167,3676 3162,3671 3162,3622 3005,3622 3000,3627 3000,3662 2995,3667 2769,3667 2765,3671 2760,3671 2758,3669 2757,3669 2755,3667 2755,3662 2529,3662 2524,3657 2304,3657 2299,3662 2284,3662 2279,3667 2274,3662 2274,3652 2264,3652 2262,3650 2262,3649 2260,3647 2122,3647 2117,3652 2039,3652 2034,3647 1843,3647 1838,3642 1827,3642 1805,3620 1804,3620 1747,3563 1746,3563 1713,3530 1714,3529 1730,3529 1735,3534 2083,3534 2088,3539 2132,3539 2137,3544 2269,3544 2274,3539 2309,3539 2311,3541 2311,3542 2313,3544 2318,3544 2323,3549 2461,3549 2463,3547 2463,3546 2465,3544 2539,3544 2544,3549 2666,3549 2671,3554 2671,3603 2833,3603 2833,3564 2838,3559 3068,3559 3073,3564 3240,3564 3245,3559 3245,3446 3240,3441 3108,3441 3103,3436 3103,3402 3098,3397 2951,3397 2951,3436 2946,3441 2912,3441 2907,3436 2907,3397 2902,3392 2902,3387 2750,3387 2750,3431 2745,3436 2691,3436 2681,3426 2681,3417 2544,3417 2544,3421 2539,3426 2490,3426 2485,3431 2475,3431 2470,3426 2260,3426 2255,3421 2083,3421 2081,3419 2080,3419 2078,3417 2000,3417 1995,3412 1995,3402 1965,3402 1963,3400 1963,3399 1961,3397 1961,3387 1956,3382 1956,3377 1951,3372 1818,3372 1818,3377 1813,3382 1813,3392 1811,3394 1811,3395 1809,3397 1809,3407 1804,3412 1667,3412 1666,3411 1667,3410 1667,3408 1668,3407 1668,3406 1669,3405 1669,3404 1670,3403 1670,3402 1671,3401 1671,3400 1672,3399 1672,3398 1673,3397 1673,3396 1674,3395 1674,3394 1675,3393 1675,3392 1676,3391 1676,3390 1677,3389 1677,3388 1678,3387 1678,3386 1679,3385 1679,3384 1680,3383 1680,3382 1681,3381 1681,3379 1682,3378 1682,3377 1683,3376 1683,3375 1684,3374 1684,3373 1685,3372 1685,3371 1686,3370 1686,3369 1687,3368 1687,3367 1688,3366 1688,3365 1689,3364 1689,3363 1690,3362 1690,3361 1691,3360 1691,3359 1692,3358 1692,3357 1693,3356 1693,3355 1694,3354 1694,3353 1695,3352 1695,3350 1696,3349 1696,3348 1697,3347 1697,3346 1698,3345 1698,3344 1699,3343 1699,3342 1700,3341 1700,3340 1701,3339 1701,3338 1702,3337 1702,3336 1703,3335 1703,3334 1704,3333 1704,3332 1705,3331 1705,3330 1706,3329 1706,3328 1707,3327 1707,3326 1708,3325 1708,3324 1709,3323 1709,3322 1710,3321 1710,3319 1711,3318 1711,3317 1712,3316 1712,3315 1713,3314 1713,3313 1714,3312 1714,3311 1715,3310 1715,3309 1716,3308 1716,3307 1717,3306 1717,3305 1718,3304 1718,3303 1719,3302 1719,3301 1721,3299 1750,3299 1755,3304 1887,3304 1892,3309 1892,3353 2024,3353 2034,3343 2034,3338 2039,3333 2039,3318 2041,3316 2042,3316 2044,3314 2046,3316 2047,3316 2049,3318 2049,3358 2181,3358 2181,3353 2191,3343 2191,3338 2196,3333 2196,3328 2201,3323 2201,3314 2206,3309 2211,3314 2446,3314 2448,3316 2449,3316 2451,3318 2451,3323 2652,3323 2657,3328 2872,3328 2877,3333 3255,3333 3255,3269 3248,3262 3247,3262 3240,3255 3240,3167 3093,3167 3091,3169 3090,3169 3088,3171 3088,3206 3083,3211 3034,3211 3029,3206 2804,3206 2799,3201 2706,3201 2701,3196 2701,3162 2696,3157 2554,3157 2549,3162 2549,3196 2544,3201 2524,3201 2519,3196 2412,3196 2407,3191 2407,3181 2402,3176 2269,3176 2269,3186 2264,3191 2211,3191 2206,3196 2201,3196 2196,3201 2196,3206 2191,3211 2191,3220 2186,3225 2127,3225 2122,3220 2122,3211 2117,3206 2117,3201 2112,3201 2107,3196 2107,3195 2103,3191 2108,3186 2127,3186 2127,3132 2132,3127 2162,3127 2164,3125 2164,3124 2166,3122 2166,3088 2171,3083 2446,3083 2451,3088 2544,3088 2549,3093 2902,3093 2907,3098 3024,3098 3029,3103 3216,3103 3218,3101 3218,3100 3220,3098 3225,3098 3225,3093 3230,3088 3230,3024 3225,3019 3186,3019 3184,3017 3183,3017 3181,3015 3181,2975 3167,2975 3162,2970 3113,2970 3111,2968 3110,2968 3108,2966 3108,2961 3103,2956 3005,2956 3000,2951 3000,2931 2995,2926 2858,2926 2853,2931 2853,2966 2851,2968 2850,2968 2848,2970 2701,2970 2699,2968 2698,2968 2696,2966 2573,2966 2568,2961 2568,2921 2566,2919 2566,2918 2564,2916 2436,2916 2431,2921 2416,2921 2416,2956 2414,2958 2414,2959 2412,2961 2407,2961 2402,2956 2264,2956 2262,2958 2262,2959 2260,2961 2186,2961 2181,2956 2108,2956 2103,2951 2103,2912 2044,2912 2039,2907 1897,2907 1892,2912 1892,2946 1887,2951 1846,2951 1845,2950 1845,2949 1846,2948 1846,2945 1847,2944 1847,2940 1848,2939 1848,2935 1849,2934 1849,2931 1850,2930 1850,2926 1851,2925 1851,2921 1852,2920 1852,2916 1853,2915 1853,2912 1854,2911 1854,2907 1855,2906 1855,2902 1856,2901 1856,2898 1857,2897 1857,2893 1858,2892 1858,2888 1859,2887 1859,2884 1860,2883 1860,2879 1861,2878 1861,2874 1862,2873 1862,2869 1863,2868 1863,2865 1864,2864 1864,2860 1865,2859 1865,2855 1866,2854 1866,2851 1867,2850 1867,2849 1868,2848 2132,2848 2137,2853 2137,2892 2269,2892 2274,2887 2279,2887 2279,2882 2284,2877 2284,2867 2286,2865 2287,2865 2289,2863 2289,2858 2294,2853 2490,2853 2495,2858 2578,2858 2583,2863 2789,2863 2791,2865 2792,2865 2794,2867 3083,2867 3088,2872 3088,2907 3225,2907 3235,2897 3240,2897 3245,2892 3245,2887 3250,2882 3255,2882 3255,2818 3253,2816 3252,2816 3250,2814 3250,2799 3245,2794 3245,2789 3235,2789 3230,2784 3181,2784 3176,2779 3176,2745 3171,2745 3169,2743 3169,2742 3167,2740 3113,2740 3108,2735 3108,2701 3024,2701 3019,2696 2882,2696 2877,2701 2858,2701 2848,2711 2848,2715 2843,2720 2843,2735 2838,2740 2804,2740 2799,2735 2799,2720 2666,2720 2664,2722 2664,2723 2662,2725 2662,2730 2657,2735 2652,2735 2647,2730 2519,2730 2514,2735 2485,2735 2480,2730 2480,2715 2478,2713 2477,2713 2475,2711 2348,2711 2346,2713 2345,2713 2343,2715 2343,2725 2338,2730 2294,2730 2289,2725 2289,2686 2284,2681 2014,2681 2012,2683 2012,2684 2010,2686 2010,2720 2005,2725 1907,2725 1902,2720 1890,2720 1889,2719 1889,2714 1890,2713 1890,2704 1891,2703 1891,2694 1892,2693 1892,2684 1893,2683 1893,2674 1894,2673 1894,2664 1895,2663 1895,2654 1896,2653 1896,2644 1897,2643 1897,2635 1898,2634 1898,2625 1899,2624 1899,2618 1900,2617 2157,2617 2162,2622 2353,2622 2358,2627 2431,2627 2436,2632 2436,2662 2568,2662 2573,2657 2573,2652 2583,2642 2583,2632 2588,2627 2676,2627 2681,2632 2838,2632 2843,2637 3093,2637 3098,2642 3240,2642 3245,2637 3260,2637 3260,2519 3255,2519 3250,2514 3122,2514 3120,2512 3119,2512 3117,2510 3117,2470 2966,2470 2966,2485 2961,2490 2843,2490 2838,2495 2833,2495 2833,2510 2831,2512 2830,2512 2828,2514 2826,2512 2825,2512 2823,2510 2823,2505 2769,2505 2767,2503 2767,2502 2765,2500 2765,2465 2763,2463 2762,2463 2760,2461 2613,2461 2613,2510 2611,2512 2610,2512 2608,2514 2593,2514 2583,2524 2583,2529 2578,2534 2578,2539 2573,2544 2519,2544 2514,2539 2514,2519 2505,2510 2505,2505 2495,2505 2490,2500 2436,2500 2431,2495 2431,2456 2328,2456 2323,2451 2196,2451 2191,2456 2191,2490 2186,2495 2108,2495 2103,2490 2103,2451 2098,2446 1956,2446 1951,2451 1946,2451 1936,2461 1936,2470 1931,2475 1931,2485 1926,2490 1920,2490 1919,2489 1919,2488 1920,2487 1920,2485 1921,2484 1921,2482 1922,2481 1922,2479 1923,2478 1923,2476 1924,2475 1924,2473 1925,2472 1925,2469 1926,2468 1926,2466 1927,2465 1927,2463 1928,2462 1928,2460 1929,2459 1929,2457 1930,2456 1930,2454 1931,2453 1931,2451 1932,2450 1932,2448 1933,2447 1933,2445 1934,2444 1934,2442 1935,2441 1935,2439 1936,2438 1936,2436 1937,2435 1937,2432 1938,2431 1938,2429 1939,2428 1939,2426 1940,2425 1940,2423 1941,2422 1941,2420 1942,2419 1942,2417 1943,2416 1943,2414 1944,2413 1944,2411 1945,2410 1945,2408 1946,2407 1946,2405 1947,2404 1947,2402 1948,2401 1948,2399 1949,2398 1949,2395 1950,2394 1950,2392 1951,2391 1951,2389 1953,2387 1956,2387 1961,2382 1970,2382 1975,2387 2157,2387 2162,2392 2264,2392 2269,2397 2269,2431 2402,2431 2412,2421 2412,2416 2416,2412 2416,2407 2421,2402 2421,2318 2412,2309 2328,2309 2323,2304 2323,2274 2318,2269 2260,2269 2255,2264 2255,2220 2008,2220 2007,2219 2007,2217 2008,2216 2008,2214 2009,2213 2009,2210 2010,2209 2010,2207 2011,2206 2011,2204 2012,2203 2012,2201 2013,2200 2013,2198 2014,2197 2014,2195 2015,2194 2015,2192 2016,2191 2016,2189 2017,2188 2017,2186 2018,2185 2018,2183 2019,2182 2019,2180 2020,2179 2020,2176 2021,2175 2021,2173 2022,2172 2022,2170 2023,2169 2023,2167 2024,2166 2024,2164 2025,2163 2025,2161 2026,2160 2026,2158 2027,2157 2044,2157 2049,2152 2078,2152 2083,2157 2083,2196 2215,2196 2225,2186 2225,2181 2230,2176 2230,2171 2235,2166 2235,2162 2240,2157 2297,2157 2298,2158 2300,2158 2301,2159 2304,2159 2305,2160 2307,2160 2308,2161 2310,2161 2311,2162 2313,2162 2314,2163 2316,2163 2317,2164 2320,2164 2321,2165 2323,2165 2324,2166 2326,2166 2327,2167 2329,2167 2330,2168 2332,2168 2333,2169 2335,2169 2336,2170 2339,2170 2340,2171 2342,2171 2343,2172 2345,2172 2346,2173 2348,2173 2349,2174 2351,2174 2352,2175 2355,2175 2356,2176 2358,2176 2359,2177 2361,2177 2362,2178 2364,2178 2365,2179 2367,2179 2368,2180 2370,2180 2371,2181 2374,2181 2375,2182 2377,2182 2378,2183 2380,2183 2381,2184 2383,2184 2384,2185 2386,2185 2387,2186 2390,2186 2391,2187 2393,2187 2394,2188 2396,2188 2397,2189 2399,2189 2400,2190 2402,2190 2403,2191 2405,2191 2406,2192 2409,2192 2410,2193 2412,2193 2413,2194 2415,2194 2416,2195 2418,2195 2419,2196 2421,2196 2422,2197 2425,2197 2426,2198 2428,2198 2429,2199 2431,2199 2432,2200 2434,2200 2435,2201 2437,2201 2438,2202 2440,2202 2441,2203 2444,2203 2445,2204 2447,2204 2448,2205 2450,2205 2451,2206 2453,2206 2454,2207 2456,2207 2457,2208 2460,2208 2461,2209 2463,2209 2464,2210 2466,2210 2467,2211 2469,2211 2470,2212 2472,2212 2473,2213 2475,2213 2476,2214 2479,2214 2480,2215 2482,2215 2483,2216 2485,2216 2486,2217 2488,2217 2489,2218 2491,2218 2492,2219 2495,2219 2496,2220 2498,2220 2499,2221 2501,2221 2502,2222 2504,2222 2505,2223 2507,2223 2508,2224 2507,2225 2470,2225 2470,2274 2465,2279 2451,2279 2436,2294 2436,2382 2441,2387 2446,2387 2451,2392 2524,2392 2529,2397 2765,2397 2767,2399 2767,2400 2769,2402 2897,2402 2902,2397 2912,2397 2914,2399 2914,2400 2916,2402 3034,2402 3039,2407 3255,2407 3255,2367 3257,2365 3258,2365 3260,2363 3265,2363 3266,2362 3266,2361 3268,2359 3268,2298 3266,2296 3266,2295 3265,2294 3265,2289 3260,2284 3059,2284 3054,2279 3054,2264 2916,2264 2916,2279 2914,2281 2914,2282 2912,2284 2858,2284 2853,2279 2720,2279 2715,2284 2705,2284 2704,2283 2702,2283 2701,2282 2699,2282 2698,2281 2696,2281 2695,2280 2693,2280 2692,2279 2689,2279 2688,2278 2686,2278 2685,2277 2683,2277 2682,2276 2680,2276 2679,2275 2677,2275 2676,2274 2673,2274 2672,2273 2670,2273 2669,2272 2667,2272 2666,2271 2664,2271 2663,2270 2661,2270 2660,2269 2658,2269 2657,2268 2654,2268 2653,2267 2651,2267 2650,2266 2648,2266 2647,2265 2645,2265 2644,2264 2642,2264 2641,2263 2638,2263 2637,2262 2635,2262 2634,2261 2632,2261 2631,2260 2629,2260 2628,2259 2626,2259 2625,2258 2623,2258 2622,2257 2619,2257 2617,2255 2617,2225 2518,2225 2517,2224 2514,2224 2513,2223 2511,2223 2510,2222 2508,2222 2507,2221 2505,2221 2504,2220 2502,2220 2501,2219 2498,2219 2497,2218 2495,2218 2494,2217 2492,2217 2491,2216 2489,2216 2488,2215 2486,2215 2485,2214 2483,2214 2482,2213 2479,2213 2478,2212 2476,2212 2475,2211 2473,2211 2472,2210 2470,2210 2469,2209 2467,2209 2466,2208 2463,2208 2462,2207 2460,2207 2459,2206 2457,2206 2456,2205 2454,2205 2453,2204 2451,2204 2450,2203 2448,2203 2447,2202 2444,2202 2443,2201 2441,2201 2440,2200 2438,2200 2437,2199 2435,2199 2434,2198 2432,2198 2431,2197 2428,2197 2427,2196 2425,2196 2424,2195 2422,2195 2421,2194 2419,2194 2418,2193 2416,2193 2415,2192 2413,2192 2412,2191 2409,2191 2408,2190 2406,2190 2405,2189 2403,2189 2402,2188 2400,2188 2399,2187 2397,2187 2396,2186 2393,2186 2392,2185 2390,2185 2389,2184 2387,2184 2386,2183 2384,2183 2383,2182 2381,2182 2380,2181 2378,2181 2377,2180 2374,2180 2373,2179 2371,2179 2370,2178 2368,2178 2367,2177 2365,2177 2364,2176 2362,2176 2361,2175 2358,2175 2357,2174 2355,2174 2354,2173 2352,2173 2351,2172 2349,2172 2348,2171 2346,2171 2345,2170 2343,2170 2342,2169 2339,2169 2338,2168 2336,2168 2335,2167 2333,2167 2332,2166 2330,2166 2329,2165 2327,2165 2326,2164 2323,2164 2322,2163 2320,2163 2319,2162 2317,2162 2316,2161 2314,2161 2313,2160 2311,2160 2310,2159 2308,2159 2307,2158 2308,2157 2416,2157 2421,2162 2657,2162 2659,2164 2660,2164 2662,2166 2882,2166 2887,2171 2887,2215 3019,2215 3019,2211 3024,2206 3024,2201 3029,2196 3029,2191 3034,2186 3034,2181 3044,2171 3132,2171 3137,2176 3268,2176 3268,2103 3265,2103 3260,2098 3260,2054 3005,2054 3000,2059 2995,2059 2993,2061 2992,2061 2990,2063 2990,2083 2985,2088 2970,2088 2968,2086 2968,2085 2966,2083 2966,2068 2961,2063 2961,2059 2956,2054 2951,2054 2946,2049 2887,2049 2882,2044 2882,2029 2715,2029 2713,2027 2713,2026 2711,2024 2711,2000 2706,1995 2554,1995 2539,2010 2539,2014 2534,2019 2534,2029 2529,2034 2529,2039 2524,2044 2514,2044 2512,2042 2512,2041 2510,2039 2397,2039 2392,2034 2392,2000 2387,1995 2387,1990 2338,1990 2333,1985 2206,1985 2196,1995 2196,2034 2191,2039 2186,2039 2186,2068 2181,2073 2171,2073 2166,2068 2166,2034 2022,2034 2020,2032 2020,2031 2018,2029 2018,2028 2015,2025 2015,2024 2013,2022 2013,2021 2011,2019 2011,2018 2009,2016 2009,2015 2007,2013 2007,2012 2004,2009 2004,2008 2002,2006 2002,2005 2000,2003 2000,2002 1998,2000 1998,1999 1996,1997 1996,1996 1993,1993 1993,1992 1991,1990 1991,1989 1989,1987 1989,1986 1987,1984 1987,1983 1985,1981 1985,1980 1982,1977 1982,1976 1980,1974 1980,1973 1978,1971 1978,1970 1976,1968 1976,1967 1974,1965 1974,1964 1972,1962 1972,1961 1969,1958 1969,1957 1967,1955 1967,1954 1965,1952 1965,1951 1963,1949 1963,1948 1961,1946 1961,1945 1958,1942 1958,1941 1956,1939 1956,1938 1954,1936 1954,1935 1952,1933 1952,1932 1950,1930 1950,1929 1947,1926 1947,1925 1945,1923 1945,1922 1946,1921 2152,1921 2157,1926 2372,1926 2377,1931 2578,1931 2583,1936 2711,1936 2713,1934 2713,1933 2715,1931 2745,1931 2750,1936 2828,1936 2833,1941 2833,1980 2966,1980 2966,1961 2968,1959 2968,1958 2970,1956 2975,1956 2975,1946 2980,1941 3098,1941 3103,1946 3103,1985 3108,1990 3240,1990 3265,1965 3265,1946 3266,1945 3266,1944 3268,1942 3268,1876 3264,1872 3264,1871 3260,1867 3260,1862 3258,1860 3257,1860 3255,1858 3191,1858 3186,1853 3186,1823 3171,1823 3169,1821 3169,1820 3167,1818 3167,1804 3029,1804 3029,1813 3024,1818 2970,1818 2968,1816 2968,1815 2966,1813 2897,1813 2895,1811 2894,1811 2892,1809 2892,1799 2760,1799 2755,1804 2750,1804 2750,1809 2748,1811 2747,1811 2745,1813 2519,1813 2517,1811 2516,1811 2514,1809 2514,1794 2382,1794 2377,1789 2377,1759 2230,1759 2230,1799 2225,1804 2171,1804 2166,1809 2162,1809 2157,1804 1980,1804 1975,1799 1975,1755 1921,1755 1916,1750 1802,1750 1782,1730 1782,1729 1759,1706 1759,1705 1741,1687 1742,1686 2068,1686 2073,1691 2162,1691 2164,1693 2164,1694 2166,1696 2559,1696 2564,1701 2867,1701 2872,1706 2872,1710 3093,1710 3098,1715 3098,1745 3103,1750 3103,1755 3245,1755 3250,1750 3250,1740 3255,1735 3255,1730 3260,1725 3260,1593 3250,1583 3064,1583 3059,1578 3059,1549 3054,1544 2853,1544 2853,1578 2848,1583 2647,1583 2642,1578 2402,1578 2392,1568 2392,1558 2260,1558 2255,1563 2255,1573 2250,1578 2245,1573 2245,1534 2240,1529 2059,1529 2054,1524 1916,1524 1911,1529 1907,1529 1907,1563 1902,1568 1679,1568 1678,1567 1678,1565 1679,1564 1679,1562 1680,1561 1680,1559 1681,1558 1681,1557 1682,1556 1682,1554 1683,1553 1683,1551 1684,1550 1684,1548 1685,1547 1685,1545 1686,1544 1686,1542 1687,1541 1687,1539 1688,1538 1688,1536 1689,1535 1689,1533 1690,1532 1690,1530 1691,1529 1691,1528 1692,1527 1692,1525 1693,1524 1693,1522 1694,1521 1694,1519 1695,1518 1695,1516 1696,1515 1696,1513 1697,1512 1697,1510 1698,1509 1698,1507 1699,1506 1699,1504 1700,1503 1700,1501 1701,1500 1701,1499 1702,1498 1702,1496 1703,1495 1703,1493 1704,1492 1704,1490 1705,1489 1705,1487 1706,1486 1706,1484 1707,1483 1707,1481 1708,1480 1708,1478 1709,1477 1709,1475 1710,1474 1710,1472 1711,1471 1711,1470 1712,1469 1712,1467 1713,1466 1713,1464 1714,1463 1714,1461 1715,1460 2000,1460 2005,1465 2127,1465 2132,1470 2358,1470 2363,1475 2568,1475 2573,1470 2578,1470 2583,1475 2730,1475 2735,1480 3260,1480 3264,1476 3264,1475 3268,1471 3268,1357 3260,1357 3255,1352 3254,1352 3250,1348 3250,1338 3108,1338 3103,1343 3103,1353 3101,1355 3100,1355 3098,1357 2931,1357 2929,1355 2928,1355 2926,1353 2926,1313 2877,1313 2872,1308 2735,1308 2735,1353 2733,1355 2732,1355 2730,1357 2583,1357 2578,1352 2577,1352 2573,1348 2338,1348 2333,1343 2000,1343 1995,1338 1956,1338 1951,1333 1951,1294 1813,1294 1813,1338 1811,1340 1811,1341 1809,1343 1804,1343 1799,1338 1776,1338 1775,1337 1778,1334 1778,1333 1783,1328 1783,1327 1787,1323 1787,1322 1791,1318 1791,1317 1795,1313 1795,1312 1799,1308 1799,1307 1804,1302 1804,1301 1808,1297 1808,1296 1812,1292 1812,1291 1816,1287 1816,1286 1820,1282 1820,1281 1825,1276 1825,1275 1829,1271 1829,1270 1833,1266 1833,1265 1837,1261 1837,1260 1841,1256 1841,1255 1845,1251 1845,1250 1850,1245 1850,1244 1854,1240 1854,1239 1858,1235 1965,1235 1970,1240 2387,1240 2392,1245 2632,1245 2637,1250 3019,1250 3024,1255 3117,1255 3119,1257 3120,1257 3122,1259 3255,1259 3257,1257 3258,1257 3260,1255 3260,1142 3255,1137 3255,1132 3245,1122 3113,1122 3108,1117 3019,1117 3017,1115 3017,1114 3015,1112 3015,1083 3010,1078 2779,1078 2774,1083 2765,1083 2765,1098 2760,1103 2681,1103 2681,1112 2676,1117 2617,1117 2615,1115 2615,1114 2613,1112 2613,1078 2608,1073 2421,1073 2421,1107 2416,1112 2162,1112 2157,1107 2157,1068 1936,1068 1931,1073 1926,1073 1921,1068 1916,1068 1911,1063 1769,1063 1769,1103 1767,1105 1766,1105 1764,1107 1583,1107 1581,1105 1580,1105 1578,1103 1578,1063 1573,1058 1441,1058 1441,1093 1436,1098 1392,1098 1387,1103 1377,1103 1372,1098 1250,1098 1245,1093 1137,1093 1132,1088 1132,1058 1130,1056 1129,1056 1127,1054 980,1054 980,1088 975,1093 833,1093 828,1088 661,1088 656,1083 568,1083 563,1078 563,1044"/><TextEquiv><Unicode/></TextEquiv><TextLine id="r3_l001"><Coords points="474,1063 3202,1111 3200,1236 472,1188"/><TextEquiv index="1"><Unicode>heureux! monsieur de Verneuil est libre!</Unicode></TextEquiv></TextLine><TextLine id="r3_l002"><Coords points="419,1295 3211,1344 3209,1467 417,1418"/><TextEquiv index="1"><Unicode>on a reconnu son innocence: il sort</Unicode></TextEquiv></TextLine><TextLine id="r3_l003"><Coords points="460,1525 3202,1573 3199,1731 458,1683"/><TextEquiv index="1"><Unicode>d'ici; il a bien demand de tes nouvelles;</Unicode></TextEquiv></TextLine><TextLine id="r3_l004"><Coords points="454,1755 3212,1803 3209,1966 451,1918"/><TextEquiv index="1"><Unicode>il est libre, tranquille maintenant; et,</Unicode></TextEquiv></TextLine><TextLine id="r3_l005"><Coords points="444,1984 3212,2032 3209,2201 441,2153"/><TextEquiv index="1"><Unicode>pour comble de bonheur, il se flatte, au</Unicode></TextEquiv></TextLine><TextLine id="r3_l006"><Coords points="445,2219 3211,2267 3208,2433 442,2385"/><TextEquiv index="1"><Unicode>moyen des nouvelles lois, de rentrer</Unicode></TextEquiv></TextLine><TextLine id="r3_l007"><Coords points="440,2447 3202,2495 3199,2656 437,2608"/><TextEquiv index="1"><Unicode>dans les biens de sa famille, dont les</Unicode></TextEquiv></TextLine><TextLine id="r3_l008"><Coords points="440,2679 3197,2727 3194,2893 437,2845"/><TextEquiv index="1"><Unicode>ans, par une coutume injuste autrefois,</Unicode></TextEquiv></TextLine><TextLine id="r3_l009"><Coords points="440,2906 3176,2954 3173,3121 437,3074"/><TextEquiv index="1"><Unicode>taient enrichis aux dpens des cadets.</Unicode></TextEquiv></TextLine><TextLine id="r3_l010"><Coords points="440,3130 3197,3178 3194,3351 437,3303"/><TextEquiv index="1"><Unicode>Il est heureux, te dis-je, et ce bon ami</Unicode></TextEquiv></TextLine><TextLine id="r3_l011"><Coords points="434,3370 3187,3418 3184,3586 431,3538"/><TextEquiv index="1"><Unicode>veut, dit-il, reconnatre au centuple les</Unicode></TextEquiv></TextLine><TextLine id="r3_l012"><Coords points="434,3599 3182,3647 3179,3809 431,3761"/><TextEquiv index="1"><Unicode>faibles services que nous avons eu le</Unicode></TextEquiv></TextLine><TextLine id="r3_l013"><Coords points="434,3823 3182,3871 3179,4039 431,3991"/><TextEquiv index="1"><Unicode>bonhour de lui rendre. Jeannette, il va</Unicode></TextEquiv></TextLine><TextLine id="r3_l014"><Coords points="424,4059 3176,4107 3173,4276 421,4228"/><TextEquiv index="1"><Unicode>voyager, il va dans son pays, et tout lui</Unicode></TextEquiv></TextLine><TextLine id="r3_l015"><Coords points="424,4285 3170,4333 3167,4504 421,4456"/><TextEquiv index="1"><Unicode>fait croire qu'il triomphera de la cupi-</Unicode></TextEquiv></TextLine><TextLine id="r3_l016"><Coords points="435,4523 3166,4571 3163,4730 432,4682"/><TextEquiv index="1"><Unicode>dit de ses frres: Jeannette, tu me vois</Unicode></TextEquiv></TextLine><TextLine id="r3_l017"><Coords points="409,4751 3166,4800 3163,4958 406,4909"/><TextEquiv index="1"><Unicode>au comble de la joie!... As-tu.... d'aussi</Unicode></TextEquiv></TextLine><TextLine id="r3_l018"><Coords points="409,4981 3146,5028 3143,5157 407,5110"/><TextEquiv index="1"><Unicode>heureuses nouvelles  m'apprendre?....</Unicode></TextEquiv></TextLine><TextLine id="r3_l019"><Coords points="398,5212 3146,5260 3143,5384 396,5336"/><TextEquiv index="1"><Unicode>Madame de Saint-Albin?.... -- Madame</Unicode></TextEquiv></TextLine><TextLine id="r3_l020"><Coords points="394,5444 3145,5492 3143,5655 391,5607"/><TextEquiv index="1"><Unicode>de Saint-Albin, mademoiselle, ne con-</Unicode></TextEquiv></TextLine><TextLine id="r3_l021"><Coords points="394,5673 3140,5721 3138,5890 391,5842"/><TextEquiv index="1"><Unicode>nat pas Saint-Ange: le particulier qui</Unicode></TextEquiv></TextLine><TextLine id="r3_l022"><Coords points="389,5900 3141,5948 3137,6122 386,6074"/><TextEquiv index="1"><Unicode>est venu ici ne porte point, n'a mme</Unicode></TextEquiv></TextLine></TextRegion></Page></PcGts>