4266 7858
946 1079 3801 1243 moiselle? -- Jeannette, qu'as-tu? tu es
1033 1315 3791 1479 ple et tremblante!... -- Mademoiselle?...
1028 1550 3806 1714 -- Eh, bon dieu, comme tu es agite! tu
1033 1785 3801 1949 tombes  mes genoux, Jeannette! est-ce
1028 2021 3806 2184 l ta place? Viens dans mes bras, et
1028 2251 3811 2425 parle-moi franchement. Aurais-tu quel-
1028 2481 3806 2655 que secret  me communiquer? -- Oh
1039 2717 3811 2880 oui, mademoiselle, un secret de la plus
1044 2952 3816 3116 haute importance! -- Parle donc; tu
1044 3182 3816 3346 m'effraies, et ton tat m'afflige sensi-
1054 3417 1652 3535 blement.
1218 3648 3811 3811 Ccile fait asseoir prs d'elle Jeannette,
1059 3852 3816 4057 qui prefd enfin assez de force sur elle-
1059 4108 3080 4277 mme pour lui parler ainsi:
1223 4343 3832 4502 Vous savez, mademoiselle, que je ne
1064 4574 3827 4748 suis qu'une pauvre fille abandonne,
1074 4804 3822 4983 leve jadis par la piti d'un hospice,
1074 5039 3832 5213 et depuis par les bienfaits de vos respec-
1069 5264 3822 5443 tables parens? Mademoiselle, les miens...
1079 5500 3837 5668 ils existent .... je suis libre d'aller me jeter
1079 5735 3837 5894 dans leurs bras: on me l'a dit; ils m'at-
1079 5970 3832 6139 tendent et soupirent aprs moi... -- Que
2144 835 2692 1040 .
