4266 7844
484 1111 3241 1292 me dis - tu, Jeannette? tu as reçu des
479 1340 3241 1525 nouvelles de ta famille, et tu brûles de
479 1579 3236 1760 la connaître? Ce desir est naturel, Jean-
484 1805 3246 1997 nette, très-naturel; mais prends garde
489 2019 3241 2239 aux derniers avis que te donna mon père
489 2258 3247 2453 avant d'expirer! Qui sont-ils tes parens?
494 2487 3241 2682 Sont ils riches? -- Oui, mademoiselle,
489 2714 3241 2883 très - riches. -- Jeannette, t'a dit mon
494 2952 3241 3138 père, si tu m'en crois, tu resteras dans
489 3191 3236 3367 l'ignorance où tu as vécu jusqu'à présent:
499 3421 3251 3594 tes parens ont été assez dénaturés pour
509 3649 3256 3826 t'abandonner! s'ils sont opulens, tu t'ex-
504 3893 3240 4046 poseras à leur mépris, au veations peut-
504 4104 3246 4283 être d'héritiers avides, dont ta présence dé-
509 4333 3246 4516 truira les espérances, et qui peuvent te
504 4572 3246 4754 tourmenter de mille manières! Jeannette,
504 4796 3241 4995 voilà le moment de peser ces sages ré-
504 5024 3251 5220 ſlexions. -- Mademoiselle, je n'ai jamais
504 5256 3246 5451 oublié ces conseils dictés par la pru-
509 5487 3261 5672 dence; mais je me sens assez de fermeté
504 5720 3250 5861 pour résister à toutes les tracasseries de
508 5941 3246 6142 l'ambition ou de la cupidité. Un motif..
1575 858 2130 1097 LT.
2585 6145 2871 6432 L
