<PcGts xmlns="http://schema.primaresearch.org/PAGE/gts/pagecontent/2017-07-15" xmlns:xsi="http://www.w3.org/2001/XMLSchema-instance" xsi:schemaLocation="http://schema.primaresearch.org/PAGE/gts/pagecontent/2017-07-15 http://schema.primaresearch.org/PAGE/gts/pagecontent/2017-07-15/pagecontent.xsd"><Metadata><Creator/><Created>2020-09-22T17:20:36</Created><LastChange>1970-01-01T00:00:00</LastChange><Comments/></Metadata><Page imageFilename="0058.png" imageHeight="7914" imageWidth="4266"><ReadingOrder><OrderedGroup id="g1"><RegionRefIndexed index="0" regionRef="r1"/><RegionRefIndexed index="1" regionRef="r2"/></OrderedGroup></ReadingOrder><TextRegion id="r1" type="page-number" orientation="-1.0"><Coords points="2206,835 2201,840 2201,845 2196,850 2196,855 2191,860 2191,870 2186,875 2186,895 2181,900 2181,989 2186,994 2186,1009 2191,1013 2191,1018 2196,1023 2196,1028 2201,1033 2201,1038 2206,1043 2354,1043 2359,1038 2359,1009 2364,1004 2423,1004 2428,1009 2428,1038 2547,1038 2552,1043 2552,1048 2700,1048 2720,1028 2720,1023 2725,1018 2725,1004 2730,999 2730,974 2735,969 2735,885 2730,880 2730,870 2720,860 2720,850 2710,840 2710,835"/><TextEquiv><Unicode/></TextEquiv><TextLine id="r1_l001"><Coords points="2178,1047 2177,1047 2180,888 2180,887 2265,889 2266,888 2266,880 2267,880 2271,880 2271,879 2271,870 2272,870 2277,870 2277,869 2277,865 2278,865 2405,867 2405,867 2405,866 2406,865 2429,865 2430,865 2514,866 2515,865 2622,867 2622,866 2622,865 2623,865 2734,867 2734,866 2734,865 2735,865 2737,865 2737,865 2734,1056 2734,1057"/><TextEquiv index="1"><Unicode>.</Unicode></TextEquiv></TextLine></TextRegion><TextRegion id="r2" type="paragraph" orientation="-0.75"><Coords points="1642,1058 1642,1122 1652,1122 1654,1124 1654,1125 1656,1127 1656,1137 1654,1139 1654,1140 1652,1142 1488,1142 1483,1137 1483,1103 1478,1098 1473,1098 1471,1096 1471,1095 1469,1093 1469,1088 1464,1083 1310,1083 1310,1093 1305,1098 1290,1098 1288,1096 1288,1095 1286,1093 994,1093 989,1098 979,1098 974,1103 974,1152 969,1157 969,1216 974,1221 979,1221 984,1226 1147,1226 1152,1221 1305,1221 1310,1226 1518,1226 1523,1221 1528,1221 1533,1226 1661,1226 1666,1231 1810,1231 1815,1226 1840,1226 1842,1228 1842,1229 1844,1231 1854,1231 1859,1236 1859,1241 2003,1241 2008,1236 2008,1231 2013,1226 2018,1226 2023,1231 2023,1276 2027,1276 2032,1281 2201,1281 2201,1241 2206,1236 2314,1236 2319,1241 2398,1241 2400,1243 2400,1245 2401,1246 2401,1247 2402,1248 2402,1249 2403,1250 2403,1251 2404,1252 2404,1253 2405,1254 2405,1256 2406,1257 2406,1258 2407,1259 2407,1260 2408,1261 2408,1262 2409,1263 2409,1264 2410,1265 2410,1266 2411,1267 2411,1269 2412,1270 2412,1271 2413,1272 2413,1273 2414,1274 2414,1275 2415,1276 2415,1277 2416,1278 2416,1279 2417,1280 2417,1282 2418,1283 2418,1284 2419,1285 2419,1286 2420,1287 2420,1288 2421,1289 2421,1290 2422,1291 2422,1292 2423,1293 2423,1295 2424,1296 2424,1297 2425,1298 2425,1299 2424,1300 2309,1300 2304,1305 2300,1305 2295,1310 2295,1320 2290,1325 2290,1340 2285,1345 2220,1345 2215,1340 2215,1300 2047,1300 2047,1335 2042,1340 1869,1340 1864,1335 1617,1335 1607,1325 1607,1290 1439,1290 1439,1325 1434,1330 1295,1330 1290,1325 1290,1295 1288,1293 1288,1292 1286,1290 1286,1286 1122,1286 1120,1288 1119,1288 1117,1290 1117,1325 1112,1330 974,1330 974,1459 1117,1459 1122,1454 1226,1454 1231,1459 1380,1459 1382,1457 1382,1456 1384,1454 1414,1454 1419,1459 1513,1459 1518,1464 1671,1464 1676,1459 1701,1459 1706,1464 1899,1464 1904,1469 2116,1469 2118,1471 2119,1471 2121,1473 2478,1473 2483,1478 2486,1478 2487,1479 2487,1480 2488,1481 2488,1484 2489,1485 2489,1488 2490,1489 2490,1492 2491,1493 2491,1496 2492,1497 2492,1500 2493,1501 2493,1504 2494,1505 2494,1509 2495,1510 2495,1513 2496,1514 2496,1517 2497,1518 2497,1521 2498,1522 2498,1525 2499,1526 2499,1529 2500,1530 2500,1533 2501,1534 2501,1537 2502,1538 2502,1541 2503,1542 2503,1545 2504,1546 2504,1549 2505,1550 2505,1553 2506,1554 2506,1557 2507,1558 2507,1561 2508,1562 2508,1565 2509,1566 2509,1570 2510,1571 2510,1574 2511,1575 2511,1578 2512,1579 2512,1581 2511,1582 2443,1582 2438,1577 2295,1577 2290,1582 2270,1582 2265,1577 2206,1577 2201,1572 2201,1538 2191,1528 1924,1528 1919,1533 1919,1567 1914,1572 1666,1572 1661,1567 1661,1548 1592,1548 1587,1543 1587,1513 1434,1513 1429,1518 1419,1518 1419,1548 1414,1553 1414,1563 1412,1565 1411,1565 1409,1567 1325,1567 1323,1565 1322,1565 1320,1563 969,1563 969,1632 974,1632 979,1637 979,1661 974,1666 969,1666 964,1671 964,1731 969,1736 1162,1736 1162,1691 1167,1686 1350,1686 1355,1691 1355,1696 1686,1696 1691,1701 2057,1701 2062,1706 2210,1706 2215,1711 2502,1711 2503,1712 2503,1714 2502,1715 2502,1719 2501,1720 2501,1724 2500,1725 2500,1728 2499,1729 2499,1733 2498,1734 2498,1738 2497,1739 2497,1743 2496,1744 2496,1748 2495,1749 2495,1752 2494,1753 2494,1757 2493,1758 2493,1762 2492,1763 2492,1767 2491,1768 2491,1771 2490,1772 2490,1776 2489,1777 2489,1781 2488,1782 2488,1786 2487,1787 2487,1791 2486,1792 2486,1795 2485,1796 2485,1800 2484,1801 2484,1805 2483,1806 2483,1810 2482,1811 2482,1815 2481,1816 2481,1819 2480,1820 2403,1820 2398,1815 2398,1775 2393,1770 2230,1770 2225,1775 2225,1810 2220,1815 2215,1815 2210,1810 2210,1780 2067,1780 2067,1805 2062,1810 1914,1810 1909,1815 1899,1815 1894,1810 1790,1810 1785,1805 1785,1760 1632,1760 1622,1770 1622,1800 1617,1805 1394,1805 1389,1800 1389,1760 1384,1755 1216,1755 1216,1795 1211,1800 1004,1800 999,1805 994,1805 989,1810 979,1810 974,1815 974,1904 984,1914 994,1914 1004,1924 1004,1968 1196,1968 1196,1929 1201,1924 1295,1924 1300,1929 1300,1978 1350,1978 1355,1983 1355,1988 1350,1993 1261,1993 1256,1988 1013,1988 1011,1990 1011,1991 1009,1993 1004,1993 994,2003 994,2008 989,2013 984,2013 974,2023 974,2037 969,2042 969,2126 974,2131 974,2136 984,2146 989,2146 999,2156 1009,2156 1011,2158 1011,2159 1013,2161 1454,2161 1459,2166 1686,2166 1691,2171 2092,2171 2097,2176 2097,2225 2102,2230 2097,2235 1953,2235 1948,2240 1948,2285 1943,2290 1904,2290 1899,2285 1607,2285 1602,2280 1602,2265 1449,2265 1449,2275 1444,2280 1300,2280 1295,2275 1221,2275 1216,2270 1216,2230 1211,2225 1058,2225 1058,2265 1053,2270 964,2270 964,2339 969,2339 974,2344 974,2349 979,2354 979,2364 984,2369 989,2369 994,2374 994,2384 999,2389 999,2398 1127,2398 1132,2403 1276,2403 1281,2398 1394,2398 1399,2403 1736,2403 1741,2408 2112,2408 2114,2410 2114,2411 2116,2413 2116,2463 2300,2463 2300,2418 2302,2416 2302,2415 2304,2413 2455,2413 2456,2414 2456,2420 2457,2421 2457,2429 2458,2430 2458,2438 2459,2439 2459,2447 2460,2448 2460,2457 2461,2458 2461,2466 2462,2467 2462,2475 2463,2476 2463,2485 2464,2486 2464,2494 2465,2495 2465,2503 2466,2504 2466,2512 2467,2513 2467,2516 2466,2517 2354,2517 2354,2527 2349,2532 2161,2532 2156,2527 1953,2527 1948,2522 1805,2522 1800,2527 1785,2527 1780,2532 1775,2532 1765,2542 1765,2547 1760,2552 1755,2547 1755,2542 1750,2537 1750,2532 1748,2530 1748,2529 1746,2527 1701,2527 1696,2522 1681,2522 1676,2517 1676,2507 1622,2507 1617,2502 1617,2497 1469,2497 1469,2502 1464,2507 1464,2512 1459,2517 1192,2517 1187,2512 1187,2468 984,2468 984,2532 1009,2532 1011,2534 1011,2535 1013,2537 1013,2547 1011,2549 1011,2550 1009,2552 979,2552 974,2557 974,2631 984,2641 1286,2641 1288,2639 1288,2638 1290,2636 1305,2636 1310,2641 1518,2641 1523,2646 1661,2646 1666,2651 1666,2690 1815,2690 1825,2680 1825,2670 1827,2668 1828,2668 1830,2666 1830,2656 1835,2651 2013,2651 2018,2646 2047,2646 2052,2651 2354,2651 2359,2656 2451,2656 2452,2657 2452,2660 2451,2661 2451,2665 2450,2666 2450,2669 2449,2670 2449,2674 2448,2675 2448,2679 2447,2680 2447,2684 2446,2685 2446,2688 2445,2689 2445,2693 2444,2694 2444,2698 2443,2699 2443,2702 2442,2703 2442,2707 2441,2708 2441,2712 2440,2713 2440,2716 2439,2717 2439,2721 2438,2722 2438,2726 2437,2727 2437,2731 2436,2732 2436,2735 2435,2736 2435,2740 2434,2741 2433,2740 2433,2725 2428,2720 2423,2720 2418,2715 2260,2715 2255,2720 2250,2720 2245,2725 2245,2755 2240,2760 2171,2760 2169,2762 2168,2762 2166,2764 2116,2764 2112,2760 1874,2760 1872,2762 1871,2762 1869,2764 1810,2764 1805,2759 1804,2759 1800,2755 1676,2755 1671,2750 1671,2740 1666,2735 1518,2735 1513,2740 1513,2755 1508,2760 1493,2760 1488,2755 1488,2710 1469,2710 1464,2705 1320,2705 1315,2710 1315,2750 1310,2755 1256,2755 1251,2750 1251,2715 1246,2710 1246,2705 1043,2705 1043,2735 1038,2740 1009,2740 1004,2745 984,2745 984,2750 977,2757 976,2757 969,2764 969,2873 989,2873 994,2878 1137,2878 1142,2873 1300,2873 1305,2878 1642,2878 1647,2883 1755,2883 1760,2888 1760,2933 1938,2933 1938,2888 1943,2883 1967,2883 1968,2884 1970,2884 1971,2885 1973,2885 1974,2886 1976,2886 1977,2887 1979,2887 1980,2888 1982,2888 1983,2889 1984,2889 1985,2890 1987,2890 1988,2891 1990,2891 1991,2892 1993,2892 1994,2893 1996,2893 1997,2894 1999,2894 2000,2895 2002,2895 2003,2896 2005,2896 2006,2897 2007,2897 2008,2898 2010,2898 2011,2899 2013,2899 2014,2900 2016,2900 2017,2901 2019,2901 2020,2902 2022,2902 2023,2903 2025,2903 2026,2904 2027,2904 2028,2905 2030,2905 2031,2906 2033,2906 2034,2907 2036,2907 2037,2908 2039,2908 2040,2909 2042,2909 2043,2910 2045,2910 2046,2911 2047,2911 2048,2912 2050,2912 2051,2913 2053,2913 2054,2914 2056,2914 2057,2915 2059,2915 2060,2916 2062,2916 2063,2917 2065,2917 2066,2918 2067,2918 2068,2919 2070,2919 2071,2920 2073,2920 2074,2921 2076,2921 2077,2922 2079,2922 2080,2923 2082,2923 2083,2924 2085,2924 2086,2925 2087,2925 2088,2926 2090,2926 2091,2927 2093,2927 2094,2928 2096,2928 2097,2929 2099,2929 2100,2930 2102,2930 2103,2931 2105,2931 2106,2932 2107,2932 2108,2933 2110,2933 2111,2934 2113,2934 2114,2935 2116,2935 2117,2936 2119,2936 2120,2937 2122,2937 2123,2938 2125,2938 2126,2939 2127,2939 2128,2940 2130,2940 2131,2941 2133,2941 2134,2942 2136,2942 2137,2943 2139,2943 2140,2944 2142,2944 2143,2945 2145,2945 2146,2946 2147,2946 2148,2947 2150,2947 2151,2948 2153,2948 2154,2949 2156,2949 2157,2950 2159,2950 2160,2951 2162,2951 2163,2952 2165,2952 2166,2953 2167,2953 2168,2954 2170,2954 2171,2955 2173,2955 2174,2956 2176,2956 2177,2957 2179,2957 2180,2958 2182,2958 2183,2959 2185,2959 2186,2960 2187,2960 2188,2961 2190,2961 2191,2962 2193,2962 2194,2963 2196,2963 2197,2964 2199,2964 2200,2965 2202,2965 2203,2966 2205,2966 2206,2967 2207,2967 2208,2968 2210,2968 2211,2969 2213,2969 2214,2970 2216,2970 2217,2971 2219,2971 2220,2972 2222,2972 2223,2973 2225,2973 2226,2974 2227,2974 2228,2975 2230,2975 2231,2976 2233,2976 2234,2977 2236,2977 2237,2978 2239,2978 2240,2979 2242,2979 2243,2980 2245,2980 2246,2981 2247,2981 2248,2982 2249,2982 2250,2983 2250,2992 2245,2997 1840,2997 1835,2992 1835,2972 1790,2972 1785,2967 1785,2962 1642,2962 1642,2967 1637,2972 1632,2972 1632,2982 1622,2992 1350,2992 1345,2987 1345,2943 1152,2943 1150,2945 1149,2945 1147,2947 1147,3007 1167,3007 1172,3012 1172,3017 1162,3027 1142,3027 1137,3032 1137,3106 1142,3106 1147,3111 1152,3111 1157,3116 1300,3116 1305,3111 1627,3111 1632,3116 1844,3116 1849,3121 2433,3121 2438,3126 2474,3126 2537,3189 2536,3190 2507,3190 2507,3224 2502,3229 2295,3229 2290,3224 2290,3220 2176,3220 2171,3215 2171,3180 2023,3180 2018,3185 1859,3185 1859,3220 1857,3222 1856,3222 1854,3224 1671,3224 1669,3222 1668,3222 1666,3220 1503,3220 1501,3222 1500,3222 1498,3224 1496,3222 1495,3222 1493,3220 1444,3220 1439,3215 1330,3215 1325,3210 1325,3175 1320,3170 1177,3170 1172,3175 1172,3195 1167,3200 1117,3200 1117,3205 1112,3210 1004,3210 999,3215 984,3215 979,3220 974,3220 972,3222 971,3222 969,3224 969,3328 974,3333 974,3343 1483,3343 1488,3348 1736,3348 1741,3353 1884,3353 1889,3348 1929,3348 1931,3350 1931,3351 1933,3353 2166,3353 2171,3358 2314,3358 2319,3353 2502,3353 2505,3356 2501,3360 2500,3360 2491,3369 2490,3369 2482,3377 2481,3377 2472,3386 2471,3386 2463,3394 2462,3394 2453,3403 2452,3403 2444,3411 2443,3411 2435,3419 2434,3419 2425,3428 2424,3428 2416,3436 2415,3436 2406,3445 2405,3445 2397,3453 2396,3453 2387,3462 2386,3462 2381,3467 2037,3467 2032,3462 2032,3427 2027,3422 2027,3421 2023,3417 1869,3417 1869,3422 1864,3427 1859,3427 1859,3457 1854,3462 1810,3462 1805,3457 1805,3422 1800,3417 1429,3417 1429,3432 1424,3437 1276,3437 1276,3442 1271,3447 1221,3447 1216,3442 1216,3412 1211,3407 1063,3407 1058,3412 1058,3442 1053,3447 984,3447 984,3452 979,3457 979,3462 974,3467 974,3496 969,3501 969,3561 974,3566 974,3571 979,3576 1043,3576 1048,3581 1048,3620 1196,3620 1211,3605 1211,3595 1216,3590 1216,3586 1221,3581 1563,3581 1565,3583 1565,3584 1567,3586 1904,3586 1906,3588 1907,3588 1909,3590 1909,3635 2067,3635 2072,3630 2072,3625 2077,3620 2077,3605 2082,3600 2082,3595 2087,3590 2201,3590 2206,3595 2206,3635 2208,3637 2208,3638 2210,3640 2389,3640 2391,3638 2391,3637 2393,3635 2395,3637 2395,3638 2396,3639 2396,3640 2397,3641 2397,3642 2398,3643 2398,3644 2400,3646 2400,3647 2401,3648 2401,3649 2402,3650 2402,3651 2403,3652 2403,3653 2404,3654 2403,3655 2359,3655 2354,3660 2349,3660 2349,3670 2344,3675 2339,3670 2339,3655 2121,3655 2121,3689 2116,3694 2114,3692 2114,3691 2112,3689 2112,3650 1958,3650 1958,3689 1953,3694 1835,3694 1830,3689 1790,3689 1785,3684 1785,3645 1612,3645 1612,3684 1607,3689 1567,3689 1565,3687 1565,3686 1563,3684 1419,3684 1414,3689 1389,3689 1384,3684 1187,3684 1185,3682 1184,3682 1182,3680 1182,3640 1009,3640 1009,3684 1004,3689 984,3689 984,3694 979,3699 979,3704 974,3709 974,3714 969,3719 969,3793 979,3803 989,3803 994,3808 1083,3808 1088,3813 1221,3813 1226,3818 1226,3853 1320,3853 1325,3858 1325,3877 1469,3877 1469,3818 1471,3816 1471,3815 1473,3813 1553,3813 1558,3818 2018,3818 2023,3823 2349,3823 2354,3828 2458,3828 2459,3829 2459,3837 2460,3838 2460,3846 2461,3847 2461,3855 2462,3856 2462,3863 2463,3864 2463,3872 2464,3873 2464,3881 2465,3882 2465,3890 2466,3891 2466,3899 2467,3900 2467,3908 2468,3909 2468,3911 2467,3912 2374,3912 2374,3922 2369,3927 2334,3927 2329,3922 2329,3887 2324,3882 2052,3882 2052,3922 2047,3927 1948,3927 1943,3922 1716,3922 1711,3927 1706,3927 1706,3932 1696,3942 1691,3937 1691,3927 1686,3922 1681,3922 1676,3917 1187,3917 1182,3912 1182,3877 1177,3872 1009,3872 1009,3917 1004,3922 994,3922 989,3927 984,3927 974,3937 974,4031 979,4036 994,4036 999,4041 1073,4041 1078,4046 1587,4046 1589,4048 1590,4048 1592,4050 1592,4085 1741,4085 1745,4081 1745,4080 1750,4075 1750,4070 1755,4065 1755,4060 1765,4050 1924,4050 1929,4055 2072,4055 2077,4050 2121,4050 2126,4055 2379,4055 2384,4060 2459,4060 2460,4061 2460,4064 2459,4065 2459,4068 2458,4069 2458,4073 2457,4074 2457,4078 2456,4079 2456,4083 2455,4084 2455,4088 2454,4089 2454,4093 2453,4094 2453,4098 2452,4099 2452,4102 2451,4103 2451,4107 2450,4108 2450,4112 2449,4113 2449,4117 2448,4118 2448,4122 2447,4123 2447,4124 2446,4125 2398,4125 2393,4120 2349,4120 2344,4115 2201,4115 2196,4120 2032,4120 2027,4125 2027,4144 2025,4146 2025,4147 2023,4149 2023,4154 2018,4159 1746,4159 1741,4154 1741,4115 1582,4115 1582,4149 1577,4154 1399,4154 1392,4147 1391,4147 1384,4140 1226,4140 1224,4142 1223,4142 1221,4144 1221,4149 1216,4154 979,4154 974,4159 969,4159 969,4224 974,4224 979,4229 979,4253 974,4258 969,4258 969,4327 1157,4327 1157,4283 1162,4278 1449,4278 1454,4283 1454,4288 1597,4288 1597,4283 1602,4278 1755,4278 1760,4283 1760,4288 1953,4288 1958,4293 2102,4293 2107,4288 2290,4288 2295,4293 2432,4293 2433,4294 2433,4298 2434,4299 2434,4317 2435,4318 2435,4336 2436,4337 2436,4356 2437,4357 2437,4375 2438,4376 2438,4394 2439,4395 2439,4396 2438,4397 2107,4397 2102,4392 2102,4352 2097,4347 1953,4347 1948,4352 1933,4352 1933,4387 1931,4389 1931,4390 1929,4392 1820,4392 1815,4387 1755,4387 1750,4382 1750,4342 1748,4340 1748,4339 1746,4337 1587,4337 1587,4382 1582,4387 1211,4387 1206,4382 1206,4367 1063,4367 1063,4377 1058,4382 969,4382 969,4506 1187,4506 1189,4508 1190,4508 1192,4510 1335,4510 1337,4508 1338,4508 1340,4506 1399,4506 1401,4508 1402,4508 1404,4510 1815,4510 1820,4515 2141,4515 2146,4520 2146,4570 2314,4570 2319,4575 2314,4580 2290,4580 2280,4590 2280,4624 2275,4629 2176,4629 2171,4624 2116,4624 2114,4622 2114,4621 2112,4619 2112,4575 1953,4575 1953,4619 1948,4624 1820,4624 1815,4619 1671,4619 1666,4624 1661,4624 1656,4619 1656,4570 1538,4570 1533,4565 1389,4565 1384,4570 1384,4600 1380,4604 1330,4604 1330,4614 1325,4619 1281,4619 1276,4614 1004,4614 999,4619 994,4619 989,4624 984,4624 979,4629 979,4634 974,4639 974,4713 979,4718 979,4728 984,4733 994,4733 999,4738 1335,4738 1340,4743 1592,4743 1597,4738 1637,4738 1647,4748 1647,4792 1835,4792 1835,4748 1840,4743 1938,4743 1943,4748 1943,4792 2097,4792 2101,4788 2102,4788 2107,4783 2107,4773 2112,4768 2112,4753 2114,4751 2114,4750 2116,4748 2319,4748 2324,4753 2324,4802 2417,4802 2418,4803 2418,4809 2417,4810 2417,4816 2416,4817 2374,4817 2374,4857 2369,4862 2181,4862 2176,4857 2023,4857 2018,4852 2018,4812 1770,4812 1770,4852 1765,4857 1760,4857 1755,4852 1755,4812 1696,4812 1691,4807 1523,4807 1523,4847 1518,4852 1498,4852 1493,4847 1493,4807 1340,4807 1340,4847 1335,4852 1196,4852 1194,4850 1194,4849 1192,4847 1192,4802 1028,4802 1023,4807 984,4807 984,4867 989,4867 994,4872 1013,4872 1018,4877 1016,4879 1015,4879 1013,4881 999,4881 994,4886 984,4886 974,4896 974,4961 979,4966 979,4970 984,4975 1513,4975 1518,4980 2013,4980 2018,4985 2245,4985 2250,4990 2403,4990 2408,4985 2443,4985 2448,4990 2458,4990 2460,4992 2460,4993 2461,4994 2461,4995 2462,4996 2462,4997 2464,4999 2464,5000 2465,5001 2465,5002 2466,5003 2466,5004 2467,5005 2467,5006 2468,5007 2468,5008 2469,5009 2469,5010 2470,5011 2470,5012 2471,5013 2471,5014 2472,5015 2472,5016 2473,5017 2473,5018 2474,5019 2474,5020 2475,5021 2475,5022 2476,5023 2476,5024 2477,5025 2477,5026 2478,5027 2478,5028 2479,5029 2479,5030 2480,5031 2480,5032 2481,5033 2481,5034 2482,5035 2482,5036 2483,5037 2483,5038 2484,5039 2484,5040 2485,5041 2485,5042 2486,5043 2486,5044 2487,5045 2487,5046 2488,5047 2488,5048 2489,5049 2489,5050 2490,5051 2490,5052 2491,5053 2491,5054 2490,5055 2364,5055 2364,5089 2359,5094 2300,5094 2295,5089 2295,5074 2290,5069 2146,5069 2141,5074 2136,5074 2136,5089 2131,5094 1825,5094 1820,5089 1676,5089 1671,5094 1632,5094 1627,5089 1567,5089 1565,5087 1565,5086 1563,5084 1563,5040 1394,5040 1394,5079 1389,5084 1187,5084 1182,5079 1182,5040 1177,5035 1172,5035 1167,5030 1013,5030 1011,5032 1011,5033 1009,5035 1009,5079 999,5089 994,5089 989,5094 979,5094 979,5099 974,5104 974,5109 969,5114 969,5173 974,5178 974,5188 979,5193 979,5198 984,5203 1073,5203 1078,5208 1464,5208 1469,5213 1780,5213 1785,5218 2501,5218 2502,5219 2501,5220 2501,5221 2500,5222 2500,5224 2499,5225 2499,5227 2498,5228 2498,5230 2497,5231 2497,5232 2496,5233 2496,5235 2495,5236 2495,5238 2494,5239 2494,5241 2493,5242 2493,5244 2492,5245 2492,5246 2491,5247 2491,5249 2490,5250 2490,5252 2489,5253 2489,5255 2488,5256 2488,5258 2487,5259 2487,5260 2486,5261 2486,5263 2485,5264 2485,5266 2484,5267 2484,5269 2483,5270 2483,5271 2482,5272 2482,5274 2481,5275 2481,5277 2480,5278 2480,5280 2479,5281 2479,5283 2478,5284 2478,5285 2477,5286 2477,5288 2476,5289 2476,5291 2475,5292 2475,5294 2474,5295 2474,5296 2473,5297 2473,5299 2472,5300 2472,5302 2471,5303 2471,5305 2470,5306 2470,5308 2469,5309 2469,5310 2468,5311 2468,5313 2467,5314 2467,5316 2466,5317 2466,5319 2465,5320 2465,5321 2464,5322 2443,5322 2438,5327 2349,5327 2344,5322 2121,5322 2116,5317 2116,5282 2114,5280 2114,5279 2112,5277 1948,5277 1943,5282 1943,5317 1938,5322 1691,5322 1686,5317 1627,5317 1622,5312 1622,5277 1612,5277 1607,5272 1548,5272 1543,5267 1543,5228 1538,5223 1394,5223 1389,5228 1389,5287 1394,5292 1444,5292 1449,5297 1449,5312 1444,5317 1399,5317 1394,5312 1231,5312 1226,5307 969,5307 969,5381 974,5381 979,5386 979,5411 984,5416 984,5421 989,5421 996,5428 997,5428 1004,5435 1004,5440 1360,5440 1365,5445 1365,5485 1384,5485 1389,5490 1538,5490 1543,5485 1548,5485 1548,5450 1553,5445 1666,5445 1671,5450 1671,5475 1676,5480 1676,5485 1681,5490 1676,5495 1563,5495 1563,5510 1558,5515 1449,5515 1444,5520 1444,5549 1439,5554 1360,5554 1355,5549 1355,5510 1350,5505 1206,5505 1201,5510 1201,5544 1196,5549 974,5549 969,5554 969,5604 964,5609 964,5678 969,5683 1117,5683 1122,5678 1251,5678 1256,5683 1558,5683 1563,5688 1983,5688 1988,5693 2161,5693 2166,5688 2339,5688 2344,5693 2417,5693 2419,5695 2419,5729 2420,5730 2420,5763 2421,5764 2421,5798 2422,5799 2422,5800 2421,5801 2181,5801 2179,5799 2178,5799 2176,5797 2176,5762 2171,5757 1929,5757 1924,5752 1770,5752 1770,5787 1765,5792 1691,5792 1686,5787 1686,5757 1681,5752 1632,5752 1627,5747 1483,5747 1478,5752 1478,5787 1473,5792 1231,5792 1226,5787 1226,5747 1221,5742 974,5742 969,5747 969,5816 989,5816 999,5826 999,5846 1004,5851 1004,5861 1008,5865 1008,5866 1013,5871 1013,5881 1018,5886 1018,5900 1023,5905 1023,5915 1028,5920 1172,5920 1177,5915 1330,5915 1335,5920 1642,5920 1647,5925 1988,5925 1993,5930 2191,5930 2196,5925 2265,5925 2270,5930 2270,5970 2418,5970 2428,5960 2428,5955 2433,5950 2434,5951 2434,5953 2435,5954 2435,5962 2436,5963 2436,5971 2437,5972 2437,5979 2438,5980 2438,5988 2439,5989 2439,5997 2440,5998 2440,6006 2441,6007 2441,6015 2442,6016 2442,6024 2443,6025 2443,6033 2444,6034 2444,6042 2445,6043 2445,6051 2446,6052 2446,6059 2447,6060 2447,6068 2446,6069 2389,6069 2389,6083 2384,6088 2334,6088 2329,6083 2329,6078 2176,6078 2176,6083 2171,6088 2092,6088 2087,6083 2087,6044 2082,6039 1889,6039 1884,6034 1884,5999 1879,5994 1706,5994 1706,6019 1701,6024 1597,6024 1587,6034 1394,6034 1389,6029 1068,6029 1063,6024 1063,6014 920,6014 920,6073 964,6073 969,6078 969,6093 974,6098 979,6098 984,6103 984,6113 994,6113 999,6118 999,6133 1004,6138 1004,6163 1236,6163 1241,6158 1246,6163 1424,6163 1426,6165 1427,6165 1429,6167 1572,6167 1574,6165 1575,6165 1577,6163 1587,6163 1589,6165 1590,6165 1592,6167 1899,6167 1904,6172 2423,6172 2427,6168 2428,6168 2433,6163 2433,6158 2438,6153 2596,6153 2601,6158 2601,6172 2730,6172 2735,6177 2745,6177 2750,6182 2893,6182 2893,6177 2898,6172 2987,6172 2992,6177 2992,6222 3017,6222 3021,6226 3170,6226 3170,6187 3175,6182 3279,6182 3284,6177 3709,6177 3714,6182 3714,6217 3867,6217 3882,6202 3897,6202 3897,6143 3892,6138 3892,6108 3887,6108 3882,6103 3882,6098 3877,6093 3808,6093 3803,6088 3803,6004 3650,6004 3650,6044 3645,6049 3383,6049 3378,6044 3378,6034 3224,6034 3224,6044 3222,6046 3222,6047 3220,6049 3061,6049 3056,6044 3056,6009 3051,6004 3002,6004 2997,5999 2849,5999 2844,6004 2839,6004 2834,5999 2690,5999 2685,6004 2601,6004 2601,6064 2596,6069 2450,6069 2449,6068 2449,6061 2448,6060 2448,6052 2447,6051 2447,6043 2446,6042 2446,6034 2445,6033 2445,6025 2444,6024 2444,6016 2443,6015 2443,6007 2442,6006 2442,5998 2441,5997 2441,5989 2440,5988 2440,5980 2439,5979 2439,5972 2438,5971 2438,5963 2437,5962 2437,5954 2436,5953 2436,5945 2435,5944 2435,5936 2434,5935 2434,5934 2438,5930 2992,5930 2997,5935 3343,5935 3348,5940 3492,5940 3494,5938 3494,5937 3496,5935 3595,5935 3600,5940 3714,5940 3719,5945 3719,5980 3867,5980 3877,5970 3877,5965 3887,5955 3897,5955 3897,5876 3892,5871 3892,5866 3887,5866 3877,5856 3788,5856 3783,5851 3783,5811 3773,5811 3771,5809 3771,5808 3769,5806 3610,5806 3605,5811 3576,5811 3571,5806 3427,5806 3422,5811 3403,5811 3398,5806 3027,5806 3022,5801 3022,5762 2863,5762 2863,5797 2861,5799 2860,5799 2858,5801 2804,5801 2799,5806 2700,5806 2695,5801 2695,5787 2542,5787 2542,5801 2537,5806 2433,5806 2428,5801 2425,5801 2424,5800 2424,5799 2423,5798 2423,5765 2422,5764 2422,5730 2421,5729 2421,5695 2420,5694 2421,5693 2636,5693 2641,5698 2641,5737 2824,5737 2824,5698 2829,5693 3071,5693 3076,5698 3229,5698 3234,5693 3239,5698 3882,5698 3882,5693 3887,5688 3892,5688 3897,5683 3897,5599 3892,5594 3892,5584 3882,5584 3877,5579 3877,5574 3818,5574 3813,5569 3813,5529 3645,5529 3645,5569 3640,5574 3600,5574 3595,5569 3452,5569 3447,5564 3447,5529 3442,5524 3294,5524 3289,5529 3289,5559 3284,5564 3249,5564 3244,5569 3170,5569 3165,5564 2962,5564 2957,5569 2819,5569 2814,5564 2418,5564 2417,5563 2417,5556 2416,5555 2416,5521 2415,5520 2415,5486 2414,5485 2414,5467 2415,5466 2415,5464 2416,5463 2416,5461 2417,5460 2417,5459 2418,5458 2418,5456 2419,5455 2419,5453 2420,5452 2420,5451 2421,5450 2636,5450 2641,5455 2641,5495 2646,5500 2646,5505 2789,5505 2789,5500 2799,5490 2799,5485 2804,5480 2804,5475 2809,5470 2809,5460 2814,5455 3714,5455 3719,5460 3719,5500 3724,5505 3867,5505 3867,5500 3872,5495 3877,5495 3882,5490 3882,5465 3887,5460 3892,5460 3892,5391 3887,5391 3882,5386 3882,5346 3877,5341 3877,5337 3872,5332 3615,5332 3610,5327 3610,5287 3457,5287 3457,5307 3452,5312 3447,5312 3442,5307 3442,5292 3437,5287 3160,5287 3155,5292 3155,5297 3150,5302 3150,5312 3145,5317 3145,5322 3140,5327 3076,5327 3071,5332 3012,5332 3002,5322 3002,5312 2849,5312 2849,5322 2844,5327 2819,5327 2814,5322 2814,5292 2809,5287 2809,5282 2656,5282 2656,5322 2651,5327 2601,5327 2596,5322 2468,5322 2467,5321 2467,5319 2468,5318 2468,5317 2469,5316 2469,5314 2470,5313 2470,5311 2471,5310 2471,5308 2472,5307 2472,5306 2473,5305 2473,5303 2474,5302 2474,5300 2475,5299 2475,5297 2476,5296 2476,5294 2477,5293 2477,5292 2478,5291 2478,5289 2479,5288 2479,5286 2480,5285 2480,5283 2481,5282 2481,5280 2482,5279 2482,5278 2483,5277 2483,5275 2484,5274 2484,5272 2485,5271 2485,5269 2486,5268 2486,5267 2487,5266 2487,5264 2488,5263 2488,5261 2489,5260 2489,5258 2490,5257 2490,5255 2491,5254 2491,5253 2492,5252 2492,5250 2493,5249 2493,5247 2494,5246 2494,5244 2495,5243 2495,5241 2496,5240 2496,5239 2497,5238 2497,5236 2498,5235 2498,5233 2499,5232 2499,5230 2500,5229 2500,5228 2501,5227 2501,5225 2502,5224 2502,5222 2503,5221 2503,5219 2504,5218 2532,5218 2537,5223 2695,5223 2700,5218 2799,5218 2804,5223 2913,5223 2918,5228 2918,5272 3101,5272 3101,5233 3106,5228 3175,5228 3180,5223 3294,5223 3299,5228 3576,5228 3581,5223 3605,5223 3610,5228 3610,5277 3788,5277 3788,5233 3793,5228 3872,5228 3877,5223 3882,5223 3887,5218 3892,5218 3897,5213 3897,5198 3902,5193 3911,5193 3911,5134 3902,5134 3897,5129 3897,5119 3892,5114 3892,5064 3887,5064 3885,5062 3884,5062 3882,5060 3729,5060 3729,5074 3724,5079 3724,5099 3719,5104 3452,5104 3447,5099 3447,5089 3294,5089 3294,5099 3289,5104 3249,5104 3244,5099 3244,5055 3086,5055 3086,5099 3081,5104 3036,5104 3034,5102 3034,5101 3032,5099 2883,5099 2878,5104 2824,5104 2819,5099 2537,5099 2532,5094 2532,5089 2527,5084 2527,5069 2522,5064 2522,5055 2494,5055 2493,5054 2493,5053 2492,5052 2492,5051 2491,5050 2491,5049 2490,5048 2490,5047 2489,5046 2489,5045 2488,5044 2488,5043 2487,5042 2487,5041 2486,5040 2486,5039 2485,5038 2485,5037 2484,5036 2484,5035 2483,5034 2483,5033 2482,5032 2482,5031 2481,5030 2481,5029 2480,5028 2480,5027 2478,5025 2478,5024 2477,5023 2477,5022 2476,5021 2476,5020 2475,5019 2475,5018 2474,5017 2474,5016 2473,5015 2473,5014 2472,5013 2472,5012 2471,5011 2471,5010 2470,5009 2470,5008 2469,5007 2469,5006 2468,5005 2468,5004 2467,5003 2467,5002 2466,5001 2466,5000 2465,4999 2465,4998 2464,4997 2464,4996 2463,4995 2463,4994 2462,4993 2462,4992 2461,4991 2462,4990 2992,4990 2997,4995 3328,4995 3333,5000 3333,5045 3521,5045 3521,5020 3526,5015 3526,5000 3531,4995 3645,4995 3650,5000 3803,5000 3808,4995 3877,4995 3877,4956 3882,4951 3897,4951 3897,4872 3744,4872 3739,4867 3739,4862 3694,4862 3689,4857 3645,4857 3640,4852 3640,4822 3492,4822 3487,4827 3487,4872 3482,4877 3383,4877 3378,4872 2972,4872 2967,4867 2967,4862 2962,4857 2962,4822 2957,4817 2799,4817 2794,4822 2794,4862 2789,4867 2774,4867 2769,4862 2769,4847 2611,4847 2606,4852 2601,4852 2596,4857 2596,4862 2591,4867 2547,4867 2542,4862 2542,4817 2420,4817 2419,4816 2419,4810 2420,4809 2420,4803 2421,4802 2487,4802 2487,4797 2492,4792 2492,4783 2497,4778 2497,4758 2502,4753 3032,4753 3034,4755 3034,4756 3036,4758 3492,4758 3494,4760 3494,4761 3496,4763 3640,4763 3645,4758 3872,4758 3877,4753 3877,4748 3882,4743 3882,4684 3877,4679 3833,4679 3828,4674 3828,4654 3823,4649 3823,4644 3818,4639 3734,4639 3729,4634 3729,4590 3576,4590 3571,4595 3571,4634 3566,4639 3407,4639 3405,4637 3405,4636 3403,4634 3403,4585 3398,4585 3393,4580 3393,4535 3398,4530 3546,4530 3551,4535 3877,4535 3882,4530 3892,4530 3892,4506 3897,4501 3902,4501 3902,4436 3897,4436 3892,4431 3892,4407 3882,4407 3877,4402 3877,4397 3872,4392 3719,4392 3714,4397 3714,4402 3709,4407 3665,4407 3660,4402 3660,4392 3655,4387 3655,4362 3492,4362 3487,4367 3487,4402 3482,4407 3130,4407 3128,4405 3128,4404 3126,4402 3116,4402 3106,4392 3106,4387 2947,4387 2947,4392 2945,4394 2945,4395 2943,4397 2908,4397 2903,4402 2844,4402 2839,4397 2839,4357 2794,4357 2789,4352 2641,4352 2636,4357 2636,4397 2631,4402 2572,4402 2567,4397 2442,4397 2441,4396 2441,4395 2440,4394 2440,4376 2439,4375 2439,4357 2438,4356 2438,4337 2437,4336 2437,4318 2436,4317 2436,4299 2435,4298 2435,4294 2436,4293 2562,4293 2567,4298 2567,4332 2572,4337 2715,4337 2720,4332 2720,4327 2724,4323 2725,4323 2730,4318 2730,4313 2735,4308 2735,4298 2740,4293 2745,4293 2750,4298 3190,4298 3195,4303 3195,4347 3373,4347 3373,4308 3378,4303 3823,4303 3823,4278 3828,4273 3892,4273 3892,4204 3833,4204 3828,4199 3828,4189 3818,4179 3764,4179 3759,4174 3759,4135 3586,4135 3586,4169 3581,4174 3452,4174 3447,4169 3447,4135 3442,4130 3289,4130 3284,4135 3279,4135 3279,4169 3274,4174 3012,4174 3007,4169 2755,4169 2750,4174 2745,4174 2740,4179 2735,4179 2725,4189 2725,4199 2720,4204 2656,4204 2651,4199 2651,4179 2641,4169 2586,4169 2581,4164 2507,4164 2502,4159 2502,4149 2463,4149 2458,4144 2457,4144 2453,4140 2453,4135 2448,4130 2448,4128 2449,4127 2449,4123 2450,4122 2450,4118 2451,4117 2451,4113 2452,4112 2452,4108 2453,4107 2453,4103 2454,4102 2454,4098 2455,4097 2455,4094 2456,4093 2456,4089 2457,4088 2457,4084 2458,4083 2458,4079 2459,4078 2459,4074 2460,4073 2460,4069 2461,4068 2461,4064 2462,4063 2462,4061 2463,4060 2527,4060 2532,4055 2636,4055 2641,4060 2641,4100 2789,4100 2794,4095 2794,4090 2804,4080 2804,4070 2814,4060 3244,4060 3249,4065 3492,4065 3494,4067 3494,4068 3496,4070 3496,4110 3680,4110 3680,4070 3682,4068 3682,4067 3684,4065 3714,4065 3719,4070 3882,4070 3887,4065 3897,4065 3897,4060 3907,4050 3907,3991 3902,3991 3897,3986 3897,3942 3877,3942 3872,3937 3719,3937 3714,3942 3581,3942 3576,3937 3457,3937 3452,3932 3452,3897 3259,3897 3259,3932 3254,3937 3130,3937 3128,3935 3128,3934 3126,3932 3121,3932 3111,3922 3111,3892 2943,3892 2943,3932 2938,3937 2933,3932 2784,3932 2779,3937 2769,3937 2764,3932 2537,3932 2532,3927 2532,3917 2527,3912 2471,3912 2470,3911 2470,3909 2469,3908 2469,3900 2468,3899 2468,3891 2467,3890 2467,3882 2466,3881 2466,3873 2465,3872 2465,3864 2464,3863 2464,3856 2463,3855 2463,3847 2462,3846 2462,3838 2461,3837 2461,3829 2462,3828 2576,3828 2581,3833 2725,3833 2730,3828 2893,3828 2898,3833 3284,3833 3289,3838 3492,3838 3494,3840 3494,3841 3496,3843 3496,3882 3501,3887 3655,3887 3660,3882 3670,3882 3670,3843 3675,3838 3882,3838 3887,3833 3897,3833 3902,3828 3902,3754 3897,3749 3897,3719 3892,3714 3887,3714 3882,3709 3833,3709 3828,3704 3828,3665 3675,3665 3670,3670 3670,3709 3665,3714 3556,3714 3546,3704 3546,3694 3536,3684 3535,3684 3526,3675 3521,3675 3516,3670 3447,3670 3442,3665 3294,3665 3289,3670 3289,3704 3284,3709 3140,3709 3135,3704 3135,3665 3130,3660 2883,3660 2883,3684 2878,3689 2873,3684 2873,3665 2868,3660 2715,3660 2715,3699 2710,3704 2532,3704 2527,3699 2527,3660 2522,3655 2407,3655 2405,3653 2405,3652 2404,3651 2404,3650 2402,3648 2402,3647 2401,3646 2401,3645 2400,3644 2400,3643 2399,3642 2399,3641 2398,3640 2398,3639 2396,3637 2396,3636 2395,3635 2395,3634 2394,3633 2394,3632 2393,3631 2393,3600 2398,3595 3086,3595 3091,3600 3492,3600 3494,3602 3494,3603 3496,3605 3496,3650 3675,3650 3675,3610 3680,3605 3744,3605 3749,3600 3823,3600 3823,3586 3828,3581 3902,3581 3907,3576 3907,3506 3902,3501 3848,3501 3843,3496 3843,3482 3838,3477 3684,3477 3682,3479 3682,3480 3680,3482 3551,3482 3546,3477 3541,3477 3536,3472 3536,3452 3531,3447 3531,3442 3521,3432 3368,3432 3368,3452 3363,3457 3234,3457 3229,3462 3229,3472 3224,3477 3111,3477 3106,3472 2779,3472 2774,3467 2661,3467 2656,3462 2656,3417 2512,3417 2512,3457 2507,3462 2393,3462 2391,3464 2391,3465 2389,3467 2387,3467 2386,3466 2393,3459 2394,3459 2403,3450 2404,3450 2412,3442 2413,3442 2422,3433 2423,3433 2431,3425 2432,3425 2440,3417 2441,3417 2450,3408 2451,3408 2459,3400 2460,3400 2469,3391 2470,3391 2478,3383 2479,3383 2488,3374 2489,3374 2497,3366 2498,3366 2506,3358 2507,3359 2507,3363 2656,3363 2661,3358 3017,3358 3022,3363 3022,3403 3150,3403 3152,3405 3153,3405 3155,3407 3155,3412 3328,3412 3328,3368 3333,3363 3388,3363 3393,3368 3719,3368 3724,3373 3872,3373 3882,3363 3892,3363 3892,3343 3897,3338 3897,3333 3902,3328 3907,3328 3907,3264 3902,3259 3902,3254 3887,3254 3882,3249 3818,3249 3813,3244 3813,3200 3803,3200 3798,3195 3655,3195 3650,3200 3590,3200 3588,3202 3588,3203 3586,3205 3586,3244 3581,3249 3551,3249 3546,3244 3496,3244 3494,3242 3494,3241 3492,3239 3492,3200 3487,3195 3338,3195 3333,3200 3333,3229 3328,3234 3309,3234 3309,3239 3304,3244 3180,3244 3175,3239 3175,3234 3032,3234 3027,3229 3027,3195 3022,3190 2769,3190 2769,3229 2764,3234 2745,3234 2740,3229 2740,3200 2735,3195 2735,3190 2700,3190 2695,3185 2552,3185 2547,3190 2542,3190 2479,3127 2480,3126 2626,3126 2628,3128 2629,3128 2631,3130 3076,3130 3081,3135 3521,3135 3526,3140 3818,3140 3818,3121 3823,3116 3907,3116 3907,3056 3902,3056 3897,3051 3897,3046 3892,3041 3843,3041 3838,3036 3838,3027 3828,3017 3447,3017 3442,3012 3051,3012 3046,3007 3046,2962 3036,2962 3034,2960 3034,2959 3032,2957 2839,2957 2834,2962 2809,2962 2804,2957 2621,2957 2616,2962 2611,2962 2606,2967 2601,2967 2596,2962 2596,2957 2591,2952 2448,2952 2443,2957 2443,2997 2438,3002 2413,3002 2408,2997 2408,2977 2387,2977 2386,2976 2387,2975 2387,2971 2388,2970 2388,2967 2389,2966 2389,2962 2390,2961 2390,2957 2391,2956 2391,2953 2392,2952 2392,2948 2393,2947 2393,2943 2394,2942 2394,2938 2395,2937 2395,2934 2396,2933 2396,2929 2397,2928 2397,2924 2398,2923 2398,2920 2399,2919 2399,2915 2400,2914 2400,2910 2401,2909 2401,2905 2402,2904 2402,2901 2403,2900 2403,2896 2404,2895 2404,2891 2405,2890 2405,2889 2406,2888 2413,2888 2418,2883 2418,2858 2423,2853 2428,2853 2430,2851 2431,2851 2433,2849 2433,2755 2434,2754 2434,2750 2435,2749 2435,2746 2436,2745 2436,2741 2437,2740 2437,2736 2438,2735 2438,2731 2439,2730 2439,2727 2440,2726 2440,2722 2441,2721 2441,2717 2442,2716 2442,2713 2443,2712 2443,2708 2444,2707 2444,2703 2445,2702 2445,2698 2446,2697 2446,2694 2447,2693 2447,2689 2448,2688 2448,2684 2449,2683 2449,2680 2450,2679 2450,2675 2451,2674 2451,2670 2452,2669 2452,2666 2453,2665 2453,2661 2454,2660 2454,2657 2455,2656 2581,2656 2586,2661 2586,2715 2740,2715 2740,2666 2745,2661 3017,2661 3022,2666 3536,2666 3538,2668 3539,2668 3541,2670 3541,2675 3793,2675 3793,2670 3795,2668 3796,2668 3798,2666 3843,2666 3843,2651 3848,2646 3897,2646 3902,2641 3902,2581 3897,2576 3828,2576 3826,2574 3825,2574 3823,2572 3823,2552 3818,2547 3764,2547 3759,2542 3759,2512 3754,2512 3749,2507 3704,2507 3699,2502 3699,2497 3541,2497 3541,2502 3536,2507 3536,2527 3531,2532 3442,2532 3442,2542 3437,2547 3249,2547 3244,2542 3111,2542 3106,2537 3106,2517 3111,2512 3165,2512 3170,2507 3175,2507 3175,2448 3170,2443 3017,2443 3017,2483 3015,2485 3014,2485 3012,2487 2873,2487 2868,2492 2868,2532 2863,2537 2814,2537 2809,2532 2809,2522 2804,2517 2661,2517 2656,2522 2656,2532 2651,2537 2636,2537 2631,2532 2522,2532 2517,2527 2517,2522 2512,2517 2470,2517 2469,2516 2469,2514 2468,2513 2468,2504 2467,2503 2467,2495 2466,2494 2466,2486 2465,2485 2465,2476 2464,2475 2464,2467 2463,2466 2463,2458 2462,2457 2462,2449 2461,2448 2461,2439 2460,2438 2460,2430 2459,2429 2459,2421 2458,2420 2458,2414 2459,2413 2552,2413 2557,2418 2695,2418 2700,2423 3165,2423 3165,2418 3170,2413 3170,2403 3175,2398 3180,2398 3185,2403 3338,2403 3343,2408 3343,2423 3467,2423 3472,2428 3551,2428 3556,2433 3556,2438 3714,2438 3719,2443 3719,2478 3867,2478 3882,2463 3882,2453 3887,2448 3892,2448 3892,2428 3897,2423 3902,2423 3902,2349 3877,2349 3872,2344 3818,2344 3813,2339 3813,2314 3808,2309 3798,2309 3793,2304 3744,2304 3742,2302 3741,2302 3739,2300 3739,2260 3590,2260 3588,2262 3588,2263 3586,2265 3521,2265 3516,2260 3348,2260 3348,2324 3343,2329 3274,2329 3269,2324 3170,2324 3165,2319 3165,2260 3160,2255 3012,2255 3007,2260 3007,2295 3002,2300 2928,2300 2923,2295 2774,2295 2769,2300 2715,2300 2710,2295 2670,2295 2668,2293 2668,2292 2666,2290 2666,2260 2661,2260 2656,2255 2656,2250 2487,2250 2487,2290 2485,2292 2485,2293 2483,2295 2446,2295 2445,2294 2445,2291 2444,2290 2444,2282 2443,2281 2443,2272 2442,2271 2442,2263 2441,2262 2441,2254 2440,2253 2440,2244 2439,2243 2439,2235 2438,2234 2438,2231 2439,2230 2611,2230 2611,2186 2616,2181 2720,2181 2725,2186 2725,2230 2873,2230 2878,2225 2883,2225 2888,2220 2888,2215 2893,2210 2893,2196 2898,2191 3185,2191 3190,2196 3709,2196 3714,2201 3872,2201 3882,2191 3892,2191 3892,2166 3897,2161 3911,2161 3911,2102 3902,2102 3897,2097 3897,2092 3892,2087 3892,2077 3882,2077 3877,2072 3581,2072 3576,2067 3576,2023 3412,2023 3410,2025 3409,2025 3407,2027 3407,2062 3405,2064 3405,2065 3403,2067 2957,2067 2952,2062 2903,2062 2898,2057 2898,2023 2893,2018 2745,2018 2740,2023 2735,2023 2735,2057 2730,2062 2601,2062 2596,2057 2453,2057 2448,2062 2443,2057 2434,2057 2433,2056 2433,2055 2434,2054 2434,2050 2435,2049 2435,2045 2436,2044 2436,2041 2437,2040 2437,2036 2438,2035 2438,2031 2439,2030 2439,2026 2440,2025 2440,2021 2441,2020 2441,2017 2442,2016 2442,2012 2443,2011 2443,2007 2444,2006 2444,2002 2445,2001 2445,1997 2446,1996 2446,1993 2447,1992 2447,1988 2448,1987 2448,1983 2449,1982 2449,1978 2450,1977 2450,1973 2451,1972 2451,1969 2452,1968 2452,1964 2453,1963 2453,1959 2454,1958 2454,1954 2455,1953 2455,1950 2457,1948 2666,1948 2668,1950 2668,1951 2670,1953 2863,1953 2868,1958 2868,1998 3022,1998 3032,1988 3032,1983 3034,1981 3034,1980 3036,1978 3036,1973 3041,1968 3041,1963 3046,1958 3185,1958 3190,1963 3333,1963 3338,1958 3462,1958 3467,1963 3882,1963 3887,1958 3897,1958 3897,1889 3887,1879 3838,1879 3833,1874 3833,1795 3828,1790 3680,1790 3675,1795 3675,1830 3670,1835 3650,1835 3645,1830 3645,1790 3472,1790 3472,1830 3467,1835 3407,1835 3405,1833 3405,1832 3403,1830 3403,1790 3398,1785 3249,1785 3244,1790 3239,1790 3239,1825 3234,1830 3046,1830 3041,1825 3041,1785 3036,1780 2888,1780 2883,1785 2883,1790 2878,1795 2878,1820 2873,1825 2824,1825 2819,1820 2819,1805 2670,1805 2668,1807 2668,1808 2666,1810 2666,1815 2661,1820 2484,1820 2483,1819 2483,1815 2484,1814 2484,1811 2485,1810 2485,1806 2486,1805 2486,1801 2487,1800 2487,1796 2488,1795 2488,1791 2489,1790 2489,1787 2490,1786 2490,1782 2491,1781 2491,1777 2492,1776 2492,1772 2493,1771 2493,1768 2494,1767 2494,1763 2495,1762 2495,1758 2496,1757 2496,1753 2497,1752 2497,1748 2498,1747 2498,1744 2499,1743 2499,1739 2500,1738 2500,1734 2501,1733 2501,1729 2502,1728 2502,1724 2503,1723 2503,1720 2504,1719 2504,1715 2505,1714 2505,1712 2506,1711 2557,1711 2562,1716 2562,1755 2740,1755 2740,1721 2745,1716 2814,1716 2819,1721 2967,1721 2972,1716 2997,1716 3002,1721 3215,1721 3220,1726 3220,1770 3407,1770 3407,1726 3412,1721 3487,1721 3492,1726 3902,1726 3907,1721 3907,1597 3897,1597 3892,1592 3892,1587 3887,1587 3882,1582 3729,1582 3729,1592 3724,1597 3675,1597 3670,1592 3670,1553 3506,1553 3501,1558 3501,1592 3496,1597 3452,1597 3447,1592 3447,1538 3299,1538 3294,1543 3294,1592 3289,1597 3220,1597 3220,1622 3215,1627 3116,1627 3111,1622 3111,1592 3106,1587 2972,1587 2967,1582 2967,1577 2962,1572 2918,1572 2913,1567 2868,1567 2866,1565 2865,1565 2863,1563 2863,1543 2710,1543 2705,1548 2705,1582 2700,1587 2616,1587 2611,1582 2515,1582 2514,1581 2514,1579 2513,1578 2513,1575 2512,1574 2512,1571 2511,1570 2511,1567 2510,1566 2510,1563 2509,1562 2509,1559 2508,1558 2508,1554 2507,1553 2507,1550 2506,1549 2506,1546 2505,1545 2505,1542 2504,1541 2504,1538 2503,1537 2503,1534 2502,1533 2502,1530 2501,1529 2501,1526 2500,1525 2500,1522 2499,1521 2499,1518 2498,1517 2498,1514 2497,1513 2497,1510 2496,1509 2496,1506 2495,1505 2495,1502 2494,1501 2494,1498 2493,1497 2493,1493 2492,1492 2492,1489 2491,1488 2491,1485 2490,1484 2490,1481 2489,1480 2489,1479 2490,1478 2918,1478 2923,1483 3403,1483 3405,1485 3405,1486 3407,1488 3719,1488 3724,1493 3724,1513 3877,1513 3887,1503 3892,1503 3911,1484 3911,1418 3897,1404 3823,1404 3818,1399 3818,1384 3816,1382 3815,1382 3813,1380 3813,1370 3808,1365 3739,1365 3734,1360 3734,1320 3506,1320 3501,1315 3353,1315 3348,1320 3348,1355 3343,1360 3333,1360 3328,1355 3190,1355 3185,1350 3185,1315 3180,1310 2750,1310 2750,1375 2760,1375 2762,1377 2762,1378 2764,1380 2764,1389 2762,1391 2762,1392 2760,1394 2735,1394 2730,1389 2730,1365 2720,1355 2656,1355 2651,1350 2483,1350 2478,1345 2478,1305 2473,1300 2428,1300 2427,1299 2427,1298 2426,1297 2426,1296 2425,1295 2425,1294 2424,1293 2424,1292 2423,1291 2423,1289 2422,1288 2422,1287 2421,1286 2421,1285 2420,1284 2420,1283 2419,1282 2419,1281 2418,1280 2418,1279 2417,1278 2417,1276 2416,1275 2416,1274 2415,1273 2415,1272 2414,1271 2414,1270 2413,1269 2413,1268 2412,1267 2412,1266 2411,1265 2411,1263 2410,1262 2410,1261 2409,1260 2409,1259 2408,1258 2408,1257 2407,1256 2407,1255 2406,1254 2406,1253 2405,1252 2405,1250 2404,1249 2404,1248 2403,1247 2403,1246 2402,1245 2402,1244 2401,1243 2401,1242 2402,1241 2730,1241 2735,1246 3121,1246 3126,1251 3333,1251 3338,1256 3338,1261 3487,1261 3492,1256 3719,1256 3724,1261 3724,1300 3867,1300 3872,1295 3877,1295 3877,1290 3879,1288 3880,1288 3882,1286 3882,1281 3887,1276 3892,1276 3897,1271 3897,1266 3911,1252 3911,1191 3897,1177 3887,1177 3882,1172 3818,1172 3813,1167 3813,1137 3808,1132 3808,1127 3536,1127 3531,1122 3284,1122 3279,1117 3017,1117 3012,1122 3007,1122 3002,1117 2705,1117 2700,1112 2700,1107 2698,1105 2697,1105 2695,1103 2695,1098 2547,1098 2542,1103 2542,1107 2537,1112 2364,1112 2359,1107 2359,1063 2206,1063 2206,1068 2201,1073 2201,1103 2199,1105 2198,1105 2196,1107 2057,1107 2055,1105 2054,1105 2052,1103 1904,1103 1899,1098 1899,1058"/><TextEquiv><Unicode/></TextEquiv><TextLine id="r2_l001"><Coords points="1042,1075 3845,1112 3843,1279 1040,1242"/><TextEquiv index="1"><Unicode>secret.... bien puissant sur mon cœur,</Unicode></TextEquiv></TextLine><TextLine id="r2_l002"><Coords points="1046,1310 3850,1347 3848,1489 1044,1452"/><TextEquiv index="1"><Unicode>m'en donnera la force. Mademoiselle,</Unicode></TextEquiv></TextLine><TextLine id="r2_l003"><Coords points="2633,1730 2632,1729 2633,1686 2632,1686 2452,1683 2451,1684 2297,1682 2297,1683 2297,1684 2296,1684 2287,1684 2287,1684 2287,1682 2286,1681 2132,1679 2132,1679 2132,1677 2131,1676 1931,1673 1930,1674 1855,1674 1854,1674 1766,1673 1765,1674 1761,1674 1761,1674 1761,1672 1760,1671 1549,1668 1548,1669 1442,1668 1441,1669 1426,1669 1426,1668 1426,1665 1425,1665 1215,1662 1214,1663 1076,1661 1076,1662 1076,1673 1075,1673 1055,1673 1055,1673 1055,1659 1054,1658 1050,1658 1050,1657 1051,1607 1050,1607 1040,1607 1040,1606 1040,1591 1040,1591 1090,1591 1091,1590 1167,1591 1168,1591 1245,1592 1246,1591 1250,1591 1251,1591 1251,1594 1251,1595 1425,1597 1426,1596 1477,1597 1478,1596 1482,1596 1483,1595 1483,1581 1483,1581 1487,1581 1488,1580 1488,1545 1489,1545 1499,1545 1499,1545 1499,1574 1499,1575 1503,1575 1504,1574 1504,1540 1505,1540 1519,1540 1519,1541 1519,1575 1519,1575 1590,1576 1591,1577 1591,1601 1591,1601 1702,1602 1703,1602 1778,1602 1779,1602 1854,1602 1855,1601 1931,1602 1932,1602 1987,1602 1988,1602 1988,1561 1989,1560 1993,1560 1993,1560 1993,1556 1994,1555 2107,1557 2107,1556 2107,1555 2108,1555 2122,1555 2122,1555 2122,1559 2123,1560 2127,1560 2127,1561 2127,1566 2128,1566 2132,1566 2132,1567 2132,1606 2132,1606 2193,1607 2194,1607 2194,1609 2194,1610 2363,1612 2364,1612 2364,1608 2364,1607 2368,1607 2369,1608 2369,1610 2369,1610 2542,1612 2543,1612 2544,1612 2545,1612 2545,1615 2545,1616 2695,1617 2696,1617 2775,1618 2776,1617 2776,1576 2777,1576 2782,1576 2782,1575 2782,1571 2783,1571 2797,1571 2797,1571 2797,1595 2797,1596 2842,1596 2843,1597 2843,1601 2843,1601 2894,1602 2895,1603 2895,1607 2895,1607 2899,1607 2900,1608 2900,1615 2900,1615 3038,1617 3039,1617 3039,1619 3040,1621 3039,1622 3040,1622 3044,1622 3044,1623 3044,1662 3044,1662 3172,1664 3173,1663 3183,1663 3184,1662 3184,1658 3185,1658 3292,1659 3292,1659 3292,1628 3293,1627 3306,1627 3307,1627 3363,1627 3363,1627 3364,1572 3365,1571 3369,1571 3369,1571 3369,1567 3370,1566 3379,1566 3379,1567 3378,1627 3379,1627 3390,1628 3391,1627 3458,1627 3459,1626 3569,1628 3569,1627 3570,1586 3571,1586 3575,1586 3575,1586 3575,1582 3576,1581 3601,1581 3601,1582 3601,1623 3602,1624 3601,1626 3602,1626 3801,1629 3801,1628 3802,1612 3802,1612 3816,1612 3817,1613 3817,1617 3817,1617 3822,1617 3823,1618 3822,1627 3823,1627 3838,1627 3838,1628 3838,1694 3837,1694 3833,1694 3833,1695 3833,1699 3832,1699 3761,1698 3760,1699 3688,1698 3687,1699 3611,1698 3610,1699 3560,1699 3560,1698 3560,1696 3559,1696 3354,1693 3353,1694 3324,1694 3324,1694 3323,1708 3323,1709 3308,1709 3307,1708 3308,1698 3307,1697 3307,1696 3306,1695 3137,1693 3136,1694 3075,1693 3074,1694 3070,1694 3070,1694 3070,1691 3069,1690 2910,1688 2909,1689 2900,1689 2900,1690 2900,1694 2899,1694 2890,1694 2890,1694 2890,1692 2889,1691 2674,1688 2674,1689 2673,1730 2673,1730"/><TextEquiv index="1"><Unicode>permettez-moi de vous quitter.... pendant</Unicode></TextEquiv></TextLine><TextLine id="r2_l004"><Coords points="1684,1957 1683,1956 1371,1952 1370,1952 1370,1946 1370,1945 1104,1942 1091,1929 1091,1914 1091,1913 1091,1896 1090,1896 1066,1895 1066,1895 1066,1891 1065,1890 1055,1890 1055,1890 1055,1886 1054,1885 1050,1885 1050,1884 1050,1880 1049,1880 1045,1880 1045,1879 1045,1844 1046,1844 1050,1844 1050,1843 1050,1839 1051,1839 1060,1839 1060,1839 1061,1834 1061,1833 1065,1833 1066,1833 1066,1829 1066,1828 1096,1829 1097,1828 1192,1829 1193,1828 1286,1829 1287,1829 1287,1788 1288,1787 1701,1792 1702,1792 2302,1799 2302,1799 2302,1798 2303,1797 2312,1797 2313,1797 2323,1797 2323,1797 2323,1799 2324,1800 3760,1818 3761,1819 3761,1822 3761,1822 3765,1823 3766,1823 3765,1869 3766,1870 3766,1905 3766,1906 3816,1906 3817,1907 3817,1911 3817,1911 3822,1911 3823,1912 3823,1916 3823,1916 3832,1916 3833,1917 3833,1921 3832,1921 3829,1921 3829,1922 3829,1931 3828,1931 3824,1931 3824,1932 3823,1937 3823,1937 3763,1936 3762,1937 3684,1936 3683,1937 3550,1936 3549,1937 3267,1933 3266,1933 3266,1936 3266,1937 2973,1933 2972,1934 2972,1942 2972,1942 2968,1942 2967,1943 2967,1952 2967,1952 2963,1952 2962,1953 2962,1962 2962,1962 2958,1962 2957,1962 2957,1966 2956,1967 2952,1967 2952,1967 2952,1972 2951,1973 2941,1973 2941,1972 2941,1929 2941,1929 1716,1913 1716,1913 1715,1925 1715,1926 1711,1926 1710,1926 1710,1936 1710,1937 1706,1937 1705,1937 1705,1946 1705,1947 1701,1947 1699,1948 1699,1952 1699,1952 1695,1952 1694,1953 1694,1957 1693,1957"/><TextEquiv index="1"><Unicode>quelques jours seulement: je reviendrai.</Unicode></TextEquiv></TextLine><TextLine id="r2_l005"><Coords points="1042,2004 3845,2041 3842,2226 1039,2189"/><TextEquiv index="1"><Unicode>Oh! ne doutez pas que je ne revienne</Unicode></TextEquiv></TextLine><TextLine id="r2_l006"><Coords points="1037,2253 3835,2290 3833,2458 1034,2421"/><TextEquiv index="1"><Unicode>vivre et mourir près de vous! -- Mais,</Unicode></TextEquiv></TextLine><TextLine id="r2_l007"><Coords points="1046,2494 3834,2531 3832,2705 1044,2668"/><TextEquiv index="1"><Unicode>Jeannette, comment as-tu découvert l'a-</Unicode></TextEquiv></TextLine><TextLine id="r2_l008"><Coords points="1041,2729 2365,2747 2363,2913 1039,2895"/><TextEquiv index="1"><Unicode>sile de tes parens?</Unicode></TextEquiv></TextLine><TextLine id="r2_l009"><Coords points="1207,2966 3840,3000 3838,3126 1206,3092"/><TextEquiv index="1"><Unicode>Jeannette raconte à Cécile sa conver-</Unicode></TextEquiv></TextLine><TextLine id="r2_l010"><Coords points="1041,3190 3839,3227 3837,3393 1039,3356"/><TextEquiv index="1"><Unicode>sation avec la sœur Emilie; puis elle</Unicode></TextEquiv></TextLine><TextLine id="r2_l011"><Coords points="1042,3427 3840,3463 3838,3637 1040,3600"/><TextEquiv index="1"><Unicode>ajoute: Il n'y a pas un moment à per-</Unicode></TextEquiv></TextLine><TextLine id="r2_l012"><Coords points="1042,3659 3835,3695 3832,3885 1040,3849"/><TextEquiv index="1"><Unicode>dre; mademoiselle le voit bien. Depuis</Unicode></TextEquiv></TextLine><TextLine id="r2_l013"><Coords points="1046,3895 3840,3931 3838,4090 1044,4054"/><TextEquiv index="1"><Unicode>deux ans, ce cultivateur, ce bon Jacques</Unicode></TextEquiv></TextLine><TextLine id="r2_l014"><Coords points="3267,4322 3266,4322 3266,4321 3266,4320 2643,4312 2642,4312 2642,4308 2642,4307 2638,4307 2637,4306 2638,4274 2637,4274 1529,4259 1529,4260 1529,4261 1528,4261 1076,4256 1076,4256 1076,4262 1075,4263 1050,4262 1050,4262 1051,4205 1050,4204 1050,4200 1049,4199 1040,4199 1040,4199 1040,4189 1040,4188 1049,4188 1050,4188 1050,4184 1050,4183 1075,4184 1076,4183 1152,4184 1153,4183 1291,4184 1292,4184 1292,4174 1292,4173 1297,4173 1298,4173 1298,4169 1299,4168 1305,4169 1306,4168 1652,4172 1653,4172 1653,4143 1654,4142 1662,4142 1662,4142 1662,4138 1663,4137 2266,4145 2266,4145 2266,4143 2267,4142 3374,4157 3374,4157 3374,4158 3375,4159 3689,4163 3689,4163 3689,4207 3689,4208 3749,4209 3750,4209 3750,4213 3750,4214 3755,4214 3756,4214 3756,4218 3756,4219 3760,4219 3761,4219 3761,4220 3762,4221 3761,4234 3762,4235 3823,4235 3823,4236 3823,4250 3823,4250 3757,4250 3756,4250 3756,4275 3755,4276 3748,4276 3747,4276 3663,4275 3662,4276 3524,4275 3523,4276 3519,4276 3518,4276 3431,4275 3430,4276 3308,4275 3308,4275 3307,4321 3307,4322 3290,4322 3289,4322"/><TextEquiv index="1"><Unicode>peut avoir cessé d'être, ou ne plus de-</Unicode></TextEquiv></TextLine><TextLine id="r2_l015"><Coords points="3282,4554 3281,4554 3281,4550 3281,4549 3277,4549 3276,4548 2556,4539 2555,4538 2556,4516 2555,4516 2415,4514 2412,4511 2411,4511 2410,4510 2409,4510 2408,4509 2407,4509 2406,4508 2405,4508 2404,4507 2225,4505 2225,4504 2225,4497 2224,4497 1264,4484 1264,4485 1264,4487 1263,4487 1261,4487 1261,4486 1261,4485 1260,4485 1040,4482 1040,4482 1041,4426 1040,4425 1040,4411 1040,4410 1073,4411 1074,4410 1132,4410 1133,4410 1133,4395 1134,4394 1657,4401 1658,4401 1658,4370 1659,4369 2709,4383 2709,4382 2709,4379 2710,4379 2720,4379 2720,4380 2720,4383 2721,4383 3560,4394 3560,4394 3560,4390 3561,4389 3585,4389 3585,4390 3585,4415 3585,4415 3590,4415 3591,4416 3591,4417 3591,4417 3807,4420 3808,4421 3808,4425 3808,4425 3811,4425 3812,4426 3812,4436 3812,4436 3822,4436 3823,4437 3823,4450 3824,4451 3823,4466 3824,4467 3833,4467 3833,4467 3833,4476 3833,4477 3824,4477 3823,4477 3823,4503 3822,4503 3812,4503 3812,4504 3812,4508 3811,4508 3668,4506 3668,4507 3668,4508 3667,4508 3324,4504 3324,4504 3323,4553 3323,4554 3289,4554 3288,4555"/><TextEquiv index="1"><Unicode>meurer dans le pavs; il est cependant</Unicode></TextEquiv></TextLine><TextLine id="r2_l016"><Coords points="1047,4587 3819,4623 3817,4795 1045,4759"/><TextEquiv index="1"><Unicode>essentiel que je m'y rende dès demain.</Unicode></TextEquiv></TextLine><TextLine id="r2_l017"><Coords points="1047,4821 3834,4857 3832,5024 1045,4988"/><TextEquiv index="1"><Unicode>Je suis désolée sans doute de vous quitter</Unicode></TextEquiv></TextLine><TextLine id="r2_l018"><Coords points="1042,5055 3845,5091 3842,5285 1039,5249"/><TextEquiv index="1"><Unicode>dans le moment où un espoir trompé</Unicode></TextEquiv></TextLine><TextLine id="r2_l019"><Coords points="1041,5285 3825,5321 3822,5498 1039,5462"/><TextEquiv index="1"><Unicode>vous plonge dans une juste affliction;</Unicode></TextEquiv></TextLine><TextLine id="r2_l020"><Coords points="1037,5516 3830,5552 3827,5729 1035,5693"/><TextEquiv index="1"><Unicode>mais c'est un bonheur que monsieur de</Unicode></TextEquiv></TextLine><TextLine id="r2_l021"><Coords points="1041,5767 3830,5803 3828,5966 1038,5930"/><TextEquiv index="1"><Unicode>Verneuil soit libre; cet ami vous verra,</Unicode></TextEquiv></TextLine><TextLine id="r2_l022"><Coords points="990,5998 3835,6035 3833,6213 987,6176"/><TextEquiv index="1"><Unicode>vous consolera. ... -- Et il part anssi,</Unicode></TextEquiv></TextLine></TextRegion></Page></PcGts>