4266 7844
567 1107 3297 1281 lement était l'objet de mes vœux; je
561 1347 3302 1516 n'osais vous en dépouiller, et vous me
551 1577 3297 1751 l'offrez avec tant de générosité! ... Cé-
561 1807 3297 1975 cile, mademoiselle, puisque vous l'exi-
556 2041 3307 2205 gez, j'accepte cinquante francs; et si
551 2266 3312 2429 j'ai le bonheur de les voir fructifier, vous
556 2496 3307 2659 me permettrez bientôt de vous les rendre,
561 2720 3312 2894 avec... les intérêts? Oui, n'est - ce pas?
556 2960 3307 3129 vous ne rougirez pas de recevoir de la
556 3190 3312 3353 main de votre anrie une restitution qu'elle
551 3414 3307 3583 vous doit, ainsi qu'à la mémoire de vos
556 3644 3312 3812 chers parens, de mes généreux bienfai-
551 3879 3317 4042 teurs!... -- Ne parlons pas de cela,
556 4103 3317 4277 Jeannette; j'estime trop l'amitié pour
551 4343 3312 4507 rougir de ses bienfaits. -- Oh! comme
551 4578 3312 4700 ce mot me console! comme il rafraîchit
555 4807 3321 4975 mon sang! il me donne du courage pour
556 5032 3307 5206 vous quitter, oui, pour vous quitter!...
546 5267 3312 5435 -- Jeannette, je crois t'entendre; mais
551 5497 3312 5675 je sais que l'amitié doit mettre plus de
572 5731 3322 5910 bornes au plaisir de recevoir qu'à celui
577 5951 3338 6124 d'offrir. Va, Jeannette, cours embrasser
1720 893 2123 1056 e.
