4266 7844
1608 845 2173 1048 n.
514 1051 3266 1262 d'une autre écriture que le corps de la
520 1290 3283 1490 lettre, au crayon et sans orthographe, ce
504 1518 3266 1718 qui annonçait qu'elles avaient été écrites
509 1750 3272 1904 de la main d'un subalterne. Les admi-
504 1978 3271 2179 nistrateurs de l'hospice avaient mis au
509 2204 3281 2393 bas de ce papier la date du jour et de
499 2439 3265 2601 l'année où on leur avait apporté l'en-
499 2673 3266 2867 fant. Jeannette prit ce papier, sa petite
499 2910 3277 3102 somme, et le lendemain matin elle
503 3142 3267 3333 se sépara, non sans douleur et sans ver-
499 3370 3262 3560 ser des larmes, de sa chère Cécile, à
499 3602 3265 3781 qui elle promit d'écrire souvent, et de
499 3828 3251 4023 revenir le plutôt possible. Suivons Jean-
417 4057 3262 4253 nette, à qui il va arriver bien des évé-
488 4294 3247 4487 nemens: nous pourrons être quelque tems
493 4518 3227 4717 sans revoir Cécile; mais ce n'est pas elle,
483 4748 3231 4946 c'est la bonne Jeannette qui est l'héroïne
489 4966 1609 5117 de cette histoire.
