4266 8011
1225 1506 3588 1626 CHa
1706 1831 3124 1998 Tendresse réciproque.
1011 2211 3817 2393 Jeannette, son petit paquet sous le
1016 2451 3828 2638 bras, ses papiers dans son porte-feuille,
1010 2679 3829 2877 mais le cœur serré, l'œil humide de
1015 2915 3834 3116 larmes, s'en alla d'abord, sans s'arrêter,
1015 3150 3830 3361 jusqu'à Versailles, où elle se reposa quel-
1021 3391 3835 3590 ques momens. De là elle fut dîner à
1042 3629 3838 3829 'rape, et coucher à Rambouillet: c'é-
1021 3863 3845 4065 tait avoir considérablement marché pour
1027 4077 3845 4310 une femme! Pendant la nuit, elle ne
1047 4339 3864 4526 out dormir; elle pensa sans cesse à sa
1036 4578 3855 4782 chère Cécile, qui, de son côté, sans
1036 4813 3856 5018 doute, ne pouvait goûter de repos; et
1046 5041 3860 5247 Jeannette, aussi éloignée d'elle que si
1041 5279 3849 5489 elle en eût été séparée par l'immensité
1041 5510 3849 5716 des mers, eut du regret d'avoir quitté
1047 5743 3860 5945 cette sensible amie. Jeannette n'avait ja-
1054 5977 3874 6159 mais connu l'amour; mais elle plaignait
2104 849 2688 1055 L
