4266 7844
1735 857 2144 1026 i.
536 1082 3282 1250 ceux que cette funeste passion dominait:
546 1317 3297 1480 Ccile, loin de son amant, de son petit
541 1552 3297 1715 Charles et de Jeannette, lui parut tre
536 1771 3297 1915 parvenue au comble de l'infortune: Jean-
535 2010 3296 2178 nette se repentit de l'avoir laisse seule
536 2241 3292 2409 sa douleur, et peu s'en fallut qu'elle
536 2475 3297 2644 ne projett de revenir le lendemain
536 2715 3297 2873 Paris; mais elle rflchit bientt au but
540 2944 3291 3102 de son vovage, et sentant combien des
541 3180 3292 3343 changemons dans sa fortune et dans sa
541 3409 3287 3573 situation seraient intressans pour son
546 3639 3292 3802 amie, elle se raffermit davantage dans
546 3874 3287 4037 son projet. Jeannette tait bonne, etmme
546 4108 3287 4277 timide; mais elle avait beaucoup de ca-
541 4328 3287 4491 ractre; et quand elle avait form une
546 4563 3287 4726 entreprise, rien ne pouvait l'empcher
555 4786 3286 4944 de l'excuter: fermet, constance, pru-
485 5017 3287 5180 dence et patience, elle runissait tout
550 5246 3286 5409 pour arriver  son but; et l'on verra
550 5480 3286 5649 nar la suite qu'elle savait entreprendre et
556 5711 1036 5828 russir.
715 5946 3287 6114 Jeannette, sans avoir dormi, vit pa-
