4266 7886
2182 827 2593 991 (.
866 1016 3850 1259 raître le jour, et se remit en route;
868 1251 3852 1480 elle passa successivement Epernon, Main-
871 1472 3855 1716 tenon, et vers le soir enfin, elle se trouva
873 1711 3857 1944 à une lieue de Chartres, dont les hauts
3721 1911 3858 2033 L
875 1976 3859 2177 clochers fixèrent de loin ses regards. I
878 2190 3862 2424 lui fallait trouver la masure de Jacques,
881 2413 3865 2646 et aucune chaumière ne frappait son œil
883 2645 3867 2880 attentif. Cependant, elle aperçut dans
886 2886 3870 3126 un fond, à un quart de lieue de la route,
888 3112 3872 3345 une petite cabane rustique, vers laquelle
891 3342 3875 3580 elle dirigea soudain ses pas. Le jour était
893 3573 3878 3814 sur son déclin; et si Jeannette s'était
896 3816 3880 4056 malheureusement trompée, il aurait fallu
898 4053 3882 4261 qu'elle fît une grande lieue dans ce site
900 4235 1087 4339 .
901 4312 3341 4522 désert avant d'arriver à la ville.
904 4520 3887 4759 Jeannette frappe à la porte basse de ce
906 4753 3890 4992 manoir isolé. Une voix de femme lui ré-
909 4981 3892 5182 pond: on ouvre. Est-ce ici, lui dit Jean-
911 5219 3895 5461 nette, la demeure de Jacques le cultiva-
914 5413 3897 5694 teur? -- Jacques, ma bonne dame? il
916 5686 3900 5904 va long-tems qu'il est mort! c'est moi
918 5869 1041 5976 L
919 5923 3903 6122 qui lui ai succédé. Si vous avez besoin
