4266 7844
1705 888 2108 1056 La.
525 1110 3277 1296 de quelque chose? ... -- Jacques est
525 1350 3277 1521 mort!... Et Thérèse, sa fille?... -- Thé-
525 1579 3292 1757 rèse? ah, pardi, Thérèse! est-ce que je
525 1813 3271 1983 connais çà, moi? ses affaires ne me re-
530 2045 3277 2224 gardent pas. Si elle vous doit, tant pis
514 2285 3266 2449 pour vous, car ça doit à tout le monde;
520 2520 3270 2684 et cependant je lui ai bien pavé cette
525 2735 3267 2924 chaumière pour ce que ça est: un trou,
525 2975 3277 3164 comme vous voyez; il n'y a pas de quoi
514 3208 3286 3389 s'y retourner. -- Thérèse n'est donc plus
514 3444 3260 3617 dans ce pavs? -- Je ne sais où elle est,
525 3669 3306 3852 et je ne m'en informe pas: pardi, j'ai
514 3899 3271 4083 bien autre chose à penser! C'est là tout
520 4132 3388 4303 ce que vous me voulez? -- Madame ....
514 4357 3261 4549 il ſait presque nuit; il n'y a pas d'au-
509 4597 3251 4772 berge aux environs? -- Pas une seule:
509 4825 3256 5012 bonsoir. -- Mais s'il faut que j'aille jus-
504 5062 3250 5240 qu'à Chartres! -- Pardi, il y a loin,
499 5292 3256 5481 n'est - ce pas? une petite lieue: et puis
504 5519 3246 5712 cette plaine est sûre; n'ayez pas peur,
504 5763 3078 5939 on ne vous y enlevera pas! Bonsoir.
658 5980 3246 6177 Jeannette, choquée de l'impertinence
