<PcGts xmlns="http://schema.primaresearch.org/PAGE/gts/pagecontent/2017-07-15" xmlns:xsi="http://www.w3.org/2001/XMLSchema-instance" xsi:schemaLocation="http://schema.primaresearch.org/PAGE/gts/pagecontent/2017-07-15 http://schema.primaresearch.org/PAGE/gts/pagecontent/2017-07-15/pagecontent.xsd"><Metadata><Creator/><Created>2020-09-22T17:29:15</Created><LastChange>1970-01-01T00:00:00</LastChange><Comments/></Metadata><Page imageFilename="0069.png" imageHeight="7844" imageWidth="4266"><ReadingOrder><OrderedGroup id="g1"><RegionRefIndexed index="0" regionRef="r1"/><RegionRefIndexed index="1" regionRef="r2"/></OrderedGroup></ReadingOrder><TextRegion id="r1" type="page-number" orientation="-0.0"><Coords points="1843,946 1838,951 1701,951 1696,955 1696,960 1686,970 1686,980 1681,985 1681,995 1676,1000 1676,1009 1671,1014 1671,1112 1676,1117 1676,1127 1681,1132 1681,1137 1686,1142 1686,1147 1701,1161 1843,1161 1848,1156 1848,1122 1853,1117 2024,1117 2029,1122 2029,1152 2034,1156 2176,1156 2196,1137 2196,1132 2206,1122 2206,1103 2211,1098 2211,990 2206,985 2206,980 2201,975 2201,970 2196,965 2196,960 2181,946 2034,946 2029,951 2005,951 2000,946"/><TextEquiv><Unicode/></TextEquiv><TextLine id="r1_l001"><Coords points="1740,975 2144,975 2144,1138 1740,1138"/><TextEquiv index="1"><Unicode>Ln.</Unicode></TextEquiv></TextLine></TextRegion><TextRegion id="r2" type="paragraph" orientation="0.625"><Coords points="2657,1166 2657,1206 2655,1208 2654,1208 2652,1210 2642,1210 2640,1208 2639,1208 2637,1206 2500,1206 2495,1201 2495,1176 2490,1171 2343,1171 2338,1176 2338,1210 2333,1215 2318,1215 2313,1210 2313,1171 2162,1171 2157,1176 2014,1176 2012,1178 2012,1179 2010,1181 2010,1240 2014,1240 2019,1245 2019,1255 2017,1257 2016,1257 2014,1259 1990,1259 1988,1257 1987,1257 1985,1255 1985,1235 1975,1225 1617,1225 1612,1220 1612,1186 1603,1186 1598,1181 1451,1181 1446,1186 1446,1215 1441,1220 1230,1220 1225,1225 1176,1225 1176,1264 1171,1269 1152,1269 1147,1264 1147,1191 1142,1186 985,1186 985,1225 980,1230 475,1230 475,1289 470,1294 470,1357 475,1362 622,1362 627,1357 750,1357 754,1353 759,1353 761,1355 762,1355 764,1357 1054,1357 1056,1359 1056,1360 1058,1362 1058,1392 1063,1397 1206,1397 1210,1393 1210,1392 1215,1387 1215,1382 1220,1377 1220,1372 1225,1367 1225,1362 1229,1358 1230,1358 1235,1353 1706,1353 1708,1351 1708,1350 1710,1348 1892,1348 1897,1353 1897,1387 1911,1387 1912,1388 1912,1393 1911,1394 1911,1398 1910,1399 1910,1404 1909,1405 1909,1409 1908,1410 1908,1415 1907,1416 1907,1420 1906,1421 1906,1425 1905,1426 1905,1431 1904,1432 1904,1436 1903,1437 1903,1442 1902,1443 1902,1447 1901,1448 1901,1452 1900,1453 1900,1455 1899,1456 1617,1456 1615,1458 1614,1458 1612,1460 1181,1460 1176,1465 980,1465 980,1500 975,1505 936,1505 931,1500 931,1480 926,1475 926,1470 921,1470 916,1465 853,1465 848,1460 848,1451 647,1451 642,1456 642,1460 637,1465 622,1465 617,1460 465,1460 465,1524 475,1534 475,1588 696,1588 701,1593 843,1593 848,1588 853,1593 853,1627 995,1627 1005,1617 1009,1617 1014,1612 1014,1608 1019,1603 1019,1598 1024,1593 1161,1593 1166,1588 1328,1588 1333,1593 1333,1632 1362,1632 1367,1637 1362,1642 1362,1681 1357,1686 1132,1686 1127,1691 1117,1691 1112,1686 970,1686 965,1691 906,1691 904,1689 904,1688 902,1686 902,1642 750,1642 750,1686 745,1691 652,1691 647,1686 485,1686 480,1691 475,1691 475,1696 470,1701 470,1799 475,1804 475,1809 686,1809 688,1811 689,1811 691,1813 955,1813 960,1818 960,1853 1107,1853 1122,1838 1122,1823 1127,1818 1132,1818 1132,1813 1134,1811 1135,1811 1137,1809 1328,1809 1333,1804 1348,1804 1353,1809 1353,1848 1355,1850 1355,1851 1357,1853 1505,1853 1509,1849 1509,1848 1514,1843 1519,1843 1519,1838 1524,1833 1524,1818 1529,1813 1529,1809 1534,1804 1792,1804 1793,1805 1792,1806 1792,1807 1791,1808 1791,1809 1790,1810 1790,1812 1789,1813 1789,1814 1788,1815 1788,1816 1787,1817 1787,1819 1786,1820 1786,1821 1785,1822 1785,1823 1784,1824 1784,1825 1783,1826 1783,1828 1782,1829 1782,1830 1781,1831 1781,1832 1780,1833 1780,1835 1779,1836 1779,1837 1778,1838 1778,1839 1777,1840 1777,1841 1776,1842 1776,1844 1775,1845 1775,1846 1774,1847 1774,1848 1773,1849 1773,1851 1772,1852 1772,1853 1771,1854 1771,1855 1770,1856 1770,1858 1769,1859 1769,1860 1767,1862 1608,1862 1608,1907 1606,1909 1605,1909 1603,1911 1441,1911 1436,1916 1323,1916 1318,1911 1318,1877 1308,1867 1166,1867 1156,1877 1156,1892 1154,1894 1154,1895 1152,1897 1034,1897 1034,1916 1029,1921 975,1921 960,1936 960,1951 955,1956 906,1956 904,1954 904,1953 902,1951 902,1936 887,1921 823,1921 818,1916 818,1872 568,1872 568,1916 563,1921 485,1921 480,1926 480,1985 490,1995 490,2000 495,2000 500,2005 500,2014 502,2016 502,2017 504,2019 504,2029 509,2034 509,2044 656,2044 661,2039 705,2039 710,2034 725,2034 730,2039 813,2039 818,2044 818,2083 965,2083 970,2078 970,2068 975,2063 975,2059 980,2054 980,2049 985,2044 985,2039 990,2034 1142,2034 1147,2039 1147,2078 1152,2083 1294,2083 1299,2078 1304,2078 1304,2068 1306,2066 1306,2065 1308,2063 1308,2059 1313,2054 1313,2039 1318,2034 1509,2034 1514,2029 1798,2029 1812,2043 1813,2043 1828,2058 1829,2058 1845,2074 1846,2074 1862,2090 1863,2090 1879,2106 1880,2106 1895,2121 1896,2121 1906,2131 1905,2132 1725,2132 1720,2137 1588,2137 1583,2142 1578,2137 1578,2132 1573,2127 1573,2122 1524,2122 1519,2117 1514,2117 1509,2112 1509,2108 1504,2103 1504,2102 1500,2098 1357,2098 1355,2100 1355,2101 1353,2103 1353,2112 1348,2117 1348,2127 1343,2132 1343,2137 1338,2142 960,2142 955,2137 955,2103 953,2101 953,2100 951,2098 784,2098 774,2108 774,2112 769,2117 769,2132 759,2142 558,2142 553,2147 465,2147 465,2215 470,2215 475,2220 475,2264 480,2264 485,2269 637,2269 642,2264 1240,2264 1245,2269 1245,2309 1421,2309 1421,2269 1426,2264 1485,2264 1490,2269 1490,2309 1666,2309 1666,2269 1671,2264 1720,2264 1722,2262 1723,2262 1725,2260 1888,2260 1889,2261 1887,2263 1887,2264 1886,2265 1886,2266 1885,2267 1885,2268 1884,2269 1884,2270 1882,2272 1882,2273 1881,2274 1881,2275 1880,2276 1880,2277 1879,2278 1879,2279 1878,2280 1878,2281 1876,2283 1876,2284 1875,2285 1875,2286 1874,2287 1874,2288 1873,2289 1873,2290 1871,2292 1871,2293 1870,2294 1870,2295 1869,2296 1869,2297 1868,2298 1868,2299 1866,2301 1866,2302 1865,2303 1865,2304 1864,2305 1864,2306 1863,2307 1863,2308 1861,2310 1861,2311 1860,2312 1860,2313 1859,2314 1859,2315 1858,2316 1858,2317 1857,2318 1857,2319 1855,2321 1855,2322 1854,2323 1854,2324 1853,2325 1853,2326 1852,2327 1852,2328 1850,2330 1850,2331 1849,2332 1849,2333 1848,2334 1848,2335 1847,2336 1847,2337 1845,2339 1845,2340 1844,2341 1844,2342 1843,2343 1843,2344 1842,2345 1842,2346 1841,2347 1841,2348 1839,2350 1839,2351 1838,2352 1838,2353 1837,2354 1837,2355 1836,2356 1836,2357 1834,2359 1833,2358 1833,2323 1828,2318 1681,2318 1676,2323 1676,2363 1674,2365 1673,2365 1671,2367 1353,2367 1351,2365 1350,2365 1348,2363 1348,2328 1343,2323 1181,2323 1181,2363 1179,2365 1178,2365 1176,2367 1142,2367 1137,2372 906,2372 904,2370 904,2369 902,2367 902,2333 897,2328 735,2328 730,2333 647,2333 647,2392 642,2397 627,2397 622,2392 460,2392 460,2475 676,2475 681,2470 691,2470 696,2475 696,2485 701,2490 701,2495 1402,2495 1407,2490 1608,2490 1610,2492 1610,2493 1612,2495 1750,2495 1755,2500 1755,2529 1902,2529 1906,2525 1906,2524 1911,2519 1911,2514 1913,2512 1914,2512 1916,2510 1916,2495 1921,2490 1925,2490 1928,2493 1929,2493 1932,2496 1933,2496 1936,2499 1937,2499 1940,2502 1941,2502 1944,2505 1945,2505 1948,2508 1949,2508 1952,2511 1953,2511 1956,2514 1957,2514 1960,2517 1961,2517 1964,2520 1965,2520 1968,2523 1969,2523 1972,2526 1973,2526 1976,2529 1977,2529 1980,2532 1981,2532 1984,2535 1985,2535 1988,2538 1989,2538 1992,2541 1993,2541 1996,2544 1997,2544 2001,2548 2002,2548 2005,2551 2006,2551 2009,2554 2010,2554 2013,2557 2014,2557 2017,2560 2018,2560 2021,2563 2022,2563 2025,2566 2026,2566 2029,2569 2030,2569 2033,2572 2034,2572 2037,2575 2038,2575 2041,2578 2042,2578 2045,2581 2046,2581 2049,2584 2050,2584 2053,2587 2054,2587 2057,2590 2058,2590 2060,2592 2059,2593 1809,2593 1804,2588 1661,2588 1659,2590 1659,2591 1657,2593 1642,2593 1637,2598 1588,2598 1583,2593 1583,2554 1416,2554 1411,2559 1269,2559 1264,2564 1264,2583 1259,2588 1250,2588 1250,2593 1245,2598 1196,2598 1191,2603 1044,2603 1039,2598 1039,2564 1034,2559 867,2559 867,2593 862,2598 833,2598 828,2603 475,2603 465,2613 465,2642 460,2647 460,2720 470,2730 642,2730 647,2725 823,2725 828,2730 975,2730 980,2725 1357,2725 1362,2720 1647,2720 1652,2715 1657,2720 2039,2720 2044,2715 2049,2715 2050,2716 2050,2717 2043,2724 2043,2725 2035,2733 2035,2734 2028,2741 2028,2742 2020,2750 2020,2751 2012,2759 2012,2760 2005,2767 2005,2768 1997,2776 1997,2777 1989,2785 1989,2786 1982,2793 1982,2794 1974,2802 1974,2803 1966,2811 1966,2812 1959,2819 1959,2820 1956,2823 1936,2823 1931,2818 1931,2784 1926,2779 1769,2779 1764,2784 1764,2823 1759,2828 1691,2828 1686,2823 1686,2809 1647,2809 1637,2799 1637,2794 1627,2784 1485,2784 1480,2789 1475,2789 1475,2799 1470,2804 1470,2809 1465,2814 1465,2823 1460,2828 1279,2828 1274,2823 1274,2789 1103,2789 1103,2828 1098,2833 995,2833 990,2828 990,2818 988,2816 987,2816 985,2814 985,2804 980,2799 980,2794 941,2794 931,2784 784,2784 779,2789 779,2823 774,2828 632,2828 627,2833 465,2833 460,2838 460,2961 686,2961 691,2956 1431,2956 1431,2951 1436,2946 1750,2946 1755,2941 1948,2941 1949,2942 1949,2953 1950,2954 1950,2979 1951,2980 1951,3005 1952,3006 1952,3009 1951,3010 1818,3010 1818,3015 1816,3017 1815,3017 1813,3019 1813,3054 1811,3056 1811,3057 1809,3059 1696,3059 1691,3064 1426,3064 1421,3059 1421,3024 1416,3019 1255,3019 1255,3064 1253,3066 1252,3066 1250,3068 1235,3068 1233,3066 1232,3066 1230,3064 1230,3024 1044,3024 1039,3029 1034,3029 1034,3068 1029,3073 892,3073 887,3068 735,3068 730,3073 715,3073 710,3068 490,3068 485,3073 480,3073 475,3078 470,3078 470,3083 465,3088 465,3098 460,3103 460,3176 475,3191 480,3191 485,3196 637,3196 642,3191 970,3191 975,3186 1029,3186 1034,3191 1191,3191 1196,3186 1392,3186 1397,3181 1965,3181 1970,3176 1994,3176 1995,3177 1995,3178 1996,3179 1996,3180 1997,3181 1997,3182 1998,3183 1998,3184 1999,3185 1999,3186 2000,3187 2000,3188 2001,3189 2001,3190 2002,3191 2002,3192 2003,3193 2003,3194 2004,3195 2004,3196 2005,3197 2005,3198 2006,3199 2006,3200 2007,3201 2007,3202 2008,3203 2008,3204 2009,3205 2009,3206 2010,3207 2010,3208 2011,3209 2011,3210 2012,3211 2012,3212 2013,3213 2013,3214 2014,3215 2014,3216 2015,3217 2015,3218 2016,3219 2016,3220 2017,3221 2017,3222 2018,3223 2018,3224 2019,3225 2019,3226 2020,3227 2020,3228 2021,3229 2021,3230 2022,3231 2022,3232 2023,3233 2023,3234 2024,3235 2024,3236 2025,3237 2025,3238 2026,3239 2026,3241 2027,3242 2027,3243 2028,3244 2028,3245 2029,3246 2029,3247 2030,3248 2030,3249 2031,3250 2031,3251 2032,3252 2032,3253 2033,3254 2033,3255 2034,3256 2034,3257 2035,3258 2035,3259 2036,3260 2036,3261 2037,3262 2037,3263 2038,3264 2038,3265 2039,3266 2039,3267 2040,3268 2040,3269 2041,3270 2041,3271 2042,3272 2042,3273 2043,3274 2043,3275 2044,3276 2044,3277 2045,3278 2045,3279 2046,3280 2046,3281 2047,3282 2047,3283 2048,3284 2048,3285 2049,3286 2049,3287 2050,3288 2049,3289 1975,3289 1970,3294 1490,3294 1485,3299 1181,3299 1176,3294 1176,3289 1171,3284 1019,3284 1019,3294 1014,3299 965,3299 960,3304 906,3304 904,3306 904,3307 902,3309 897,3309 897,3314 895,3316 894,3316 892,3318 890,3316 889,3316 887,3314 887,3255 710,3255 710,3299 705,3304 455,3304 453,3306 453,3307 451,3309 451,3421 453,3423 453,3424 455,3426 622,3426 627,3421 779,3421 784,3426 784,3461 789,3466 941,3466 948,3459 948,3458 955,3451 955,3436 960,3431 960,3426 965,3421 1279,3421 1281,3419 1282,3419 1284,3417 1343,3417 1345,3419 1346,3419 1348,3421 1348,3451 1377,3451 1382,3456 1382,3466 1730,3466 1740,3456 1745,3456 1745,3446 1750,3441 1750,3421 1752,3419 1753,3419 1755,3417 1892,3417 1897,3412 1941,3412 1946,3407 2036,3407 2037,3408 2029,3416 2029,3417 2022,3424 2022,3425 2015,3432 2015,3433 2007,3441 2007,3442 2000,3449 2000,3450 1992,3458 1992,3459 1985,3466 1985,3467 1982,3470 1862,3470 1860,3472 1860,3473 1858,3475 1848,3475 1843,3480 1843,3519 1828,3534 1823,3534 1823,3539 1818,3544 1818,3559 1813,3564 1779,3564 1774,3559 1774,3534 1769,3529 1706,3529 1701,3524 1701,3510 1696,3505 1657,3505 1652,3500 1652,3480 1500,3480 1500,3524 1495,3529 1490,3524 1490,3480 1318,3480 1308,3490 1308,3500 1306,3502 1306,3503 1304,3505 1304,3524 1299,3529 1240,3529 1235,3524 1235,3485 1068,3485 1068,3524 1063,3529 1058,3529 1056,3527 1056,3526 1054,3524 1054,3490 1049,3485 882,3485 882,3529 877,3534 720,3534 715,3539 622,3539 617,3534 617,3495 612,3490 460,3490 455,3495 455,3534 450,3539 450,3540 446,3544 446,3603 451,3608 455,3608 460,3613 455,3618 455,3622 453,3624 453,3625 451,3627 451,3637 446,3642 446,3701 451,3706 598,3706 602,3702 602,3701 607,3696 607,3691 612,3686 612,3676 617,3671 617,3662 622,3657 794,3657 799,3652 1348,3652 1353,3647 1691,3647 1696,3652 1696,3686 1755,3686 1757,3688 1757,3689 1759,3691 1759,3706 1757,3708 1757,3709 1755,3711 1701,3711 1701,3750 1696,3755 1549,3755 1544,3750 1544,3745 1539,3740 1495,3740 1490,3735 1490,3711 1343,3711 1338,3716 1338,3735 1333,3740 1294,3740 1289,3745 1289,3755 1284,3760 1161,3760 1156,3765 1112,3765 1107,3760 1107,3720 1103,3716 941,3716 939,3718 938,3718 936,3720 936,3755 931,3760 818,3760 808,3750 661,3750 656,3755 656,3760 654,3762 654,3763 652,3765 465,3765 465,3770 463,3772 462,3772 460,3774 455,3774 450,3779 450,3780 446,3784 446,3892 691,3892 696,3887 941,3887 946,3882 1127,3882 1132,3887 1132,3926 1137,3931 1308,3931 1308,3887 1313,3882 1671,3882 1676,3877 2088,3877 2093,3872 2095,3872 2097,3874 2098,3874 2102,3878 2103,3878 2107,3882 2108,3882 2112,3886 2113,3886 2118,3891 2119,3891 2123,3895 2124,3895 2128,3899 2129,3899 2133,3903 2134,3903 2139,3908 2140,3908 2144,3912 2145,3912 2147,3914 2147,3917 2151,3917 2154,3920 2155,3920 2160,3925 2161,3925 2165,3929 2166,3929 2170,3933 2171,3933 2173,3935 2172,3936 2044,3936 2044,3975 2039,3980 1916,3980 1911,3975 1911,3936 1750,3936 1750,3975 1745,3980 1701,3980 1696,3985 1617,3985 1612,3980 1460,3980 1458,3982 1458,3983 1456,3985 1029,3985 1024,3990 666,3990 661,3995 446,3995 441,4000 441,4118 446,4123 593,4123 598,4118 867,4118 872,4113 1333,4113 1338,4108 1676,4108 1681,4103 1686,4103 1691,4108 1848,4108 1853,4103 2205,4103 2206,4104 2206,4105 2203,4108 2203,4109 2200,4112 2200,4113 2197,4116 2197,4117 2193,4121 2193,4122 2190,4125 2190,4126 2187,4129 2187,4130 2184,4133 2184,4134 2181,4137 2181,4138 2177,4142 2177,4143 2174,4146 2174,4147 2171,4150 2171,4151 2168,4154 2168,4155 2165,4158 2165,4159 2161,4163 2161,4164 2158,4167 2158,4168 2155,4171 2155,4172 2152,4175 2152,4176 2149,4179 2149,4180 2145,4184 2145,4185 2142,4188 2142,4189 2139,4192 2139,4193 2136,4196 2136,4197 2133,4200 2133,4201 2129,4205 2129,4206 2126,4209 2126,4210 2125,4211 1995,4211 1990,4216 1985,4211 1838,4211 1833,4216 1608,4216 1603,4211 1603,4172 1451,4172 1449,4174 1448,4174 1446,4176 1357,4176 1357,4211 1355,4213 1355,4214 1353,4216 1230,4216 1225,4211 1225,4201 1220,4196 1220,4176 1218,4174 1217,4174 1215,4172 1058,4172 1054,4176 1054,4216 1049,4221 887,4221 885,4223 884,4223 882,4225 862,4225 860,4223 859,4223 857,4221 696,4221 694,4223 693,4223 691,4225 588,4225 586,4223 585,4223 583,4221 441,4221 439,4223 438,4223 436,4225 436,4284 446,4294 451,4294 453,4296 453,4297 455,4299 455,4309 460,4314 460,4328 465,4333 465,4348 470,4353 617,4353 622,4348 808,4348 813,4353 960,4353 965,4348 1142,4348 1147,4343 1348,4343 1353,4338 1367,4338 1372,4343 1554,4343 1556,4341 1556,4340 1558,4338 1795,4338 1801,4344 1802,4344 1810,4352 1811,4352 1818,4359 1819,4359 1827,4367 1828,4367 1835,4374 1836,4374 1844,4382 1845,4382 1852,4389 1853,4389 1861,4397 1862,4397 1869,4404 1870,4404 1877,4411 1878,4411 1886,4419 1887,4419 1894,4426 1895,4426 1902,4433 1902,4441 1897,4446 1647,4446 1642,4441 1642,4436 1637,4431 1544,4431 1539,4426 1539,4407 1362,4407 1357,4412 1357,4413 1353,4417 1353,4422 1351,4424 1350,4424 1348,4426 1348,4446 1343,4451 1299,4451 1294,4446 1294,4436 1088,4436 1083,4441 1083,4451 1078,4456 823,4456 818,4451 818,4417 813,4412 671,4412 666,4417 622,4417 622,4480 637,4480 642,4485 642,4490 637,4495 607,4495 607,4574 609,4576 610,4576 612,4578 617,4578 622,4583 784,4583 789,4578 1299,4578 1299,4574 1304,4569 1647,4569 1652,4564 1845,4564 1846,4565 1842,4569 1842,4570 1836,4576 1836,4577 1830,4583 1830,4584 1825,4589 1825,4590 1819,4596 1819,4597 1813,4603 1813,4604 1808,4609 1808,4610 1802,4616 1802,4617 1796,4623 1796,4624 1790,4630 1790,4631 1785,4636 1785,4637 1779,4643 1779,4644 1773,4650 1773,4651 1767,4657 1767,4658 1762,4663 1762,4664 1756,4670 1756,4671 1750,4677 1750,4678 1747,4681 1534,4681 1529,4676 1529,4642 1524,4637 1367,4637 1367,4642 1362,4647 1362,4676 1357,4681 1318,4681 1313,4676 1313,4642 1308,4637 1156,4637 1154,4639 1154,4640 1152,4642 1147,4637 985,4637 980,4642 980,4681 975,4686 931,4686 921,4676 921,4672 774,4672 772,4674 771,4674 769,4676 769,4681 764,4686 622,4686 617,4691 465,4691 460,4696 455,4696 453,4698 453,4699 451,4701 451,4711 446,4716 446,4779 441,4784 441,4848 451,4858 647,4858 651,4854 651,4853 656,4848 656,4843 661,4838 661,4814 666,4809 705,4809 710,4804 985,4804 990,4799 1054,4799 1056,4801 1056,4802 1058,4804 1353,4804 1355,4806 1355,4807 1357,4809 1357,4848 1509,4848 1514,4843 1519,4843 1519,4838 1524,4833 1524,4824 1529,4819 1529,4809 1534,4804 1642,4804 1647,4799 1730,4799 1731,4800 1731,4805 1732,4806 1732,4812 1733,4813 1733,4818 1734,4819 1734,4824 1735,4825 1735,4830 1736,4831 1736,4836 1737,4837 1737,4842 1738,4843 1738,4848 1739,4849 1739,4855 1740,4856 1740,4861 1741,4862 1740,4863 1696,4863 1696,4907 1691,4912 1578,4912 1573,4917 1514,4917 1509,4912 1509,4902 1507,4900 1507,4899 1505,4897 1411,4897 1409,4895 1409,4894 1407,4892 1407,4863 1250,4863 1245,4868 1240,4868 1230,4878 1229,4878 1220,4887 1220,4912 1215,4917 1210,4917 1208,4919 1208,4920 1206,4922 1206,4946 1201,4951 1166,4951 1161,4946 1161,4931 1159,4929 1158,4929 1156,4927 1156,4922 1152,4922 1147,4917 1088,4917 1083,4912 1083,4877 1081,4875 1080,4875 1078,4873 1078,4868 877,4868 872,4873 871,4873 867,4877 867,4917 862,4922 681,4922 676,4917 676,4877 509,4877 509,4917 504,4922 460,4922 455,4927 451,4927 446,4932 445,4932 441,4936 441,4946 436,4951 436,5025 438,5027 439,5027 441,5029 441,5034 446,5034 451,5039 455,5039 460,5044 607,5044 612,5039 710,5039 715,5044 715,5049 857,5049 857,5039 862,5034 1078,5034 1083,5039 1083,5078 1230,5078 1230,5069 1240,5059 1240,5054 1245,5049 1245,5039 1250,5034 1642,5034 1647,5029 1814,5029 1816,5031 1816,5032 1818,5034 1818,5035 1820,5037 1820,5038 1821,5039 1821,5040 1823,5042 1823,5043 1825,5045 1825,5046 1827,5048 1827,5049 1829,5051 1829,5052 1831,5054 1831,5055 1833,5057 1833,5058 1834,5059 1834,5060 1836,5062 1836,5063 1838,5065 1838,5066 1840,5068 1840,5069 1842,5071 1842,5072 1844,5074 1844,5075 1845,5076 1845,5077 1847,5079 1847,5080 1849,5082 1849,5083 1851,5085 1851,5086 1853,5088 1853,5089 1855,5091 1855,5092 1856,5093 1856,5094 1858,5096 1858,5097 1860,5099 1860,5100 1862,5102 1862,5103 1864,5105 1864,5106 1866,5108 1866,5109 1867,5110 1867,5111 1869,5113 1869,5114 1871,5116 1871,5117 1873,5119 1873,5120 1875,5122 1875,5123 1877,5125 1877,5126 1879,5128 1879,5129 1880,5130 1880,5131 1882,5133 1882,5134 1884,5136 1884,5137 1886,5139 1886,5140 1887,5141 1886,5142 1882,5142 1877,5147 1603,5147 1598,5142 1598,5098 1593,5098 1588,5093 1441,5093 1441,5098 1436,5103 1436,5142 1431,5147 1431,5177 1429,5179 1428,5179 1426,5181 1387,5181 1385,5179 1384,5179 1382,5177 1382,5098 1377,5093 1225,5093 1220,5098 1220,5142 1215,5147 661,5147 656,5152 642,5152 637,5147 637,5103 460,5103 460,5152 455,5157 446,5157 436,5167 436,5172 431,5177 431,5260 436,5265 441,5265 446,5270 647,5270 652,5265 715,5265 720,5270 877,5270 882,5265 1289,5265 1294,5270 1294,5304 1353,5304 1355,5306 1355,5307 1357,5309 1357,5329 1500,5329 1505,5324 1505,5314 1507,5312 1507,5311 1509,5309 1573,5309 1588,5294 1588,5289 1593,5284 1593,5270 1598,5265 1929,5265 1930,5266 1930,5280 1931,5281 1931,5295 1932,5296 1932,5310 1933,5311 1933,5325 1934,5326 1934,5340 1935,5341 1935,5355 1936,5356 1936,5367 1935,5368 1098,5368 1093,5373 897,5373 892,5368 794,5368 789,5363 789,5353 745,5353 740,5348 740,5329 735,5324 593,5324 588,5329 588,5368 583,5373 460,5373 460,5378 458,5380 457,5380 455,5382 451,5382 431,5402 431,5471 436,5476 436,5485 451,5500 451,5534 612,5534 614,5532 615,5532 617,5530 617,5500 622,5495 1171,5495 1176,5500 1176,5530 1180,5534 1181,5534 1186,5539 1367,5539 1372,5534 1382,5534 1384,5532 1385,5532 1387,5530 1387,5525 1392,5520 1392,5495 1397,5490 1446,5490 1451,5495 1735,5495 1740,5490 1774,5490 1779,5495 1779,5554 1886,5554 1887,5555 1886,5556 1886,5557 1885,5558 1885,5560 1884,5561 1884,5562 1883,5563 1883,5565 1882,5566 1882,5567 1881,5568 1881,5570 1880,5571 1880,5572 1879,5573 1879,5575 1878,5576 1878,5577 1877,5578 1877,5580 1876,5581 1876,5582 1875,5583 1875,5585 1874,5586 1874,5587 1873,5588 1873,5590 1872,5591 1872,5592 1871,5593 1871,5595 1870,5596 1870,5597 1869,5598 1869,5600 1868,5601 1868,5602 1867,5603 1598,5603 1593,5598 1593,5559 1436,5559 1436,5598 1431,5603 1382,5603 1377,5598 1377,5588 1372,5588 1367,5583 1367,5579 1362,5574 1362,5564 1357,5559 1210,5559 1208,5561 1208,5562 1206,5564 1206,5603 1201,5608 1196,5603 1073,5603 1068,5598 1068,5588 1063,5583 921,5583 916,5588 916,5598 911,5603 691,5603 686,5608 642,5608 637,5603 637,5598 632,5598 627,5593 627,5564 622,5559 460,5559 460,5603 455,5608 446,5608 441,5613 436,5613 436,5618 431,5623 431,5716 441,5726 676,5726 681,5721 686,5726 696,5726 701,5731 701,5770 877,5770 877,5731 882,5726 1196,5726 1201,5721 1367,5721 1372,5726 1593,5726 1598,5731 1598,5770 1784,5770 1784,5731 1789,5726 1861,5726 1862,5727 1862,5734 1863,5735 1863,5750 1864,5751 1864,5765 1865,5766 1865,5781 1866,5782 1866,5788 1865,5789 1799,5789 1799,5829 1797,5831 1796,5831 1794,5833 1792,5831 1791,5831 1789,5829 1789,5819 1784,5814 1642,5814 1637,5819 1637,5829 1635,5831 1634,5831 1632,5833 1573,5833 1563,5843 1563,5848 1558,5853 1558,5863 1556,5865 1556,5866 1554,5868 1465,5868 1460,5863 1460,5862 1456,5858 1456,5789 1289,5789 1289,5829 1287,5831 1286,5831 1284,5833 1147,5833 1145,5831 1144,5831 1142,5829 1142,5789 1137,5789 1132,5784 970,5784 955,5799 955,5804 953,5806 953,5807 951,5809 951,5829 949,5831 948,5831 946,5833 441,5833 431,5843 431,5956 647,5956 652,5961 652,6000 661,6000 666,6005 813,6005 818,6000 823,6000 823,5961 828,5956 906,5956 911,5951 1068,5951 1073,5956 1137,5956 1142,5961 1142,5990 1152,6000 1323,6000 1328,5995 1333,5995 1338,5990 1343,5990 1348,5985 1348,5956 1353,5951 1407,5951 1409,5953 1409,5954 1411,5956 1411,5995 1558,5995 1558,5990 1563,5985 1568,5985 1568,5976 1573,5971 1573,5966 1578,5961 1578,5956 1583,5951 1637,5951 1642,5956 1903,5956 1905,5958 1905,5959 1906,5960 1906,5961 1907,5962 1907,5964 1908,5965 1908,5966 1909,5967 1909,5968 1910,5969 1910,5970 1911,5971 1911,5973 1912,5974 1912,5975 1913,5976 1913,5977 1914,5978 1914,5979 1915,5980 1915,5982 1916,5983 1916,5984 1917,5985 1917,5986 1918,5987 1918,5988 1919,5989 1919,5991 1920,5992 1920,5993 1921,5994 1921,5995 1922,5996 1922,5997 1923,5998 1923,5999 1924,6000 1924,6002 1925,6003 1925,6004 1926,6005 1926,6006 1927,6007 1927,6008 1928,6009 1928,6011 1929,6012 1929,6013 1930,6014 1930,6015 1931,6016 1931,6017 1932,6018 1932,6020 1933,6021 1933,6022 1934,6023 1934,6024 1935,6025 1935,6026 1936,6027 1936,6029 1937,6030 1937,6031 1938,6032 1938,6033 1939,6034 1939,6035 1940,6036 1940,6038 1941,6039 1941,6040 1942,6041 1942,6042 1943,6043 1943,6044 1944,6045 1944,6046 1945,6047 1945,6049 1946,6050 1946,6051 1947,6052 1947,6053 1948,6054 1948,6055 1949,6056 1949,6058 1948,6059 1848,6059 1843,6064 1818,6064 1813,6059 1813,6020 1811,6018 1811,6017 1809,6015 1647,6015 1647,6059 1642,6064 1558,6064 1556,6062 1556,6061 1554,6059 1402,6059 1397,6064 1274,6064 1269,6059 1269,6020 1103,6020 1103,6054 1098,6059 1019,6059 1014,6054 1014,6049 1009,6044 965,6044 955,6034 955,6030 953,6028 953,6027 951,6025 951,6020 691,6020 691,6054 686,6059 446,6059 441,6064 436,6064 426,6074 426,6186 431,6191 578,6191 583,6186 1294,6186 1299,6191 1299,6231 1313,6231 1314,6232 1315,6232 1317,6234 1466,6234 1470,6230 1471,6230 1475,6226 1475,6191 1480,6186 2078,6186 2083,6191 2289,6191 2294,6186 2338,6186 2343,6191 2343,6226 2348,6226 2353,6231 2529,6231 2529,6182 2534,6177 2539,6177 2544,6182 2544,6186 2696,6186 2696,6182 2701,6177 3284,6177 3289,6172 3289,6103 3294,6098 3416,6098 3416,6030 3265,6030 3263,6032 3262,6032 3260,6034 3225,6034 3223,6032 3222,6032 3220,6030 3220,6010 3068,6010 3066,6012 3066,6013 3064,6015 3064,6049 3059,6054 2853,6054 2848,6059 2809,6059 2804,6054 2804,6020 2799,6015 2632,6015 2627,6010 2485,6010 2475,6020 2475,6054 2470,6059 2294,6059 2289,6054 2289,6034 2287,6032 2286,6032 2284,6030 2284,6025 2279,6020 2137,6020 2132,6025 2132,6054 2127,6059 1952,6059 1951,6058 1951,6057 1950,6056 1950,6055 1949,6054 1949,6052 1948,6051 1948,6050 1947,6049 1947,6048 1946,6047 1946,6046 1945,6045 1945,6043 1944,6042 1944,6041 1943,6040 1943,6039 1942,6038 1942,6037 1941,6036 1941,6034 1940,6033 1940,6032 1939,6031 1939,6030 1938,6029 1938,6028 1937,6027 1937,6025 1936,6024 1936,6023 1935,6022 1935,6021 1934,6020 1934,6019 1933,6018 1933,6017 1932,6016 1932,6014 1931,6013 1931,6012 1930,6011 1930,6010 1929,6009 1929,6008 1928,6007 1928,6005 1927,6004 1927,6003 1926,6002 1926,6001 1925,6000 1925,5999 1924,5998 1924,5996 1923,5995 1923,5994 1922,5993 1922,5992 1921,5991 1921,5990 1920,5989 1920,5987 1919,5986 1919,5985 1918,5984 1918,5983 1917,5982 1917,5981 1916,5980 1916,5979 1915,5978 1915,5976 1914,5975 1914,5974 1913,5973 1913,5972 1912,5971 1912,5970 1911,5969 1911,5967 1910,5966 1910,5965 1909,5964 1909,5963 1908,5962 1908,5961 1907,5960 1907,5958 1906,5957 1907,5956 2250,5956 2255,5951 2313,5951 2318,5956 2461,5956 2463,5954 2463,5953 2465,5951 2912,5951 2914,5949 2914,5948 2916,5946 2956,5946 2961,5951 3108,5951 3113,5946 3299,5946 3299,5843 3294,5838 3294,5833 3289,5828 3288,5828 3284,5824 3279,5824 3274,5819 3274,5809 3269,5804 3269,5794 3267,5792 3267,5791 3265,5789 3265,5784 3263,5782 3262,5782 3260,5780 3113,5780 3111,5782 3110,5782 3108,5784 3103,5784 3103,5819 3098,5824 3068,5824 3066,5822 3066,5821 3064,5819 3064,5814 3059,5809 2907,5809 2907,5819 2902,5824 2691,5824 2686,5829 2470,5829 2465,5824 2465,5814 2260,5814 2260,5824 2255,5829 1995,5829 1990,5824 1990,5789 1869,5789 1868,5788 1868,5782 1867,5781 1867,5766 1866,5765 1866,5751 1865,5750 1865,5735 1864,5734 1864,5727 1865,5726 2063,5726 2068,5721 2078,5721 2083,5726 2225,5726 2230,5721 2235,5721 2240,5716 2240,5701 2245,5696 2254,5705 2254,5706 2264,5716 2269,5716 2274,5721 2514,5721 2519,5716 2750,5716 2755,5721 2897,5721 2902,5716 3299,5716 3304,5711 3309,5711 3309,5647 3304,5642 3304,5637 3299,5632 3299,5618 3294,5613 3294,5593 3289,5588 3039,5588 3034,5593 3015,5593 3010,5588 3010,5579 3005,5574 2961,5574 2956,5569 2956,5549 2951,5544 2809,5544 2804,5549 2804,5588 2799,5593 2706,5593 2701,5588 2559,5588 2554,5593 2480,5593 2475,5588 2475,5579 2470,5574 2470,5569 2465,5569 2460,5564 2460,5563 2456,5559 2451,5559 2446,5554 2274,5554 2245,5583 2245,5593 2240,5598 2235,5598 2235,5637 2230,5642 2201,5642 2191,5632 2191,5603 2186,5598 2137,5598 2132,5593 2132,5559 2127,5554 1975,5554 1970,5559 1970,5593 1965,5598 1911,5598 1909,5600 1909,5601 1907,5603 1871,5603 1870,5602 1870,5600 1871,5599 1871,5598 1872,5597 1872,5595 1873,5594 1873,5593 1874,5592 1874,5590 1875,5589 1875,5588 1876,5587 1876,5585 1877,5584 1877,5583 1878,5582 1878,5580 1879,5579 1879,5578 1880,5577 1880,5575 1881,5574 1881,5573 1882,5572 1882,5570 1883,5569 1883,5568 1884,5567 1884,5565 1885,5564 1885,5563 1886,5562 1886,5560 1887,5559 1887,5558 1888,5557 1888,5555 1889,5554 1921,5554 1921,5495 1926,5490 2171,5490 2176,5485 2485,5485 2490,5490 2490,5525 2500,5525 2505,5530 2686,5530 2701,5515 2701,5510 2706,5505 2706,5485 2711,5480 2907,5480 2912,5485 2912,5525 3078,5525 3083,5520 3083,5485 3088,5480 3309,5480 3309,5476 3313,5472 3313,5471 3318,5466 3318,5397 3316,5395 3316,5394 3314,5392 3314,5358 3309,5353 3162,5353 3157,5348 3157,5314 3147,5314 3142,5309 2995,5309 2990,5314 2980,5314 2980,5353 2975,5358 2760,5358 2755,5353 2755,5319 2598,5319 2598,5329 2596,5331 2595,5331 2593,5333 2591,5331 2590,5331 2588,5329 2588,5324 2436,5324 2436,5333 2426,5343 2323,5343 2323,5358 2318,5363 2299,5363 2294,5358 2294,5319 2127,5319 2122,5324 2117,5324 2108,5333 2108,5348 2103,5353 2103,5358 2098,5363 2054,5363 2049,5368 1939,5368 1938,5367 1938,5356 1937,5355 1937,5341 1936,5340 1936,5326 1935,5325 1935,5311 1934,5310 1934,5296 1933,5295 1933,5281 1932,5280 1932,5266 1933,5265 2029,5265 2034,5260 2328,5260 2333,5265 2333,5294 2480,5294 2485,5289 2485,5284 2490,5279 2490,5275 2495,5270 2495,5260 2500,5255 2671,5255 2676,5260 2676,5299 2853,5299 2858,5294 2858,5260 2863,5255 2892,5255 2897,5250 3176,5250 3181,5245 3235,5245 3235,5226 3240,5221 3309,5221 3309,5152 3260,5152 3255,5147 3255,5128 3093,5128 3091,5130 3090,5130 3088,5132 3078,5132 3076,5130 3075,5130 3073,5128 3073,5083 2823,5083 2818,5088 2818,5132 2816,5134 2816,5135 2814,5137 2696,5137 2691,5132 2691,5118 2534,5118 2534,5132 2529,5137 2475,5137 2470,5142 2465,5142 2465,5147 2463,5149 2463,5150 2461,5152 2461,5162 2456,5167 2456,5172 2451,5177 2416,5177 2414,5175 2414,5174 2412,5172 2412,5152 2402,5142 1891,5142 1889,5140 1889,5139 1887,5137 1887,5136 1885,5134 1885,5133 1883,5131 1883,5130 1881,5128 1881,5127 1880,5126 1880,5125 1878,5123 1878,5122 1876,5120 1876,5119 1874,5117 1874,5116 1872,5114 1872,5113 1870,5111 1870,5110 1869,5109 1869,5108 1867,5106 1867,5105 1865,5103 1865,5102 1863,5100 1863,5099 1861,5097 1861,5096 1859,5094 1859,5093 1858,5092 1858,5091 1856,5089 1856,5088 1854,5086 1854,5085 1852,5083 1852,5082 1850,5080 1850,5079 1848,5077 1848,5076 1846,5074 1846,5073 1845,5072 1845,5071 1843,5069 1843,5068 1841,5066 1841,5065 1839,5063 1839,5062 1837,5060 1837,5059 1835,5057 1835,5056 1834,5055 1834,5054 1832,5052 1832,5051 1830,5049 1830,5048 1828,5046 1828,5045 1826,5043 1826,5042 1824,5040 1824,5039 1823,5038 1823,5037 1821,5035 1821,5034 1819,5032 1819,5031 1818,5030 1819,5029 2451,5029 2453,5027 2454,5027 2456,5025 2789,5025 2794,5020 3162,5020 3167,5015 3299,5015 3309,5005 3309,4980 3311,4978 3312,4978 3314,4976 3314,4917 3309,4912 3309,4907 3299,4897 3299,4853 3147,4853 3142,4858 3142,4877 3137,4882 3059,4882 3054,4877 3054,4868 3049,4863 3049,4858 3044,4853 2897,4853 2897,4858 2892,4863 2892,4877 2887,4882 2887,4897 2882,4902 2691,4902 2686,4897 2686,4858 2681,4853 2524,4853 2519,4858 2426,4858 2421,4863 2421,4902 2416,4907 2407,4907 2402,4902 2402,4863 2397,4858 2235,4858 2235,4907 2230,4912 2196,4912 2191,4907 2191,4863 2039,4863 2039,4887 2034,4892 1965,4892 1965,4907 1963,4909 1963,4910 1961,4912 1867,4912 1862,4907 1862,4868 1860,4866 1860,4865 1858,4863 1744,4863 1742,4861 1742,4856 1741,4855 1741,4850 1740,4849 1740,4844 1739,4843 1739,4837 1738,4836 1738,4831 1737,4830 1737,4825 1736,4824 1736,4819 1735,4818 1735,4813 1734,4812 1734,4807 1733,4806 1733,4801 1732,4800 1733,4799 1823,4799 1828,4794 1921,4794 1926,4799 2068,4799 2073,4794 2554,4794 2559,4789 3019,4789 3024,4784 3318,4784 3318,4716 3309,4716 3304,4711 3304,4686 3299,4681 3299,4662 3162,4662 3157,4657 3157,4647 3010,4647 3005,4652 3000,4652 3000,4662 2995,4667 2863,4667 2858,4672 2799,4672 2794,4667 2794,4627 2578,4627 2578,4667 2573,4672 2544,4672 2542,4674 2541,4674 2539,4676 2456,4676 2454,4674 2453,4674 2451,4672 2451,4632 2284,4632 2284,4672 2282,4674 2281,4674 2279,4676 2024,4676 2022,4674 2021,4674 2019,4672 2019,4662 2014,4662 2012,4660 2012,4659 2010,4657 2010,4647 2005,4642 2000,4642 1995,4637 1799,4637 1794,4642 1794,4676 1789,4681 1752,4681 1751,4680 1755,4676 1755,4675 1760,4670 1760,4669 1766,4663 1766,4662 1772,4656 1772,4655 1778,4649 1778,4648 1783,4643 1783,4642 1789,4636 1789,4635 1795,4629 1795,4628 1801,4622 1801,4621 1806,4616 1806,4615 1812,4609 1812,4608 1818,4602 1818,4601 1824,4595 1824,4594 1829,4589 1829,4588 1835,4582 1835,4581 1841,4575 1841,4574 1846,4569 1846,4568 1850,4564 2250,4564 2255,4559 2892,4559 2897,4554 3181,4554 3186,4549 3260,4549 3260,4534 3265,4529 3294,4529 3296,4527 3297,4527 3299,4525 3309,4525 3309,4461 3304,4456 3245,4456 3240,4451 3240,4387 3235,4382 3088,4382 3083,4387 3029,4387 3024,4392 2941,4392 2941,4426 2936,4431 2902,4431 2897,4436 2809,4436 2804,4431 2804,4392 2583,4392 2578,4397 2387,4397 2382,4402 2230,4402 2230,4441 2225,4446 2191,4446 2186,4441 2186,4402 2181,4402 2176,4397 2034,4397 2029,4402 1984,4402 1983,4401 1986,4398 1986,4397 1989,4394 1989,4393 1992,4390 1992,4389 1995,4386 1995,4385 1999,4381 1999,4380 2002,4377 2002,4376 2005,4373 2005,4372 2008,4369 2008,4368 2011,4365 2011,4364 2015,4360 2015,4359 2018,4356 2018,4355 2021,4352 2021,4351 2024,4348 2024,4347 2027,4344 2027,4343 2032,4338 2220,4338 2225,4333 2250,4333 2255,4338 2255,4377 2436,4377 2436,4338 2441,4333 2603,4333 2608,4328 2970,4328 2970,4324 2980,4314 2980,4289 2985,4284 2990,4284 2995,4279 3000,4279 3000,4176 2995,4176 2993,4174 2992,4174 2990,4172 2990,4167 2980,4157 2818,4157 2816,4159 2816,4160 2814,4162 2809,4162 2804,4167 2804,4196 2799,4201 2725,4201 2720,4206 2505,4206 2500,4201 2500,4191 2343,4191 2343,4206 2338,4211 2130,4211 2129,4210 2130,4209 2130,4208 2133,4205 2133,4204 2136,4201 2136,4200 2139,4197 2139,4196 2142,4193 2142,4192 2146,4188 2146,4187 2149,4184 2149,4183 2152,4180 2152,4179 2155,4176 2155,4175 2158,4172 2158,4171 2162,4167 2162,4166 2165,4163 2165,4162 2168,4159 2168,4158 2171,4155 2171,4154 2174,4151 2174,4150 2178,4146 2178,4145 2181,4142 2181,4141 2184,4138 2184,4137 2187,4134 2187,4133 2190,4130 2190,4129 2194,4125 2194,4124 2197,4121 2197,4120 2200,4117 2200,4116 2203,4113 2203,4112 2206,4109 2206,4108 2211,4103 2299,4103 2304,4098 2867,4098 2872,4093 3137,4093 3142,4098 3142,4132 3147,4137 3289,4137 3294,4132 3299,4132 3299,4127 3303,4123 3304,4123 3309,4118 3309,4108 3314,4103 3314,4098 3316,4096 3316,4095 3318,4093 3318,4024 3314,4020 3314,3975 3309,3970 3308,3970 3304,3966 3299,3966 3294,3961 3157,3961 3152,3956 3152,3951 3108,3951 3103,3946 3103,3922 2951,3922 2949,3924 2948,3924 2946,3926 2887,3926 2887,3966 2882,3971 2691,3971 2686,3966 2686,3931 2519,3931 2519,3971 2517,3973 2516,3973 2514,3975 2505,3975 2503,3973 2502,3973 2500,3971 2500,3946 2495,3941 2495,3936 2490,3931 2343,3931 2338,3936 2338,3971 2336,3973 2335,3973 2333,3975 2226,3975 2223,3972 2222,3972 2217,3967 2216,3967 2211,3962 2211,3941 2206,3936 2178,3936 2175,3933 2174,3933 2170,3929 2169,3929 2165,3925 2164,3925 2160,3921 2159,3921 2156,3918 2157,3917 2323,3917 2323,3877 2328,3872 2475,3872 2477,3870 2478,3870 2480,3868 2921,3868 2926,3863 3142,3863 3147,3858 3152,3863 3314,3863 3316,3861 3316,3860 3318,3858 3318,3794 3316,3792 3316,3791 3314,3789 3314,3740 3309,3735 3078,3735 3073,3730 3073,3725 3068,3720 2970,3720 2966,3716 2966,3696 2814,3696 2809,3701 2662,3701 2662,3735 2657,3740 2554,3740 2549,3745 2353,3745 2348,3750 1948,3750 1945,3747 1944,3747 1939,3742 1938,3742 1937,3741 1938,3740 1951,3740 1956,3735 1956,3676 1951,3671 1951,3667 1946,3662 1926,3662 1921,3657 1862,3657 1860,3655 1860,3654 1858,3652 1858,3647 1860,3645 1860,3644 1862,3642 2142,3642 2147,3637 2196,3637 2201,3642 2201,3676 2206,3676 2211,3681 2215,3681 2220,3686 2382,3686 2387,3681 2397,3681 2404,3674 2405,3674 2412,3667 2412,3642 2414,3640 2414,3639 2416,3637 2495,3637 2500,3632 2662,3632 2664,3634 2664,3635 2666,3637 2666,3671 2809,3671 2811,3669 2812,3669 2814,3667 2818,3667 2818,3662 2823,3657 2823,3652 2828,3647 2828,3642 2833,3637 2833,3632 2838,3627 3318,3627 3322,3623 3323,3623 3328,3618 3328,3549 3323,3544 3323,3505 3318,3505 3316,3503 3316,3502 3314,3500 3181,3500 3176,3495 3176,3485 3029,3485 3024,3490 3024,3500 3019,3505 2966,3505 2961,3500 2961,3490 2809,3490 2809,3500 2799,3510 2799,3544 2794,3549 2760,3549 2755,3544 2755,3515 2750,3510 2333,3510 2333,3515 2331,3517 2330,3517 2328,3519 2318,3519 2316,3517 2315,3517 2313,3515 2313,3475 2240,3475 2235,3470 2078,3470 2078,3515 2076,3517 2075,3517 2073,3519 2024,3519 2022,3517 2021,3517 2019,3515 2019,3475 2010,3475 2005,3470 1987,3470 1986,3469 1990,3465 1990,3464 1997,3457 1997,3456 2005,3448 2005,3447 2012,3440 2012,3439 2020,3431 2020,3430 2027,3423 2027,3422 2035,3414 2035,3413 2041,3407 2328,3407 2333,3402 2622,3402 2627,3407 2627,3436 2774,3436 2779,3431 2779,3426 2784,3421 2784,3417 2789,3412 2789,3402 2794,3397 2946,3397 2951,3392 3137,3392 3142,3397 3142,3431 3147,3436 3294,3436 3299,3431 3304,3431 3309,3426 3309,3421 3311,3419 3312,3419 3314,3417 3314,3407 3316,3405 3316,3404 3318,3402 3318,3397 3323,3392 3323,3387 3328,3382 3328,3323 3323,3318 3322,3318 3318,3314 3314,3314 3309,3309 3245,3309 3240,3304 3240,3225 3235,3225 3230,3220 3088,3220 3083,3225 3083,3269 3078,3274 2951,3274 2946,3279 2941,3274 2941,3260 2936,3255 2784,3255 2784,3269 2774,3279 2588,3279 2583,3274 2583,3235 2578,3230 2436,3230 2431,3235 2323,3235 2323,3279 2318,3284 2274,3284 2269,3289 2052,3289 2051,3288 2051,3287 2050,3286 2050,3285 2049,3284 2049,3283 2048,3282 2048,3281 2047,3280 2047,3279 2046,3278 2046,3276 2045,3275 2045,3274 2044,3273 2044,3272 2043,3271 2043,3270 2042,3269 2042,3268 2041,3267 2041,3266 2040,3265 2040,3264 2039,3263 2039,3262 2038,3261 2038,3260 2037,3259 2037,3258 2036,3257 2036,3256 2035,3255 2035,3254 2034,3253 2034,3252 2033,3251 2033,3250 2032,3249 2032,3248 2031,3247 2031,3246 2030,3245 2030,3244 2029,3243 2029,3242 2028,3241 2028,3240 2027,3239 2027,3238 2026,3237 2026,3236 2025,3235 2025,3234 2024,3233 2024,3232 2023,3231 2023,3230 2022,3229 2022,3228 2021,3227 2021,3226 2020,3225 2020,3224 2019,3223 2019,3222 2018,3221 2018,3220 2017,3219 2017,3218 2016,3217 2016,3216 2015,3215 2015,3214 2014,3213 2014,3211 2013,3210 2013,3209 2012,3208 2012,3207 2011,3206 2011,3205 2010,3204 2010,3203 2009,3202 2009,3201 2008,3200 2008,3199 2007,3198 2007,3197 2006,3196 2006,3195 2005,3194 2005,3193 2004,3192 2004,3191 2003,3190 2003,3189 2002,3188 2002,3187 2001,3186 2001,3185 2000,3184 2000,3183 1999,3182 1999,3181 1998,3180 1998,3179 1997,3178 1997,3177 1998,3176 2387,3176 2392,3171 2681,3171 2683,3169 2684,3169 2686,3167 2784,3167 2786,3169 2787,3169 2789,3171 2789,3211 2936,3211 2941,3206 2941,3201 2951,3191 2951,3186 2956,3181 2956,3171 2958,3169 2959,3169 2961,3167 3108,3167 3113,3162 3265,3162 3265,3147 3267,3145 3267,3144 3269,3142 3318,3142 3323,3137 3323,3068 3321,3066 3320,3066 3318,3064 3284,3064 3279,3059 3279,3044 3137,3044 3132,3039 3132,3015 3117,3000 2916,3000 2914,3002 2914,3003 2912,3005 2912,3068 2921,3068 2926,3073 2926,3078 2921,3083 2867,3083 2865,3081 2865,3080 2863,3078 2863,3005 2858,3000 2706,3000 2706,3044 2701,3049 2475,3049 2470,3054 2117,3054 2112,3059 2054,3059 2049,3054 2049,3034 2044,3029 2044,3019 2042,3017 2041,3017 2039,3015 2039,3010 1955,3010 1954,3009 1954,3005 1953,3004 1953,2979 1952,2978 1952,2954 1951,2953 1951,2942 1952,2941 2372,2941 2377,2936 2657,2936 2662,2931 2931,2931 2936,2926 3269,2926 3269,2921 3274,2916 3274,2907 3279,2902 3328,2902 3333,2897 3333,2838 3328,2833 3279,2833 3274,2828 3274,2818 3265,2809 3201,2809 3196,2804 3049,2804 3044,2809 2907,2809 2902,2814 2814,2814 2809,2809 2809,2784 2804,2779 2804,2774 2642,2774 2642,2809 2637,2814 2382,2814 2380,2816 2379,2816 2377,2818 2152,2818 2150,2816 2149,2816 2147,2814 2147,2809 2142,2804 1995,2804 1995,2818 1990,2823 1961,2823 1960,2822 1964,2818 1964,2817 1972,2809 1972,2808 1979,2801 1979,2800 1987,2792 1987,2791 1995,2783 1995,2782 2002,2775 2002,2774 2010,2766 2010,2765 2018,2757 2018,2756 2025,2749 2025,2748 2033,2740 2033,2739 2040,2732 2040,2731 2048,2723 2048,2722 2055,2715 2152,2715 2157,2720 2436,2720 2441,2715 2510,2715 2514,2711 2539,2711 2541,2713 2542,2713 2544,2715 2544,2750 2549,2755 2691,2755 2701,2745 2701,2740 2706,2735 2706,2730 2711,2725 2711,2715 2715,2711 2755,2711 2757,2713 2758,2713 2760,2715 2760,2750 2765,2750 2767,2752 2767,2753 2769,2755 2931,2755 2936,2750 2936,2706 2941,2701 3338,2701 3343,2696 3343,2632 3338,2627 3328,2627 3323,2622 3323,2583 3318,2578 3255,2578 3250,2573 3250,2534 3078,2534 3073,2539 3073,2544 3068,2549 3066,2547 3066,2546 3064,2544 2912,2544 2912,2578 2907,2583 2706,2583 2701,2588 2696,2588 2691,2593 2686,2593 2686,2598 2681,2603 2681,2617 2676,2622 2657,2622 2652,2617 2652,2588 2578,2588 2573,2583 2573,2544 2568,2539 2426,2539 2421,2544 2421,2583 2416,2588 2318,2588 2313,2593 2309,2593 2304,2588 2157,2588 2152,2593 2065,2593 2062,2590 2061,2590 2058,2587 2057,2587 2054,2584 2053,2584 2050,2581 2049,2581 2046,2578 2045,2578 2042,2575 2041,2575 2037,2571 2036,2571 2033,2568 2032,2568 2029,2565 2028,2565 2025,2562 2024,2562 2021,2559 2020,2559 2017,2556 2016,2556 2013,2553 2012,2553 2009,2550 2008,2550 2005,2547 2004,2547 2001,2544 2000,2544 1997,2541 1996,2541 1993,2538 1992,2538 1989,2535 1988,2535 1985,2532 1984,2532 1981,2529 1980,2529 1977,2526 1976,2526 1973,2523 1972,2523 1969,2520 1968,2520 1965,2517 1964,2517 1961,2514 1960,2514 1957,2511 1956,2511 1953,2508 1952,2508 1949,2505 1948,2505 1945,2502 1944,2502 1941,2499 1940,2499 1936,2495 1935,2495 1932,2492 1931,2492 1930,2491 1931,2490 2000,2490 2005,2485 2613,2485 2615,2483 2615,2482 2617,2480 2863,2480 2865,2478 2865,2477 2867,2475 3269,2475 3274,2470 3343,2470 3343,2392 3333,2382 3333,2309 3328,2304 3176,2304 3171,2309 3171,2343 3169,2345 3169,2346 3167,2348 3064,2348 3059,2353 2804,2353 2799,2358 2549,2358 2544,2363 2260,2363 2255,2358 2255,2318 2088,2318 2088,2358 2083,2363 1902,2363 1900,2365 1899,2365 1897,2367 1848,2367 1848,2397 1843,2402 1838,2402 1833,2397 1833,2364 1835,2362 1835,2361 1836,2360 1836,2359 1837,2358 1837,2357 1838,2356 1838,2355 1839,2354 1839,2353 1841,2351 1841,2350 1842,2349 1842,2348 1843,2347 1843,2346 1844,2345 1844,2344 1846,2342 1846,2341 1847,2340 1847,2339 1848,2338 1848,2337 1849,2336 1849,2335 1851,2333 1851,2332 1852,2331 1852,2330 1853,2329 1853,2328 1854,2327 1854,2326 1856,2324 1856,2323 1857,2322 1857,2321 1858,2320 1858,2319 1859,2318 1859,2317 1860,2316 1860,2315 1862,2313 1862,2312 1863,2311 1863,2310 1864,2309 1864,2308 1865,2307 1865,2306 1867,2304 1867,2303 1868,2302 1868,2301 1869,2300 1869,2299 1870,2298 1870,2297 1872,2295 1872,2294 1873,2293 1873,2292 1874,2291 1874,2290 1875,2289 1875,2288 1876,2287 1876,2286 1878,2284 1878,2283 1879,2282 1879,2281 1880,2280 1880,2279 1881,2278 1881,2277 1883,2275 1883,2274 1884,2273 1884,2272 1885,2271 1885,2270 1886,2269 1886,2268 1888,2266 1888,2265 1889,2264 1889,2263 1890,2262 1890,2261 1891,2260 2299,2260 2304,2255 2642,2255 2647,2250 2926,2250 2931,2245 2990,2245 2995,2250 3142,2250 3147,2245 3323,2245 3333,2235 3333,2171 3328,2166 3299,2166 3297,2164 3296,2164 3294,2162 3294,2122 3284,2122 3279,2117 3279,2108 3230,2108 3225,2103 3225,2078 3073,2078 3068,2083 3068,2117 3066,2119 3066,2120 3064,2122 2936,2122 2931,2127 2882,2127 2877,2122 2877,2088 2872,2083 2711,2083 2711,2108 2709,2110 2708,2110 2706,2112 2637,2112 2637,2122 2632,2127 2583,2127 2578,2132 2181,2132 2176,2127 2176,2093 2108,2093 2103,2088 1946,2088 1941,2093 1941,2127 1936,2132 1911,2132 1907,2128 1906,2128 1891,2113 1890,2113 1874,2097 1873,2097 1857,2081 1856,2081 1841,2066 1840,2066 1824,2050 1823,2050 1807,2034 1806,2034 1802,2030 1803,2029 2220,2029 2225,2024 2392,2024 2397,2019 2470,2019 2475,2024 2475,2039 2617,2039 2617,2029 2622,2024 2627,2024 2632,2019 2990,2019 2995,2014 3348,2014 3350,2012 3351,2012 3353,2010 3353,1946 3348,1941 3348,1926 3338,1916 3338,1892 3323,1892 3318,1887 3318,1872 3316,1870 3316,1869 3314,1867 3314,1858 3304,1848 3162,1848 3157,1853 3157,1887 3152,1892 3078,1892 3073,1897 3059,1897 3054,1892 3054,1848 2853,1848 2853,1853 2848,1858 2848,1892 2843,1897 2598,1897 2593,1902 2461,1902 2456,1897 2313,1897 2311,1899 2311,1900 2309,1902 2103,1902 2098,1897 2098,1887 1961,1887 1956,1882 1956,1862 1804,1862 1804,1907 1802,1909 1801,1909 1799,1911 1784,1911 1782,1909 1781,1909 1779,1907 1779,1867 1774,1862 1771,1862 1770,1861 1770,1860 1771,1859 1771,1858 1772,1857 1772,1856 1773,1855 1773,1854 1774,1853 1774,1851 1775,1850 1775,1849 1776,1848 1776,1847 1777,1846 1777,1844 1778,1843 1778,1842 1779,1841 1779,1840 1780,1839 1780,1837 1781,1836 1781,1835 1782,1834 1782,1833 1783,1832 1783,1831 1784,1830 1784,1828 1785,1827 1785,1826 1786,1825 1786,1824 1787,1823 1787,1821 1788,1820 1788,1819 1789,1818 1789,1817 1790,1816 1790,1815 1791,1814 1791,1812 1792,1811 1792,1810 1793,1809 1793,1808 1794,1807 1794,1805 1795,1804 1843,1804 1848,1799 2196,1799 2201,1804 2201,1838 2206,1843 2240,1843 2245,1848 2392,1848 2397,1843 2402,1843 2412,1833 2412,1823 2414,1821 2414,1820 2416,1818 2416,1799 2421,1794 2519,1794 2524,1789 3093,1789 3098,1784 3323,1784 3328,1779 3343,1779 3353,1769 3353,1681 3343,1671 3343,1666 3338,1661 3274,1661 3272,1659 3271,1659 3269,1657 3269,1642 3064,1642 3059,1647 3059,1661 3054,1666 2745,1666 2740,1661 2740,1622 2578,1622 2573,1627 2573,1666 2568,1671 2456,1671 2451,1666 2451,1647 2446,1642 2446,1632 2294,1632 2294,1671 2289,1676 2083,1676 2078,1671 2078,1661 2039,1661 2037,1659 2036,1659 2034,1657 2034,1632 1887,1632 1887,1642 1882,1647 1882,1676 1877,1681 1858,1681 1853,1676 1853,1670 1854,1669 1854,1668 1855,1667 1855,1665 1856,1664 1856,1663 1857,1662 1857,1661 1858,1660 1858,1658 1859,1657 1859,1656 1860,1655 1860,1654 1861,1653 1861,1652 1862,1651 1862,1649 1863,1648 1863,1647 1864,1646 1864,1645 1865,1644 1865,1642 1866,1641 1866,1640 1867,1639 1867,1638 1868,1637 1868,1635 1869,1634 1869,1632 1870,1631 1870,1626 1871,1625 1871,1621 1872,1620 1872,1616 1873,1615 1873,1610 1874,1609 1874,1605 1875,1604 1875,1599 1876,1598 1876,1594 1877,1593 1877,1588 1878,1587 1878,1583 1879,1582 1879,1579 1880,1578 2098,1578 2098,1573 2103,1568 2480,1568 2485,1563 2823,1563 2828,1568 2828,1603 2832,1607 2833,1607 2838,1612 3019,1612 3021,1610 3022,1610 3024,1608 3029,1608 3039,1598 3039,1588 3044,1583 3044,1563 3049,1558 3309,1558 3311,1556 3312,1556 3314,1554 3353,1554 3358,1549 3358,1490 3353,1485 3353,1480 3348,1475 3348,1465 3343,1460 3343,1456 3338,1451 3338,1392 3333,1387 3171,1387 3169,1389 3169,1390 3167,1392 3167,1436 3162,1441 2652,1441 2647,1446 2593,1446 2588,1451 2583,1451 2578,1446 2519,1446 2514,1441 2514,1407 2512,1405 2512,1404 2510,1402 2510,1397 2343,1397 2343,1446 2338,1451 2093,1451 2088,1456 1903,1456 1902,1455 1902,1453 1903,1452 1903,1448 1904,1447 1904,1442 1905,1441 1905,1437 1906,1436 1906,1432 1907,1431 1907,1426 1908,1425 1908,1421 1909,1420 1909,1415 1910,1414 1910,1410 1911,1409 1911,1405 1912,1404 1912,1399 1913,1398 1913,1394 1914,1393 1914,1388 1915,1387 2044,1387 2059,1372 2059,1362 2061,1360 2061,1359 2063,1357 2063,1348 2068,1343 2323,1343 2328,1338 2372,1338 2377,1343 2377,1382 2382,1387 2549,1387 2554,1382 2554,1343 2559,1338 3019,1338 3024,1333 3289,1333 3289,1308 3291,1306 3292,1306 3294,1304 3343,1304 3348,1299 3353,1299 3353,1225 3348,1220 3284,1220 3279,1215 3279,1210 3277,1208 3276,1208 3274,1206 3064,1206 3059,1201 3059,1166"/><TextEquiv><Unicode/></TextEquiv><TextLine id="r2_l001"><Coords points="539,1217 3286,1187 3288,1353 541,1383"/><TextEquiv index="1"><Unicode>nez-moi, ma bonne, lui répondit Jean-</Unicode></TextEquiv></TextLine><TextLine id="r2_l002"><Coords points="535,1448 3291,1418 3293,1587 537,1617"/><TextEquiv index="1"><Unicode>nette, vous pouvez me rendre un grand</Unicode></TextEquiv></TextLine><TextLine id="r2_l003"><Coords points="539,1676 3286,1646 3288,1810 541,1840"/><TextEquiv index="1"><Unicode>service; car je suis étrangère dans cette</Unicode></TextEquiv></TextLine><TextLine id="r2_l004"><Coords points="550,1903 3286,1874 3287,2034 552,2064"/><TextEquiv index="1"><Unicode>ville, et je voudrais trouver un asile où</Unicode></TextEquiv></TextLine><TextLine id="r2_l005"><Coords points="535,2131 3264,2101 3266,2268 537,2298"/><TextEquiv index="1"><Unicode>une femme pût passer décemment la nuit.</Unicode></TextEquiv></TextLine><TextLine id="r2_l006"><Coords points="530,2361 3276,2331 3277,2490 532,2520"/><TextEquiv index="1"><Unicode>-- Venez chez moi, madame: mon mari</Unicode></TextEquiv></TextLine><TextLine id="r2_l007"><Coords points="529,2588 3275,2558 3277,2725 531,2755"/><TextEquiv index="1"><Unicode>sera charmé de vous recevoir, après la</Unicode></TextEquiv></TextLine><TextLine id="r2_l008"><Coords points="529,2815 3265,2785 3266,2909 530,2939"/><TextEquiv index="1"><Unicode>manière honnête dont vous m'avez se-</Unicode></TextEquiv></TextLine><TextLine id="r2_l009"><Coords points="529,3056 3254,3026 3256,3180 531,3210"/><TextEquiv index="1"><Unicode>courue. Je demeure là: mon mari, Ber-</Unicode></TextEquiv></TextLine><TextLine id="r2_l010"><Coords points="519,3280 3260,3250 3262,3422 521,3452"/><TextEquiv index="1"><Unicode>nard, est compagnon menuisier, et moi,</Unicode></TextEquiv></TextLine><TextLine id="r2_l011"><Coords points="512,3516 3259,3486 3261,3670 514,3700"/><TextEquiv index="1"><Unicode>je vends des fruits, des légumes, toutes</Unicode></TextEquiv></TextLine><TextLine id="r2_l012"><Coords points="508,3750 3250,3720 3252,3887 510,3917"/><TextEquiv index="1"><Unicode>sortes de petites choses pour subsister:</Unicode></TextEquiv></TextLine><TextLine id="r2_l013"><Coords points="508,3977 3249,3947 3251,4113 510,4143"/><TextEquiv index="1"><Unicode>nous avons une chambre à deux lits;</Unicode></TextEquiv></TextLine><TextLine id="r2_l014"><Coords points="504,4206 2929,4180 2931,4351 506,4377"/><TextEquiv index="1"><Unicode>vous voudrez bien en accepter un?</Unicode></TextEquiv></TextLine><TextLine id="r2_l015"><Coords points="677,4436 3239,4408 3241,4532 679,4560"/><TextEquiv index="1"><Unicode>Jeannette fut sensible à l'offre obli-</Unicode></TextEquiv></TextLine><TextLine id="r2_l016"><Coords points="508,4671 3250,4641 3252,4803 510,4833"/><TextEquiv index="1"><Unicode>geante de la jeune Bernard: elle entra</Unicode></TextEquiv></TextLine><TextLine id="r2_l017"><Coords points="504,4902 3244,4872 3246,5030 505,5060"/><TextEquiv index="1"><Unicode>chez elle, fut enchantée de l'honnêteté</Unicode></TextEquiv></TextLine><TextLine id="r2_l018"><Coords points="498,5132 3240,5102 3242,5283 500,5313"/><TextEquiv index="1"><Unicode>de son mari, jeune encore, et qui ber-</Unicode></TextEquiv></TextLine><TextLine id="r2_l019"><Coords points="498,5355 3249,5325 3251,5512 501,5542"/><TextEquiv index="1"><Unicode>çait sur ses genoux un enfant âgé au plus</Unicode></TextEquiv></TextLine><TextLine id="r2_l020"><Coords points="498,5589 3239,5559 3241,5730 500,5760"/><TextEquiv index="1"><Unicode>de quatre à cinq mois. On servit un</Unicode></TextEquiv></TextLine><TextLine id="r2_l021"><Coords points="499,5818 3229,5788 3231,5954 500,5984"/><TextEquiv index="1"><Unicode>souper frugal, et Jeannette raconta à</Unicode></TextEquiv></TextLine><TextLine id="r2_l022"><Coords points="493,6050 3347,6019 3349,6196 495,6227"/><TextEquiv index="1"><Unicode>ses hôtes le peu de succès qu'elle avait</Unicode></TextEquiv></TextLine></TextRegion></Page></PcGts>