4266 7953
2180 963 2589 1124 (
1004 1183 3785 1372 obtenu dans la recherche de Jacques et
1004 1398 3790 1602 de sa fille Thérèse. A peine eut-elle pro-
998 1650 3795 1829 noncé ces noms, que la femme Bernard
1004 1878 3888 2060 s'écria: Quoi! c'est Thérèse que vous
1009 2110 3785 2295 cherchez, madame? Eh, vous la voyez!
1009 2345 3801 2526 c'est moi qui suis la fille de ce bon
1019 2578 3801 2763 Jacques, que j'ai perdu il y a dix-huit
1024 2820 3811 3003 mois. Forcée, par des malheurs, à ven-
1029 3053 3816 3226 dre ma chaumière à une femme jalouse
1030 3282 3821 3464 et méchante, je me suis mariée depuis
1035 3511 3821 3688 à ce brave homme; et le ciel, en nous
1035 3749 3827 3931 envoyant un enfant, a béni nos travaux
1040 3979 3827 4171 et mon petit commerce, qui va bien se-
1040 4214 3831 4411 lon notre ambition et notre manière
1045 4471 1646 4591 d'exister.
1200 4684 3832 4874 Eh quoi! c'est vous que le ciel me fait
1050 4924 3837 5109 rencontrer par hasard, s'écrie à son tour
1050 5150 3826 5330 Jeannette! O mon Dieu, je te remercie!
1050 5397 3846 5578 Je craignais bien de m'en retourner sans
1050 5616 3847 5812 savoir ce que je voulais apprendre! --
1014 5859 3846 6033 Que desirez-vous? -- Avez-vous enten-
1066 6082 3842 6292 du quelquefois votre père parler d'une
