4266 7844
1643 975 2047 1138 n.
348 1177 3423 1413 pauvre petite Jeannette, abandonne par
345 1407 3420 1649 son frre, votre oncle, et relgue aux
342 1631 3416 1872 enfans trouvs, le jour de l'Ascension, il
339 1862 3413 2103 y a vingt-huit ans de cela? -- Comment!
335 2097 3409 2327 sans doute! Et il y a deux ans qu'une
331 2319 3406 2568 sur de l'hospice vint nous voir, et nous
328 2551 3402 2797 apprendre que cette Jeannette existait:
324 2782 3399 3020 nons l'attendions  tout moment; elle
320 3011 3396 3232 n'est pas encore venue. Serait-ce vous?
318 3252 3392 3474 -- Moi mme! -- Ah, mon dieu, Ber-
314 3464 3389 3719 nard! Regarde donc? Voil la fille de M.
310 3689 3385 3948 Dricourt!... cette enfant qu'on a tant
307 3928 3381 4165 pleure! qui tait ne pour tre si heu-
303 4166 3378 4404 reuse! Ah, mademoiselle! que je suis ra-
299 4386 3373 4679 vie de vous voir! Votre pre n'est plus;
296 4620 3370 4857 mais il vous reste une mre, oh, bien es-
293 4844 3368 5098 timable, et qui sera bien contente de vous
289 5085 3364 5331 revoir! -- O est - elle, madame Ber-
286 5310 3361 5560 nard? -- Ah, pardi,  deux pas d'ici:
282 5548 3357 5800 c'est notre bienfaitrice, c'est elle qui a
279 5784 3353 6023 daign nous aider de sa bourse au mo-
275 6012 3350 6259 ment de la mort de mon pre; c'est elle
