4266 8011
896 1165 3941 1398 enfin qui nous a mariés! -- Quoi! ma
898 1396 3943 1628 mère serait dans cette ville? -- A deux
900 1631 3945 1860 maisons plus bas. Mon dieu, que vous
902 1833 3947 2100 serez étonnée quand vous la verrez!
904 2110 3948 2315 quand vous apprendrez ses malheurs, ceux
906 2348 3951 2563 de son époux! C'est une femme jeune
908 2576 3953 2806 encore, quarante-huit ans au plus. Belle,
910 2815 3955 3080 grande, bien faite: eh, tiens, Bernard,
913 3053 3957 3268 vois donc si ce n'est pas là tout son por-
915 3277 3959 3512 trait? ... Ah! il est frappant; et, à cette
917 3517 3961 3749 seule ressemblance, j'aurais dû deviner
918 3754 3963 3968 que vous êtes sa fille. Allons, demain
921 4001 3965 4225 matin, pas plus tard que demain matin,
923 4226 3968 4463 nous irons la voir ensemble. Quelle sera
925 4465 3970 4699 sa joie! et combien j'éprouve de plaisir
927 4715 3972 4939 à reconnaître ce qu'elle a fait pour moi,
929 4959 2703 5165 en lui rendant sa fille.!
1302 5176 3976 5396 Jeannette questionna beaucoup la bon-
933 5413 3978 5651 ne Bernard, qui lui apprit seulement
935 5650 3980 5884 que son père était autreſois un militaire
937 5893 3982 6121 distingué. Quant aux infortunes qui
939 6123 3984 6354 avaient traversé sa vie, la femme Ber-
2243 960 2660 1127 )
