4266 8041
1077 1083 3906 1293 ses efforts pour la rassurer, pour lui don-
1077 1329 3905 1524 ner du courage. Bernard se rendit en-
1082 1571 3912 1774 suite chez madame Déricourt, pour sa-
1077 1811 3911 1965 voir si elle était visible. Il trouva cette da-
1076 2046 3912 2246 me, lisant une lettre qui paraissait lui ſaire
1083 2284 3912 2485 beaucoup de plaisir. Bernard saisit ce mo-
1083 2516 3921 2717 ment pour la prévenir sur le bonheur ines-
1088 2753 3925 2963 néré que le ciel lui envoyait. Il lui apprit
1088 3009 3925 3165 que sa femme avait retrouvé Jeannette, et
1083 3234 3920 3439 que toutes deux allaient venir se jeter dans
1082 3474 3917 3683 ses bras. Rien n'égala l'alégresse de mada-
1093 3708 3937 3922 me Déricourt que son impatience de voir,
1108 3950 3926 4112 d'embrasser sa fille. Bernard revint chez
1088 4184 3921 4389 lui; et Jeannette sûre enfin de la bonne ré-
1103 4420 3926 4634 ception qu'on allait lui faire, suivit la bon-
1088 4654 3917 4867 ne Thérèse, qui la présenta à sa bienfaitri-
1097 4893 3911 5097 ce: Est-il bien vrai, s'écrie madame Déri-
1092 5134 3921 5348 court en apercevant Jeannette? Est-ce là
1098 5381 3921 5545 cette enfant du malheur? Etes-vous ma
1097 5622 3921 5825 fille, Jeannette, et ne me berce-t-on pas
1092 5853 3922 6049 d'une vaine illusion? -- Madame, ce pa-
1098 6087 3915 6286 pier déchiré, trouvé près de moi....
