4266 7968
594 1082 3230 1279 Jeannette répondit aux tendres effu-
424 1325 3234 1504 sions de cette bonne dame; et soudain,
429 1559 3245 1746 pour récompenser Thérèse et son mari du
445 1794 3244 1977 zèle qu'ils avaient mis à lui rendre sa fille,
440 2026 3251 2210 madame Déricourt exigea qu'ils quittas-
440 2265 3256 2411 sent tous les deux leur état. Bernard fut
435 2502 3244 2682 retenu pour être concierge de la maison,
440 2736 3244 2920 et Thérèse entra au service de Jeannette,
440 2980 3245 3152 qu'on n'appela plus que mademoiselle
440 3217 3251 3399 Déricourt. Pour moi, qui suis son his-
445 3451 3245 3639 torien, je me plairai encore à lui
445 3683 3245 3869 donner, peudant quelque tems, son pre-
445 3918 3256 4102 mier nom, sous lequel elle nous a déjà
446 4150 3251 4328 bien intéressés. Jeannette donc, enchan-
445 4384 3256 4574 tée de retrouver une mère tendre, et qui
451 4623 3261 4807 lui paraissait si empressée à combler ses
450 4862 3251 5046 vœux, Jeannette bénit sa destinée, et,
450 5100 3256 5277 dès le même jour, elle écrivit à sa chère
455 5334 3251 5525 Cécile l'heureux changement qui venait
466 5576 2390 5757 de s'opérer dans sa situation.
819 6252 1016 6330 .
1637 865 2047 989 L
