4266 8041
801 2266 3931 2494 eanmete fut questionnée, comme
805 2496 3935 2759 on doit le prévoir, par sa mère, sur tout ce
807 2733 3938 2946 qu'elle avait éprouvé depuis sa naissance.
811 2982 3940 3209 Jeannette raconta l'histoire de son adop-
813 3218 3944 3446 tion par des bienfaiteurs qui n'étaient plus,
817 3420 3947 3686 et elle fit partager à sa bonne mère l'intérêt
820 3685 3950 3900 qu'elle éprouvait pour l'infortunée Cécile,
823 3917 3953 4161 dont néanmoins elle tut l'aventure avec
825 4157 3956 4406 Saint-Ange. Madame Déricourt, les lar-
830 4397 3960 4650 mes aux yeux, pénétrée de reconnaissance
833 4638 3963 4903 pour ceux qui avaient accablé sa fille de
836 4862 3966 5120 bienfaits, s'écria: Mon enfant, cette
838 5119 3969 5360 Cécile, il faut l'aider, il faut la secourir:
841 5356 3972 5612 faisons mieux, engage-la à venir passer
845 5598 3976 5851 sa vie ici près de nous: c'est un bien fai-
848 5836 3979 6084 ble dédommagement des bontés que ses
852 6077 3982 6310 parens ont eues pour ton enfance aban-
2256 853 2675 1021 L.
1276 1512 3596 1638 CAADTR
1712 1906 3157 2016 Il va vête en amour.
