4266 7968
1617 876 2027 1042 .
2468 6330 2722 6413 D
415 1109 3209 1275 donne. -- Ah, ma mre! rpondit Jean-
420 1348 3209 1519 nette, quel excellent cur est le vtre!
430 1586 3219 1752 Combien je suis heureuse de vous appar-
425 1815 3225 1980 tenir! Ccile, mon amie! Elle ne con-
420 2048 3225 2219 natra donc plus le travail, l'indigence! Je
420 2291 3225 2457 vais, je vais lui crire cette heureuse nou-
430 2525 3219 2685 velle!.... Madame, vous aurez dsor-
425 2758 3225 2929 mais deux enfans qui vous chriront bien
430 2981 1441 3111 tendrement!...
591 3225 3230 3349 Jeannette crit une seconde lettre
435 3458 3219 3629 Ccile; et, d'aprs ce qu'elle lui a dit
425 3691 3235 3857 avant son dpart, qu'elle ne peut rougir
441 3935 3219 4090 des bienfaits de l'amiti, Jeannette ne
430 4168 3225 4334 doute pas que son amie ne s'empresse de
420 4401 3219 4567 se rendre prs d'elle; et, satisfaite, elle
435 4640 1649 4806 attend sa rponse.
591 4878 3225 5044 Pendant ce tems, des ajustemens l-
425 5117 3219 5288 gans viennent remplacer ses simples ha-
415 5345 3219 5516 bits; des bijoux prcieux ajoutent au
430 5583 3219 5760 charme de sa parure; elle prend en un
425 5822 3214 5988 mot le ton convenable  son tat,  sa
425 6045 3209 6221 fortune. Madame Dricourt la prsente
