4266 7968
497 1159 3385 1355 dfauts, et qu'elle aurait t bien aise
492 1402 3282 1591 d'loigner de chez elle. Flix, aprs avoir
485 1638 3266 1824 bien tudi le caractre de cette femme,
485 1876 3272 2067 forma un projet hardi, et qui ne peut
481 2113 3266 2295 trouver d'excuse que dans l'excs du d-
471 2342 3267 2535 lire qui troublait sa raison. Flix sentait
466 2586 3256 2775 bien qu'il ne pouvait mettre Briceval dans
465 2821 3256 3010 sa conidence, ni obtenir son agrment
466 3058 3250 3234 pour les desseins qu'il se proposait: en
455 3296 3245 3479 consquence, aprs avoir combattu long-
450 3533 3245 3711 tems entre l'amour et l'amiti, il donna
449 3765 3245 3951 la prrence  celui de ces deux senti-
446 4000 3245 4192 mens qui le dominait davantage. Flix
440 4250 3229 4421 prtexte auprs de Briceval une lettre de
439 4482 3226 4674 son pre qui le rappelle prs de lui: il
440 4717 3224 4898 quitte son ami, dsol de le perdre; il
439 4953 3219 5131 embrasse cet ami, non sans remords de
429 5193 3213 5370 sa conduite, car il va lui porter un coun
428 5421 3209 5607 mortel; puis, au lieu de retourner chez
424 5654 3204 5833 M. Dricourt, il va droit  Chartres,
429 5890 3209 6082 chez madame Robert,  qui il demande
424 6128 3214 6316 parler en particulier. J'aime, lui dit-
1690 949 2100 1104 L
