4266 8070
1017 1187 3852 1410 demoiselle, je vous expliquerai ce mys-
1024 1432 3846 1634 tère. En effet, le soir, quand je me trouvai
1024 1669 3852 1874 seule avec lui, dominée par de funestes
1017 1908 3853 2111 pressentimens, je lui demandai le but de
1029 2146 3846 2345 cette conduite, qui avait lieu de me sur-
1016 2387 3847 2589 prendre. Roselle, s'écria-t-il en se jetant
1023 2618 3853 2821 à mes pieds, vous voyez en moi un amant
1029 2863 3857 3065 qui a employé la ruse pour vous posséder;
1028 3099 3857 3303 mais un amant timide, respectueux, qui
1019 3339 3852 3536 brûle d'obtenir de vous son pardon et un
1017 3572 3841 3779 retour digne de sa tendresse. -- Eh quoi!
1023 3817 3847 4018 monsieur, ce n'est donc pas à mon frère
1024 4053 3852 4267 que vous me conduisez? -- Que vous im-
1016 4287 3858 4502 porte un frère, quand vous pouvez trouver
1017 4523 3852 4730 ici un époux? -- Un époux, grands
1028 4769 3841 4965 dieux!.... Vous m'avez trompée, vous!...
1017 5008 3853 5203 Laissez-moi vous ſuir, homme faux et
1018 5252 3841 5462 dangereux! laissez - moi retourner dans
924 5490 3840 5690 ma paisible demeure! j'v étais heureuse,
1012 5723 3853 5932 je vous croyais vertueux! -- Eh puis - je
1017 5968 3852 6174 cesser de l'être à vos yeux! l'amour est-il
1024 6205 3858 6407 un crime? c'est un sentiment qui fait tout
2161 971 2735 1184 L.
