4266 7968
414 1108 3187 1285 sont - ils allés, madame, ces perfides:
419 1341 3195 1550 -- Je l'ignore, monsieur, puisqu'ils ne
423 1592 1879 1778 sont pas près de vous!
589 1803 3205 2013 “Briceval est ſurieux; il jure qu'il re-
429 2041 3220 2247 trouvera sa sœur, qu'il se vengera d'un
429 2273 3204 2433 traître ... Mais où les trouver?... Pen-
433 2507 3214 2720 dant qu'il voyage, qu'il cherche, qu'il
439 2744 3215 2943 s'informe, il nous arrive une aventure
445 2969 3214 3168 que nous devions prévoir, et qui com-
444 3206 3219 3417 mence le cours de nos longues inſor-
444 3448 3235 3647 tunes ..... Mais attends, Jeannette:
455 3695 2213 3843 que nous veut Thérèse?“
