4266 7953
1092 2314 3862 2510 et madame Déricourt est interrompue
1080 2543 3868 2749 par Thérèse, qui donne une lettre à Jean-
1075 2779 3859 2981 nette; Jeannette, par discrétion, veut en
1071 3016 3853 3174 remettre la lecture à un autre moment: sa
1060 3261 3847 3432 mère l'engage à satisfaire sur-le-champ
1054 3484 3833 3680 sa curiosité: C'est, mon enfant, lui dit-
1054 3717 3828 3920 elle, c'est sans doute une lettre de Cécile,
1044 3950 3828 4153 de ton amie? -- Non, madame; je le
1028 4184 3822 4393 croyais d'abord, et mon cœur palpitait
1023 4414 3807 4635 déjà bien délicieusement; mais cette lettre
1028 4652 3807 4855 est d'une écriture qui m'est absolument
1013 4886 3802 5091 inconnue. Vous le permettez? voyons de
1014 5125 2697 5296 quelle part elle me vient.
1158 5353 2782 5558 Jeannette lit tout haut:
1149 5583 3771 5786 „Mademoiselle, je suis la propriétaire
983 5816 3771 5981 “de la maison où vous demeuriez à Pa-
977 6059 3599 6274 “ris avec mademoiselle Dascourt...“
2315 917 2718 1082 )
1424 1420 3568 1616 CHAPITRE XXV.
1124 1771 3878 1962 Où l'oi verra paraître et disparaître plu-
2071 2019 2869 2154 sieurs éros.
