4266 7992
332 1133 3152 1311 partir sur-le-cham pour Paris. Il fant
343 1368 3153 1535 qu'elle s'informe de son amie, qu'elle la
354 1603 3153 1769 retrouve!.... Madame Déricourt emploie
343 1837 3158 1998 toute la force de sa raison et de sa pru-
343 2076 3153 2248 dence pour calmer sa fille éplorée. Elle en
338 2310 3158 2482 vient à bout; mais Jeannette persiste tou-
343 2544 3164 2721 jours dans son projet d'aller à Paris. Ma-
343 2773 3158 2950 dame Déricourt y consent, et veut même
343 3013 3164 3184 l'accompagner; mais la journée est avan-
323 3247 3164 3419 cée; il faut remettre ce voyage au lende-
349 3486 3164 3653 main matin. Que ce délai paraît long à
354 3715 3164 3876 Jeannette! il est forcé néanmoins, il
354 3954 3164 4126 faut y souscrire: madame Déricourt la
354 4189 3164 4366 voyant un peu consolée, reprend en ces
369 4433 2336 4558 termes le fil de sa narration:
520 4662 3164 4839 „Mon récit ne sera pas long, mon en-
369 4891 3164 5068 fant: peut-être t'intéressera-t-il peu à
363 5129 3163 5301 présent; cependant je te crois assez de
359 5365 3164 5555 fermeté pour faire trève un moment à ta
364 5599 3158 5729 douleur: les malheurs de ta famille doi-
364 5838 3164 6015 vent te toucher autant que ceux de tes
364 6067 3158 6258 amis; et d'ailleurs il est important que je
1475 904 2042 1117 L.
