4266 7914
2173 890 2745 1105 Lz.
1000 1105 3866 1284 te rvle le secret de ta naissance, afin
1071 1352 3865 1537 que tu puisses te soumettre ensuite
1076 1587 2628 1762 ce que j'attends de toi.
1236 1823 3875 1997 Nous tions donc  Paris, Flix et
1067 2048 3875 2232 moi, heureux, tranquilles, et moins poux
1066 2287 3869 2470 qu'amans, lorsqu'un jour que je me
1071 2523 3875 2698 trouvais seule, je vis entrer deux mili-
1071 2755 3885 2937 taires, qui, d'un air cavalier, et sans m'-
1071 2992 3875 3172 ter leur chapeau, me demandrent si c'-
1071 3223 3880 3366 tait la demeure de monsieur Flix Dri-
1067 3456 3870 3634 court? -- Oui, messieurs. -- Il n'y est
1072 3695 3860 3877 pas? -- Il va rentrer dans l'instant.
1072 3922 2891 4051 -- Nous allons l'attendre.
1236 4148 3870 4334 Ces deux insolens s'asseyent, ricanent;
1077 4388 3880 4563 et me fixant, l'un dit  l'autre: C'est la
1071 4621 3874 4803 petite dont on nous a parl! -- Qu'en
1071 4856 3875 5034 dis-tu, Roland? --Et toi, Octave? -- Elle
1066 5089 3865 5272 n'est pas mal. -- Oui, pour un caprice.
1231 5324 3875 5506 La rougeur couvre mon front, et je
1061 5557 3870 5741 suis prte  tomber en faiblesse lorsque
1065 5785 3875 5972 Flix entre, et reste frapp d'tonnement
1077 6028 3870 6174 en reconnaissant ses deux frres. Vous
