<PcGts xmlns="http://schema.primaresearch.org/PAGE/gts/pagecontent/2017-07-15" xmlns:xsi="http://www.w3.org/2001/XMLSchema-instance" xsi:schemaLocation="http://schema.primaresearch.org/PAGE/gts/pagecontent/2017-07-15 http://schema.primaresearch.org/PAGE/gts/pagecontent/2017-07-15/pagecontent.xsd"><Metadata><Creator/><Created>2020-09-23T09:46:37</Created><LastChange>1970-01-01T00:00:00</LastChange><Comments/></Metadata><Page imageFilename="0097.png" imageHeight="8086" imageWidth="4266"><ReadingOrder><OrderedGroup id="g1"><RegionRefIndexed index="0" regionRef="r1"/><RegionRefIndexed index="1" regionRef="r2"/></OrderedGroup></ReadingOrder><TextRegion id="r1" type="page-number" orientation="-0.0"><Coords points="1753,909 1748,914 1612,914 1602,924 1602,934 1596,939 1596,960 1591,965 1571,965 1566,960 1566,919 1404,919 1399,924 1399,929 1394,934 1394,939 1384,950 1384,955 1379,960 1379,980 1374,985 1374,1071 1379,1076 1379,1086 1384,1091 1384,1106 1399,1121 1399,1132 1404,1137 1677,1137 1687,1126 1693,1126 1693,1121 1708,1106 1708,1101 1723,1086 1753,1086 1758,1091 1758,1126 1763,1132 1910,1132 1915,1126 1915,1121 1920,1116 1920,1111 1925,1106 1930,1106 1930,1096 1935,1091 1940,1091 1940,1071 1945,1066 1945,970 1940,965 1940,960 1935,960 1930,955 1930,945 1915,929 1915,919 1905,909"/><TextEquiv><Unicode/></TextEquiv><TextLine id="r1_l001"><Coords points="1447,936 1873,936 1873,1110 1447,1110"/><TextEquiv index="1"><Unicode>n.</Unicode></TextEquiv></TextLine></TextRegion><TextRegion id="r2" type="paragraph" orientation="0.25"><Coords points="1106,1152 1101,1157 899,1157 894,1162 894,1202 889,1207 677,1207 672,1202 672,1167 222,1167 222,1339 399,1339 404,1334 793,1334 798,1329 1263,1329 1268,1324 1374,1324 1379,1329 1531,1329 1536,1324 2040,1324 2041,1325 2040,1326 2040,1327 2039,1328 2039,1330 2038,1331 2038,1332 2037,1333 2037,1334 2036,1335 2036,1336 2035,1337 2035,1339 2034,1340 2034,1341 2033,1342 2033,1343 2032,1344 2032,1346 2031,1347 2031,1348 2030,1349 2030,1350 2029,1351 2029,1352 2028,1353 2028,1355 2027,1356 2027,1357 2026,1358 2026,1359 2025,1360 2025,1361 2024,1362 2024,1364 2023,1365 2023,1366 2022,1367 2022,1368 2021,1369 2021,1371 2020,1372 2020,1373 2019,1374 2019,1375 2018,1376 2018,1377 2017,1378 2017,1380 2016,1381 2016,1382 2015,1383 2015,1384 2014,1385 2014,1386 2013,1387 2013,1389 2012,1390 2012,1391 2011,1392 2011,1393 2010,1394 2010,1396 2009,1397 2009,1398 2008,1399 2008,1400 2007,1401 2007,1402 2006,1403 2006,1405 2005,1406 2005,1407 2004,1408 2004,1409 2003,1410 2003,1411 2002,1412 2002,1414 2001,1415 2001,1416 2000,1417 2000,1418 1999,1419 1999,1421 1998,1422 1998,1423 1997,1424 1997,1425 1996,1426 1996,1427 1995,1428 1995,1430 1994,1431 1994,1432 1993,1433 1993,1434 1992,1435 1992,1436 1991,1437 1991,1439 1990,1440 1990,1441 1989,1442 1989,1443 1987,1445 1965,1445 1960,1440 1799,1440 1794,1445 1637,1445 1632,1440 1632,1404 1627,1399 1359,1399 1354,1404 1354,1409 1351,1412 1351,1413 1349,1415 1349,1420 1344,1425 1344,1445 1339,1450 1308,1450 1303,1445 1303,1440 1298,1435 1298,1430 1142,1430 1137,1435 1137,1445 1132,1450 444,1450 444,1455 439,1460 222,1460 222,1581 510,1581 515,1576 843,1576 845,1574 846,1574 849,1571 1354,1571 1359,1566 1435,1566 1440,1571 1591,1571 1596,1566 1896,1566 1897,1567 1895,1569 1895,1570 1889,1576 1889,1577 1883,1583 1883,1584 1876,1591 1876,1592 1870,1598 1870,1599 1864,1605 1864,1606 1858,1612 1858,1613 1851,1620 1851,1621 1845,1627 1845,1628 1841,1632 1703,1632 1703,1657 1698,1662 1647,1662 1647,1672 1642,1677 1596,1677 1591,1682 1470,1682 1465,1677 1465,1662 1313,1662 1308,1667 1308,1672 1303,1677 1258,1677 1253,1682 1202,1682 1197,1687 1187,1687 1182,1682 1182,1637 1010,1637 1005,1642 960,1642 960,1682 955,1687 833,1687 828,1682 828,1672 783,1672 773,1662 773,1657 768,1652 768,1647 763,1642 616,1642 611,1647 611,1657 606,1662 606,1682 601,1687 267,1687 264,1690 264,1691 262,1693 222,1693 222,1814 444,1814 449,1819 449,1859 626,1859 631,1854 631,1819 636,1814 672,1814 677,1809 1071,1809 1076,1804 1086,1804 1091,1809 1238,1809 1243,1804 1384,1804 1389,1809 1389,1844 1394,1849 1591,1849 1598,1842 1599,1842 1607,1834 1607,1809 1612,1804 1652,1804 1657,1799 1762,1799 1763,1800 1763,1804 1762,1805 1762,1815 1761,1816 1761,1825 1760,1826 1760,1836 1759,1837 1759,1847 1758,1848 1758,1857 1757,1858 1757,1868 1756,1869 1756,1873 1755,1874 1647,1874 1642,1879 1642,1895 1637,1900 1516,1900 1511,1905 1511,1915 1506,1920 1460,1920 1455,1915 1455,1879 1450,1874 1278,1874 1278,1915 1273,1920 1182,1920 1177,1925 1111,1925 1106,1920 955,1920 950,1925 788,1925 783,1920 783,1885 780,1882 780,1881 778,1879 631,1879 626,1884 626,1885 621,1890 520,1890 515,1895 515,1920 510,1925 353,1925 348,1930 222,1930 222,2102 353,2102 358,2097 358,2056 363,2051 833,2051 838,2046 945,2046 950,2051 1106,2051 1111,2046 1339,2046 1344,2041 1354,2041 1359,2046 1581,2046 1586,2041 1772,2041 1774,2043 1774,2045 1775,2046 1775,2049 1776,2050 1776,2052 1777,2053 1777,2055 1778,2056 1778,2059 1779,2060 1779,2062 1780,2063 1780,2065 1781,2066 1781,2068 1782,2069 1782,2072 1783,2073 1783,2075 1784,2076 1784,2078 1785,2079 1785,2082 1786,2083 1786,2085 1787,2086 1787,2088 1788,2089 1788,2091 1789,2092 1789,2095 1790,2096 1790,2098 1791,2099 1791,2101 1792,2102 1792,2104 1793,2105 1793,2108 1794,2109 1794,2111 1795,2112 1795,2114 1796,2115 1796,2118 1797,2119 1797,2121 1798,2122 1798,2124 1799,2125 1799,2127 1800,2128 1800,2131 1801,2132 1801,2134 1802,2135 1802,2137 1803,2138 1803,2141 1804,2142 1804,2144 1805,2145 1805,2147 1806,2148 1806,2150 1807,2151 1806,2152 1657,2152 1652,2157 1460,2157 1455,2152 1455,2117 1450,2112 1278,2112 1273,2117 1273,2157 1270,2160 1270,2161 1268,2163 1243,2163 1240,2160 1240,2159 1238,2157 1238,2112 1086,2112 1081,2117 1081,2157 1078,2160 1078,2161 1076,2163 571,2163 568,2160 568,2159 566,2157 566,2122 222,2122 222,2289 384,2289 389,2294 389,2329 394,2334 545,2334 555,2324 555,2319 560,2314 560,2304 562,2302 563,2302 566,2299 566,2294 571,2289 823,2289 828,2284 924,2284 929,2289 929,2329 1106,2329 1106,2289 1111,2284 1308,2284 1313,2279 1344,2279 1349,2284 1731,2284 1732,2285 1730,2287 1729,2287 1727,2289 1726,2289 1724,2291 1723,2291 1722,2292 1721,2292 1719,2294 1718,2294 1716,2296 1715,2296 1714,2297 1713,2297 1711,2299 1710,2299 1708,2301 1707,2301 1705,2303 1704,2303 1703,2304 1702,2304 1700,2306 1699,2306 1697,2308 1696,2308 1694,2310 1693,2310 1692,2311 1691,2311 1689,2313 1688,2313 1686,2315 1685,2315 1684,2316 1683,2316 1681,2318 1680,2318 1678,2320 1677,2320 1675,2322 1674,2322 1673,2323 1672,2323 1670,2325 1669,2325 1667,2327 1666,2327 1665,2328 1664,2328 1662,2330 1661,2330 1659,2332 1658,2332 1656,2334 1655,2334 1654,2335 1653,2335 1651,2337 1650,2337 1648,2339 1647,2339 1646,2340 1645,2340 1643,2342 1642,2342 1640,2344 1639,2344 1637,2346 1636,2346 1635,2347 1634,2347 1632,2349 1596,2349 1591,2354 1591,2355 1586,2360 1586,2375 1581,2380 1511,2380 1511,2390 1506,2395 1460,2395 1455,2400 1020,2400 1010,2390 1010,2380 995,2365 990,2365 985,2360 753,2360 753,2420 750,2423 749,2423 747,2425 591,2425 586,2420 586,2365 581,2365 576,2360 404,2360 399,2365 394,2365 394,2400 389,2405 222,2405 222,2536 333,2536 333,2531 338,2526 419,2526 424,2521 571,2521 576,2516 576,2501 581,2496 586,2501 586,2506 737,2506 737,2501 742,2496 747,2496 749,2498 750,2498 753,2501 753,2521 1137,2521 1142,2516 1570,2516 1574,2520 1574,2521 1580,2527 1580,2528 1586,2534 1586,2535 1592,2541 1592,2542 1598,2548 1598,2549 1604,2555 1604,2556 1609,2561 1609,2562 1615,2568 1615,2569 1621,2575 1621,2576 1627,2582 1627,2583 1633,2589 1633,2590 1639,2596 1639,2597 1644,2602 1644,2603 1650,2609 1650,2610 1656,2616 1656,2617 1660,2621 1659,2622 1576,2622 1576,2633 1571,2638 1506,2638 1503,2641 1502,2641 1500,2643 1399,2643 1394,2638 1394,2592 1389,2587 1223,2587 1220,2590 1219,2590 1217,2592 1217,2638 1212,2643 1116,2643 1111,2638 1111,2592 1106,2592 1101,2587 950,2587 945,2592 939,2592 939,2638 934,2643 894,2643 889,2638 889,2617 884,2612 884,2592 490,2592 490,2633 485,2638 469,2638 464,2633 464,2597 313,2597 313,2602 308,2607 308,2622 303,2627 303,2643 298,2648 222,2648 222,2819 358,2819 363,2814 389,2814 399,2804 409,2804 409,2799 414,2794 414,2769 419,2764 515,2764 520,2759 788,2759 793,2764 950,2764 955,2759 995,2759 1000,2764 1147,2764 1152,2759 1738,2759 1743,2754 1748,2754 1751,2757 1751,2758 1752,2759 1752,2760 1753,2761 1753,2762 1754,2763 1754,2764 1755,2765 1755,2766 1757,2768 1757,2769 1758,2770 1758,2771 1759,2772 1759,2773 1760,2774 1760,2775 1761,2776 1761,2777 1763,2779 1763,2780 1764,2781 1764,2782 1765,2783 1765,2784 1766,2785 1766,2786 1767,2787 1767,2788 1769,2790 1769,2791 1770,2792 1770,2793 1771,2794 1771,2795 1772,2796 1772,2797 1773,2798 1773,2799 1775,2801 1775,2802 1776,2803 1776,2804 1777,2805 1777,2806 1778,2807 1778,2808 1779,2809 1779,2810 1781,2812 1781,2813 1782,2814 1782,2815 1783,2816 1783,2817 1784,2818 1784,2819 1785,2820 1785,2821 1787,2823 1787,2824 1786,2825 1647,2825 1647,2830 1642,2835 1642,2875 1637,2880 1490,2880 1485,2875 1485,2860 1329,2860 1329,2870 1319,2880 1273,2880 1268,2885 1258,2885 1258,2890 1253,2895 1248,2890 1248,2885 1243,2880 434,2880 429,2875 429,2835 424,2830 272,2830 267,2835 267,2875 262,2880 232,2880 227,2885 222,2885 222,3001 323,3001 328,3006 480,3006 485,3001 1147,3001 1152,3006 1152,3042 1303,3042 1303,3037 1308,3032 1308,3027 1313,3022 1313,3017 1315,3015 1316,3015 1319,3012 1319,3001 1324,2996 1495,2996 1500,3001 1500,3047 1687,3047 1687,3001 1689,2999 1690,2999 1693,2996 1773,2996 1778,3001 1801,3001 1802,3002 1801,3003 1801,3004 1799,3006 1799,3007 1797,3009 1797,3010 1796,3011 1796,3012 1794,3014 1794,3015 1792,3017 1792,3018 1791,3019 1791,3020 1789,3022 1789,3023 1787,3025 1787,3026 1786,3027 1786,3028 1784,3030 1784,3031 1782,3033 1782,3034 1781,3035 1781,3036 1779,3038 1779,3039 1777,3041 1777,3042 1776,3043 1776,3044 1774,3046 1774,3047 1772,3049 1772,3050 1771,3051 1771,3052 1769,3054 1769,3055 1767,3057 1767,3058 1766,3059 1766,3060 1764,3062 1764,3063 1762,3065 1762,3066 1761,3067 1761,3068 1759,3070 1759,3071 1757,3073 1757,3074 1756,3075 1756,3076 1754,3078 1754,3079 1752,3081 1752,3082 1751,3083 1751,3084 1749,3086 1749,3087 1747,3089 1747,3090 1746,3091 1746,3092 1744,3094 1744,3095 1743,3096 1743,3097 1741,3099 1741,3100 1739,3102 1739,3103 1738,3104 1738,3105 1736,3107 1736,3108 1734,3110 1734,3111 1733,3112 1733,3113 1731,3115 1731,3116 1729,3118 1551,3118 1546,3113 1546,3092 1541,3087 1541,3077 1536,3072 1384,3072 1384,3118 1379,3123 1364,3123 1359,3118 1207,3118 1202,3113 1202,3072 919,3072 914,3077 914,3133 919,3138 929,3138 934,3143 929,3148 909,3148 904,3143 722,3143 722,3158 717,3163 712,3158 712,3077 707,3072 404,3072 404,3118 399,3123 394,3118 394,3072 222,3072 222,3244 449,3244 454,3239 763,3239 768,3234 768,3224 773,3219 909,3219 914,3224 914,3234 919,3239 1253,3239 1258,3234 1273,3234 1278,3239 1278,3284 1470,3284 1470,3239 1475,3234 1743,3234 1744,3235 1744,3237 1745,3238 1745,3240 1746,3241 1746,3243 1747,3244 1747,3246 1748,3247 1748,3249 1749,3250 1749,3252 1750,3253 1750,3255 1751,3256 1751,3257 1752,3258 1752,3260 1753,3261 1753,3263 1754,3264 1754,3266 1755,3267 1755,3269 1756,3270 1756,3272 1757,3273 1757,3275 1758,3276 1758,3278 1759,3279 1759,3281 1760,3282 1760,3284 1761,3285 1761,3287 1762,3288 1762,3290 1763,3291 1763,3293 1764,3294 1764,3296 1765,3297 1765,3299 1766,3300 1766,3302 1767,3303 1767,3305 1768,3306 1768,3307 1769,3308 1769,3310 1770,3311 1770,3313 1771,3314 1771,3316 1772,3317 1772,3319 1773,3320 1773,3322 1774,3323 1774,3325 1775,3326 1775,3328 1776,3329 1776,3331 1777,3332 1777,3334 1778,3335 1778,3337 1779,3338 1779,3340 1780,3341 1780,3343 1781,3344 1781,3346 1782,3347 1782,3349 1783,3350 1783,3352 1784,3353 1784,3354 1785,3355 1785,3357 1786,3358 1786,3360 1787,3361 1787,3363 1788,3364 1788,3366 1789,3367 1789,3369 1790,3370 1790,3372 1791,3373 1791,3374 1790,3375 1743,3375 1738,3370 1738,3360 1728,3350 1607,3350 1602,3345 1516,3345 1511,3340 1511,3300 1364,3300 1359,3305 1354,3305 1354,3340 1349,3345 1121,3345 1116,3350 874,3350 869,3355 854,3355 849,3350 849,3310 833,3310 828,3305 682,3305 677,3310 672,3310 672,3350 667,3355 656,3355 651,3350 399,3350 394,3345 394,3310 379,3310 376,3307 375,3307 373,3305 222,3305 222,3476 1369,3476 1374,3471 1420,3471 1425,3476 1576,3476 1581,3471 1701,3471 1702,3472 1687,3487 1686,3487 1671,3502 1670,3502 1655,3517 1654,3517 1639,3532 1638,3532 1628,3542 1536,3542 1531,3547 1526,3547 1526,3583 1521,3588 1177,3588 1172,3583 1172,3542 1010,3542 1010,3547 1005,3552 1005,3583 1000,3588 601,3588 596,3583 596,3552 591,3547 576,3547 571,3542 414,3542 409,3547 399,3547 394,3552 389,3552 389,3557 384,3562 379,3562 379,3608 376,3611 375,3611 373,3613 348,3613 343,3608 222,3608 222,3694 338,3694 343,3689 373,3689 375,3691 376,3691 379,3694 379,3709 409,3709 414,3714 778,3714 783,3719 783,3759 965,3759 965,3719 970,3714 1056,3714 1061,3719 1061,3749 1217,3749 1219,3747 1220,3747 1223,3744 1223,3739 1228,3734 1228,3729 1233,3724 1233,3714 1238,3709 1324,3709 1329,3714 1480,3714 1485,3709 1490,3714 1567,3714 1569,3716 1569,3717 1571,3719 1571,3720 1572,3721 1572,3722 1574,3724 1574,3725 1576,3727 1576,3728 1578,3730 1578,3731 1579,3732 1579,3733 1581,3735 1581,3736 1583,3738 1583,3739 1585,3741 1585,3742 1586,3743 1586,3744 1588,3746 1588,3747 1590,3749 1590,3750 1592,3752 1592,3753 1593,3754 1593,3755 1595,3757 1595,3758 1597,3760 1597,3761 1599,3763 1599,3764 1600,3765 1600,3766 1602,3768 1602,3769 1604,3771 1604,3772 1606,3774 1606,3775 1607,3776 1607,3777 1609,3779 1608,3780 1561,3780 1561,3825 1556,3830 1541,3830 1536,3825 1394,3825 1389,3820 1389,3790 1384,3785 1233,3785 1233,3795 1228,3800 1228,3820 1223,3825 1217,3825 1212,3820 1212,3785 1207,3780 1056,3780 1051,3785 899,3785 899,3805 894,3810 803,3810 798,3805 798,3785 626,3785 626,3820 621,3825 515,3825 510,3830 414,3830 409,3825 409,3790 404,3790 399,3785 227,3785 227,3825 222,3830 222,3941 303,3941 308,3946 308,3952 1197,3952 1197,3946 1202,3941 1268,3941 1273,3946 1273,3997 1450,3997 1450,3957 1455,3952 1531,3952 1531,3946 1536,3941 1541,3941 1546,3946 1546,3952 1727,3952 1730,3955 1730,3956 1733,3959 1733,3960 1735,3962 1735,3963 1738,3966 1738,3967 1740,3969 1740,3970 1743,3973 1743,3974 1746,3977 1746,3978 1748,3980 1748,3981 1751,3984 1751,3985 1754,3988 1754,3989 1756,3991 1756,3992 1759,3995 1759,3996 1761,3998 1761,3999 1764,4002 1764,4003 1767,4006 1767,4007 1769,4009 1769,4010 1770,4011 1769,4012 1693,4012 1693,4017 1690,4020 1689,4020 1687,4022 1576,4022 1576,4037 1573,4040 1573,4041 1571,4043 1571,4063 1566,4068 1399,4068 1399,4098 1394,4103 1389,4098 1389,4068 1238,4068 1233,4063 1233,4053 1228,4048 1076,4048 1071,4053 1071,4063 1066,4068 1051,4068 1046,4063 1046,4027 1025,4027 1020,4022 854,4022 849,4027 843,4027 833,4037 833,4083 828,4088 606,4088 601,4083 601,4078 596,4073 591,4073 586,4068 520,4068 515,4063 515,4022 232,4022 222,4032 222,4184 641,4184 646,4179 651,4179 651,4164 656,4159 682,4159 687,4164 687,4169 823,4169 828,4174 828,4179 833,4179 838,4184 1293,4184 1298,4189 1298,4229 1450,4229 1460,4219 1460,4214 1465,4209 1465,4199 1470,4194 1470,4189 1475,4184 1571,4184 1576,4179 1622,4179 1627,4184 1818,4184 1819,4185 1819,4186 1818,4187 1818,4191 1817,4192 1817,4196 1816,4197 1816,4202 1815,4203 1815,4207 1814,4208 1814,4212 1813,4213 1813,4217 1812,4218 1812,4222 1811,4223 1811,4228 1810,4229 1810,4233 1809,4234 1809,4238 1808,4239 1808,4243 1807,4244 1807,4249 1806,4250 1806,4254 1805,4255 1799,4255 1799,4290 1798,4291 1798,4296 1797,4297 1797,4301 1796,4302 1796,4303 1794,4305 1662,4305 1657,4310 1627,4310 1622,4305 1445,4305 1440,4300 1440,4260 1435,4255 1278,4255 1273,4260 1263,4260 1263,4300 1258,4305 1223,4305 1220,4302 1219,4302 1217,4300 1217,4260 1212,4255 1046,4255 1046,4300 1041,4305 803,4305 798,4310 717,4310 712,4305 712,4260 707,4255 490,4255 485,4260 485,4305 480,4310 384,4310 379,4305 379,4265 376,4262 375,4262 373,4260 222,4260 222,4432 434,4432 439,4427 1036,4427 1041,4422 1056,4422 1061,4427 1212,4427 1217,4422 1273,4422 1278,4427 1511,4427 1516,4422 1612,4422 1614,4420 1614,4419 1617,4416 1627,4416 1629,4418 1629,4419 1632,4422 1642,4422 1647,4427 1647,4472 1839,4472 1839,4459 1840,4458 1841,4459 1841,4460 1842,4461 1842,4462 1843,4463 1843,4464 1844,4465 1844,4466 1845,4467 1845,4468 1846,4469 1846,4470 1847,4471 1847,4472 1848,4473 1848,4474 1849,4475 1849,4476 1850,4477 1850,4478 1851,4479 1851,4480 1852,4481 1852,4482 1853,4483 1853,4484 1854,4485 1854,4486 1855,4487 1855,4488 1856,4489 1856,4490 1857,4491 1857,4492 1858,4493 1858,4494 1859,4495 1859,4496 1860,4497 1860,4498 1861,4499 1861,4500 1862,4501 1862,4502 1863,4503 1863,4504 1864,4505 1864,4506 1865,4507 1865,4508 1866,4509 1866,4510 1867,4511 1867,4512 1868,4513 1868,4514 1869,4515 1869,4516 1870,4517 1870,4518 1871,4519 1871,4520 1872,4521 1872,4522 1873,4523 1873,4524 1874,4525 1874,4526 1875,4527 1875,4528 1876,4529 1876,4530 1877,4531 1877,4532 1878,4533 1878,4534 1879,4535 1879,4536 1880,4537 1880,4538 1881,4539 1881,4540 1882,4541 1882,4542 1881,4543 1586,4543 1581,4548 1561,4548 1556,4543 1556,4492 1389,4492 1384,4497 1379,4497 1379,4538 1374,4543 1157,4543 1152,4538 1152,4492 1000,4492 995,4497 838,4497 838,4543 833,4548 621,4548 616,4553 611,4553 606,4548 449,4548 444,4543 444,4502 439,4497 288,4497 283,4502 283,4543 280,4546 279,4546 277,4548 222,4548 222,4664 303,4664 308,4669 454,4669 459,4664 1334,4664 1339,4659 1455,4659 1460,4664 1612,4664 1617,4659 1698,4659 1703,4664 1796,4664 1797,4665 1789,4673 1789,4674 1781,4682 1781,4683 1772,4692 1772,4693 1764,4701 1764,4702 1755,4711 1755,4712 1747,4720 1747,4721 1739,4729 1739,4730 1730,4739 1730,4740 1722,4748 1722,4749 1714,4757 1714,4758 1705,4767 1705,4768 1698,4775 1627,4775 1627,4780 1622,4785 1591,4785 1586,4780 1586,4760 1374,4760 1374,4780 1369,4785 1283,4785 1278,4780 1278,4775 1273,4770 1273,4750 1268,4745 1268,4740 1263,4735 960,4735 955,4740 955,4780 950,4785 773,4785 768,4780 768,4740 763,4735 606,4735 606,4780 601,4785 247,4785 242,4790 222,4790 222,4957 394,4957 394,4912 399,4907 545,4907 550,4902 591,4902 596,4907 596,4947 753,4947 763,4937 763,4927 768,4922 768,4907 773,4902 909,4902 914,4907 1061,4907 1066,4902 1647,4902 1652,4897 1677,4897 1682,4902 1682,4907 1702,4907 1705,4910 1705,4911 1706,4912 1706,4913 1707,4914 1707,4915 1708,4916 1708,4917 1709,4918 1709,4919 1710,4920 1710,4921 1712,4923 1712,4924 1713,4925 1713,4926 1714,4927 1714,4928 1715,4929 1715,4930 1716,4931 1716,4932 1717,4933 1717,4934 1719,4936 1719,4937 1720,4938 1720,4939 1721,4940 1721,4941 1722,4942 1722,4943 1723,4944 1723,4945 1724,4946 1724,4947 1726,4949 1726,4950 1727,4951 1727,4952 1728,4953 1728,4954 1729,4955 1729,4956 1730,4957 1730,4958 1731,4959 1731,4960 1733,4962 1733,4963 1734,4964 1734,4965 1735,4966 1735,4967 1736,4968 1736,4969 1737,4970 1737,4971 1738,4972 1738,4973 1740,4975 1740,4976 1741,4977 1741,4978 1742,4979 1742,4980 1743,4981 1743,4982 1744,4983 1744,4984 1745,4985 1745,4986 1747,4988 1747,4989 1748,4990 1748,4991 1749,4992 1749,4993 1750,4994 1750,4995 1751,4996 1751,4997 1752,4998 1752,4999 1754,5001 1754,5002 1755,5003 1755,5004 1756,5005 1756,5006 1757,5007 1757,5008 1758,5009 1758,5013 1753,5018 1617,5018 1612,5013 1612,5003 1607,4998 1455,4998 1450,5003 1450,5013 1445,5018 1076,5018 1071,5013 1071,4993 1066,4988 1066,4982 1061,4977 990,4977 985,4972 813,4972 803,4982 803,4988 798,4993 798,5003 793,5008 793,5018 788,5023 707,5023 702,5018 702,4977 500,4977 500,5018 495,5023 373,5023 373,5139 495,5139 500,5144 667,5144 672,5139 692,5139 697,5144 859,5144 864,5139 1278,5139 1283,5144 1308,5144 1313,5149 1313,5154 1460,5154 1460,5144 1465,5139 1677,5139 1682,5144 1682,5185 1693,5185 1698,5190 1827,5190 1828,5191 1828,5193 1829,5194 1829,5197 1830,5198 1830,5200 1831,5201 1831,5204 1832,5205 1832,5207 1833,5208 1833,5211 1834,5212 1834,5214 1835,5215 1835,5218 1836,5219 1836,5221 1837,5222 1837,5225 1838,5226 1838,5228 1839,5229 1839,5232 1840,5233 1840,5234 1839,5235 1728,5235 1723,5240 1723,5250 1718,5255 1667,5255 1662,5260 1617,5260 1612,5255 1612,5215 1607,5210 1460,5210 1455,5215 1450,5215 1450,5250 1445,5255 1394,5255 1389,5260 1288,5260 1283,5255 1121,5255 1116,5260 1051,5260 1041,5250 1041,5215 879,5215 879,5235 874,5240 864,5240 859,5235 859,5215 854,5210 601,5210 596,5215 596,5255 591,5260 384,5260 379,5255 379,5240 222,5240 222,5387 363,5387 368,5382 1086,5382 1091,5377 1121,5377 1126,5382 1127,5382 1132,5387 1268,5387 1273,5392 1273,5427 1455,5427 1460,5422 1460,5382 1465,5377 1836,5377 1837,5378 1837,5380 1836,5381 1836,5386 1835,5387 1835,5392 1834,5393 1834,5398 1833,5399 1833,5404 1832,5405 1832,5410 1831,5411 1831,5416 1830,5417 1830,5422 1829,5423 1829,5428 1828,5429 1828,5435 1827,5436 1827,5441 1826,5442 1826,5447 1825,5448 1825,5453 1824,5454 1824,5459 1823,5460 1823,5465 1822,5466 1822,5471 1821,5472 1821,5477 1820,5478 1820,5483 1819,5484 1819,5489 1818,5490 1818,5495 1817,5496 1817,5501 1815,5503 1576,5503 1571,5498 1571,5463 1566,5458 1399,5458 1394,5463 1394,5478 1389,5483 1303,5483 1298,5488 1298,5493 1288,5503 1238,5503 1233,5508 1228,5503 1167,5503 1162,5498 1162,5463 1157,5458 995,5458 990,5463 909,5463 909,5498 904,5503 803,5503 798,5498 798,5493 793,5488 636,5488 636,5498 626,5508 545,5508 540,5503 272,5503 267,5508 222,5508 222,5629 995,5629 1000,5624 1005,5629 1157,5629 1162,5624 1771,5624 1772,5625 1772,5626 1771,5627 1771,5628 1770,5629 1770,5631 1769,5632 1769,5633 1768,5634 1768,5636 1767,5637 1767,5639 1766,5640 1766,5641 1765,5642 1765,5644 1764,5645 1764,5646 1763,5647 1763,5649 1762,5650 1762,5651 1761,5652 1761,5654 1760,5655 1760,5657 1759,5658 1759,5659 1758,5660 1758,5662 1757,5663 1757,5664 1756,5665 1756,5667 1755,5668 1755,5669 1754,5670 1754,5672 1753,5673 1753,5675 1752,5676 1752,5677 1751,5678 1751,5680 1750,5681 1750,5682 1749,5683 1749,5685 1748,5686 1748,5687 1747,5688 1747,5690 1746,5691 1746,5692 1745,5693 1745,5695 1744,5696 1744,5698 1742,5700 1622,5700 1617,5705 1617,5715 1612,5720 1612,5730 1609,5733 1609,5734 1607,5736 1607,5741 1602,5746 1521,5746 1516,5741 1516,5705 1511,5700 1354,5700 1349,5705 1086,5705 1086,5741 1081,5746 1041,5746 1036,5751 909,5751 904,5746 904,5705 899,5700 753,5700 748,5705 747,5705 742,5710 571,5710 571,5725 566,5730 469,5730 469,5741 464,5746 459,5741 459,5710 449,5700 298,5700 288,5710 288,5741 283,5746 237,5746 232,5751 227,5751 222,5756 222,5857 227,5862 227,5867 232,5867 237,5872 1268,5872 1273,5867 1401,5867 1402,5868 1403,5868 1405,5870 1406,5870 1409,5873 1410,5873 1412,5875 1413,5875 1416,5878 1417,5878 1419,5880 1420,5880 1422,5882 1423,5882 1426,5885 1427,5885 1429,5887 1430,5887 1433,5890 1434,5890 1436,5892 1437,5892 1440,5895 1441,5895 1443,5897 1444,5897 1447,5900 1448,5900 1450,5902 1451,5902 1453,5904 1454,5904 1457,5907 1458,5907 1460,5909 1461,5909 1464,5912 1465,5912 1467,5914 1468,5914 1471,5917 1472,5917 1474,5919 1475,5919 1477,5921 1478,5921 1481,5924 1482,5924 1484,5926 1485,5926 1488,5929 1489,5929 1491,5931 1492,5931 1495,5934 1496,5934 1498,5936 1499,5936 1502,5939 1503,5939 1505,5941 1506,5941 1508,5943 1509,5943 1512,5946 1513,5946 1515,5948 1516,5948 1519,5951 1520,5951 1522,5953 1523,5953 1526,5956 1527,5956 1529,5958 1530,5958 1533,5961 1534,5961 1536,5963 1537,5963 1539,5965 1540,5965 1543,5968 1544,5968 1546,5970 1547,5970 1550,5973 1551,5973 1553,5975 1554,5975 1557,5978 1558,5978 1560,5980 1561,5980 1564,5983 1565,5983 1567,5985 1568,5985 1570,5987 1569,5988 1450,5988 1445,5993 1425,5993 1420,5988 1364,5988 1359,5983 1359,5943 1197,5943 1197,5983 1192,5988 1182,5988 1177,5983 1177,5943 874,5943 874,5968 869,5973 859,5973 854,5968 854,5953 849,5948 849,5943 545,5943 545,5948 540,5953 535,5953 530,5958 530,5963 525,5968 525,5973 520,5978 520,5983 515,5988 429,5988 424,5993 379,5993 379,6054 384,6054 389,6059 389,6099 540,6099 545,6104 560,6104 562,6106 563,6106 566,6109 717,6109 722,6104 737,6104 742,6099 747,6104 793,6104 798,6109 1086,6109 1091,6104 1187,6104 1192,6109 1192,6155 1344,6155 1359,6140 1359,6109 1364,6104 1588,6104 1589,6105 1589,6107 1588,6108 1588,6110 1587,6111 1587,6113 1586,6114 1586,6116 1585,6117 1585,6119 1584,6120 1584,6122 1583,6123 1583,6125 1582,6126 1582,6127 1581,6128 1581,6130 1580,6131 1580,6133 1579,6134 1579,6136 1578,6137 1578,6139 1577,6140 1577,6142 1576,6143 1576,6145 1575,6146 1575,6148 1574,6149 1574,6151 1573,6152 1573,6154 1572,6155 1572,6157 1571,6158 1571,6160 1570,6161 1570,6163 1569,6164 1569,6166 1568,6167 1568,6169 1567,6170 1567,6172 1566,6173 1566,6175 1565,6176 1565,6178 1564,6179 1564,6181 1563,6182 1563,6184 1562,6185 1562,6187 1561,6188 1561,6190 1560,6191 1560,6192 1559,6193 1559,6195 1558,6196 1558,6198 1557,6199 1557,6201 1556,6202 1556,6204 1555,6205 1555,6207 1554,6208 1554,6210 1553,6211 1553,6213 1552,6214 1552,6216 1551,6217 1551,6219 1549,6221 1506,6221 1503,6224 1502,6224 1500,6226 1490,6226 1485,6231 1485,6236 1480,6241 1480,6246 1475,6251 1475,6256 1470,6261 1450,6261 1445,6256 1445,6241 1435,6231 1430,6231 1425,6226 1359,6226 1354,6221 1354,6206 1142,6206 1142,6216 1137,6221 864,6221 859,6216 859,6175 656,6175 656,6236 672,6236 677,6241 677,6256 672,6261 621,6261 616,6256 616,6241 611,6236 611,6231 606,6226 601,6226 596,6221 480,6221 475,6216 475,6175 472,6172 471,6172 469,6170 252,6170 252,6221 247,6226 232,6226 222,6236 222,6327 227,6332 227,6342 232,6347 389,6347 394,6342 505,6342 510,6347 510,6382 519,6391 673,6391 677,6387 677,6377 687,6367 687,6357 692,6352 823,6352 828,6347 1137,6347 1142,6342 1152,6342 1157,6347 1197,6347 1202,6352 1334,6352 1339,6357 1339,6391 1491,6391 1495,6387 1495,6382 1500,6377 1500,6372 1502,6370 1503,6370 1506,6367 1506,6352 1516,6342 1733,6342 1738,6347 1885,6347 1890,6342 2087,6342 2092,6347 2375,6347 2380,6342 2966,6342 2971,6337 3072,6337 3077,6332 3138,6332 3143,6327 3168,6327 3178,6317 3183,6317 3193,6307 3193,6246 3188,6241 3133,6241 3128,6236 3128,6221 3123,6221 3118,6216 2991,6216 2986,6211 2986,6170 2981,6165 2830,6165 2825,6170 2825,6211 2822,6214 2821,6214 2819,6216 2723,6216 2718,6221 2385,6221 2380,6216 2380,6206 2087,6206 2082,6211 2082,6216 2077,6221 1553,6221 1552,6220 1553,6219 1553,6217 1554,6216 1554,6214 1555,6213 1555,6211 1556,6210 1556,6208 1557,6207 1557,6205 1558,6204 1558,6202 1559,6201 1559,6199 1560,6198 1560,6196 1561,6195 1561,6193 1562,6192 1562,6190 1563,6189 1563,6187 1564,6186 1564,6184 1565,6183 1565,6181 1566,6180 1566,6178 1567,6177 1567,6175 1568,6174 1568,6172 1569,6171 1569,6170 1570,6169 1570,6167 1571,6166 1571,6164 1572,6163 1572,6161 1573,6160 1573,6158 1574,6157 1574,6155 1575,6154 1575,6152 1576,6151 1576,6149 1577,6148 1577,6146 1578,6145 1578,6143 1579,6142 1579,6140 1580,6139 1580,6137 1581,6136 1581,6134 1582,6133 1582,6131 1583,6130 1583,6128 1584,6127 1584,6125 1585,6124 1585,6122 1586,6121 1586,6119 1587,6118 1587,6116 1588,6115 1588,6113 1589,6112 1589,6110 1590,6109 1590,6107 1591,6106 1591,6105 1592,6104 2334,6104 2339,6109 2339,6155 2516,6155 2521,6150 2521,6109 2526,6104 2845,6104 2850,6099 2885,6099 2890,6104 3158,6104 3163,6099 3173,6099 3183,6089 3183,6003 3178,5998 3178,5993 3168,5983 3118,5983 3113,5978 3113,5938 2865,5938 2860,5943 2855,5943 2855,5978 2850,5983 2663,5983 2658,5978 2658,5943 2653,5938 2496,5938 2496,5983 2491,5988 2309,5988 2304,5983 2137,5983 2132,5988 1976,5988 1973,5985 1972,5985 1970,5983 1824,5983 1819,5988 1763,5988 1758,5983 1758,5943 1651,5943 1650,5942 1651,5941 1651,5940 1652,5939 1652,5937 1653,5936 1653,5934 1654,5933 1654,5932 1655,5931 1655,5929 1656,5928 1656,5927 1657,5926 1657,5924 1658,5923 1658,5922 1659,5921 1659,5919 1660,5918 1660,5916 1661,5915 1661,5914 1662,5913 1662,5911 1663,5910 1663,5909 1664,5908 1664,5906 1665,5905 1665,5904 1666,5903 1666,5901 1667,5900 1667,5898 1668,5897 1668,5896 1669,5895 1669,5893 1670,5892 1670,5891 1671,5890 1671,5888 1672,5887 1672,5886 1673,5885 1673,5883 1674,5882 1674,5880 1675,5879 1675,5878 1676,5877 1676,5875 1677,5874 1677,5873 1678,5872 1678,5870 1679,5869 1679,5868 1680,5867 2233,5867 2233,5862 2243,5852 2243,5796 2238,5791 2238,5786 2233,5781 2072,5781 2069,5778 2068,5778 2066,5776 2066,5695 1910,5695 1905,5700 1905,5736 1900,5741 1834,5741 1829,5746 1794,5746 1789,5741 1789,5730 1786,5727 1785,5727 1783,5725 1783,5720 1778,5715 1778,5710 1773,5705 1773,5700 1746,5700 1745,5699 1745,5698 1746,5697 1746,5696 1747,5695 1747,5693 1748,5692 1748,5691 1749,5690 1749,5688 1750,5687 1750,5685 1751,5684 1751,5683 1752,5682 1752,5680 1753,5679 1753,5678 1754,5677 1754,5675 1755,5674 1755,5673 1756,5672 1756,5670 1757,5669 1757,5667 1758,5666 1758,5665 1759,5664 1759,5662 1760,5661 1760,5660 1761,5659 1761,5657 1762,5656 1762,5655 1763,5654 1763,5652 1764,5651 1764,5649 1765,5648 1765,5647 1766,5646 1766,5644 1767,5643 1767,5642 1768,5641 1768,5639 1769,5638 1769,5637 1770,5636 1770,5634 1771,5633 1771,5632 1772,5631 1772,5629 1773,5628 1773,5626 1775,5624 1890,5624 1895,5619 1925,5619 1930,5624 2183,5624 2188,5619 3012,5619 3017,5624 3017,5660 3022,5665 3173,5665 3183,5655 3183,5645 3188,5640 3188,5639 3193,5634 3193,5574 3188,5569 3188,5503 3178,5493 3037,5493 3032,5488 3032,5452 3027,5447 2875,5447 2870,5452 2638,5452 2638,5493 2633,5498 2592,5498 2587,5493 2587,5452 2410,5452 2410,5493 2405,5498 2243,5498 2238,5493 2238,5452 2082,5452 2082,5493 2077,5498 2072,5493 2072,5452 1905,5452 1902,5455 1902,5456 1900,5458 1895,5458 1885,5468 1885,5473 1882,5476 1881,5476 1879,5478 1879,5493 1874,5498 1829,5498 1824,5503 1819,5503 1818,5502 1819,5501 1819,5496 1820,5495 1820,5490 1821,5489 1821,5484 1822,5483 1822,5478 1823,5477 1823,5472 1824,5471 1824,5466 1825,5465 1825,5460 1826,5459 1826,5454 1827,5453 1827,5448 1828,5447 1828,5441 1829,5440 1829,5435 1830,5434 1830,5429 1831,5428 1831,5423 1832,5422 1832,5417 1833,5416 1833,5411 1834,5410 1834,5405 1835,5404 1835,5399 1836,5398 1836,5393 1837,5392 1837,5387 1838,5386 1838,5381 1839,5380 1839,5378 1840,5377 1864,5377 1869,5382 1869,5417 2021,5417 2031,5407 2031,5397 2036,5392 2036,5382 2041,5377 3052,5377 3057,5372 3183,5372 3183,5367 3188,5362 3188,5316 3193,5311 3193,5255 3188,5250 3173,5250 3168,5245 3168,5235 3163,5230 3133,5230 3123,5220 3123,5215 3118,5210 3118,5205 2971,5205 2961,5215 2956,5215 2956,5225 2951,5230 2951,5245 2946,5250 2607,5250 2602,5255 2506,5255 2501,5250 2355,5250 2352,5253 2351,5253 2349,5255 2213,5255 2208,5250 2208,5245 2203,5240 2041,5240 2041,5250 2036,5255 1986,5255 1981,5260 1976,5260 1976,5266 1973,5269 1972,5269 1970,5271 1962,5263 1962,5262 1955,5255 1885,5255 1882,5252 1881,5252 1879,5250 1879,5240 1874,5235 1843,5235 1842,5234 1842,5233 1841,5232 1841,5230 1840,5229 1840,5226 1839,5225 1839,5223 1838,5222 1838,5219 1837,5218 1837,5216 1836,5215 1836,5212 1835,5211 1835,5209 1834,5208 1834,5205 1833,5204 1833,5202 1832,5201 1832,5198 1831,5197 1831,5195 1830,5194 1830,5191 1831,5190 1844,5190 1849,5185 1859,5185 1859,5144 1864,5139 1869,5139 1874,5134 1879,5139 1890,5139 1895,5144 1895,5185 2082,5185 2082,5139 2087,5134 2107,5134 2112,5139 2198,5139 2203,5144 2203,5180 2355,5180 2355,5175 2357,5173 2357,5172 2360,5169 2360,5164 2365,5159 2365,5154 2370,5149 2370,5139 2375,5134 3087,5134 3092,5139 3092,5185 3097,5190 3248,5190 3248,5123 3244,5119 3193,5119 3188,5114 3193,5109 3193,5033 3188,5028 3133,5028 3128,5023 3128,5008 2759,5008 2754,5013 2713,5013 2708,5008 2658,5008 2653,5003 2653,4967 2496,4967 2496,5008 2491,5013 2112,5013 2107,5018 2072,5018 2069,5015 2068,5015 2066,5013 1991,5013 1986,5008 1986,4967 1758,4967 1758,5003 1757,5004 1756,5003 1756,5002 1755,5001 1755,5000 1754,4999 1754,4998 1753,4997 1753,4996 1752,4995 1752,4994 1750,4992 1750,4991 1749,4990 1749,4989 1748,4988 1748,4987 1747,4986 1747,4985 1746,4984 1746,4983 1745,4982 1745,4981 1743,4979 1743,4978 1742,4977 1742,4976 1741,4975 1741,4974 1740,4973 1740,4972 1739,4971 1739,4970 1738,4969 1738,4968 1736,4966 1736,4965 1735,4964 1735,4963 1734,4962 1734,4961 1733,4960 1733,4959 1732,4958 1732,4957 1731,4956 1731,4955 1729,4953 1729,4952 1728,4951 1728,4950 1727,4949 1727,4948 1726,4947 1726,4946 1725,4945 1725,4944 1724,4943 1724,4942 1722,4940 1722,4939 1721,4938 1721,4937 1720,4936 1720,4935 1719,4934 1719,4933 1718,4932 1718,4931 1717,4930 1717,4929 1715,4927 1715,4926 1714,4925 1714,4924 1713,4923 1713,4922 1712,4921 1712,4920 1711,4919 1711,4918 1710,4917 1710,4916 1708,4914 1708,4913 1707,4912 1707,4911 1706,4910 1706,4909 1705,4908 1706,4907 1839,4907 1844,4902 1895,4902 1900,4897 2294,4897 2299,4902 2299,4942 2481,4942 2481,4902 2486,4897 3092,4897 3103,4886 3108,4886 3108,4826 3103,4826 3100,4823 3099,4823 3097,4821 3097,4816 3057,4816 3052,4811 3052,4790 3042,4780 3042,4775 3037,4775 3032,4770 2774,4770 2769,4775 2764,4775 2759,4770 2536,4770 2531,4775 2299,4775 2294,4770 2294,4730 2127,4730 2122,4735 2046,4735 2046,4770 2041,4775 1950,4775 1945,4770 1945,4730 1783,4730 1783,4755 1778,4760 1733,4760 1733,4770 1728,4775 1704,4775 1703,4774 1703,4773 1711,4765 1711,4764 1719,4756 1719,4755 1728,4746 1728,4745 1736,4737 1736,4736 1744,4728 1744,4727 1753,4718 1753,4717 1761,4709 1761,4708 1769,4700 1769,4699 1778,4690 1778,4689 1786,4681 1786,4680 1795,4671 1795,4670 1801,4664 1905,4664 1910,4659 2077,4659 2082,4664 2082,4705 2264,4705 2264,4664 2269,4659 2536,4659 2538,4657 2539,4657 2542,4654 3173,4654 3178,4649 3183,4649 3183,4644 3188,4639 3188,4553 3183,4548 3183,4543 3178,4538 3178,4533 3067,4533 3062,4528 3062,4482 2900,4482 2895,4487 2895,4528 2890,4533 2865,4533 2860,4528 2860,4523 2855,4518 2855,4512 2688,4512 2683,4507 2683,4492 2678,4492 2673,4487 2526,4487 2521,4492 2516,4492 2516,4528 2511,4533 2415,4533 2415,4538 2410,4543 2400,4543 2395,4538 2395,4492 2390,4487 2238,4487 2233,4492 2233,4538 2228,4543 2102,4543 2097,4538 2097,4492 1920,4492 1920,4538 1915,4543 1885,4543 1883,4541 1883,4540 1882,4539 1882,4538 1881,4537 1881,4536 1880,4535 1880,4534 1879,4533 1879,4532 1878,4531 1878,4530 1877,4529 1877,4528 1876,4527 1876,4526 1875,4525 1875,4524 1874,4523 1874,4522 1873,4521 1873,4520 1872,4519 1872,4518 1871,4517 1871,4515 1870,4514 1870,4513 1869,4512 1869,4511 1868,4510 1868,4509 1867,4508 1867,4507 1866,4506 1866,4505 1865,4504 1865,4503 1864,4502 1864,4501 1863,4500 1863,4499 1862,4498 1862,4497 1861,4496 1861,4495 1860,4494 1860,4493 1859,4492 1859,4491 1858,4490 1858,4489 1857,4488 1857,4487 1856,4486 1856,4485 1855,4484 1855,4483 1854,4482 1854,4481 1853,4480 1853,4479 1852,4478 1852,4477 1851,4476 1851,4475 1850,4474 1850,4473 1849,4472 1849,4471 1848,4470 1848,4469 1847,4468 1847,4467 1846,4466 1846,4465 1845,4464 1845,4463 1844,4462 1844,4461 1843,4460 1843,4459 1842,4458 1842,4457 1841,4456 1841,4455 1840,4454 1840,4453 1839,4452 1839,4427 1844,4422 1925,4422 1930,4427 2087,4427 2092,4422 2334,4422 2336,4420 2336,4419 2339,4416 2840,4416 2842,4418 2842,4419 2845,4422 2845,4467 2850,4472 2996,4472 3001,4467 3032,4467 3032,4462 3037,4457 3062,4457 3062,4422 3064,4420 3064,4419 3067,4416 3163,4416 3168,4411 3173,4411 3178,4406 3183,4406 3188,4401 3188,4315 3168,4295 2865,4295 2860,4300 2784,4300 2779,4295 2779,4250 2774,4245 2627,4245 2622,4250 2622,4295 2617,4300 2163,4300 2160,4303 2159,4303 2157,4305 2112,4305 2107,4300 1965,4300 1960,4295 1960,4255 1809,4255 1808,4254 1808,4249 1809,4248 1809,4244 1810,4243 1810,4239 1811,4238 1811,4234 1812,4233 1812,4229 1813,4228 1813,4223 1814,4222 1814,4218 1815,4217 1815,4213 1816,4212 1816,4208 1817,4207 1817,4202 1818,4201 1818,4197 1819,4196 1819,4192 1820,4191 1820,4187 1821,4186 1821,4185 1822,4184 1940,4184 1945,4179 1955,4179 1960,4184 2309,4184 2314,4179 2567,4179 2572,4174 2577,4174 2582,4179 2582,4224 2734,4224 2739,4219 2739,4214 2749,4204 2749,4189 2759,4179 3062,4179 3067,4174 3128,4174 3128,4159 3133,4154 3173,4154 3178,4149 3183,4149 3183,4078 3178,4073 3123,4073 3118,4068 3118,4012 3113,4007 2946,4007 2941,4012 2936,4012 2936,4053 2931,4058 2926,4058 2921,4053 2921,4048 2916,4043 2759,4043 2759,4058 2754,4063 2693,4063 2683,4073 2683,4078 2678,4083 2673,4078 2673,4063 2668,4058 2521,4058 2516,4053 2516,4048 2511,4043 2360,4043 2360,4048 2355,4053 2355,4058 2352,4061 2351,4061 2349,4063 2218,4063 2213,4058 2213,4027 2208,4022 2208,4012 2046,4012 2046,4017 2041,4022 2041,4058 2036,4063 1864,4063 1859,4058 1859,4022 1854,4017 1854,4012 1774,4012 1772,4010 1772,4009 1770,4007 1770,4006 1767,4003 1767,4002 1765,4000 1765,3999 1762,3996 1762,3995 1759,3992 1759,3991 1757,3989 1757,3988 1754,3985 1754,3984 1752,3982 1752,3981 1749,3978 1749,3977 1746,3974 1746,3973 1744,3971 1744,3970 1741,3967 1741,3966 1738,3963 1738,3962 1736,3960 1736,3959 1733,3956 1733,3955 1731,3953 1732,3952 1869,3952 1869,3946 1874,3941 2031,3941 2036,3946 2036,3952 2193,3952 2193,3946 2198,3941 3042,3941 3047,3936 3173,3936 3183,3926 3183,3835 3168,3820 3097,3820 3092,3815 3092,3800 2885,3800 2880,3805 2880,3815 2875,3820 2759,3820 2754,3825 2749,3820 2749,3780 2744,3775 2572,3775 2572,3800 2567,3805 2456,3805 2456,3820 2451,3825 2435,3825 2430,3820 2279,3820 2274,3825 2016,3825 2011,3820 2011,3780 1839,3780 1839,3820 1834,3825 1738,3825 1733,3820 1733,3785 1728,3780 1613,3780 1610,3777 1610,3776 1608,3774 1608,3773 1607,3772 1607,3771 1605,3769 1605,3768 1603,3766 1603,3765 1601,3763 1601,3762 1600,3761 1600,3760 1598,3758 1598,3757 1596,3755 1596,3754 1594,3752 1594,3751 1593,3750 1593,3749 1591,3747 1591,3746 1589,3744 1589,3743 1587,3741 1587,3740 1586,3739 1586,3738 1584,3736 1584,3735 1582,3733 1582,3732 1580,3730 1580,3729 1579,3728 1579,3727 1577,3725 1577,3724 1575,3722 1575,3721 1573,3719 1573,3718 1572,3717 1572,3716 1571,3715 1572,3714 1642,3714 1647,3709 1834,3709 1839,3714 1839,3749 1991,3749 2001,3739 2001,3734 2006,3729 2006,3724 2011,3719 2011,3714 2016,3709 2142,3709 2147,3704 2233,3704 2238,3709 2496,3709 2501,3704 3163,3704 3168,3699 3173,3699 3178,3694 3178,3669 3180,3667 3180,3666 3183,3663 3183,3603 3163,3583 3037,3583 3032,3578 3032,3562 2865,3562 2860,3557 2860,3537 2683,3537 2683,3578 2678,3583 2400,3583 2395,3578 2395,3542 2390,3537 2228,3537 2223,3542 2223,3583 2218,3588 1698,3588 1693,3583 1693,3542 1634,3542 1633,3541 1648,3526 1649,3526 1664,3511 1665,3511 1680,3496 1681,3496 1696,3481 1697,3481 1707,3471 1794,3471 1799,3466 1799,3451 1804,3446 1925,3446 1930,3451 1935,3451 1940,3456 1940,3461 1945,3461 1955,3471 2112,3471 2117,3466 2334,3466 2339,3471 2339,3507 2344,3512 2496,3512 2506,3502 2506,3497 2511,3492 2511,3471 2516,3466 2991,3466 2996,3461 3001,3461 3006,3466 3163,3466 3168,3461 3168,3391 3163,3386 3001,3386 2998,3383 2998,3382 2996,3380 2996,3300 2991,3295 2693,3295 2693,3335 2688,3340 2633,3340 2630,3343 2629,3343 2627,3345 2516,3345 2511,3340 2511,3305 2506,3300 1965,3300 1960,3305 1955,3305 1935,3325 1930,3325 1925,3330 1925,3350 1920,3355 1920,3370 1915,3375 1794,3375 1793,3374 1793,3373 1792,3372 1792,3370 1791,3369 1791,3368 1790,3367 1790,3365 1789,3364 1789,3362 1788,3361 1788,3359 1787,3358 1787,3356 1786,3355 1786,3353 1785,3352 1785,3350 1784,3349 1784,3347 1783,3346 1783,3344 1782,3343 1782,3341 1781,3340 1781,3338 1780,3337 1780,3335 1779,3334 1779,3332 1778,3331 1778,3329 1777,3328 1777,3326 1776,3325 1776,3323 1775,3322 1775,3321 1774,3320 1774,3318 1773,3317 1773,3315 1772,3314 1772,3312 1771,3311 1771,3309 1770,3308 1770,3306 1769,3305 1769,3303 1768,3302 1768,3300 1767,3299 1767,3297 1766,3296 1766,3294 1765,3293 1765,3291 1764,3290 1764,3288 1763,3287 1763,3285 1762,3284 1762,3282 1761,3281 1761,3279 1760,3278 1760,3276 1759,3275 1759,3274 1758,3273 1758,3271 1757,3270 1757,3268 1756,3267 1756,3265 1755,3264 1755,3262 1754,3261 1754,3259 1753,3258 1753,3256 1752,3255 1752,3253 1751,3252 1751,3250 1750,3249 1750,3247 1749,3246 1749,3244 1748,3243 1748,3241 1747,3240 1747,3238 1746,3237 1746,3235 1747,3234 2208,3234 2213,3229 2213,3219 2218,3214 2334,3214 2339,3219 2339,3234 3027,3234 3032,3229 3108,3229 3108,3214 3113,3209 3173,3209 3178,3204 3178,3138 3173,3133 3133,3133 3128,3128 3128,3113 3123,3108 3123,3103 2966,3103 2966,3108 2961,3113 2582,3113 2577,3108 2577,3067 2572,3067 2567,3062 2420,3062 2415,3067 2339,3067 2339,3128 2355,3128 2360,3133 2355,3138 2218,3138 2213,3133 2213,3067 2208,3062 1976,3062 1973,3065 1972,3065 1970,3067 1849,3067 1844,3072 1844,3087 1839,3092 1753,3092 1748,3097 1748,3113 1743,3118 1734,3118 1733,3117 1734,3116 1734,3115 1735,3114 1735,3113 1737,3111 1737,3110 1739,3108 1739,3107 1740,3106 1740,3105 1742,3103 1742,3102 1744,3100 1744,3099 1745,3098 1745,3097 1747,3095 1747,3094 1749,3092 1749,3091 1750,3090 1750,3089 1752,3087 1752,3086 1754,3084 1754,3083 1755,3082 1755,3081 1757,3079 1757,3078 1759,3076 1759,3075 1760,3074 1760,3073 1762,3071 1762,3070 1764,3068 1764,3067 1765,3066 1765,3065 1767,3063 1767,3062 1769,3060 1769,3059 1770,3058 1770,3057 1772,3055 1772,3054 1774,3052 1774,3051 1775,3050 1775,3049 1777,3047 1777,3046 1779,3044 1779,3043 1780,3042 1780,3041 1782,3039 1782,3038 1784,3036 1784,3035 1785,3034 1785,3033 1787,3031 1787,3030 1789,3028 1789,3027 1790,3026 1790,3025 1792,3023 1792,3022 1794,3020 1794,3019 1795,3018 1795,3017 1797,3015 1797,3014 1799,3012 1799,3011 1800,3010 1800,3009 1802,3007 1802,3006 1804,3004 1804,3003 1806,3001 1925,3001 1930,2996 2173,2996 2178,2991 2193,2991 2198,2996 2253,2996 2255,2998 2256,2998 2259,3001 2259,3047 2521,3047 2521,3001 2526,2996 2653,2996 2658,2991 2749,2991 2754,2996 2754,3042 2759,3047 2931,3047 2936,3042 2936,2996 2941,2991 3153,2991 3158,2986 3163,2986 3168,2981 3168,2875 3163,2870 3092,2870 3087,2865 3087,2860 3077,2850 3077,2835 3072,2830 3072,2825 2916,2825 2916,2870 2913,2873 2912,2873 2910,2875 2729,2875 2726,2872 2725,2872 2723,2870 2723,2825 2506,2825 2501,2830 2496,2830 2496,2875 2491,2880 2375,2880 2370,2875 2011,2875 2006,2880 1820,2880 1818,2878 1818,2877 1817,2876 1817,2875 1816,2874 1816,2873 1815,2872 1815,2871 1813,2869 1813,2868 1812,2867 1812,2866 1811,2865 1811,2864 1810,2863 1810,2862 1809,2861 1809,2860 1807,2858 1807,2857 1806,2856 1806,2855 1805,2854 1805,2853 1804,2852 1804,2825 1790,2825 1788,2823 1788,2822 1787,2821 1787,2820 1786,2819 1786,2818 1785,2817 1785,2816 1783,2814 1783,2813 1782,2812 1782,2811 1781,2810 1781,2809 1780,2808 1780,2807 1779,2806 1779,2805 1777,2803 1777,2802 1776,2801 1776,2800 1775,2799 1775,2798 1774,2797 1774,2796 1773,2795 1773,2794 1771,2792 1771,2791 1770,2790 1770,2789 1769,2788 1769,2787 1768,2786 1768,2785 1767,2784 1767,2783 1765,2781 1765,2780 1764,2779 1764,2778 1763,2777 1763,2776 1762,2775 1762,2774 1760,2772 1760,2771 1759,2770 1759,2769 1758,2768 1758,2767 1757,2766 1757,2765 1756,2764 1756,2763 1754,2761 1754,2760 1753,2759 1753,2758 1752,2757 1752,2756 1751,2755 1752,2754 1783,2754 1785,2756 1786,2756 1789,2759 1789,2809 1976,2809 1981,2804 1981,2759 1986,2754 2168,2754 2173,2759 2173,2804 2365,2804 2365,2764 2370,2759 2425,2759 2430,2754 2723,2754 2725,2752 2726,2752 2729,2749 2789,2749 2794,2754 3108,2754 3113,2749 3113,2734 3118,2729 3158,2729 3163,2724 3163,2723 3168,2718 3168,2658 3163,2653 3103,2653 3100,2650 3099,2650 3097,2648 3097,2638 3092,2633 3037,2633 3034,2630 3034,2629 3032,2627 3032,2617 3027,2612 3027,2597 3017,2587 2830,2587 2825,2582 2673,2582 2668,2587 2668,2612 2663,2617 2557,2617 2552,2622 2552,2627 2549,2630 2549,2631 2547,2633 2506,2633 2501,2638 2496,2638 2491,2633 2491,2587 2486,2582 2329,2582 2329,2627 2326,2630 2326,2631 2324,2633 2066,2633 2063,2630 2063,2629 2061,2627 2061,2622 2056,2622 2051,2617 2051,2607 2046,2602 2046,2592 1890,2592 1890,2633 1885,2638 1738,2638 1733,2633 1733,2622 1664,2622 1661,2619 1661,2618 1655,2612 1655,2611 1649,2605 1649,2604 1643,2598 1643,2597 1637,2591 1637,2590 1632,2585 1632,2584 1626,2578 1626,2577 1620,2571 1620,2570 1614,2564 1614,2563 1608,2557 1608,2556 1602,2550 1602,2549 1597,2544 1597,2543 1591,2537 1591,2536 1585,2530 1585,2529 1579,2523 1579,2522 1574,2517 1575,2516 1991,2516 1996,2511 2673,2511 2678,2506 2683,2511 2845,2511 2850,2506 3087,2506 3087,2491 3092,2486 3158,2486 3163,2481 3163,2415 3113,2415 3108,2410 3108,2390 2910,2390 2905,2385 2905,2339 2734,2339 2734,2380 2729,2385 2592,2385 2587,2390 1991,2390 1986,2395 1758,2395 1753,2390 1753,2360 1748,2355 1748,2349 1639,2349 1638,2348 1639,2347 1640,2347 1642,2345 1643,2345 1645,2343 1646,2343 1647,2342 1648,2342 1650,2340 1651,2340 1653,2338 1654,2338 1656,2336 1657,2336 1658,2335 1659,2335 1661,2333 1662,2333 1664,2331 1665,2331 1666,2330 1667,2330 1669,2328 1670,2328 1672,2326 1673,2326 1675,2324 1676,2324 1677,2323 1678,2323 1680,2321 1681,2321 1683,2319 1684,2319 1685,2318 1686,2318 1688,2316 1689,2316 1691,2314 1692,2314 1694,2312 1695,2312 1696,2311 1697,2311 1699,2309 1700,2309 1702,2307 1703,2307 1704,2306 1705,2306 1707,2304 1708,2304 1710,2302 1711,2302 1713,2300 1714,2300 1715,2299 1716,2299 1718,2297 1719,2297 1721,2295 1722,2295 1724,2293 1725,2293 1726,2292 1727,2292 1729,2290 1730,2290 1732,2288 1733,2288 1734,2287 1735,2287 1737,2285 1738,2285 1739,2284 1753,2284 1758,2279 1854,2279 1859,2284 1859,2319 2011,2319 2016,2314 2021,2314 2021,2309 2026,2304 2026,2299 2031,2294 2031,2284 2036,2279 2213,2279 2213,2274 2218,2269 2405,2269 2410,2274 2410,2279 2638,2279 2638,2274 2643,2269 2648,2269 2653,2274 2653,2279 2804,2279 2804,2274 2809,2269 3097,2269 3097,2253 3099,2251 3100,2251 3103,2248 3153,2248 3158,2243 3163,2243 3168,2238 3168,2178 3163,2173 3092,2173 3087,2168 3087,2107 2926,2107 2926,2127 2921,2132 2875,2132 2870,2137 2870,2142 2865,2147 2648,2147 2643,2152 2385,2152 2380,2147 2380,2107 2208,2107 2208,2147 2203,2152 1991,2152 1986,2157 1981,2157 1978,2160 1978,2161 1976,2163 1970,2163 1965,2158 1965,2157 1960,2152 1809,2152 1808,2151 1808,2148 1807,2147 1807,2145 1806,2144 1806,2142 1805,2141 1805,2139 1804,2138 1804,2135 1803,2134 1803,2132 1802,2131 1802,2129 1801,2128 1801,2125 1800,2124 1800,2122 1799,2121 1799,2119 1798,2118 1798,2116 1797,2115 1797,2112 1796,2111 1796,2109 1795,2108 1795,2106 1794,2105 1794,2102 1793,2101 1793,2099 1792,2098 1792,2096 1791,2095 1791,2093 1790,2092 1790,2089 1789,2088 1789,2086 1788,2085 1788,2083 1787,2082 1787,2080 1786,2079 1786,2076 1785,2075 1785,2073 1784,2072 1784,2070 1783,2069 1783,2066 1782,2065 1782,2063 1781,2062 1781,2060 1780,2059 1780,2057 1779,2056 1779,2053 1778,2052 1778,2050 1777,2049 1777,2047 1776,2046 1776,2043 1775,2042 1776,2041 1809,2041 1814,2036 1824,2036 1824,2021 1829,2016 1940,2016 1945,2021 1945,2036 1950,2041 2142,2041 2147,2036 2183,2036 2188,2041 2471,2041 2476,2036 2622,2036 2627,2041 2779,2041 2784,2036 2825,2036 2830,2041 3153,2041 3158,2036 3163,2036 3163,1955 3158,1950 2991,1950 2986,1945 2991,1940 2991,1874 2986,1869 2830,1869 2825,1874 2825,1910 2822,1913 2821,1913 2819,1915 2668,1915 2663,1910 2663,1869 2506,1869 2506,1910 2501,1915 2284,1915 2279,1910 2279,1895 2274,1890 2274,1879 2178,1879 2173,1874 1920,1874 1920,1935 1915,1940 1839,1940 1834,1935 1834,1879 1829,1874 1759,1874 1758,1873 1758,1869 1759,1868 1759,1858 1760,1857 1760,1848 1761,1847 1761,1837 1762,1836 1762,1826 1763,1825 1763,1816 1764,1815 1764,1805 1765,1804 1765,1800 1766,1799 1955,1799 1960,1804 1960,1839 2112,1839 2117,1834 2122,1834 2122,1829 2127,1824 2127,1814 2132,1809 2132,1804 2137,1799 2991,1799 2996,1804 3143,1804 3148,1799 3158,1799 3165,1792 3165,1791 3173,1783 3173,1713 3168,1708 3168,1672 3153,1672 3148,1667 3148,1652 2996,1652 2991,1657 2991,1667 2986,1672 2981,1667 2981,1642 2976,1637 2976,1632 2809,1632 2804,1637 2804,1672 2799,1677 2784,1677 2779,1672 2718,1672 2713,1667 2713,1627 2552,1627 2547,1632 2536,1632 2536,1672 2531,1677 2486,1677 2481,1672 2425,1672 2420,1667 2420,1632 2415,1627 2264,1627 2264,1632 2259,1637 2259,1672 2256,1675 2255,1675 2253,1677 2127,1677 2122,1672 1970,1672 1965,1667 1965,1637 1960,1632 1846,1632 1845,1631 1850,1626 1850,1625 1856,1619 1856,1618 1862,1612 1862,1611 1869,1604 1869,1603 1875,1597 1875,1596 1881,1590 1881,1589 1887,1583 1887,1582 1894,1575 1894,1574 1900,1568 1900,1567 1901,1566 1991,1566 1996,1571 1996,1612 2168,1612 2168,1566 2173,1561 2223,1561 2228,1566 2446,1566 2451,1561 2506,1561 2511,1566 3001,1566 3006,1571 3153,1571 3158,1566 3163,1566 3168,1561 3168,1500 3158,1500 3153,1495 3153,1445 3148,1440 3072,1440 3067,1435 3067,1425 2910,1425 2910,1435 2900,1445 2819,1445 2814,1440 2673,1440 2668,1435 2668,1425 2663,1420 2511,1420 2511,1430 2501,1440 2299,1440 2294,1435 2294,1399 2289,1394 2082,1394 2077,1399 2077,1440 2072,1445 1991,1445 1990,1444 1991,1443 1991,1442 1992,1441 1992,1439 1993,1438 1993,1437 1994,1436 1994,1435 1995,1434 1995,1432 1996,1431 1996,1430 1997,1429 1997,1428 1998,1427 1998,1426 1999,1425 1999,1423 2000,1422 2000,1421 2001,1420 2001,1419 2002,1418 2002,1417 2003,1416 2003,1414 2004,1413 2004,1412 2005,1411 2005,1410 2006,1409 2006,1408 2007,1407 2007,1405 2008,1404 2008,1403 2009,1402 2009,1401 2010,1400 2010,1398 2011,1397 2011,1396 2012,1395 2012,1394 2013,1393 2013,1392 2014,1391 2014,1389 2015,1388 2015,1387 2016,1386 2016,1385 2017,1384 2017,1383 2018,1382 2018,1380 2019,1379 2019,1378 2020,1377 2020,1376 2021,1375 2021,1373 2022,1372 2022,1371 2023,1370 2023,1369 2024,1368 2024,1367 2025,1366 2025,1364 2026,1363 2026,1362 2027,1361 2027,1360 2028,1359 2028,1358 2029,1357 2029,1355 2030,1354 2030,1353 2031,1352 2031,1351 2032,1350 2032,1348 2033,1347 2033,1346 2034,1345 2034,1344 2035,1343 2035,1342 2036,1341 2036,1339 2037,1338 2037,1337 2038,1336 2038,1335 2039,1334 2039,1333 2040,1332 2040,1330 2041,1329 2041,1328 2042,1327 2042,1326 2044,1324 2163,1324 2168,1319 2173,1319 2173,1303 2178,1298 2395,1298 2400,1303 2400,1324 2703,1324 2708,1329 2855,1329 2860,1324 2966,1324 2971,1329 2971,1374 3118,1374 3123,1369 3128,1369 3128,1364 3133,1359 3133,1354 3138,1349 3138,1344 3148,1334 3148,1258 3143,1253 3143,1243 3077,1243 3072,1238 3072,1202 3012,1202 3009,1199 3008,1199 3006,1197 3006,1152 2845,1152 2840,1157 2840,1197 2835,1202 2718,1202 2713,1197 2643,1197 2638,1192 2638,1157 2633,1152 2410,1152 2405,1157 2375,1157 2375,1217 2372,1220 2372,1221 2370,1223 2198,1223 2193,1228 2163,1228 2163,1238 2160,1241 2159,1241 2157,1243 2132,1243 2127,1238 2127,1217 2122,1212 2122,1157 2117,1152 1960,1152 1960,1177 1955,1182 1885,1182 1885,1197 1882,1200 1881,1200 1879,1202 1874,1202 1869,1197 1869,1157 1864,1152 1698,1152 1693,1157 1682,1157 1672,1167 1667,1167 1667,1172 1662,1177 1662,1202 1657,1207 1319,1207 1316,1204 1315,1204 1313,1202 1313,1157 1263,1157 1258,1152"/><TextEquiv><Unicode/></TextEquiv><TextLine id="r2_l001"><Coords points="3041,1346 3040,1346 3040,1304 3040,1303 2773,1304 2772,1304 2772,1298 2772,1297 2531,1299 2530,1298 2473,1298 2472,1297 1463,1301 1462,1302 1462,1304 1462,1304 721,1307 720,1308 720,1309 720,1309 331,1311 330,1312 330,1314 330,1314 242,1314 241,1314 241,1252 241,1251 245,1251 246,1251 246,1247 246,1246 251,1246 252,1246 252,1200 252,1199 256,1199 257,1199 257,1194 257,1193 961,1190 962,1190 962,1189 962,1188 966,1188 967,1188 967,1184 967,1183 1176,1182 1177,1182 1177,1178 1177,1177 1187,1177 1188,1178 1188,1179 1188,1179 1792,1177 1793,1178 2045,1177 2046,1177 2046,1179 2046,1180 2560,1177 2561,1178 2934,1177 2935,1177 2935,1224 2935,1225 2987,1225 2988,1226 3002,1225 3003,1226 3003,1267 3004,1267 3071,1267 3071,1268 3071,1283 3072,1283 3077,1283 3077,1284 3077,1309 3077,1309 3072,1309 3071,1310 3071,1314 3071,1314 3067,1314 3066,1315 3066,1325 3066,1325 3062,1325 3061,1326 3061,1335 3061,1335 3057,1335 3056,1336 3056,1341 3056,1341 3049,1341 3048,1342 3048,1346 3048,1346"/><TextEquiv index="1"><Unicode>ici! leur dit-il avec fiert. -- Tu vois,</Unicode></TextEquiv></TextLine><TextLine id="r2_l002"><Coords points="236,1428 3098,1416 3099,1585 237,1597"/><TextEquiv index="1"><Unicode>nous venons te faire compliment sur ta</Unicode></TextEquiv></TextLine><TextLine id="r2_l003"><Coords points="241,1661 3103,1649 3104,1825 242,1837"/><TextEquiv index="1"><Unicode>conqute: elle est gentille; mais cela n'est</Unicode></TextEquiv></TextLine><TextLine id="r2_l004"><Coords points="236,1903 3092,1891 3093,2027 237,2039"/><TextEquiv index="1"><Unicode>pas srieux sans doute? -- Trs-serieux!...</Unicode></TextEquiv></TextLine><TextLine id="r2_l005"><Coords points="241,2139 3098,2127 3099,2299 242,2311"/><TextEquiv index="1"><Unicode>Et je vous prie de cesser, ou de vous reti-</Unicode></TextEquiv></TextLine><TextLine id="r2_l006"><Coords points="246,2378 3092,2366 3093,2498 247,2510"/><TextEquiv index="1"><Unicode>rer? -- Doucement! nous sommes char-</Unicode></TextEquiv></TextLine><TextLine id="r2_l007"><Coords points="261,2618 3098,2606 3099,2782 262,2794"/><TextEquiv index="1"><Unicode>gs de l'ordre de notre pre qui est  Pa-</Unicode></TextEquiv></TextLine><TextLine id="r2_l008"><Coords points="2829,3019 2829,3019 2829,3015 2828,3014 2824,3014 2824,3014 2823,2966 2823,2965 2646,2966 2645,2967 2646,2969 2645,2970 2645,2971 2644,2971 2451,2972 2451,2972 2451,3018 2450,3019 2414,3019 2414,3019 2414,2983 2413,2982 2335,2982 2335,2982 2335,2971 2334,2970 2261,2971 2261,2970 2260,2966 2260,2966 2104,2966 2103,2967 2104,2969 2103,2970 2103,2971 2102,2971 2077,2971 2076,2971 1856,2971 1856,2972 1856,2977 1855,2977 1851,2977 1851,2977 1851,2972 1850,2971 1846,2972 1845,2971 1614,2972 1614,2972 1614,3018 1613,3019 1572,3019 1572,3018 1572,2971 1571,2971 1398,2971 1397,2970 1251,2971 1251,2972 1251,2977 1250,2977 1246,2977 1246,2978 1246,2987 1245,2987 1241,2987 1241,2988 1241,2998 1240,2998 1235,2998 1235,2999 1235,3008 1234,3008 1230,3008 1230,3009 1230,3014 1229,3014 1220,3014 1220,3014 1220,2978 1219,2977 1167,2977 1166,2976 983,2977 982,2976 699,2978 698,2977 409,2978 409,2978 409,2981 408,2982 399,2982 399,2981 399,2977 398,2977 257,2977 257,2977 256,2972 257,2971 257,2909 258,2908 304,2908 304,2908 304,2904 305,2903 336,2903 336,2903 336,2862 337,2861 341,2861 341,2861 341,2857 341,2856 350,2856 351,2857 351,2861 352,2861 357,2861 357,2862 357,2903 358,2903 409,2903 410,2904 546,2903 546,2904 546,2908 547,2908 688,2908 688,2907 688,2903 689,2903 698,2903 699,2904 927,2903 928,2904 1156,2903 1157,2904 1177,2903 1177,2904 1177,2945 1178,2945 1320,2945 1320,2944 1320,2929 1321,2929 1325,2929 1325,2928 1325,2919 1326,2919 1330,2919 1330,2918 1330,2908 1331,2908 1341,2908 1341,2907 1341,2903 1342,2903 1393,2902 1393,2902 1393,2899 1394,2898 1398,2898 1398,2898 1398,2888 1399,2887 1414,2887 1414,2888 1414,2903 1415,2903 1604,2903 1605,2904 1714,2903 1714,2903 1714,2862 1715,2861 1719,2861 1719,2861 1719,2851 1719,2850 1734,2850 1735,2850 1735,2902 1736,2903 1844,2903 1845,2904 2082,2902 2082,2902 2082,2899 2083,2898 2298,2898 2298,2898 2298,2902 2299,2903 2302,2903 2303,2904 2524,2903 2524,2902 2524,2898 2525,2898 2566,2897 2566,2897 2566,2857 2567,2856 2577,2856 2577,2856 2577,2851 2577,2850 2650,2850 2651,2850 2651,2897 2652,2898 2719,2898 2720,2899 2987,2898 2987,2897 2987,2850 2987,2850 2989,2850 2990,2851 3002,2850 3003,2851 3003,2856 3004,2856 3008,2856 3008,2857 3008,2882 3009,2882 3014,2882 3014,2883 3014,2897 3015,2897 3061,2897 3061,2897 3061,2894 3062,2893 3092,2893 3092,2894 3092,2898 3093,2898 3098,2898 3098,2899 3098,2956 3098,2956 3093,2956 3092,2957 3092,2961 3092,2961 3083,2961 3082,2962 3082,2966 3082,2966 2999,2966 2998,2965 2866,2966 2866,2967 2866,3014 2865,3014 2861,3014 2861,3015 2861,3019 2860,3019"/><TextEquiv index="1"><Unicode>ris avec nous, et qui vous rappelle prs</Unicode></TextEquiv></TextLine><TextLine id="r2_l009"><Coords points="257,3095 3109,3082 3109,3254 257,3267"/><TextEquiv index="1"><Unicode>de lui. -- Mon pre est ici! -- Il vous or-</Unicode></TextEquiv></TextLine><TextLine id="r2_l010"><Coords points="257,3330 3099,3318 3099,3485 257,3497"/><TextEquiv index="1"><Unicode>donne de nous suivre. -- Ciel! jamais!...</Unicode></TextEquiv></TextLine><TextLine id="r2_l011"><Coords points="258,3568 3115,3555 3115,3724 258,3737"/><TextEquiv index="1"><Unicode>-- Sans quoi, monsieur, une bonne lettre</Unicode></TextEquiv></TextLine><TextLine id="r2_l012"><Coords points="262,3807 3115,3794 3115,3963 262,3976"/><TextEquiv index="1"><Unicode>de cachet lui rpondra de vous et de cette</Unicode></TextEquiv></TextLine><TextLine id="r2_l013"><Coords points="273,4046 3115,4033 3115,4195 273,4208"/><TextEquiv index="1"><Unicode>fille. -- Sortez, mchans! sortez, et al-</Unicode></TextEquiv></TextLine><TextLine id="r2_l014"><Coords points="267,4282 3120,4269 3120,4444 267,4457"/><TextEquiv index="1"><Unicode>lez dire au barbare qui vous envoie que</Unicode></TextEquiv></TextLine><TextLine id="r2_l015"><Coords points="273,4520 3119,4507 3119,4677 273,4690"/><TextEquiv index="1"><Unicode>rien ne brisera le nud qui m'attache</Unicode></TextEquiv></TextLine><TextLine id="r2_l016"><Coords points="2373,4918 2372,4918 2372,4871 2371,4870 2082,4871 2081,4870 1825,4872 1825,4872 1825,4875 1824,4876 1767,4876 1767,4876 1767,4880 1766,4881 1751,4881 1751,4880 1751,4871 1750,4871 1577,4872 1577,4872 1577,4875 1576,4876 1393,4876 1392,4876 1177,4876 1176,4875 988,4876 988,4877 988,4881 987,4881 983,4881 983,4881 983,4877 982,4876 946,4876 945,4875 699,4877 699,4877 699,4896 698,4897 693,4897 693,4897 693,4912 692,4913 688,4913 688,4913 688,4917 687,4918 683,4918 683,4918 683,4922 683,4923 668,4923 667,4922 667,4876 666,4876 472,4877 472,4877 472,4881 471,4882 470,4881 309,4881 309,4882 309,4890 308,4890 288,4890 288,4890 288,4856 287,4855 283,4855 283,4855 283,4835 282,4834 278,4834 278,4834 278,4814 278,4813 319,4813 320,4813 320,4809 320,4808 403,4808 404,4809 678,4808 679,4807 678,4760 679,4760 693,4760 693,4760 693,4764 694,4765 699,4765 699,4765 700,4808 700,4809 1025,4807 1026,4807 1025,4766 1026,4765 1030,4765 1030,4765 1030,4761 1031,4760 1046,4760 1047,4761 1193,4760 1193,4761 1193,4765 1194,4765 1199,4765 1199,4766 1199,4776 1200,4776 1204,4776 1204,4777 1204,4802 1205,4802 1209,4802 1209,4803 1210,4808 1210,4808 1445,4807 1446,4807 1446,4804 1446,4803 1446,4788 1447,4787 1514,4787 1514,4787 1515,4807 1515,4808 1697,4807 1698,4807 1698,4804 1699,4802 1804,4802 1804,4801 1804,4787 1805,4787 1856,4786 1856,4786 1856,4756 1857,4755 1872,4755 1872,4756 1872,4802 1873,4802 2119,4801 2119,4801 2119,4761 2120,4760 2198,4760 2198,4759 2198,4755 2199,4755 2224,4755 2224,4755 2225,4801 2225,4802 2298,4802 2299,4803 2608,4801 2609,4801 2608,4798 2609,4797 2687,4797 2687,4797 2688,4801 2688,4802 2845,4801 2846,4801 2845,4798 2846,4797 2961,4797 2961,4797 2962,4801 2962,4802 2971,4802 2972,4802 2972,4807 2972,4808 2976,4808 2977,4808 2977,4812 2977,4813 2981,4813 2982,4813 2982,4839 2982,4840 3028,4839 3029,4840 3029,4844 3029,4844 3034,4844 3035,4845 3035,4860 3034,4860 3029,4860 3029,4861 3029,4865 3028,4865 3024,4865 3024,4866 3024,4871 3023,4871 3008,4871 3007,4870 2763,4872 2762,4871 2409,4872 2409,4873 2409,4918 2409,4918"/><TextEquiv index="1"><Unicode>pour jamais  cette estimable personne.</Unicode></TextEquiv></TextLine><TextLine id="r2_l017"><Coords points="446,4998 3177,4986 3178,5165 447,5177"/><TextEquiv index="1"><Unicode>Les frres vont repliquer; mais un au-</Unicode></TextEquiv></TextLine><TextLine id="r2_l018"><Coords points="278,5236 3124,5223 3125,5394 279,5407"/><TextEquiv index="1"><Unicode>tre militaire se prsente, et sa vue accrot</Unicode></TextEquiv></TextLine><TextLine id="r2_l019"><Coords points="283,5482 3124,5469 3125,5639 284,5652"/><TextEquiv index="1"><Unicode>mon trouble et la confusion de Flix;</Unicode></TextEquiv></TextLine><TextLine id="r2_l020"><Coords points="283,5724 2172,5716 2173,5841 284,5849"/><TextEquiv index="1"><Unicode>c'est Briceval lui-mme!...</Unicode></TextEquiv></TextLine><TextLine id="r2_l021"><Coords points="451,5966 3114,5955 3115,6125 452,6137"/><TextEquiv index="1"><Unicode>C'tait la journe aux surprises. Te</Unicode></TextEquiv></TextLine><TextLine id="r2_l022"><Coords points="288,6197 3124,6184 3125,6358 289,6371"/><TextEquiv index="1"><Unicode>dire, Jeannette, comment tous ces im-</Unicode></TextEquiv></TextLine></TextRegion></Page></PcGts>