<PcGts xmlns="http://schema.primaresearch.org/PAGE/gts/pagecontent/2017-07-15" xmlns:xsi="http://www.w3.org/2001/XMLSchema-instance" xsi:schemaLocation="http://schema.primaresearch.org/PAGE/gts/pagecontent/2017-07-15 http://schema.primaresearch.org/PAGE/gts/pagecontent/2017-07-15/pagecontent.xsd"><Metadata><Creator/><Created>2020-09-23T10:07:33</Created><LastChange>1970-01-01T00:00:00</LastChange><Comments/></Metadata><Page imageFilename="0101.png" imageHeight="7811" imageWidth="4266"><ReadingOrder><OrderedGroup id="g1"><RegionRefIndexed index="0" regionRef="r2"/><RegionRefIndexed index="1" regionRef="r3"/><RegionRefIndexed index="2" regionRef="r4"/></OrderedGroup></ReadingOrder><ImageRegion id="r1"><Coords points="3768,868 3768,981 3773,986 3773,1074 3778,1078 3778,1093 3773,1098 3773,1225 3778,1230 3778,1391 3783,1396 3783,1405 3778,1410 3778,1469 3783,1474 3783,1528 3788,1532 3788,1591 3856,1591 3856,868"/></ImageRegion><TextRegion id="r2" type="page-number" orientation="-0.5"><Coords points="1820,1000 1816,1005 1816,1044 1811,1049 1640,1049 1635,1044 1635,1005 1488,1005 1484,1010 1484,1015 1479,1020 1469,1020 1469,1039 1464,1044 1464,1069 1459,1074 1459,1152 1464,1157 1464,1171 1469,1176 1469,1181 1474,1186 1474,1196 1479,1200 1479,1205 1484,1210 1488,1210 1493,1215 1742,1215 1747,1210 1830,1210 1835,1205 1972,1205 1982,1196 1982,1186 1986,1181 1986,1176 1991,1171 1991,1166 1996,1161 1996,1137 2001,1132 2006,1132 2006,1074 2001,1074 1996,1069 1996,1049 1991,1044 1991,1034 1986,1030 1986,1025 1982,1020 1982,1010 1972,1000"/><TextEquiv><Unicode/></TextEquiv><TextLine id="r2_l001"><Coords points="1458,1215 1457,1214 1459,1048 1459,1048 1539,1048 1540,1048 1540,1043 1540,1042 1554,1042 1555,1042 1555,1041 1555,1040 1569,1041 1570,1041 1569,1069 1570,1070 1890,1072 1890,1072 1891,1040 1891,1039 1905,1040 1906,1039 2004,1039 2005,1038 2006,1038 2007,1039 2005,1217 2005,1217 1996,1217 1995,1218 1986,1218 1985,1219"/><TextEquiv index="1"><Unicode>.</Unicode></TextEquiv></TextLine></TextRegion><TextRegion id="r3" type="paragraph" orientation="0.25"><Coords points="868,1220 866,1222 866,1223 864,1225 854,1225 854,1244 849,1249 698,1249 698,1254 693,1259 522,1259 517,1264 517,1298 512,1303 419,1303 414,1308 414,1362 418,1366 419,1366 424,1371 424,1405 429,1410 522,1410 527,1415 727,1415 732,1410 1049,1410 1054,1405 1103,1405 1108,1410 1108,1454 1264,1454 1269,1449 1288,1449 1288,1405 1290,1403 1291,1403 1293,1401 1488,1401 1493,1396 1650,1396 1652,1398 1652,1399 1654,1401 1654,1445 1773,1445 1774,1446 1773,1447 1773,1454 1772,1455 1772,1461 1771,1462 1771,1469 1770,1470 1770,1477 1769,1478 1769,1484 1768,1485 1768,1492 1767,1493 1767,1500 1766,1501 1766,1507 1765,1508 1713,1508 1708,1503 1708,1464 1562,1464 1557,1469 1557,1508 1552,1513 1401,1513 1396,1518 1230,1518 1225,1513 1225,1503 1074,1503 1074,1513 1069,1518 961,1518 956,1513 956,1479 951,1474 717,1474 717,1523 712,1528 483,1528 478,1523 478,1503 473,1498 473,1484 468,1479 327,1479 322,1484 312,1484 312,1537 307,1542 307,1567 305,1569 304,1569 302,1571 302,1635 307,1640 307,1645 595,1645 600,1640 722,1640 727,1635 844,1635 849,1640 849,1684 1020,1684 1020,1640 1025,1635 1127,1635 1132,1630 1327,1630 1332,1625 1571,1625 1576,1620 1586,1620 1591,1625 1591,1669 1596,1674 1645,1674 1650,1679 1645,1684 1635,1684 1625,1694 1620,1694 1620,1698 1615,1703 1615,1723 1613,1725 1613,1726 1611,1728 1611,1733 1609,1735 1608,1735 1606,1737 1571,1737 1567,1733 1567,1689 1562,1684 1410,1684 1405,1689 1401,1689 1401,1733 1399,1735 1398,1735 1396,1737 1249,1737 1247,1735 1246,1735 1244,1733 1244,1698 1242,1696 1241,1696 1239,1694 1088,1694 1086,1696 1085,1696 1083,1698 1078,1698 1078,1742 1076,1744 1076,1745 1074,1747 1000,1747 1000,1781 995,1786 961,1786 956,1781 956,1767 951,1762 951,1757 947,1757 942,1752 580,1752 578,1754 578,1755 576,1757 566,1757 561,1752 414,1752 412,1754 412,1755 410,1757 322,1757 312,1767 312,1772 307,1777 307,1855 309,1857 310,1857 312,1859 312,1864 317,1864 322,1869 624,1869 629,1864 683,1864 688,1869 688,1908 693,1913 878,1913 883,1908 888,1908 888,1903 890,1901 891,1901 893,1899 995,1899 997,1901 998,1901 1000,1903 1000,1908 1176,1908 1176,1859 1178,1857 1179,1857 1181,1855 1391,1855 1396,1850 1625,1850 1630,1845 1679,1845 1684,1850 1807,1850 1809,1852 1809,1854 1810,1855 1810,1857 1811,1858 1811,1860 1812,1861 1812,1864 1813,1865 1813,1867 1814,1868 1814,1870 1815,1871 1815,1873 1816,1874 1816,1876 1817,1877 1817,1879 1818,1880 1818,1882 1819,1883 1819,1885 1820,1886 1820,1889 1821,1890 1821,1892 1822,1893 1822,1895 1823,1896 1823,1898 1824,1899 1824,1901 1825,1902 1825,1904 1826,1905 1826,1907 1827,1908 1827,1910 1828,1911 1828,1913 1829,1914 1829,1917 1830,1918 1830,1920 1831,1921 1831,1923 1832,1924 1832,1926 1833,1927 1833,1929 1834,1930 1834,1932 1835,1933 1835,1935 1836,1936 1836,1938 1837,1939 1837,1941 1838,1942 1838,1945 1839,1946 1839,1948 1840,1949 1840,1951 1841,1952 1841,1954 1842,1955 1842,1957 1843,1958 1843,1960 1844,1961 1844,1963 1845,1964 1845,1966 1846,1967 1846,1970 1847,1971 1847,1973 1848,1974 1848,1976 1849,1977 1849,1979 1850,1980 1850,1982 1851,1983 1851,1985 1852,1986 1852,1988 1853,1989 1853,1991 1854,1992 1854,1994 1855,1995 1855,1998 1856,1999 1856,2001 1857,2002 1857,2004 1858,2005 1858,2007 1859,2008 1859,2010 1860,2011 1860,2013 1861,2014 1861,2016 1862,2017 1862,2019 1863,2020 1863,2022 1864,2023 1864,2026 1865,2027 1865,2029 1866,2030 1866,2032 1867,2033 1867,2035 1868,2036 1868,2038 1869,2039 1869,2041 1870,2042 1870,2044 1871,2045 1871,2047 1872,2048 1872,2051 1873,2052 1873,2054 1874,2055 1874,2057 1875,2058 1875,2060 1876,2061 1876,2063 1877,2064 1877,2066 1878,2067 1878,2069 1879,2070 1879,2072 1880,2073 1880,2075 1881,2076 1881,2079 1882,2080 1882,2082 1883,2083 1883,2085 1884,2086 1884,2088 1885,2089 1885,2091 1886,2092 1886,2094 1887,2095 1887,2097 1888,2098 1888,2100 1889,2101 1889,2104 1890,2105 1890,2107 1891,2108 1891,2110 1892,2111 1892,2113 1893,2114 1893,2116 1894,2117 1894,2119 1895,2120 1895,2122 1896,2123 1896,2125 1897,2126 1897,2128 1898,2129 1898,2132 1899,2133 1899,2135 1900,2136 1900,2138 1901,2139 1901,2141 1902,2142 1902,2144 1903,2145 1903,2147 1904,2148 1904,2150 1905,2151 1905,2153 1906,2154 1906,2156 1907,2157 1907,2160 1908,2161 1908,2163 1909,2164 1909,2166 1910,2167 1910,2169 1911,2170 1911,2172 1912,2173 1912,2175 1913,2176 1913,2178 1914,2179 1914,2181 1915,2182 1915,2185 1916,2186 1916,2188 1917,2189 1917,2190 1916,2191 1874,2191 1872,2189 1871,2189 1869,2187 1869,2148 1864,2143 1718,2143 1713,2148 1713,2167 1708,2172 1674,2172 1669,2177 1664,2177 1664,2187 1662,2189 1661,2189 1659,2191 1454,2191 1449,2196 1445,2196 1440,2191 1440,2148 1293,2148 1291,2150 1290,2150 1288,2152 1288,2191 1283,2196 1122,2196 1117,2191 1117,2172 1115,2170 1115,2169 1113,2167 1113,2152 951,2152 949,2154 949,2155 947,2157 947,2196 945,2198 944,2198 925,2179 924,2179 840,2095 841,2094 912,2094 917,2089 1205,2089 1210,2084 1391,2084 1396,2079 1396,2016 1391,2011 1352,2011 1347,2006 1347,1967 1337,1967 1332,1962 1332,1952 1181,1952 1181,1962 1176,1967 991,1967 986,1972 947,1972 942,1967 942,1928 781,1928 776,1933 776,1972 771,1977 644,1977 644,1982 642,1984 641,1984 639,1986 571,1986 569,1984 568,1984 566,1982 566,1977 419,1977 419,1982 417,1984 416,1984 414,1986 336,1986 331,1991 327,1991 317,2001 317,2011 312,2016 312,2069 317,2074 317,2079 322,2084 322,2089 327,2094 331,2094 336,2099 546,2099 551,2104 551,2138 556,2143 702,2143 707,2138 727,2138 727,2099 732,2094 835,2094 871,2130 872,2130 942,2200 941,2201 883,2201 878,2196 878,2162 873,2162 868,2157 727,2157 722,2162 517,2162 512,2167 512,2201 507,2206 454,2206 449,2211 405,2211 405,2270 407,2272 408,2272 410,2274 410,2318 512,2318 517,2323 864,2323 866,2321 866,2320 868,2318 1062,2318 1132,2388 1133,2388 1136,2391 1135,2392 937,2392 932,2397 839,2397 839,2436 837,2438 836,2438 834,2440 771,2440 766,2445 649,2445 644,2440 644,2401 642,2399 641,2399 639,2397 439,2397 437,2399 436,2399 434,2401 414,2401 412,2403 412,2404 410,2406 410,2411 405,2416 405,2440 400,2445 336,2445 331,2450 327,2450 322,2455 317,2455 317,2558 319,2560 320,2560 322,2562 327,2562 329,2564 329,2565 331,2567 478,2567 483,2562 795,2562 797,2560 798,2560 800,2558 1078,2558 1083,2553 1309,2553 1312,2556 1313,2556 1322,2565 1323,2565 1332,2574 1333,2574 1342,2583 1343,2583 1352,2592 1353,2592 1362,2601 1363,2601 1372,2610 1373,2610 1378,2615 1377,2616 1371,2616 1366,2621 1366,2655 1364,2657 1364,2658 1362,2660 1318,2660 1313,2665 1132,2665 1127,2660 1127,2621 976,2621 971,2626 971,2660 966,2665 849,2665 844,2660 844,2626 693,2626 688,2631 654,2631 654,2670 649,2675 478,2675 473,2680 473,2782 478,2787 629,2787 634,2782 639,2782 649,2792 815,2792 820,2787 1122,2787 1127,2792 1127,2831 1303,2831 1303,2787 1308,2782 1386,2782 1391,2777 1537,2777 1542,2782 1542,2816 1602,2816 1610,2824 1611,2824 1620,2833 1621,2833 1623,2835 1622,2836 1562,2836 1557,2841 1552,2841 1552,2846 1547,2851 1546,2851 1542,2855 1542,2870 1537,2875 1537,2885 1532,2890 1366,2890 1364,2888 1364,2887 1362,2885 1362,2851 1357,2846 1357,2841 1200,2841 1200,2846 1198,2848 1198,2849 1196,2851 1196,2890 1194,2892 1193,2892 1191,2894 1093,2894 1091,2892 1090,2892 1088,2890 1088,2885 1083,2880 937,2880 937,2890 932,2895 931,2895 927,2899 922,2894 922,2855 771,2855 771,2894 766,2899 639,2899 634,2904 580,2904 578,2902 578,2901 576,2899 576,2860 571,2855 424,2855 419,2860 322,2860 322,2919 327,2924 327,2953 317,2963 317,3016 585,3016 587,3014 588,3014 590,3012 917,3012 922,3007 942,3007 947,3012 1210,3012 1215,3007 1547,3007 1552,3002 1712,3002 1713,3003 1713,3004 1712,3005 1712,3023 1711,3024 1711,3042 1710,3043 1710,3061 1709,3062 1709,3074 1708,3075 1440,3075 1440,3114 1435,3119 1327,3119 1322,3114 1322,3075 1171,3075 1171,3104 1166,3109 1059,3109 1059,3124 1054,3129 1015,3129 1010,3124 1010,3095 1005,3090 1005,3085 1000,3080 849,3080 844,3085 844,3124 839,3129 761,3129 756,3134 707,3134 707,3163 702,3168 693,3168 688,3163 688,3134 683,3134 678,3129 624,3129 619,3124 619,3085 473,3085 473,3099 468,3104 468,3114 463,3119 331,3119 331,3134 329,3136 329,3137 327,3139 327,3226 329,3228 329,3229 331,3231 331,3246 585,3246 590,3251 590,3285 737,3285 742,3280 746,3280 746,3275 756,3265 756,3256 761,3251 761,3246 766,3241 1210,3241 1215,3236 1659,3236 1664,3231 1687,3231 1688,3232 1687,3233 1687,3236 1686,3237 1686,3240 1685,3241 1685,3244 1684,3245 1684,3248 1683,3249 1683,3252 1682,3253 1682,3256 1681,3257 1681,3260 1680,3261 1680,3264 1679,3265 1679,3268 1678,3269 1678,3272 1677,3273 1677,3276 1676,3277 1676,3280 1675,3281 1675,3284 1674,3285 1674,3288 1673,3289 1673,3292 1672,3293 1672,3296 1671,3297 1671,3300 1670,3301 1670,3304 1669,3305 1669,3308 1668,3309 1668,3312 1667,3313 1667,3316 1666,3317 1666,3320 1665,3321 1665,3324 1664,3325 1664,3328 1663,3329 1663,3332 1662,3333 1662,3336 1661,3337 1661,3340 1660,3341 1660,3344 1659,3345 1659,3347 1658,3348 1571,3348 1569,3350 1569,3351 1567,3353 1493,3353 1488,3358 1415,3358 1410,3353 1410,3305 1269,3305 1264,3310 1263,3310 1259,3314 1259,3348 1254,3353 1200,3353 1198,3355 1198,3356 1196,3358 1098,3358 1093,3353 1093,3344 893,3344 893,3353 888,3358 849,3358 844,3353 844,3348 842,3346 841,3346 839,3344 683,3344 683,3353 678,3358 634,3358 629,3353 629,3324 619,3314 473,3314 468,3319 463,3319 463,3358 458,3363 371,3363 366,3368 322,3368 322,3427 324,3429 325,3429 327,3431 327,3475 331,3475 336,3480 478,3480 483,3475 1088,3475 1093,3480 1093,3519 1098,3519 1103,3524 1274,3524 1279,3519 1279,3475 1283,3471 1352,3471 1357,3466 1405,3466 1410,3471 1557,3471 1562,3466 1654,3466 1655,3467 1655,3475 1656,3476 1656,3486 1657,3487 1657,3497 1658,3498 1658,3508 1659,3509 1659,3520 1660,3521 1660,3531 1661,3532 1661,3542 1662,3543 1662,3553 1663,3554 1663,3564 1664,3565 1664,3576 1665,3577 1665,3587 1664,3588 1425,3588 1420,3583 1420,3539 1269,3539 1264,3544 1264,3583 1259,3588 1210,3588 1205,3593 1088,3593 1083,3588 1083,3554 1078,3549 1039,3549 1034,3544 781,3544 776,3549 776,3588 771,3593 702,3593 698,3597 696,3595 695,3595 693,3593 693,3549 336,3549 331,3554 327,3554 327,3612 331,3612 336,3617 336,3651 331,3656 331,3710 873,3710 878,3715 878,3754 1025,3754 1030,3749 1030,3744 1032,3742 1032,3741 1034,3739 1034,3729 1039,3724 1039,3719 1041,3717 1042,3717 1044,3715 1044,3710 1049,3705 1376,3705 1381,3700 1396,3700 1401,3705 1651,3705 1652,3706 1652,3707 1651,3708 1651,3710 1650,3711 1650,3714 1649,3715 1649,3718 1648,3719 1648,3722 1647,3723 1647,3725 1646,3726 1646,3729 1645,3730 1645,3733 1644,3734 1644,3737 1643,3738 1643,3740 1642,3741 1642,3744 1641,3745 1641,3748 1640,3749 1640,3751 1639,3752 1639,3755 1638,3756 1638,3759 1637,3760 1637,3763 1636,3764 1636,3766 1635,3767 1635,3770 1634,3771 1634,3774 1633,3775 1633,3778 1632,3779 1632,3781 1631,3782 1631,3785 1630,3786 1630,3789 1629,3790 1629,3793 1628,3794 1628,3796 1627,3797 1627,3800 1626,3801 1626,3804 1625,3805 1625,3807 1624,3808 1624,3811 1623,3812 1381,3812 1376,3807 1376,3798 1371,3793 1371,3778 1366,3773 1322,3773 1320,3771 1320,3770 1318,3768 1171,3768 1171,3817 1166,3822 1088,3822 1083,3817 1083,3798 937,3798 937,3802 932,3807 932,3817 927,3822 766,3822 761,3817 761,3802 605,3802 605,3817 595,3827 561,3827 556,3822 556,3788 551,3783 336,3783 336,3837 346,3837 351,3842 351,3881 349,3883 348,3883 346,3885 341,3885 341,3939 346,3939 351,3944 493,3944 495,3942 495,3941 497,3939 761,3939 766,3934 1015,3934 1020,3939 1020,3973 1025,3978 1200,3978 1205,3973 1215,3973 1220,3968 1220,3964 1225,3959 1225,3939 1230,3934 1445,3934 1447,3932 1447,3931 1449,3929 1604,3929 1605,3930 1605,3937 1604,3938 1604,3947 1603,3948 1603,3956 1602,3957 1602,3966 1601,3967 1601,3975 1600,3976 1600,3985 1599,3986 1599,3994 1598,3995 1598,3997 1597,3998 1513,3998 1503,4008 1498,4008 1498,4037 1493,4042 1415,4042 1410,4037 1410,4008 1405,4003 1405,3998 1254,3998 1254,4042 1249,4047 1142,4047 1137,4042 1137,4003 1132,3998 991,3998 986,4003 981,4003 981,4037 976,4042 937,4042 932,4047 903,4047 898,4042 756,4042 751,4047 717,4047 712,4042 712,4017 707,4012 706,4012 702,4008 502,4008 502,4012 497,4017 390,4017 390,4022 385,4027 385,4037 380,4042 380,4051 375,4056 371,4056 371,4066 366,4071 366,4086 361,4091 361,4105 351,4115 341,4115 341,4169 346,4174 488,4174 493,4169 898,4169 903,4164 1147,4164 1152,4169 1152,4203 1235,4203 1237,4205 1237,4206 1239,4208 1386,4208 1401,4193 1401,4188 1403,4186 1403,4185 1405,4183 1405,4169 1410,4164 1464,4164 1469,4159 1552,4159 1557,4164 1698,4164 1703,4159 1710,4159 1711,4160 1712,4160 1714,4162 1715,4162 1717,4164 1718,4164 1719,4165 1720,4165 1722,4167 1723,4167 1724,4168 1725,4168 1727,4170 1728,4170 1729,4171 1730,4171 1732,4173 1733,4173 1734,4174 1735,4174 1737,4176 1738,4176 1739,4177 1740,4177 1742,4179 1743,4179 1745,4181 1746,4181 1747,4182 1748,4182 1750,4184 1751,4184 1752,4185 1753,4185 1755,4187 1756,4187 1757,4188 1758,4188 1760,4190 1761,4190 1762,4191 1763,4191 1765,4193 1766,4193 1767,4194 1768,4194 1770,4196 1771,4196 1772,4197 1773,4197 1775,4199 1776,4199 1778,4201 1779,4201 1780,4202 1781,4202 1783,4204 1784,4204 1785,4205 1786,4205 1788,4207 1789,4207 1790,4208 1791,4208 1793,4210 1794,4210 1795,4211 1796,4211 1798,4213 1799,4213 1800,4214 1801,4214 1803,4216 1804,4216 1806,4218 1807,4218 1808,4219 1809,4219 1811,4221 1812,4221 1813,4222 1814,4222 1816,4224 1817,4224 1818,4225 1819,4225 1821,4227 1822,4227 1823,4228 1824,4228 1826,4230 1827,4230 1828,4231 1829,4231 1831,4233 1832,4233 1833,4234 1834,4234 1836,4236 1837,4236 1839,4238 1840,4238 1841,4239 1842,4239 1844,4241 1845,4241 1846,4242 1847,4242 1849,4244 1850,4244 1851,4245 1852,4245 1854,4247 1855,4247 1856,4248 1857,4248 1859,4250 1860,4250 1861,4251 1862,4251 1864,4253 1865,4253 1867,4255 1868,4255 1869,4256 1870,4256 1872,4258 1873,4258 1874,4259 1875,4259 1877,4261 1878,4261 1879,4262 1880,4262 1882,4264 1883,4264 1884,4265 1885,4265 1887,4267 1888,4267 1889,4268 1890,4268 1892,4270 1893,4270 1895,4272 1896,4272 1897,4273 1898,4273 1900,4275 1899,4276 1708,4276 1703,4271 1703,4237 1698,4232 1547,4232 1547,4271 1542,4276 1200,4276 1198,4278 1198,4279 1196,4281 1103,4281 1098,4276 1098,4242 1093,4237 937,4237 932,4242 908,4242 908,4296 917,4296 919,4298 920,4298 922,4300 922,4305 927,4310 927,4315 922,4320 903,4320 898,4325 893,4320 893,4291 888,4286 346,4286 341,4291 341,4296 339,4298 338,4298 336,4300 336,4398 341,4403 351,4403 356,4408 732,4408 737,4403 868,4403 873,4398 898,4398 903,4403 1064,4403 1069,4398 1083,4398 1088,4403 1088,4447 1259,4447 1264,4442 1269,4442 1269,4403 1274,4398 1401,4398 1403,4400 1403,4401 1405,4403 1405,4437 1689,4437 1694,4432 1694,4422 1703,4413 1703,4398 1708,4393 1923,4393 1933,4403 1933,4407 1930,4410 1929,4410 1909,4430 1908,4430 1889,4449 1888,4449 1869,4468 1868,4468 1848,4488 1847,4488 1830,4505 1493,4505 1491,4503 1490,4503 1488,4501 1488,4466 1322,4466 1322,4505 1320,4507 1320,4508 1318,4510 1313,4505 1313,4466 1311,4464 1310,4464 1308,4462 1166,4462 1164,4464 1163,4464 1161,4466 1147,4466 1147,4491 1142,4496 1030,4496 1030,4510 1025,4515 971,4515 966,4510 966,4501 961,4496 815,4496 810,4501 810,4505 805,4510 722,4510 717,4505 717,4471 566,4471 561,4476 561,4510 556,4515 371,4515 366,4520 356,4520 341,4535 341,4623 345,4627 346,4627 351,4632 361,4632 366,4637 522,4637 527,4632 1093,4632 1095,4630 1096,4630 1098,4628 1718,4628 1720,4630 1721,4630 1723,4632 1723,4667 1725,4669 1726,4669 1728,4671 1737,4671 1742,4676 1763,4676 1764,4677 1763,4678 1763,4684 1762,4685 1762,4691 1761,4692 1761,4695 1760,4696 1611,4696 1611,4735 1606,4740 1586,4740 1581,4735 1581,4730 1576,4725 1425,4725 1425,4730 1420,4735 1386,4735 1381,4740 1152,4740 1147,4745 1142,4740 1142,4706 1137,4701 981,4701 976,4706 976,4720 971,4725 947,4725 942,4720 942,4701 776,4701 776,4740 771,4745 717,4745 712,4740 712,4706 707,4701 546,4701 541,4706 424,4706 424,4715 419,4720 419,4725 414,4730 356,4730 356,4745 351,4750 346,4750 346,4803 356,4813 356,4862 361,4867 659,4867 661,4865 661,4864 663,4862 1020,4862 1025,4867 1025,4911 1181,4911 1186,4906 1186,4901 1191,4896 1191,4881 1196,4876 1196,4867 1198,4865 1198,4864 1200,4862 1581,4862 1586,4857 1806,4857 1808,4859 1808,4860 1816,4868 1816,4869 1820,4873 1820,4901 1845,4901 1848,4904 1848,4905 1856,4913 1856,4914 1861,4919 1860,4920 1850,4920 1850,4964 1845,4969 1830,4969 1825,4964 1825,4925 1576,4925 1576,4964 1571,4969 1347,4969 1342,4964 1342,4955 1191,4955 1191,4964 1186,4969 1137,4969 1132,4964 1132,4930 1078,4930 1076,4928 1076,4927 1074,4925 932,4925 927,4930 927,4969 922,4974 849,4974 844,4969 844,4930 693,4930 693,4969 688,4974 351,4974 341,4984 341,5091 346,5096 527,5096 532,5101 532,5135 537,5140 702,5140 702,5101 707,5096 790,5096 795,5091 810,5091 815,5096 815,5130 961,5130 965,5126 966,5126 971,5121 971,5116 976,5111 976,5106 981,5101 981,5096 986,5091 1132,5091 1132,5086 1134,5084 1135,5084 1137,5082 1293,5082 1295,5084 1296,5084 1298,5086 1298,5091 1391,5091 1396,5096 1420,5096 1425,5101 1425,5130 1430,5135 1601,5135 1601,5096 1606,5091 1737,5091 1737,5086 1739,5084 1740,5084 1742,5082 1888,5082 1889,5083 1887,5085 1886,5085 1883,5088 1882,5088 1879,5091 1878,5091 1874,5095 1873,5095 1870,5098 1869,5098 1866,5101 1865,5101 1862,5104 1861,5104 1858,5107 1857,5107 1854,5110 1853,5110 1850,5113 1849,5113 1845,5117 1844,5117 1841,5120 1840,5120 1837,5123 1836,5123 1833,5126 1832,5126 1829,5129 1828,5129 1825,5132 1824,5132 1820,5136 1819,5136 1816,5139 1815,5139 1812,5142 1811,5142 1808,5145 1807,5145 1804,5148 1803,5148 1801,5150 1713,5150 1708,5155 1703,5155 1703,5199 1698,5204 1586,5204 1581,5199 1430,5199 1425,5204 1327,5204 1322,5199 1322,5150 1166,5150 1166,5179 1161,5184 1113,5184 1108,5179 1108,5155 1103,5155 1098,5150 951,5150 949,5152 949,5153 947,5155 942,5155 937,5160 932,5160 932,5165 930,5167 929,5167 927,5169 927,5174 922,5179 922,5199 917,5204 908,5204 903,5199 903,5189 751,5189 746,5184 746,5169 742,5165 742,5160 737,5155 561,5155 556,5160 546,5160 546,5165 532,5179 532,5184 527,5189 527,5194 522,5199 522,5287 524,5289 525,5289 527,5291 527,5296 532,5301 532,5306 537,5306 541,5310 541,5311 546,5316 556,5316 561,5321 908,5321 910,5319 910,5318 912,5316 1488,5316 1493,5321 1640,5321 1645,5316 1812,5316 1816,5320 1816,5321 1826,5331 1826,5332 1836,5342 1836,5343 1846,5353 1846,5354 1856,5364 1856,5365 1866,5375 1866,5376 1876,5386 1876,5387 1879,5390 1879,5413 1874,5418 1859,5418 1857,5416 1857,5415 1855,5413 1855,5389 1791,5389 1786,5384 1640,5384 1635,5389 1567,5389 1567,5448 1581,5448 1586,5453 1586,5467 1581,5472 1425,5472 1420,5467 1425,5462 1425,5389 1420,5384 1269,5384 1269,5428 1264,5433 937,5433 932,5428 932,5394 922,5384 781,5384 776,5389 776,5428 771,5433 717,5433 712,5438 390,5438 385,5443 371,5443 366,5448 361,5448 361,5462 356,5467 356,5521 361,5526 361,5540 371,5550 385,5550 390,5555 605,5555 610,5550 1562,5550 1567,5555 1718,5555 1723,5550 1728,5550 1733,5545 1752,5545 1757,5550 1842,5550 1843,5551 1842,5552 1841,5552 1836,5557 1835,5557 1830,5562 1829,5562 1824,5567 1823,5567 1819,5571 1818,5571 1813,5576 1812,5576 1807,5581 1806,5581 1802,5585 1801,5585 1796,5590 1795,5590 1790,5595 1789,5595 1784,5600 1783,5600 1779,5604 1778,5604 1773,5609 1772,5609 1767,5614 1766,5614 1762,5618 1761,5618 1756,5623 1755,5623 1750,5628 1749,5628 1744,5633 1743,5633 1739,5637 1738,5637 1733,5642 1732,5642 1727,5647 1726,5647 1722,5651 1721,5651 1716,5656 1715,5656 1710,5661 1709,5661 1704,5666 1703,5666 1702,5667 1567,5667 1567,5697 1562,5702 1532,5702 1530,5700 1530,5699 1528,5697 1528,5667 1523,5662 1303,5662 1298,5667 1293,5662 1293,5623 1291,5621 1290,5621 1288,5619 1288,5614 1137,5614 1137,5619 1135,5621 1134,5621 1132,5623 1132,5662 1127,5667 1088,5667 1083,5662 1083,5628 1078,5623 1078,5619 942,5619 937,5614 795,5614 790,5619 790,5658 788,5660 787,5660 785,5662 732,5662 727,5667 571,5667 566,5662 566,5623 564,5621 563,5621 561,5619 400,5619 400,5667 395,5672 385,5672 375,5682 371,5682 371,5687 366,5692 366,5697 361,5702 361,5755 366,5760 366,5775 375,5775 380,5780 385,5780 390,5785 537,5785 539,5783 539,5782 541,5780 1064,5780 1069,5775 1122,5775 1127,5780 1127,5819 1274,5819 1281,5812 1281,5811 1288,5804 1288,5794 1293,5789 1293,5785 1298,5780 1420,5780 1425,5785 1425,5819 1571,5819 1576,5814 1576,5809 1586,5799 1586,5794 1591,5789 1591,5785 1596,5780 1715,5780 1723,5788 1723,5789 1736,5802 1736,5803 1748,5815 1748,5816 1761,5829 1761,5830 1773,5842 1773,5843 1786,5856 1786,5857 1798,5869 1798,5870 1801,5873 1801,5882 1796,5887 1122,5887 1117,5882 1117,5872 1113,5868 966,5868 964,5870 963,5870 961,5872 961,5882 956,5887 951,5882 951,5848 949,5846 949,5845 947,5843 785,5843 785,5868 781,5872 702,5872 702,5882 700,5884 700,5885 698,5887 551,5887 546,5892 541,5887 400,5887 395,5892 390,5892 390,5897 383,5904 382,5904 375,5911 371,5911 371,6004 375,6004 380,6009 742,6009 744,6007 744,6006 746,6004 1391,6004 1396,6009 1396,6053 1567,6053 1569,6051 1569,6050 1571,6048 1571,6014 1576,6009 1684,6009 1689,6014 1787,6014 1788,6015 1787,6016 1787,6017 1785,6019 1785,6020 1782,6023 1782,6024 1780,6026 1780,6027 1778,6029 1778,6030 1775,6033 1775,6034 1773,6036 1773,6037 1771,6039 1771,6040 1768,6043 1768,6044 1766,6046 1766,6047 1764,6049 1764,6050 1761,6053 1761,6054 1759,6056 1759,6057 1757,6059 1757,6060 1754,6063 1754,6064 1752,6066 1752,6067 1749,6070 1749,6071 1747,6073 1747,6074 1744,6077 1708,6077 1708,6116 1703,6121 1391,6121 1386,6116 1386,6087 1381,6087 1371,6077 1220,6077 1215,6082 1215,6116 1210,6121 1147,6121 1142,6116 1142,6087 1132,6077 1083,6077 1081,6075 1080,6075 1078,6073 937,6073 935,6075 934,6075 932,6077 930,6075 929,6075 927,6073 781,6073 779,6075 778,6075 776,6077 761,6077 761,6116 756,6121 585,6121 580,6116 580,6082 439,6082 434,6087 390,6087 390,6146 410,6146 412,6148 412,6149 414,6151 414,6160 412,6162 412,6163 410,6165 390,6165 380,6175 380,6234 385,6239 385,6243 390,6248 546,6248 551,6253 551,6282 556,6287 742,6287 751,6278 756,6278 761,6273 761,6243 763,6241 764,6241 766,6239 1034,6239 1036,6241 1037,6241 1039,6243 1186,6243 1188,6241 1189,6241 1191,6239 1220,6239 1222,6241 1223,6241 1225,6243 1777,6243 1779,6245 1779,6246 1781,6248 2294,6248 2299,6253 2299,6296 2479,6296 2479,6258 2484,6253 2909,6253 2914,6258 3246,6258 3251,6263 3251,6268 3396,6268 3396,6208 3392,6204 3265,6204 3263,6202 3263,6201 3261,6199 3261,6141 3241,6141 3236,6136 3236,6121 3197,6121 3192,6116 3192,6092 3099,6092 3097,6090 3097,6089 3095,6087 2934,6087 2929,6092 2816,6092 2811,6087 2670,6087 2660,6097 2660,6126 2655,6131 2426,6131 2421,6126 2421,6087 2274,6087 2272,6089 2272,6090 2270,6092 2270,6102 2265,6107 2265,6121 2260,6126 1879,6126 1874,6121 1874,6082 1869,6082 1864,6077 1749,6077 1748,6076 1750,6074 1750,6073 1753,6070 1753,6069 1755,6067 1755,6066 1757,6064 1757,6063 1760,6060 1760,6059 1762,6057 1762,6056 1764,6054 1764,6053 1767,6050 1767,6049 1769,6047 1769,6046 1771,6044 1771,6043 1774,6040 1774,6039 1776,6037 1776,6036 1778,6034 1778,6033 1781,6030 1781,6029 1783,6027 1783,6026 1785,6024 1785,6023 1788,6020 1788,6019 1790,6017 1790,6016 1792,6014 1996,6014 2001,6009 2069,6009 2074,6014 2250,6014 2255,6019 2772,6019 2777,6024 3065,6024 3070,6019 3075,6024 3226,6024 3231,6019 3236,6019 3236,5951 3231,5946 3124,5946 3119,5941 3075,5941 3070,5936 3070,5931 3075,5926 3075,5868 3070,5863 3070,5858 2919,5858 2914,5863 2914,5902 2909,5907 2768,5907 2763,5902 2592,5902 2587,5897 2587,5858 2582,5853 2431,5853 2431,5897 2426,5902 2231,5902 2226,5897 2226,5877 2133,5877 2128,5872 2127,5872 2123,5868 2123,5853 1962,5853 1962,5872 1957,5877 1952,5872 1952,5848 1801,5848 1801,5867 1800,5868 1793,5861 1793,5860 1781,5848 1781,5847 1768,5834 1768,5833 1756,5821 1756,5820 1743,5807 1743,5806 1731,5794 1731,5793 1719,5781 1720,5780 2162,5780 2167,5785 2406,5785 2408,5787 2409,5787 2411,5789 2411,5824 2558,5824 2562,5820 2562,5819 2567,5814 2567,5809 2572,5804 2572,5799 2577,5794 2577,5789 2579,5787 2580,5787 2582,5785 2943,5785 2945,5787 2946,5787 2948,5789 3241,5789 3241,5785 3246,5780 3246,5716 3241,5711 3241,5677 3236,5672 3178,5672 3173,5667 3173,5628 3168,5623 3021,5623 3016,5628 3016,5667 3014,5669 3014,5670 3012,5672 2519,5672 2519,5702 2517,5704 2516,5704 2514,5706 2512,5704 2511,5704 2509,5702 2509,5672 2489,5672 2484,5667 2484,5648 2333,5648 2333,5662 2328,5667 2294,5667 2289,5662 2289,5619 2138,5619 2133,5624 2132,5624 2128,5628 2128,5633 2123,5638 2123,5662 2118,5667 1708,5667 1707,5666 1708,5665 1709,5665 1714,5660 1715,5660 1719,5656 1720,5656 1725,5651 1726,5651 1731,5646 1732,5646 1737,5641 1738,5641 1742,5637 1743,5637 1748,5632 1749,5632 1754,5627 1755,5627 1759,5623 1760,5623 1765,5618 1766,5618 1771,5613 1772,5613 1777,5608 1778,5608 1782,5604 1783,5604 1788,5599 1789,5599 1794,5594 1795,5594 1799,5590 1800,5590 1805,5585 1806,5585 1811,5580 1812,5580 1817,5575 1818,5575 1822,5571 1823,5571 1828,5566 1829,5566 1834,5561 1835,5561 1839,5557 1840,5557 1845,5552 1846,5552 1848,5550 2494,5550 2499,5555 2626,5555 2631,5560 2631,5604 2929,5604 2933,5600 2933,5599 2938,5594 2938,5579 2940,5577 2941,5577 2943,5575 2943,5560 2948,5555 2997,5555 3002,5560 3226,5560 3236,5550 3236,5536 3241,5531 3256,5531 3256,5467 3246,5467 3241,5462 3241,5457 3234,5450 3233,5450 3226,5443 3158,5443 3153,5438 3153,5423 3007,5423 3002,5428 3002,5438 2997,5443 2953,5443 2948,5438 2948,5399 2943,5394 2792,5394 2787,5399 2787,5433 2782,5438 2655,5438 2650,5433 2650,5423 2514,5423 2509,5418 2509,5389 2353,5389 2353,5433 2348,5438 2094,5438 2089,5433 2040,5433 2035,5428 2035,5389 2030,5384 1884,5384 1881,5387 1880,5387 1872,5379 1872,5378 1863,5369 1863,5368 1853,5358 1853,5357 1843,5347 1843,5346 1833,5336 1833,5335 1823,5325 1823,5324 1816,5317 1817,5316 2177,5316 2182,5321 2182,5370 2357,5370 2357,5326 2362,5321 2909,5321 2914,5326 3222,5326 3229,5319 3229,5318 3236,5311 3236,5228 3231,5223 3231,5218 3226,5218 3221,5213 3221,5212 3217,5208 3153,5208 3151,5206 3150,5206 3148,5204 3148,5194 3143,5189 2997,5189 2992,5194 2987,5194 2987,5204 2985,5206 2984,5206 2982,5208 2938,5208 2934,5204 2934,5189 2777,5189 2777,5204 2775,5206 2774,5206 2772,5208 2768,5204 2768,5160 2763,5155 2602,5155 2597,5160 2597,5199 2592,5204 2494,5204 2489,5199 2489,5155 2338,5155 2333,5160 2333,5199 2328,5204 1923,5204 1918,5199 1918,5155 1913,5150 1807,5150 1806,5149 1807,5148 1808,5148 1811,5145 1812,5145 1815,5142 1816,5142 1819,5139 1820,5139 1823,5136 1824,5136 1827,5133 1828,5133 1831,5130 1832,5130 1836,5126 1837,5126 1840,5123 1841,5123 1844,5120 1845,5120 1848,5117 1849,5117 1852,5114 1853,5114 1856,5111 1857,5111 1861,5107 1862,5107 1865,5104 1866,5104 1869,5101 1870,5101 1873,5098 1874,5098 1877,5095 1878,5095 1881,5092 1882,5092 1885,5089 1886,5089 1890,5085 1891,5085 1894,5082 1923,5082 1925,5084 1926,5084 1928,5086 1928,5091 2499,5091 2504,5096 3090,5096 3095,5101 3090,5106 3065,5106 3065,5169 3070,5174 3085,5174 3090,5179 3236,5179 3241,5174 3256,5174 3261,5169 3261,5111 3256,5106 3251,5106 3246,5101 3114,5101 3109,5096 3114,5091 3168,5091 3168,5086 3170,5084 3171,5084 3173,5082 3217,5082 3221,5078 3221,5077 3226,5072 3226,5062 3231,5057 3231,4989 3226,4984 3226,4983 3222,4979 3217,4979 3212,4974 3065,4974 3060,4979 3016,4979 3016,5008 3014,5010 3014,5011 3012,5013 2958,5013 2953,5008 2953,4935 2948,4930 2797,4930 2792,4935 2792,4969 2787,4974 2724,4974 2719,4969 2719,4930 2714,4930 2709,4925 2567,4925 2562,4930 2406,4930 2406,4940 2401,4945 2401,4955 2397,4959 2397,4964 2392,4969 2387,4964 2387,4955 2231,4955 2231,4964 2226,4969 2177,4969 2172,4964 2172,4955 2025,4955 2023,4953 2023,4952 2021,4950 2021,4925 2016,4920 1865,4920 1861,4916 1861,4915 1853,4907 1853,4906 1849,4902 1850,4901 1967,4901 1972,4896 1972,4891 1977,4886 1977,4881 1982,4876 1982,4867 1984,4865 1984,4864 1986,4862 2162,4862 2167,4867 2167,4901 2314,4901 2316,4899 2316,4898 2318,4896 2318,4891 2323,4886 2323,4881 2328,4876 2328,4872 2338,4862 2709,4862 2714,4867 2865,4867 2870,4862 2909,4862 2914,4867 3153,4867 3163,4857 3163,4852 3168,4847 3222,4847 3224,4845 3224,4844 3226,4842 3226,4774 3173,4774 3168,4769 3168,4759 3163,4754 3163,4706 3095,4706 3090,4701 2924,4701 2924,4740 2919,4745 2811,4745 2809,4743 2809,4742 2807,4740 2479,4740 2477,4738 2477,4737 2475,4735 2475,4701 2470,4696 2309,4696 2304,4701 2304,4740 2299,4745 2294,4745 2287,4752 2286,4752 2279,4759 2274,4754 2274,4745 2272,4743 2272,4742 2270,4740 1777,4740 1772,4735 1772,4696 1764,4696 1763,4695 1763,4691 1764,4690 1764,4685 1765,4684 1765,4678 1767,4676 1908,4676 1913,4671 1923,4671 1927,4667 1928,4667 1933,4662 1933,4657 1938,4652 1938,4632 1942,4628 2318,4628 2320,4630 2321,4630 2323,4632 2714,4632 2719,4637 2719,4681 2904,4681 2904,4642 2909,4637 3056,4637 3058,4639 3058,4640 3060,4642 3212,4642 3222,4632 3222,4574 3217,4569 3217,4525 3212,4520 2982,4520 2977,4515 2977,4501 2975,4499 2975,4498 2973,4496 2973,4486 2968,4481 2968,4476 2821,4476 2816,4481 2816,4510 2811,4515 2724,4515 2719,4510 2577,4510 2572,4505 2572,4471 2567,4471 2562,4466 2250,4466 2250,4505 2245,4510 2152,4510 2150,4508 2150,4507 2148,4505 1835,4505 1834,4504 1840,4498 1841,4498 1860,4479 1861,4479 1881,4459 1882,4459 1901,4440 1902,4440 1921,4421 1922,4421 1932,4411 1933,4412 1933,4413 2074,4413 2074,4403 2079,4398 2401,4398 2406,4403 2406,4447 2553,4447 2560,4440 2560,4439 2567,4432 2567,4427 2572,4422 2572,4408 2577,4403 2597,4403 2602,4408 2748,4408 2753,4403 2851,4403 2853,4405 2853,4406 2855,4408 2855,4447 2963,4447 2968,4452 3114,4452 3129,4437 3134,4437 3134,4427 3139,4422 3139,4413 3141,4411 3141,4410 3143,4408 3202,4408 3207,4403 3212,4403 3217,4398 3217,4379 3222,4374 3222,4310 3212,4300 3212,4291 3202,4291 3197,4286 3148,4286 3143,4281 3143,4247 3141,4245 3141,4244 3139,4242 2987,4242 2982,4247 2977,4247 2977,4276 2975,4278 2975,4279 2973,4281 2899,4281 2894,4276 2894,4242 2892,4240 2892,4239 2890,4237 2738,4237 2733,4242 2733,4276 2728,4281 2675,4281 2670,4286 2631,4286 2626,4281 2582,4281 2577,4276 2577,4247 2567,4237 2421,4237 2416,4242 2294,4242 2294,4276 2289,4281 2274,4281 2272,4279 2272,4278 2270,4276 2211,4276 2206,4271 2206,4237 2201,4232 2050,4232 2050,4271 2045,4276 1907,4276 1906,4275 1905,4275 1903,4273 1902,4273 1901,4272 1900,4272 1898,4270 1897,4270 1896,4269 1895,4269 1893,4267 1892,4267 1891,4266 1890,4266 1888,4264 1887,4264 1886,4263 1885,4263 1883,4261 1882,4261 1880,4259 1879,4259 1878,4258 1877,4258 1875,4256 1874,4256 1873,4255 1872,4255 1870,4253 1869,4253 1868,4252 1867,4252 1865,4250 1864,4250 1863,4249 1862,4249 1860,4247 1859,4247 1858,4246 1857,4246 1855,4244 1854,4244 1852,4242 1851,4242 1850,4241 1849,4241 1847,4239 1846,4239 1845,4238 1844,4238 1842,4236 1841,4236 1840,4235 1839,4235 1837,4233 1836,4233 1835,4232 1834,4232 1832,4230 1831,4230 1830,4229 1829,4229 1827,4227 1826,4227 1825,4226 1824,4226 1822,4224 1821,4224 1819,4222 1818,4222 1817,4221 1816,4221 1814,4219 1813,4219 1812,4218 1811,4218 1809,4216 1808,4216 1807,4215 1806,4215 1804,4213 1803,4213 1802,4212 1801,4212 1799,4210 1798,4210 1797,4209 1796,4209 1794,4207 1793,4207 1791,4205 1790,4205 1789,4204 1788,4204 1786,4202 1785,4202 1784,4201 1783,4201 1781,4199 1780,4199 1779,4198 1778,4198 1776,4196 1775,4196 1774,4195 1773,4195 1771,4193 1770,4193 1769,4192 1768,4192 1766,4190 1765,4190 1764,4189 1765,4188 1903,4188 1903,4169 1908,4164 1923,4164 1928,4169 1928,4208 2108,4208 2108,4164 2113,4159 2245,4159 2250,4164 2597,4164 2602,4169 3002,4169 3007,4174 3197,4174 3202,4169 3207,4169 3212,4164 3212,4144 3217,4139 3217,4071 3212,4066 3212,4061 3207,4056 2885,4056 2880,4051 2880,4003 2719,4003 2714,4008 2709,4008 2709,4037 2704,4042 2543,4042 2538,4047 2494,4047 2489,4042 2489,4027 2343,4027 2338,4022 2338,3998 2177,3998 2172,4003 2172,4037 2167,4042 1791,4042 1786,4037 1786,3998 1781,3993 1640,3993 1635,3998 1601,3998 1600,3997 1600,3995 1601,3994 1601,3986 1602,3985 1602,3976 1603,3975 1603,3966 1604,3965 1604,3957 1605,3956 1605,3947 1606,3946 1606,3938 1607,3937 1607,3930 1608,3929 2401,3929 2406,3934 2787,3934 2792,3939 2934,3939 2936,3937 2936,3936 2938,3934 3046,3934 3051,3939 3212,3939 3212,3832 3207,3827 3139,3827 3134,3822 3134,3778 3129,3778 3124,3773 2904,3773 2904,3807 2899,3812 2831,3812 2826,3807 2826,3798 2675,3798 2675,3807 2670,3812 2499,3812 2494,3807 2494,3773 2489,3768 2148,3768 2143,3773 2143,3802 2138,3807 2050,3807 2045,3802 2045,3773 2040,3768 1796,3768 1796,3788 1791,3793 1718,3793 1713,3798 1713,3807 1708,3812 1627,3812 1626,3811 1626,3808 1627,3807 1627,3804 1628,3803 1628,3801 1629,3800 1629,3797 1630,3796 1630,3793 1631,3792 1631,3790 1632,3789 1632,3786 1633,3785 1633,3782 1634,3781 1634,3778 1635,3777 1635,3775 1636,3774 1636,3771 1637,3770 1637,3767 1638,3766 1638,3763 1639,3762 1639,3760 1640,3759 1640,3756 1641,3755 1641,3752 1642,3751 1642,3748 1643,3747 1643,3745 1644,3744 1644,3741 1645,3740 1645,3737 1646,3736 1646,3734 1647,3733 1647,3730 1648,3729 1648,3726 1649,3725 1649,3722 1650,3721 1650,3719 1651,3718 1651,3715 1652,3714 1652,3711 1653,3710 1653,3707 1655,3705 1786,3705 1791,3700 1894,3700 1899,3705 2040,3705 2045,3700 2187,3700 2189,3702 2189,3703 2191,3705 2333,3705 2338,3700 2431,3700 2436,3705 3031,3705 3036,3710 3036,3749 3041,3754 3187,3754 3192,3749 3192,3744 3197,3739 3197,3734 3207,3724 3207,3602 3202,3597 3202,3593 3197,3588 2543,3588 2538,3593 2533,3593 2528,3588 2528,3544 2523,3539 2353,3539 2353,3583 2348,3588 2294,3588 2289,3583 2138,3583 2133,3588 1957,3588 1952,3583 1952,3539 1679,3539 1679,3583 1674,3588 1668,3588 1667,3587 1667,3577 1666,3576 1666,3566 1665,3565 1665,3554 1664,3553 1664,3543 1663,3542 1663,3532 1662,3531 1662,3521 1661,3520 1661,3509 1660,3508 1660,3498 1659,3497 1659,3487 1658,3486 1658,3476 1657,3475 1657,3467 1658,3466 1811,3466 1816,3471 1967,3471 1972,3466 2372,3466 2377,3471 2538,3471 2543,3466 2714,3466 2719,3471 2875,3471 2880,3466 2885,3471 3026,3471 3028,3473 3029,3473 3031,3475 3207,3475 3209,3473 3210,3473 3212,3471 3212,3368 3207,3363 3207,3358 3202,3353 3080,3353 3075,3348 3075,3309 3073,3307 3072,3307 3070,3305 2909,3305 2907,3307 2906,3307 2904,3309 2904,3353 2894,3363 2885,3363 2875,3353 2323,3353 2318,3348 2318,3334 2316,3332 2316,3331 2314,3329 2167,3329 2162,3334 2162,3348 2157,3353 2055,3353 2050,3348 2050,3305 1806,3305 1804,3307 1803,3307 1801,3309 1801,3348 1796,3353 1728,3353 1723,3348 1662,3348 1661,3347 1661,3345 1662,3344 1662,3341 1663,3340 1663,3337 1664,3336 1664,3333 1665,3332 1665,3329 1666,3328 1666,3325 1667,3324 1667,3321 1668,3320 1668,3317 1669,3316 1669,3313 1670,3312 1670,3309 1671,3308 1671,3305 1672,3304 1672,3301 1673,3300 1673,3297 1674,3296 1674,3293 1675,3292 1675,3289 1676,3288 1676,3285 1677,3284 1677,3281 1678,3280 1678,3277 1679,3276 1679,3273 1680,3272 1680,3269 1681,3268 1681,3265 1682,3264 1682,3261 1683,3260 1683,3257 1684,3256 1684,3253 1685,3252 1685,3249 1686,3248 1686,3245 1687,3244 1687,3241 1688,3240 1688,3237 1689,3236 1689,3233 1691,3231 1781,3231 1786,3236 1786,3280 1938,3280 1940,3278 1940,3277 1942,3275 1942,3265 1944,3263 1945,3263 1947,3261 1947,3251 1952,3246 1952,3236 1957,3231 2021,3231 2023,3233 2023,3234 2025,3236 2231,3236 2233,3234 2233,3233 2235,3231 2260,3231 2265,3236 2411,3236 2416,3231 2421,3236 2797,3236 2802,3241 2802,3280 2953,3280 2963,3270 2963,3261 2968,3256 2968,3241 2973,3236 2975,3238 2975,3239 2977,3241 3192,3241 3197,3236 3197,3231 3202,3226 3202,3124 3197,3124 3192,3119 3139,3119 3134,3114 3134,3075 3085,3075 3080,3070 2934,3070 2929,3075 2924,3075 2924,3114 2919,3119 2836,3119 2831,3114 2831,3080 2826,3075 2772,3075 2770,3073 2770,3072 2768,3070 2299,3070 2299,3114 2294,3119 2231,3119 2226,3114 2108,3114 2106,3112 2106,3111 2104,3109 2104,3070 1796,3070 1796,3119 1791,3124 1733,3124 1728,3119 1728,3075 1712,3075 1711,3074 1711,3062 1712,3061 1712,3043 1713,3042 1713,3024 1714,3023 1714,3005 1715,3004 1715,3003 1716,3002 1913,3002 1918,3007 1918,3046 2030,3046 2035,3051 2211,3051 2216,3046 2216,3007 2221,3002 2270,3002 2272,3004 2272,3005 2274,3007 2274,3051 2421,3051 2436,3036 2436,3031 2438,3029 2438,3028 2440,3026 2440,3007 2445,3002 2670,3002 2675,3007 3139,3007 3139,2992 3141,2990 3141,2989 3143,2987 3192,2987 3197,2982 3197,2914 3192,2909 3129,2909 3124,2904 3124,2894 3122,2892 3121,2892 3119,2890 2738,2890 2733,2885 2611,2885 2606,2880 2606,2841 2604,2839 2604,2838 2602,2836 2455,2836 2450,2841 2436,2841 2431,2836 2289,2836 2284,2841 2284,2880 2279,2885 2030,2885 2025,2890 2021,2890 2016,2885 1845,2885 1840,2890 1811,2890 1806,2885 1806,2875 1801,2870 1801,2855 1799,2853 1798,2853 1796,2851 1775,2851 1774,2850 1777,2847 1777,2846 1781,2842 1781,2841 1785,2837 1785,2836 1789,2832 1789,2831 1792,2828 1792,2827 1796,2823 1796,2822 1800,2818 1800,2817 1804,2813 1804,2812 1808,2808 1808,2807 1811,2804 1811,2803 1815,2799 1815,2798 1819,2794 1819,2793 1823,2789 1823,2788 1824,2787 1825,2788 1825,2816 1977,2816 1977,2811 1979,2809 1980,2809 1982,2807 1982,2802 1984,2800 1984,2799 1986,2797 1986,2792 1991,2787 1991,2772 1993,2770 1994,2770 1996,2768 2006,2768 2008,2770 2009,2770 2011,2772 2011,2777 2284,2777 2284,2772 2286,2770 2287,2770 2289,2768 2304,2768 2306,2770 2307,2770 2309,2772 2309,2777 2509,2777 2514,2782 2514,2811 2519,2816 2519,2821 2665,2821 2670,2816 2670,2811 2674,2807 2675,2807 2680,2802 2680,2792 2685,2787 2685,2782 2687,2780 2687,2779 2689,2777 3021,2777 3026,2782 3182,2782 3187,2777 3187,2621 3182,2616 3036,2616 3031,2611 2885,2611 2880,2616 2792,2616 2787,2611 2645,2611 2643,2613 2643,2614 2641,2616 2641,2680 2655,2680 2660,2685 2660,2689 2655,2694 2621,2694 2616,2689 2616,2665 2611,2660 2611,2655 2553,2655 2548,2650 2548,2616 2543,2611 2274,2611 2269,2616 2269,2617 2265,2621 2265,2626 2260,2631 2260,2655 2255,2660 2216,2660 2211,2655 1996,2655 1991,2650 1991,2621 1986,2616 1986,2611 1894,2611 1893,2610 1893,2600 1894,2599 1894,2590 1895,2589 1895,2579 1896,2578 1896,2568 1897,2567 1897,2558 1898,2557 1898,2549 1899,2548 2089,2548 2094,2543 2191,2543 2196,2538 2196,2484 2191,2479 2191,2431 2118,2431 2113,2426 2113,2387 2108,2382 1952,2382 1947,2387 1947,2426 1942,2431 1910,2431 1909,2430 1910,2429 1910,2419 1911,2418 1911,2408 1912,2407 1912,2398 1913,2397 1913,2387 1914,2386 1914,2376 1915,2375 1915,2366 1916,2365 1916,2355 1917,2354 1917,2349 1918,2348 2006,2348 2016,2338 2016,2333 2021,2328 2021,2318 2030,2309 2431,2309 2436,2314 2436,2343 2438,2345 2438,2346 2440,2348 2602,2348 2604,2346 2604,2345 2606,2343 2606,2314 2611,2309 2885,2309 2890,2314 3173,2314 3178,2309 3197,2309 3202,2304 3207,2304 3207,2250 3202,2250 3197,2245 3197,2196 3192,2191 3192,2187 3178,2187 3173,2182 3173,2172 3168,2172 3163,2167 3021,2167 3016,2172 3016,2182 3014,2184 3014,2185 3012,2187 2968,2187 2963,2182 2738,2182 2733,2187 2689,2187 2687,2185 2687,2184 2685,2182 2685,2172 2680,2167 2680,2162 2670,2152 2670,2148 2665,2143 2523,2143 2521,2145 2521,2146 2519,2148 2519,2157 2514,2162 2514,2177 2504,2187 1991,2187 1989,2189 1988,2189 1986,2191 1920,2191 1919,2190 1919,2189 1918,2188 1918,2186 1917,2185 1917,2183 1916,2182 1916,2180 1915,2179 1915,2176 1914,2175 1914,2173 1913,2172 1913,2170 1912,2169 1912,2167 1911,2166 1911,2164 1910,2163 1910,2161 1909,2160 1909,2158 1908,2157 1908,2155 1907,2154 1907,2152 1906,2151 1906,2148 1905,2147 1905,2145 1904,2144 1904,2142 1903,2141 1903,2139 1902,2138 1902,2136 1901,2135 1901,2133 1900,2132 1900,2130 1899,2129 1899,2127 1898,2126 1898,2123 1897,2122 1897,2120 1896,2119 1896,2117 1895,2116 1895,2114 1894,2113 1894,2111 1893,2110 1893,2108 1892,2107 1892,2105 1891,2104 1891,2102 1890,2101 1890,2099 1889,2098 1889,2095 1888,2094 1888,2092 1887,2091 1887,2089 1886,2088 1886,2086 1885,2085 1885,2083 1884,2082 1884,2080 1883,2079 1883,2077 1882,2076 1882,2074 1881,2073 1881,2071 1880,2070 1880,2067 1879,2066 1879,2064 1878,2063 1878,2061 1877,2060 1877,2058 1876,2057 1876,2055 1875,2054 1875,2052 1874,2051 1874,2049 1873,2048 1873,2046 1872,2045 1872,2042 1871,2041 1871,2039 1870,2038 1870,2036 1869,2035 1869,2033 1868,2032 1868,2030 1867,2029 1867,2027 1866,2026 1866,2024 1865,2023 1865,2021 1864,2020 1864,2018 1863,2017 1863,2014 1862,2013 1862,2011 1861,2010 1861,2008 1860,2007 1860,2005 1859,2004 1859,2002 1858,2001 1858,1999 1857,1998 1857,1996 1856,1995 1856,1993 1855,1992 1855,1990 1854,1989 1854,1986 1853,1985 1853,1983 1852,1982 1852,1980 1851,1979 1851,1977 1850,1976 1850,1974 1849,1973 1849,1971 1848,1970 1848,1968 1847,1967 1847,1965 1846,1964 1846,1961 1845,1960 1845,1958 1844,1957 1844,1955 1843,1954 1843,1952 1842,1951 1842,1949 1841,1948 1841,1946 1840,1945 1840,1943 1839,1942 1839,1940 1838,1939 1838,1937 1837,1936 1837,1933 1836,1932 1836,1930 1835,1929 1835,1927 1834,1926 1834,1924 1833,1923 1833,1921 1832,1920 1832,1918 1831,1917 1831,1915 1830,1914 1830,1912 1829,1911 1829,1908 1828,1907 1828,1905 1827,1904 1827,1902 1826,1901 1826,1899 1825,1898 1825,1896 1824,1895 1824,1893 1823,1892 1823,1890 1822,1889 1822,1887 1821,1886 1821,1884 1820,1883 1820,1880 1819,1879 1819,1877 1818,1876 1818,1874 1817,1873 1817,1871 1816,1870 1816,1868 1815,1867 1815,1865 1814,1864 1814,1862 1813,1861 1813,1859 1812,1858 1812,1856 1811,1855 1811,1852 1810,1851 1811,1850 1825,1850 1830,1845 2157,1845 2162,1840 2206,1840 2211,1845 2357,1845 2362,1840 2377,1840 2382,1845 2606,1845 2611,1850 2753,1850 2758,1845 3002,1845 3007,1850 3182,1850 3187,1845 3187,1762 3182,1757 3182,1728 3180,1726 3180,1725 3178,1723 3051,1723 3046,1718 3046,1684 2880,1684 2880,1718 2875,1723 2538,1723 2533,1718 2533,1684 2528,1679 2382,1679 2377,1684 2367,1684 2362,1679 2221,1679 2216,1684 2074,1684 2069,1689 2069,1703 2067,1705 2067,1706 2065,1708 2006,1708 2001,1713 2001,1723 1996,1728 1811,1728 1806,1723 1806,1684 1801,1679 1762,1679 1757,1674 1757,1625 1762,1620 1996,1620 2001,1615 2157,1615 2162,1620 2304,1620 2309,1615 2558,1615 2560,1617 2560,1618 2562,1620 2562,1654 2567,1659 2567,1664 2724,1664 2724,1659 2726,1657 2726,1656 2728,1654 2728,1620 2733,1615 3163,1615 3165,1613 3166,1613 3168,1611 3173,1611 3178,1606 3178,1586 3180,1584 3180,1583 3182,1581 3182,1523 3180,1521 3180,1520 3178,1518 3178,1513 3168,1503 3163,1503 3158,1498 3104,1498 3099,1493 3099,1449 2943,1449 2938,1454 2934,1454 2934,1493 2929,1498 2811,1498 2809,1496 2809,1495 2807,1493 2807,1454 2802,1449 2660,1449 2655,1454 2641,1454 2641,1498 2636,1503 2626,1503 2621,1498 2621,1484 2616,1479 2582,1479 2577,1474 2577,1454 2572,1449 2426,1449 2421,1454 2421,1474 2416,1479 2377,1479 2372,1484 2372,1498 2367,1503 2318,1503 2316,1501 2316,1500 2314,1498 2157,1498 2152,1503 2143,1503 2138,1498 1991,1498 1986,1503 1977,1503 1972,1508 1769,1508 1768,1507 1768,1500 1769,1499 1769,1493 1770,1492 1770,1485 1771,1484 1771,1477 1772,1476 1772,1470 1773,1469 1773,1462 1774,1461 1774,1454 1775,1453 1775,1447 1777,1445 1796,1445 1806,1435 1806,1425 1811,1420 1811,1410 1816,1405 1816,1401 1818,1399 1818,1398 1820,1396 1869,1396 1874,1391 2079,1391 2084,1386 2826,1386 2831,1391 2831,1420 2836,1425 2836,1430 2977,1430 2977,1425 2982,1420 2982,1415 2992,1405 2992,1396 2997,1391 2997,1386 3002,1381 3007,1386 3158,1386 3163,1381 3168,1381 3178,1371 3178,1274 3173,1269 3163,1269 3158,1264 3158,1249 3153,1244 3002,1244 2997,1249 2997,1264 2992,1269 2943,1269 2938,1274 2934,1274 2924,1264 2919,1264 2914,1259 2768,1259 2763,1264 2543,1264 2538,1269 2367,1269 2362,1264 2216,1264 2211,1269 2206,1269 2201,1264 2201,1225 2050,1225 2050,1230 2045,1235 2045,1269 2040,1274 1899,1274 1894,1279 1820,1279 1818,1277 1818,1276 1816,1274 1816,1239 1814,1237 1813,1237 1811,1235 1659,1235 1654,1230 1498,1230 1493,1235 1488,1235 1488,1279 1484,1283 1440,1283 1438,1281 1437,1281 1435,1279 1283,1279 1279,1283 1210,1283 1205,1288 1196,1288 1191,1283 1191,1244 1186,1239 1025,1239 1020,1244 1020,1288 1015,1293 927,1293 922,1298 854,1298 849,1293 849,1288 854,1283 1000,1283 1002,1281 1003,1281 1005,1279 1010,1279 1010,1220"/><TextEquiv><Unicode/></TextEquiv><TextLine id="r3_l001"><Coords points="483,1257 3112,1246 3112,1420 483,1431"/><TextEquiv index="1"><Unicode>“Briceval passa la journée avec nous, et</Unicode></TextEquiv></TextLine><TextLine id="r3_l002"><Coords points="370,1484 3117,1472 3117,1648 370,1660"/><TextEquiv index="1"><Unicode>à son départ mon époux se sentit plus de</Unicode></TextEquiv></TextLine><TextLine id="r3_l003"><Coords points="375,1709 3122,1697 3122,1876 375,1888"/><TextEquiv index="1"><Unicode>courage, plus de fermeté à braver les</Unicode></TextEquiv></TextLine><TextLine id="r3_l004"><Coords points="380,1955 1327,1951 1327,2118 380,2122"/><TextEquiv index="1"><Unicode>coups du sort.</Unicode></TextEquiv></TextLine><TextLine id="r3_l005"><Coords points="472,2171 3142,2160 3142,2321 472,2332"/><TextEquiv index="1"><Unicode>“Le lendemain matin, nous reçûmes cet</Unicode></TextEquiv></TextLine><TextLine id="r3_l006"><Coords points="385,2410 2130,2402 2130,2535 385,2543"/><TextEquiv index="1"><Unicode>affreux billet de Briceval:</Unicode></TextEquiv></TextLine><TextLine id="r3_l007"><Coords points="543,2639 3122,2628 3122,2798 543,2809"/><TextEquiv index="1"><Unicode>“Je suis perdu, si je ne fuis, Félix!</Unicode></TextEquiv></TextLine><TextLine id="r3_l008"><Coords points="385,2868 3133,2856 3133,3022 385,3034"/><TextEquiv index="1"><Unicode>hier soir tes deux frères, que j'ai rencon-</Unicode></TextEquiv></TextLine><TextLine id="r3_l009"><Coords points="396,3103 3138,3091 3138,3254 396,3266"/><TextEquiv index="1"><Unicode>trés, m'ont insulté: je les ai défiés; ils</Unicode></TextEquiv></TextLine><TextLine id="r3_l010"><Coords points="392,3335 3148,3323 3148,3490 392,3502"/><TextEquiv index="1"><Unicode>m'ont attaqué ensemble et comme des</Unicode></TextEquiv></TextLine><TextLine id="r3_l011"><Coords points="397,3569 3143,3557 3143,3728 397,3740"/><TextEquiv index="1"><Unicode>lâches! j'en ai couché un sur le carreau;</Unicode></TextEquiv></TextLine><TextLine id="r3_l012"><Coords points="407,3797 3148,3785 3148,3947 407,3959"/><TextEquiv index="1"><Unicode>l'autre est grièvement blessé: ils ont crié:</Unicode></TextEquiv></TextLine><TextLine id="r3_l013"><Coords points="411,4022 3153,4010 3153,4180 411,4192"/><TextEquiv index="1"><Unicode>A l'assassin; je n'ai eu que le tems de me</Unicode></TextEquiv></TextLine><TextLine id="r3_l014"><Coords points="406,4261 3157,4249 3157,4428 406,4440"/><TextEquiv index="1"><Unicode>sauver. Je pars; je ne sais où je vais; je</Unicode></TextEquiv></TextLine><TextLine id="r3_l015"><Coords points="411,4488 3157,4476 3157,4656 411,4668"/><TextEquiv index="1"><Unicode>crains tout de la vengeance de leur père:</Unicode></TextEquiv></TextLine><TextLine id="r3_l016"><Coords points="417,4724 3162,4712 3162,4878 417,4890"/><TextEquiv index="1"><Unicode>tâche de t'y soustraire; car, dans son dé-</Unicode></TextEquiv></TextLine><TextLine id="r3_l017"><Coords points="411,4949 3168,4937 3168,5105 411,5117"/><TextEquiv index="1"><Unicode>sespoir, il est capable de tout. Adieu! ...“</Unicode></TextEquiv></TextLine><TextLine id="r3_l018"><Coords points="589,5178 3172,5167 3172,5341 589,5352"/><TextEquiv index="1"><Unicode>Cette fatale nouvelle me priva de toute</Unicode></TextEquiv></TextLine><TextLine id="r3_l019"><Coords points="426,5413 3188,5401 3188,5577 426,5589"/><TextEquiv index="1"><Unicode>connaissance!... J'étais enceinte; je te</Unicode></TextEquiv></TextLine><TextLine id="r3_l020"><Coords points="431,5642 3182,5630 3182,5799 431,5811"/><TextEquiv index="1"><Unicode>donnai le jour, mon enfant, un mois</Unicode></TextEquiv></TextLine><TextLine id="r3_l021"><Coords points="441,5871 3172,5859 3172,6023 441,6035"/><TextEquiv index="1"><Unicode>avant le terme prescrit à ta naissance!...</Unicode></TextEquiv></TextLine><TextLine id="r3_l022"><Coords points="447,6099 3330,6086 3330,6270 448,6283"/><TextEquiv index="1"><Unicode>Juge de l'embarras de mon époux! il fait</Unicode></TextEquiv></TextLine></TextRegion><TextRegion id="r4" type="footnote" orientation="-0.0"><Coords points="679,6531 679,6325 2948,6325 2948,6531"/><TextEquiv><Unicode/></TextEquiv><TextLine id="r4_l001"><Coords points="788,6382 971,6382 971,6453 788,6453"/><TextEquiv index="1"><Unicode>.</Unicode></TextEquiv></TextLine></TextRegion><ImageRegion id="r5"><Coords points="3861,781 3861,6502 4008,6502 4008,781"/></ImageRegion></Page></PcGts>