4266 8011
847 1177 3927 1432 soudain baptiser sa fille, et revient chez
851 1412 3931 1662 lui: mais,  surcrot de douleur! la mai-
854 1645 3934 1892 son est pleine d'archers! un exempt mon-
858 1873 3938 2135 tre  Flix une lettre de cachet... On de-
861 2117 3941 2364 mande l'poux, l'pouse, jusqu' l'en-
864 2356 3945 2612 fant!... C'est une confusion, un dsordre
869 2598 3949 2843 pouvantables!... Mon poux prend sou-
873 2838 3952 3092 dain un parti violent: il crit une lettre,
876 3069 3956 3322 la dchire en deux, en donne la moiti
880 3305 3960 3555 Ferrand son domestique. Prends ce pa-
883 3541 3962 3755 pier, lui dit-il si bas que je ne pus l'en-
887 3766 3966 4024 tendre; porte-le avec l'enfant aux enfans-
890 4002 3970 4265 trouvs: c'est le seul asile sr que je puisse
894 4253 3974 4508 lui donner contre la rage de ses perscu-
898 4482 3978 4741 teurs: un jour nous le retrouverons
901 4771 1877 4920 peut-tre!...
903 4917 1073 5018 L
905 4970 3984 5203 Ferrand s'chappe en secret avec l'in-
909 5191 3989 5458 nocente crature; il court comme un fou;
912 5421 3992 5677 mais, dans le parvis Notre-dame, il s'i-
916 5653 3996 5911 magine qu'il est poursuivi: la frayeur
919 5893 3999 6144 s'empare de ses sens: il n'a pas la orce
923 6137 4003 6376 d'aller jusqu' l'hospice, et dpose l'en-
