4266 7691
535 1151 3239 1331 fant, le papier, dans la premire alle
530 1386 3239 1539 qu'il trouve ouverte. Il en sort comme
530 1617 3234 1782 um insens, revient chez son matre, ap-
535 1841 3244 2012 prend qu'il est enlev par les gens de jus-
535 2059 3240 2243 tice, et se sauve pour jamais de la mai-
525 2303 3234 2473 son, jusques dans son pavs, ici, prs de
525 2522 3230 2692 Chartres, o il raconte tous ces v-
530 2752 2354 2927 nemens  son frre Jacques.
625 2976 3221 3169 En effet,  peine Ferrand tait-il parti,
525 3208 3224 3394 que mon poux fut entran par l'exempt
520 3428 3215 3611 et sa cohorte: il ne put que me crier:
519 3650 3215 3844 Roselle, Roselle! ne sois pas inquite de
520 3879 3005 4064 ta fille; elle est en sret: un jour .....
589 4113 3205 4301 Il ne put m'en dire davantage; ensorte
515 4344 3200 4532 que j'ignorai long-tems ce qu'tait deve-
476 4575 1828 4703 nue mon enfant!...
665 4806 3201 5003 Quelle secousse pour une femme qui
509 5029 3205 5207 vient de donner le jour  un tre! Je res-
505 5255 3196 5463 tai long-tems dans le dlire du dsespoir;
470 5484 3200 5659 et sans doute, sans cet tat cruel dont
505 5717 3196 5905 mes bourreaux eurent quelque piti, les
499 5944 3200 6131 monstres m'auraient fait partager le sort
2514 6240 2739 6310 L
1621 949 2172 1142 Le.
