4266 8011
2077 954 2723 1203 r
999 1205 3824 1419 cruel de mon époux. Je dus mon réta-
1006 1446 3835 1658 blissement aux soins de quelques voisins
994 1662 3840 1889 charitables; et quand je recouvrai ma rai-
1015 1907 3840 2123 son, j'appris, par une lettre de mon époux,
989 2142 3856 2359 qu'il était renfermé à Saint-Lazarre, par
1027 2376 3850 2588 le fait de son père, qui en avait obtenu
1036 2614 3856 2823 l'ordre injuste et barbare. Mon époux
1046 2850 3861 3064 m'écrivait que toutes ses lettres étaient
1040 3085 3866 3299 lues, et qu'il ne pouvait me donner d'au-
1047 3319 3870 3533 tres détails que ceux qu'on lui permettait
1041 3556 3871 3773 de me transmettre. Il m'apprenait qu'on
1056 3794 3865 4012 ignorait l'asile où s'était caché Briceval;
1057 4032 3871 4251 que Roland, tué par lui, était mort sur-
1058 4265 3882 4479 le-champ; mais qu'Octave, blessé seule-
1057 4503 3886 4711 ment, l'avait accusé d'assassinat. Son
1061 4735 3892 4959 père avait intenté un procès criminel, par
1072 4982 3902 5191 coutumace, au prétendu assassin, et vu
1083 5209 3903 5430 le rang de M. Déricourt et ses protec-
1078 5444 3908 5659 tions, tout portait à croire qu'il obtien-
1093 5680 3912 5899 drait un jugement avilissant pour Brice-
1105 5934 2472 6087 val et sa famille.....
1281 6153 3913 6372 “Mon époux ne me disait point où il
