4266 7982
2146 894 2645 1060 (Oz
1012 1106 3868 1313 semblait avoir abandonné le procès qu'il
1003 1342 3816 1502 faisait au coutumace Briceval. On me
1002 1573 3815 1778 dit même que ce dernier, plus tranquille
1006 1811 3816 2012 sur les suites de ce procès, était revenu à
1000 2045 3826 2246 Paris, où il demeurait du côté du faubourg
1001 2286 3809 2484 Saint-Germain, avec son fils seulement;
1001 2524 3816 2725 car il avait perdu son épouse. Je revins
1007 2754 3815 2955 alors à Paris moi-même, où je fis l'im-
1002 2998 3809 3185 possible pour découvrir mon frère; mais
997 3230 3809 3389 toutes mes recherches furent infructueu-
997 3468 3810 3667 ses: et comment en effet trouver quel-
992 3715 3845 3902 qu'un qui se cache dans cette grande
997 3951 1518 4077 ville!...
1157 4176 3825 4374 “Je fis de nouvelles démarches pour
997 4418 3810 4612 obtenir la liberté de Félix, et je l'eus à la
992 4644 3805 4856 fin; mais, ô regrets! Félix, affaissé
991 4885 3804 5092 sous le poids du malheur, était hors d'é-
986 5128 3804 5334 tat d'en proſiter. Un mal incurable le
991 5365 3810 5550 conduisait insensiblement au tombeau;
986 5593 3804 5794 et au moment où j'allais l'arracher de
991 5828 3805 6036 sa prison, je reçus de lui cette lettre, les
996 6069 3295 6270 derniers mots qu'il ait pu tracer:
