4266 7891
1027 1130 3830 1299 tave. On m'en empcha; mais des gens
1042 1366 3846 1540 qui suivirent mes affaires, orcrent ce
1027 1607 3846 1771 frre cupide  restituer la moiti de l'h-
1022 1843 3846 2013 ritage de son pre. Il y fut contraint, et
1027 2074 3856 2239 s'en vengea, en renouvelant le procs
1037 2305 3856 2475 criminel que son pre avait intent  mon
1037 2536 3876 2665 frre: Octave avait dcouvert  Paris l'a-
1037 2773 3866 2932 sile de Briceval. Ce dernier se sauva, et
1037 3009 3866 3183 chappa une seconde ois aux piges que
1032 3240 3861 3404 lui tendit son ennemi: mais, hlas! Oc-
1052 3475 3875 3655 tave gagna son procs, et Briceval, quoi-
1047 3712 3871 3892 que absent, fut condamn  une fin infa-
1053 3964 1843 4082 mante!.....
1181 4185 3892 4359 Je t'pargne, Jeannette, le dtail des
1052 4420 3860 4589 pleurs que je versai en apprenant cette
1063 4652 3871 4831 triste nouvelle. J'tais alors  la campa-
1068 4883 3887 5057 gne. Briceval, qui, par le bruit qu'avait
1068 5124 3892 5294 fait mon procs avec Octave, avait dcou-
1073 5355 3882 5514 vert mon asile, vint m'y trouver avec son
1083 5586 3902 5756 fils, g de six ans et demi environ. Nous
1088 5812 3907 5987 pleurmes long-tems ensemble; et ce fut
1098 6047 3927 6222 cette poque que Jules de Briceval,
2156 899 2660 1063 ile.
