4266 7891
948 1116 3749 1329 plonge dans le malheur; il y a tout
953 1361 3729 1559 lieu de croire qu'elle a quitt Paris!...
958 1587 3733 1799 Juge de ma douleur, Jeannette! Je re-
959 1832 3754 2030 viens ici: Ferrand n'existait plus; mais
969 2073 3737 2258 Jacques, son frre, m'apprend qu'une
963 2304 3743 2500 ex-religieuse est venue chez lui, et lui
969 2537 3748 2733 a dit connatre ma fille. Je gronde cet
968 2767 3748 2968 homme de n'avoir pas pris de plus
872 3004 3749 3207 amples informations. Enfin je me r-
968 3233 3753 3436 signe; j'attends du sort qu'il te rende
974 3468 3749 3667 ma tendresse, et le ciel enfin a daign
974 3711 2690 3860 m'accorder cette faveur!
1128 3944 3753 4139 Voil, Jeannette, le secret de ta
975 4180 3758 4371 naissance, et le douloureux rcit des
975 4413 3783 4568 malheurs de ta mre .... une autre fois
975 4649 3763 4847 tu sauras ce qu'elle attend de ta doci-
968 4873 3763 5076 lit, de ta dlicatesse .... Il est tard,
979 5113 3757 5293 Jeannette; demain nous vovageons; je
979 5345 3758 5540 remets  un autre jour les dtails que
979 5579 3764 5780 je dois te donner, avant de te prescrire
979 5836 2085 5975 mes volonts.
2090 904 2583 1073 c
