4266 7953
2144 937 2636 1093 i
993 1154 3764 1343 (elle sourit) des parens que tu seras sans
988 1383 3030 1526 doute charme de connatre.
1149 1624 3785 1804 Jeannette et sa mre montent dans
982 1848 3765 2043 la chaise de poste, qui vole  Paris,
983 2089 3759 2273 o elles arrivent un peu avant la nuit.
977 2318 3764 2509 Elles se rendent soudain au logis de
978 2555 3764 2741 Ccile, o elles n'apprennent de la
971 2789 3764 2986 bouche de l'htesse, que ce que cette
972 3021 3759 3208 femme leur avait marqu dans sa lettre.
972 3260 3764 3449 Madame Aubry n'en savait pas davan-
972 3496 3764 3683 tage. Jeannette se fait rpter toutes les
972 3741 3759 3881 circonstances de l'enlvement de son
972 3972 3780 4160 amie: elle apprend que Ccile s'est
972 4201 3858 4388 crie en suivant l'exempt: Ah, Jean-
972 4434 3764 4621 nette!... que n'es-tu tmoin du mal-
966 4664 2475 4800 heur de ton amie!...
1107 4908 3759 5112 Jeannette verse des larmes, et se re-
962 5142 3749 5332 tire dsespre: le lendemain matin,
966 5377 3773 5560 elle court avec sa mre chez plusieurs
884 5607 3754 5799 magistrats, qui ignorent, ou feignent
961 5842 3749 6034 d'ignorer le sort de Ccile; et l'aprs-
967 6076 3754 6267 midi, aprs avoir puis tous les moyens
