<PcGts xmlns="http://schema.primaresearch.org/PAGE/gts/pagecontent/2017-07-15" xmlns:xsi="http://www.w3.org/2001/XMLSchema-instance" xsi:schemaLocation="http://schema.primaresearch.org/PAGE/gts/pagecontent/2017-07-15 http://schema.primaresearch.org/PAGE/gts/pagecontent/2017-07-15/pagecontent.xsd"><Metadata><Creator/><Created>2020-09-23T10:26:36</Created><LastChange>1970-01-01T00:00:00</LastChange><Comments/></Metadata><Page imageFilename="0115.png" imageHeight="7691" imageWidth="4266"><ReadingOrder><OrderedGroup id="g1"><RegionRefIndexed index="0" regionRef="r1"/><RegionRefIndexed index="1" regionRef="r2"/></OrderedGroup></ReadingOrder><TextRegion id="r1" type="page-number" orientation="2.0"><Coords points="1552,898 1538,913 1538,918 1533,922 1533,927 1528,932 1528,946 1523,951 1523,970 1518,975 1518,1028 1523,1033 1523,1062 1528,1067 1528,1071 1533,1076 1533,1081 1538,1086 1538,1091 1543,1095 1547,1095 1552,1100 1701,1100 1706,1095 1706,1067 1711,1062 1956,1062 1961,1067 1961,1100 2105,1100 2124,1081 2124,1071 2129,1067 2129,1062 2134,1057 2134,1023 2139,1019 2139,918 2134,913 2124,913 2110,898 1970,898 1966,903 1961,903 1956,908 1956,937 1951,942 1908,942 1903,937 1711,937 1706,932 1706,898"/><TextEquiv><Unicode/></TextEquiv><TextLine id="r1_l001"><Coords points="1511,898 2138,877 2146,1099 1518,1121"/><TextEquiv index="1"><Unicode>i</Unicode></TextEquiv></TextLine></TextRegion><TextRegion id="r2" type="paragraph" orientation="-0.875"><Coords points="451,1100 449,1102 449,1103 447,1105 442,1105 442,1153 437,1158 423,1158 418,1163 418,1172 413,1177 413,1259 418,1264 605,1264 610,1269 908,1269 910,1271 911,1271 913,1273 1220,1273 1225,1278 1225,1283 1427,1283 1432,1288 1432,1321 1571,1321 1575,1317 1576,1317 1581,1312 1581,1307 1586,1302 1586,1293 1590,1289 1590,1288 1595,1283 1768,1283 1773,1288 1863,1288 1864,1289 1864,1292 1863,1293 1863,1295 1862,1296 1862,1299 1861,1300 1861,1303 1860,1304 1860,1307 1859,1308 1859,1311 1858,1312 1858,1315 1857,1316 1857,1318 1856,1319 1856,1322 1855,1323 1855,1326 1854,1327 1854,1330 1853,1331 1853,1334 1852,1335 1852,1337 1851,1338 1851,1341 1850,1342 1850,1345 1849,1346 1849,1349 1848,1350 1848,1353 1847,1354 1847,1356 1846,1357 1846,1360 1845,1361 1845,1364 1844,1365 1844,1368 1843,1369 1843,1372 1842,1373 1842,1376 1841,1377 1841,1378 1840,1379 1740,1379 1735,1384 1735,1389 1733,1391 1732,1391 1730,1393 1672,1393 1670,1391 1669,1391 1667,1389 1667,1350 1658,1350 1653,1345 1432,1345 1427,1350 1427,1355 1422,1360 1422,1361 1418,1365 1418,1369 1403,1384 1403,1389 1401,1391 1400,1391 1398,1393 1019,1393 1017,1391 1016,1391 1014,1389 1009,1389 1004,1384 1004,1374 999,1369 850,1369 848,1371 848,1372 846,1374 846,1384 841,1389 797,1389 795,1387 795,1386 793,1384 793,1374 788,1369 788,1365 644,1365 642,1367 641,1367 639,1369 639,1379 634,1384 562,1384 557,1379 418,1379 413,1384 408,1384 408,1442 413,1442 415,1444 416,1444 418,1446 418,1480 413,1485 413,1543 586,1543 586,1504 591,1499 995,1499 997,1501 997,1502 999,1504 999,1552 1168,1552 1168,1509 1170,1507 1170,1506 1172,1504 1413,1504 1418,1499 1420,1501 1420,1502 1422,1504 1437,1504 1442,1509 1641,1509 1642,1510 1641,1511 1640,1511 1639,1512 1637,1512 1636,1513 1635,1513 1634,1514 1633,1514 1632,1515 1630,1515 1629,1516 1628,1516 1627,1517 1625,1517 1624,1518 1623,1518 1622,1519 1621,1519 1620,1520 1618,1520 1617,1521 1616,1521 1615,1522 1613,1522 1612,1523 1611,1523 1610,1524 1608,1524 1607,1525 1606,1525 1605,1526 1604,1526 1603,1527 1601,1527 1600,1528 1599,1528 1598,1529 1596,1529 1595,1530 1594,1530 1593,1531 1591,1531 1590,1532 1589,1532 1588,1533 1587,1533 1586,1534 1584,1534 1583,1535 1582,1535 1581,1536 1579,1536 1578,1537 1577,1537 1576,1538 1574,1538 1573,1539 1572,1539 1571,1540 1570,1540 1569,1541 1567,1541 1566,1542 1565,1542 1564,1543 1562,1543 1561,1544 1560,1544 1559,1545 1557,1545 1556,1546 1555,1546 1554,1547 1553,1547 1552,1548 1550,1548 1549,1549 1548,1549 1547,1550 1545,1550 1544,1551 1543,1551 1542,1552 1541,1552 1540,1553 1538,1553 1537,1554 1536,1554 1535,1555 1533,1555 1532,1556 1531,1556 1530,1557 1528,1557 1527,1558 1526,1558 1525,1559 1524,1559 1523,1560 1521,1560 1520,1561 1519,1561 1518,1562 1516,1562 1515,1563 1514,1563 1513,1564 1511,1564 1510,1565 1509,1565 1508,1566 1507,1566 1506,1567 1504,1567 1503,1568 1502,1568 1501,1569 1499,1569 1498,1570 1497,1570 1496,1571 1365,1571 1365,1600 1360,1605 1264,1605 1264,1615 1262,1617 1261,1617 1259,1619 1028,1619 1026,1617 1025,1617 1023,1615 1023,1571 1019,1567 865,1567 863,1569 862,1569 860,1571 860,1610 855,1615 821,1615 819,1613 819,1612 817,1610 817,1567 812,1562 663,1562 658,1567 658,1610 653,1615 648,1610 586,1610 581,1605 581,1567 576,1567 574,1565 574,1564 572,1562 408,1562 408,1619 413,1619 418,1624 418,1653 408,1663 403,1663 403,1720 634,1720 639,1725 788,1725 793,1730 1168,1730 1169,1731 1168,1732 1167,1732 1166,1733 1165,1733 1163,1735 1162,1735 1161,1736 1160,1736 1158,1738 1157,1738 1156,1739 1155,1739 1153,1741 1152,1741 1151,1742 1150,1742 1148,1744 1147,1744 1146,1745 1145,1745 1143,1747 1142,1747 1141,1748 1140,1748 1138,1750 1137,1750 1136,1751 1135,1751 1133,1753 1132,1753 1131,1754 1130,1754 1128,1756 1127,1756 1126,1757 1125,1757 1123,1759 1122,1759 1121,1760 1120,1760 1118,1762 1117,1762 1116,1763 1115,1763 1113,1765 1112,1765 1111,1766 1110,1766 1108,1768 1107,1768 1106,1769 1105,1769 1103,1771 1102,1771 1101,1772 1100,1772 1098,1774 1097,1774 1096,1775 1095,1775 1093,1777 1092,1777 1091,1778 1090,1778 1088,1780 1087,1780 1086,1781 1085,1781 1083,1783 1082,1783 1080,1785 1079,1785 1078,1786 1077,1786 1075,1788 1074,1788 1073,1789 1072,1789 1070,1791 1069,1791 1068,1792 1067,1792 1065,1794 1064,1794 1063,1795 1062,1795 1060,1797 1059,1797 1058,1798 1057,1798 1055,1800 1054,1800 1053,1801 1052,1801 1050,1803 1049,1803 1048,1804 1047,1804 1045,1806 1044,1806 1043,1807 1042,1807 1040,1809 1039,1809 1038,1810 1037,1810 1035,1812 1034,1812 1033,1813 1032,1813 1030,1815 1029,1815 1028,1816 1027,1816 1025,1818 1024,1818 1023,1819 1022,1819 1020,1821 1019,1820 1019,1797 605,1797 600,1802 596,1802 596,1855 610,1855 615,1860 615,1889 613,1891 612,1891 610,1893 596,1893 596,1956 870,1956 872,1958 872,1959 874,1961 1288,1961 1292,1957 1292,1956 1297,1951 1297,1927 1302,1922 1302,1865 1297,1860 1297,1859 1293,1855 1293,1850 1177,1850 1172,1845 1028,1845 1023,1850 1021,1848 1021,1847 1019,1845 1019,1825 1022,1822 1023,1822 1024,1821 1025,1821 1027,1819 1028,1819 1029,1818 1030,1818 1032,1816 1033,1816 1035,1814 1036,1814 1037,1813 1038,1813 1040,1811 1041,1811 1042,1810 1043,1810 1045,1808 1046,1808 1047,1807 1048,1807 1050,1805 1051,1805 1052,1804 1053,1804 1055,1802 1056,1802 1057,1801 1058,1801 1060,1799 1061,1799 1062,1798 1063,1798 1065,1796 1066,1796 1067,1795 1068,1795 1070,1793 1071,1793 1072,1792 1073,1792 1075,1790 1076,1790 1077,1789 1078,1789 1080,1787 1081,1787 1082,1786 1083,1786 1085,1784 1086,1784 1087,1783 1088,1783 1090,1781 1091,1781 1092,1780 1093,1780 1095,1778 1096,1778 1097,1777 1098,1777 1100,1775 1101,1775 1102,1774 1103,1774 1105,1772 1106,1772 1107,1771 1108,1771 1110,1769 1111,1769 1112,1768 1113,1768 1115,1766 1116,1766 1117,1765 1118,1765 1120,1763 1121,1763 1122,1762 1123,1762 1125,1760 1126,1760 1127,1759 1128,1759 1130,1757 1131,1757 1132,1756 1133,1756 1135,1754 1136,1754 1137,1753 1138,1753 1140,1751 1141,1751 1142,1750 1143,1750 1145,1748 1146,1748 1147,1747 1148,1747 1150,1745 1151,1745 1152,1744 1153,1744 1155,1742 1156,1742 1158,1740 1159,1740 1160,1739 1161,1739 1163,1737 1164,1737 1165,1736 1166,1736 1168,1734 1169,1734 1170,1733 1171,1733 1173,1731 1174,1731 1175,1730 1259,1730 1264,1735 1413,1735 1418,1730 1422,1730 1427,1735 1687,1735 1692,1740 1692,1783 1696,1783 1701,1788 1874,1788 1879,1783 1884,1783 1888,1779 1888,1778 1893,1773 1893,1768 1895,1766 1896,1766 1898,1764 1898,1744 1900,1742 1901,1742 1903,1740 2143,1740 2148,1735 2149,1735 2158,1744 2159,1744 2172,1757 2173,1757 2186,1770 2187,1770 2199,1782 2200,1782 2213,1795 2214,1795 2227,1808 2228,1808 2241,1821 2242,1821 2254,1833 2255,1833 2268,1846 2269,1846 2282,1859 2281,1860 2268,1860 2266,1858 2266,1857 2264,1855 2119,1855 2117,1857 2117,1858 2115,1860 2105,1860 2105,1865 2103,1867 2102,1867 2100,1869 2098,1867 2097,1867 2095,1865 2095,1855 2081,1855 2076,1850 2076,1841 1917,1841 1917,1850 1915,1852 1915,1853 1913,1855 1802,1855 1797,1850 1740,1850 1735,1845 1735,1807 1730,1802 1586,1802 1581,1807 1490,1807 1485,1802 1317,1802 1317,1865 1336,1865 1338,1867 1339,1867 1341,1869 1341,1884 1336,1889 1336,1903 1331,1908 1312,1908 1312,1966 1643,1966 1645,1968 1646,1968 1648,1970 2076,1970 2078,1968 2079,1968 2081,1966 2086,1966 2090,1962 2090,1961 2095,1956 2105,1966 2110,1966 2112,1968 2113,1968 2115,1970 2220,1970 2221,1971 2219,1973 2218,1973 2217,1974 2216,1974 2214,1976 2213,1976 2212,1977 2211,1977 2209,1979 2208,1979 2207,1980 2206,1980 2205,1981 2204,1981 2202,1983 2201,1983 2200,1984 2199,1984 2197,1986 2196,1986 2195,1987 2194,1987 2192,1989 2191,1989 2190,1990 2189,1990 2188,1991 2187,1991 2185,1993 2184,1993 2183,1994 2182,1994 2180,1996 2179,1996 2178,1997 2177,1997 2175,1999 2174,1999 2173,2000 2172,2000 2171,2001 2170,2001 2168,2003 2167,2003 2166,2004 2165,2004 2163,2006 2162,2006 2161,2007 2160,2007 2159,2008 2158,2008 2156,2010 2155,2010 2154,2011 2153,2011 2151,2013 2150,2013 2149,2014 2148,2014 2146,2016 2145,2016 2144,2017 2143,2017 2142,2018 2141,2018 2139,2020 2138,2020 2137,2021 2136,2021 2134,2023 2133,2023 2132,2024 2131,2024 2129,2026 2128,2026 2127,2027 2126,2027 2125,2028 2124,2028 2122,2030 2121,2030 2120,2031 2119,2031 2117,2033 2116,2033 2115,2034 2114,2034 2113,2035 2112,2035 2110,2033 1941,2033 1941,2071 1939,2073 1939,2074 1937,2076 1720,2076 1718,2074 1718,2073 1716,2071 1716,2033 1711,2028 1547,2028 1545,2030 1545,2031 1543,2033 1543,2066 1538,2071 1033,2071 1028,2066 610,2066 608,2064 607,2064 605,2062 413,2062 411,2064 410,2064 408,2066 408,2182 615,2182 620,2187 620,2225 778,2225 778,2220 783,2215 783,2206 788,2201 788,2191 797,2182 860,2182 865,2187 1019,2187 1023,2191 1023,2230 1187,2230 1187,2196 1192,2191 1749,2191 1754,2196 1893,2196 1898,2191 1930,2191 1931,2192 1930,2193 1930,2194 1929,2195 1929,2196 1927,2198 1927,2199 1926,2200 1926,2201 1925,2202 1925,2203 1923,2205 1923,2206 1922,2207 1922,2208 1921,2209 1921,2210 1919,2212 1919,2213 1918,2214 1918,2215 1916,2217 1916,2218 1915,2219 1915,2220 1914,2221 1914,2222 1912,2224 1912,2225 1911,2226 1911,2227 1910,2228 1910,2229 1908,2231 1908,2232 1907,2233 1907,2234 1906,2235 1906,2236 1904,2238 1904,2239 1903,2240 1903,2241 1902,2242 1902,2243 1900,2245 1900,2246 1899,2247 1899,2248 1898,2249 1898,2250 1896,2252 1896,2253 1895,2254 1895,2255 1894,2256 1894,2257 1892,2259 1892,2260 1891,2261 1891,2262 1890,2263 1890,2264 1888,2266 1888,2267 1887,2268 1887,2269 1886,2270 1886,2271 1884,2273 1884,2274 1883,2275 1883,2276 1882,2277 1882,2278 1880,2280 1880,2281 1879,2282 1879,2283 1878,2284 1878,2285 1876,2287 1876,2288 1875,2289 1875,2290 1874,2291 1874,2292 1872,2294 1872,2295 1871,2296 1871,2297 1870,2298 1870,2299 1868,2301 1868,2302 1867,2303 1867,2304 1866,2305 1866,2306 1865,2307 1677,2307 1672,2302 1672,2283 1523,2283 1518,2288 1518,2292 1516,2294 1516,2295 1514,2297 1177,2297 1172,2292 1120,2292 1118,2290 1117,2290 1115,2288 1115,2249 1110,2244 951,2244 946,2249 898,2249 898,2288 894,2292 874,2292 870,2288 716,2288 711,2283 711,2244 629,2244 627,2242 626,2242 624,2240 442,2240 435,2247 434,2247 427,2254 427,2259 425,2261 425,2262 423,2264 423,2278 413,2288 413,2336 411,2338 410,2338 408,2340 408,2393 413,2398 562,2398 567,2403 701,2403 706,2408 706,2441 711,2446 850,2446 854,2442 855,2442 860,2437 865,2437 865,2432 870,2427 870,2417 879,2408 1124,2408 1129,2413 1341,2413 1345,2417 1345,2461 1518,2461 1518,2422 1523,2417 1658,2417 1662,2421 1662,2422 1667,2427 1667,2465 1850,2465 1850,2427 1855,2422 1909,2422 1913,2426 1913,2427 1917,2431 1917,2432 1921,2436 1921,2437 1924,2440 1924,2441 1928,2445 1928,2446 1931,2449 1931,2450 1935,2454 1935,2455 1939,2459 1939,2460 1942,2463 1942,2464 1946,2468 1946,2469 1949,2472 1949,2473 1953,2477 1953,2478 1956,2481 1956,2482 1958,2484 1957,2485 1610,2485 1610,2518 1605,2523 1360,2523 1355,2518 1273,2518 1271,2516 1271,2515 1269,2513 1269,2475 1120,2475 1120,2513 1115,2518 1110,2518 1105,2513 1105,2504 951,2504 951,2509 949,2511 948,2511 946,2513 908,2513 903,2518 846,2518 841,2513 788,2513 786,2511 785,2511 783,2509 783,2499 778,2494 581,2494 576,2499 576,2504 574,2506 574,2507 572,2509 413,2509 411,2511 410,2511 408,2513 408,2624 413,2629 759,2629 764,2634 903,2634 905,2636 906,2636 908,2638 1264,2638 1269,2643 1552,2643 1557,2648 1880,2648 1881,2649 1875,2655 1874,2655 1867,2662 1866,2662 1859,2669 1858,2669 1851,2676 1850,2676 1843,2683 1842,2683 1834,2691 1833,2691 1826,2698 1825,2698 1818,2705 1817,2705 1810,2712 1809,2712 1802,2719 1801,2719 1794,2726 1793,2726 1785,2734 1784,2734 1777,2741 1776,2741 1769,2748 1768,2748 1762,2754 1701,2754 1696,2749 1696,2711 1687,2711 1682,2706 1533,2706 1528,2711 1528,2744 1523,2749 1293,2749 1288,2754 1288,2778 1283,2783 1278,2783 1273,2778 1273,2749 1271,2747 1271,2746 1269,2744 1033,2744 1028,2739 1028,2725 879,2725 879,2735 877,2737 876,2737 874,2739 644,2739 642,2737 641,2737 639,2735 586,2735 581,2730 581,2696 576,2691 413,2691 413,2749 423,2749 425,2751 425,2752 427,2754 425,2756 425,2757 423,2759 423,2783 421,2785 420,2785 418,2787 413,2787 413,2845 538,2845 543,2850 543,2855 696,2855 696,2850 701,2845 740,2845 745,2850 745,2855 821,2855 826,2860 1004,2860 1006,2862 1007,2862 1009,2864 1153,2864 1155,2862 1156,2862 1158,2860 1177,2860 1179,2862 1180,2862 1182,2864 1182,2903 1326,2903 1336,2893 1336,2888 1338,2886 1339,2886 1341,2884 1345,2884 1345,2879 1350,2874 1350,2869 1355,2864 1427,2864 1432,2869 1543,2869 1544,2870 1543,2871 1542,2871 1541,2872 1539,2872 1538,2873 1537,2873 1536,2874 1534,2874 1533,2875 1532,2875 1531,2876 1530,2876 1529,2877 1527,2877 1526,2878 1525,2878 1524,2879 1523,2879 1522,2880 1520,2880 1519,2881 1518,2881 1517,2882 1515,2882 1514,2883 1513,2883 1512,2884 1511,2884 1510,2885 1508,2885 1507,2886 1506,2886 1505,2887 1504,2887 1503,2888 1501,2888 1500,2889 1499,2889 1498,2890 1497,2890 1496,2891 1494,2891 1493,2892 1492,2892 1491,2893 1489,2893 1488,2894 1487,2894 1486,2895 1485,2895 1484,2896 1482,2896 1481,2897 1480,2897 1479,2898 1478,2898 1477,2899 1475,2899 1474,2900 1473,2900 1472,2901 1471,2901 1470,2902 1468,2902 1467,2903 1466,2903 1465,2904 1463,2904 1462,2905 1461,2905 1460,2906 1459,2906 1458,2907 1456,2907 1455,2908 1454,2908 1453,2909 1452,2909 1451,2910 1449,2910 1448,2911 1447,2911 1446,2912 1444,2912 1443,2913 1442,2913 1441,2914 1440,2914 1439,2915 1437,2915 1436,2916 1435,2916 1434,2917 1433,2917 1432,2918 1430,2918 1429,2919 1428,2919 1427,2920 1426,2920 1425,2921 1423,2921 1422,2922 1421,2922 1420,2923 1418,2923 1417,2924 1416,2924 1415,2925 1414,2925 1413,2926 1411,2926 1410,2927 1409,2927 1408,2928 1407,2928 1406,2929 1404,2929 1403,2930 1402,2930 1401,2931 1400,2931 1399,2932 1397,2932 1396,2933 1395,2933 1394,2934 1392,2934 1391,2935 1390,2935 1389,2936 1388,2936 1387,2937 1278,2937 1273,2932 1124,2932 1124,2965 1122,2967 1122,2968 1120,2970 1071,2970 1069,2968 1069,2967 1067,2965 1067,2956 918,2956 918,2965 913,2970 735,2970 730,2965 729,2965 725,2961 437,2961 435,2963 434,2963 432,2965 427,2965 427,2970 422,2975 422,2976 418,2980 418,3057 420,3059 421,3059 423,3061 423,3066 427,3066 432,3071 432,3076 437,3076 442,3081 692,3081 694,3083 694,3084 696,3086 970,3086 972,3088 973,3088 975,3090 1259,3090 1264,3095 1269,3095 1271,3097 1271,3098 1273,3100 1422,3100 1427,3095 1677,3095 1682,3100 1909,3100 1911,3102 1911,3103 1913,3105 1913,3106 1915,3108 1915,3109 1917,3111 1917,3112 1919,3114 1919,3115 1921,3117 1921,3118 1923,3120 1923,3121 1925,3123 1925,3124 1928,3127 1928,3128 1930,3130 1930,3131 1932,3133 1932,3134 1934,3136 1934,3137 1936,3139 1936,3140 1938,3142 1938,3143 1940,3145 1940,3146 1942,3148 1942,3149 1944,3151 1944,3152 1946,3154 1946,3155 1948,3157 1948,3158 1950,3160 1950,3161 1949,3162 1802,3162 1802,3201 1797,3206 1442,3206 1442,3235 1440,3237 1439,3237 1437,3239 1422,3239 1418,3235 1418,3215 1411,3208 1410,3208 1403,3201 1350,3201 1345,3196 1345,3162 1341,3162 1339,3160 1338,3160 1336,3158 1249,3158 1244,3153 1071,3153 1052,3172 1052,3191 1047,3196 1009,3196 1004,3191 1004,3158 999,3158 997,3156 997,3155 995,3153 730,3153 730,3191 725,3196 629,3196 624,3201 581,3201 576,3206 572,3206 570,3208 569,3208 567,3210 567,3287 574,3294 574,3295 581,3302 716,3302 721,3307 879,3307 881,3309 882,3309 884,3311 1129,3311 1134,3316 1336,3316 1341,3321 1341,3355 1343,3357 1343,3358 1345,3360 1485,3360 1489,3356 1489,3355 1494,3350 1494,3345 1499,3340 1499,3335 1501,3333 1502,3333 1504,3331 1504,3321 1509,3316 1749,3316 1754,3321 1754,3326 1955,3326 1956,3327 1955,3328 1955,3329 1952,3332 1952,3333 1949,3336 1949,3337 1946,3340 1946,3341 1943,3344 1943,3345 1941,3347 1941,3348 1938,3351 1938,3352 1935,3355 1935,3356 1932,3359 1932,3360 1929,3363 1929,3364 1926,3367 1926,3368 1924,3370 1924,3371 1921,3374 1921,3375 1918,3378 1918,3379 1915,3382 1915,3383 1912,3386 1912,3387 1909,3390 1909,3391 1907,3393 1907,3394 1904,3397 1904,3398 1901,3401 1901,3402 1900,3403 1845,3403 1845,3412 1843,3414 1843,3415 1841,3417 1821,3417 1816,3412 1816,3384 1720,3384 1718,3382 1718,3381 1716,3379 1571,3379 1562,3388 1557,3388 1555,3386 1554,3386 1552,3384 1432,3384 1427,3379 1244,3379 1242,3381 1242,3382 1240,3384 1240,3427 1235,3432 1192,3432 1187,3427 932,3427 927,3432 922,3432 918,3436 916,3434 915,3434 913,3432 913,3427 908,3422 672,3422 670,3420 670,3419 668,3417 432,3417 427,3422 427,3423 423,3427 423,3432 421,3434 420,3434 418,3436 418,3460 413,3465 413,3518 418,3523 418,3528 423,3533 658,3533 660,3535 661,3535 663,3537 807,3537 809,3535 810,3535 812,3533 922,3533 924,3535 925,3535 927,3537 937,3537 942,3542 942,3585 944,3587 944,3588 946,3590 1091,3590 1100,3581 1120,3581 1120,3547 1122,3545 1122,3544 1124,3542 1230,3542 1235,3547 1235,3590 1379,3590 1379,3585 1383,3581 1384,3581 1389,3576 1389,3571 1391,3569 1391,3568 1393,3566 1393,3561 1395,3559 1396,3559 1398,3557 1398,3547 1403,3542 1658,3542 1663,3547 1870,3547 1872,3549 1872,3550 1873,3551 1873,3552 1874,3553 1874,3555 1875,3556 1875,3557 1876,3558 1876,3559 1877,3560 1877,3561 1878,3562 1878,3564 1879,3565 1879,3566 1880,3567 1880,3568 1881,3569 1881,3570 1882,3571 1882,3573 1883,3574 1883,3575 1884,3576 1884,3577 1885,3578 1885,3579 1886,3580 1886,3582 1887,3583 1887,3584 1888,3585 1888,3586 1889,3587 1889,3588 1890,3589 1890,3591 1891,3592 1891,3593 1892,3594 1892,3595 1893,3596 1893,3597 1894,3598 1894,3600 1895,3601 1895,3602 1896,3603 1896,3604 1897,3605 1897,3606 1898,3607 1898,3609 1899,3610 1899,3611 1900,3612 1900,3613 1901,3614 1901,3615 1902,3616 1902,3618 1903,3619 1903,3620 1904,3621 1904,3622 1905,3623 1905,3624 1906,3625 1906,3627 1907,3628 1907,3629 1908,3630 1908,3631 1909,3632 1909,3634 1910,3635 1910,3636 1911,3637 1911,3638 1912,3639 1912,3640 1913,3641 1913,3643 1914,3644 1914,3645 1915,3646 1915,3647 1916,3648 1916,3649 1917,3650 1917,3652 1918,3653 1918,3654 1919,3655 1919,3656 1920,3657 1920,3658 1921,3659 1921,3661 1920,3662 1879,3662 1877,3660 1876,3660 1874,3658 1874,3648 1869,3643 1725,3643 1725,3653 1720,3658 1518,3658 1516,3656 1516,3655 1514,3653 1514,3609 1350,3609 1350,3653 1345,3658 1244,3658 1242,3656 1242,3655 1240,3653 1240,3609 1238,3607 1237,3607 1235,3605 884,3605 882,3607 881,3607 879,3609 879,3633 874,3638 831,3638 831,3643 826,3648 586,3648 581,3653 572,3653 567,3648 418,3648 418,3710 423,3710 425,3712 425,3713 427,3715 427,3749 425,3751 425,3752 423,3754 418,3754 418,3811 591,3811 593,3809 594,3809 596,3807 596,3763 598,3761 598,3760 600,3758 831,3758 836,3763 1134,3763 1139,3768 1283,3768 1288,3763 1331,3763 1336,3768 1571,3768 1576,3773 1914,3773 1915,3774 1914,3775 1914,3776 1913,3777 1913,3778 1912,3779 1912,3780 1911,3781 1911,3782 1910,3783 1910,3784 1909,3785 1909,3787 1908,3788 1908,3789 1907,3790 1907,3791 1906,3792 1906,3793 1905,3794 1905,3795 1904,3796 1904,3797 1903,3798 1903,3799 1902,3800 1902,3801 1901,3802 1901,3803 1900,3804 1900,3806 1899,3807 1899,3808 1898,3809 1898,3810 1897,3811 1897,3812 1896,3813 1896,3814 1895,3815 1895,3816 1894,3817 1894,3818 1893,3819 1893,3820 1892,3821 1892,3822 1891,3823 1891,3825 1890,3826 1890,3827 1889,3828 1889,3829 1888,3830 1888,3831 1887,3832 1887,3833 1886,3834 1886,3835 1885,3836 1885,3837 1884,3838 1884,3839 1883,3840 1883,3841 1882,3842 1882,3844 1881,3845 1881,3846 1880,3847 1880,3848 1879,3849 1879,3850 1878,3851 1878,3852 1877,3853 1877,3854 1876,3855 1876,3856 1875,3857 1875,3858 1874,3859 1874,3860 1873,3861 1873,3863 1872,3864 1872,3865 1871,3866 1871,3867 1870,3868 1870,3869 1869,3870 1869,3871 1868,3872 1868,3873 1867,3874 1867,3875 1866,3876 1866,3877 1865,3878 1865,3879 1864,3880 1864,3882 1863,3883 1863,3884 1862,3885 1862,3886 1860,3888 1740,3888 1735,3883 1624,3883 1622,3881 1621,3881 1619,3879 1615,3879 1610,3874 1610,3864 1605,3859 1461,3859 1451,3869 1446,3864 1446,3859 1442,3855 1442,3840 1437,3835 1288,3835 1288,3879 1286,3881 1285,3881 1283,3883 1278,3883 1276,3881 1275,3881 1273,3879 1216,3879 1211,3874 1211,3835 942,3835 937,3840 937,3850 932,3855 932,3869 922,3879 793,3879 783,3869 783,3864 725,3864 723,3862 723,3861 721,3859 721,3826 572,3826 572,3859 567,3864 427,3864 427,3869 425,3871 425,3872 423,3874 423,3883 418,3888 418,3941 423,3946 423,3980 427,3980 429,3982 430,3982 432,3984 769,3984 771,3986 771,3987 773,3989 773,4032 946,4032 946,3994 951,3989 1278,3989 1283,3994 1518,3994 1523,3999 1775,3999 1776,4000 1774,4002 1774,4003 1767,4010 1767,4011 1761,4017 1761,4018 1754,4025 1754,4026 1747,4033 1747,4034 1740,4041 1740,4042 1733,4049 1733,4050 1726,4057 1726,4058 1720,4064 1720,4065 1713,4072 1713,4073 1706,4080 1706,4081 1699,4088 1699,4089 1692,4096 1692,4097 1685,4104 1685,4105 1679,4111 1679,4112 1677,4114 1653,4114 1648,4109 1374,4109 1372,4107 1371,4107 1369,4105 1369,4095 1367,4093 1367,4092 1365,4090 1254,4090 1249,4085 1105,4085 1100,4090 1100,4100 1095,4105 1047,4105 1045,4103 1045,4102 1043,4100 1043,4061 894,4061 894,4100 889,4105 850,4105 848,4103 848,4102 846,4100 629,4100 624,4095 485,4095 480,4100 423,4100 423,4162 427,4162 432,4167 432,4196 427,4201 423,4201 423,4263 596,4263 596,4225 598,4223 598,4222 600,4220 995,4220 997,4222 997,4223 999,4225 1216,4225 1218,4227 1218,4228 1220,4230 1538,4230 1540,4232 1541,4232 1543,4234 1744,4234 1745,4235 1746,4235 1748,4237 1749,4237 1752,4240 1753,4240 1755,4242 1756,4242 1759,4245 1760,4245 1762,4247 1763,4247 1766,4250 1767,4250 1769,4252 1770,4252 1773,4255 1774,4255 1776,4257 1777,4257 1780,4260 1781,4260 1783,4262 1784,4262 1787,4265 1788,4265 1790,4267 1791,4267 1794,4270 1795,4270 1797,4272 1798,4272 1801,4275 1802,4275 1804,4277 1805,4277 1808,4280 1809,4280 1811,4282 1812,4282 1815,4285 1816,4285 1818,4287 1819,4287 1822,4290 1823,4290 1825,4292 1826,4292 1829,4295 1830,4295 1831,4296 1830,4297 1682,4297 1677,4302 1677,4316 1672,4321 1653,4321 1653,4345 1648,4350 1595,4350 1590,4345 1590,4344 1586,4340 1312,4340 1307,4335 1081,4335 1076,4340 1067,4340 1062,4335 975,4335 970,4330 970,4321 968,4319 968,4318 966,4316 677,4316 677,4326 675,4328 674,4328 672,4330 629,4330 627,4328 626,4328 624,4326 624,4292 622,4290 622,4289 620,4287 451,4287 451,4330 449,4332 449,4333 447,4335 437,4335 432,4340 432,4345 427,4350 427,4351 423,4355 423,4427 427,4431 427,4436 437,4446 528,4446 533,4451 672,4451 677,4446 682,4451 1062,4451 1064,4453 1065,4453 1067,4455 1148,4455 1153,4460 1293,4460 1295,4458 1295,4457 1297,4455 1418,4455 1420,4457 1420,4458 1422,4460 1422,4489 1427,4494 1432,4494 1437,4499 1581,4499 1586,4494 1595,4494 1595,4465 1600,4460 1802,4460 1807,4465 1967,4465 1968,4466 1968,4477 1969,4478 1969,4489 1970,4490 1970,4501 1971,4502 1971,4512 1972,4513 1972,4524 1973,4525 1973,4531 1972,4532 1913,4532 1913,4571 1908,4576 1845,4576 1843,4574 1843,4573 1841,4571 1533,4571 1528,4576 1518,4566 1201,4566 1196,4561 1192,4561 1187,4556 1187,4552 1182,4547 1033,4547 1033,4556 1028,4561 985,4561 980,4556 980,4523 975,4518 975,4513 831,4513 826,4518 826,4552 824,4554 823,4554 821,4556 648,4556 644,4552 644,4537 495,4537 495,4547 490,4552 423,4552 423,4619 427,4619 432,4624 432,4653 430,4655 429,4655 427,4657 423,4657 423,4720 591,4720 596,4715 596,4677 598,4675 598,4674 600,4672 692,4672 694,4674 694,4675 696,4677 1033,4677 1035,4679 1036,4679 1038,4681 1196,4681 1201,4686 1201,4725 1206,4725 1208,4727 1209,4727 1211,4729 1379,4729 1381,4727 1382,4727 1384,4725 1384,4686 1389,4681 1518,4681 1522,4677 1523,4677 1528,4672 1533,4677 1533,4686 1696,4686 1701,4691 1831,4691 1836,4696 1836,4734 1841,4739 2009,4739 2014,4734 2014,4701 2016,4699 2016,4698 2018,4696 2036,4696 2041,4701 2041,4702 2045,4706 2045,4707 2049,4711 2049,4712 2053,4716 2053,4717 2057,4721 2057,4722 2062,4727 2062,4728 2066,4732 2066,4733 2070,4737 2070,4738 2074,4742 2074,4743 2078,4747 2078,4748 2082,4752 2082,4753 2086,4757 2086,4758 2090,4762 2090,4763 2094,4767 2094,4768 2098,4772 2098,4773 2102,4777 2102,4778 2106,4782 2106,4783 2110,4787 2110,4788 2114,4792 2114,4793 2119,4798 2119,4799 2121,4801 2120,4802 2081,4802 2076,4797 1884,4797 1879,4792 1879,4753 1836,4753 1834,4751 1833,4751 1831,4749 1677,4749 1675,4751 1674,4751 1672,4753 1634,4753 1629,4758 1629,4787 1624,4792 1490,4792 1485,4797 1475,4797 1470,4802 1470,4806 1468,4808 1468,4809 1466,4811 1466,4893 1468,4895 1468,4896 1470,4898 1470,4903 1475,4903 1477,4905 1478,4905 1480,4907 1490,4907 1492,4909 1492,4910 1494,4912 1494,4955 1658,4955 1660,4953 1661,4953 1663,4951 1667,4951 1667,4917 1672,4912 1980,4912 1982,4914 1980,4916 1979,4916 1978,4917 1976,4917 1975,4918 1974,4918 1973,4919 1972,4919 1971,4920 1970,4920 1969,4921 1967,4921 1966,4922 1965,4922 1964,4923 1963,4923 1962,4924 1961,4924 1960,4925 1959,4925 1958,4926 1956,4926 1955,4927 1954,4927 1953,4928 1952,4928 1951,4929 1950,4929 1949,4930 1947,4930 1946,4931 1945,4931 1944,4932 1943,4932 1942,4933 1941,4933 1940,4934 1939,4934 1938,4935 1936,4935 1935,4936 1934,4936 1933,4937 1932,4937 1931,4938 1930,4938 1929,4939 1927,4939 1926,4940 1925,4940 1924,4941 1923,4941 1922,4942 1921,4942 1920,4943 1918,4943 1917,4944 1916,4944 1915,4945 1914,4945 1913,4946 1912,4946 1911,4947 1910,4947 1909,4948 1907,4948 1906,4949 1905,4949 1904,4950 1903,4950 1902,4951 1901,4951 1900,4952 1898,4952 1897,4953 1896,4953 1895,4954 1894,4954 1893,4955 1892,4955 1891,4956 1889,4956 1888,4957 1887,4957 1886,4958 1885,4958 1884,4959 1883,4959 1882,4960 1881,4960 1880,4961 1878,4961 1877,4962 1876,4962 1875,4963 1874,4963 1873,4964 1872,4964 1871,4965 1869,4965 1868,4966 1867,4966 1866,4967 1865,4967 1864,4968 1863,4968 1862,4969 1860,4969 1859,4970 1858,4970 1857,4971 1856,4971 1855,4972 1854,4972 1853,4973 1852,4973 1851,4974 1849,4974 1848,4975 1847,4975 1846,4976 1845,4975 1696,4975 1696,5008 1694,5010 1694,5011 1692,5013 1568,5013 1567,5012 1565,5012 1564,5011 1562,5011 1561,5010 1559,5010 1558,5009 1556,5009 1555,5008 1553,5008 1552,5007 1550,5007 1549,5006 1547,5006 1546,5005 1544,5005 1543,5004 1542,5004 1541,5003 1539,5003 1538,5002 1536,5002 1535,5001 1533,5001 1532,5000 1530,5000 1529,4999 1527,4999 1526,4998 1524,4998 1523,4997 1521,4997 1520,4996 1519,4996 1518,4995 1516,4995 1515,4994 1513,4994 1512,4993 1510,4993 1509,4992 1507,4992 1506,4991 1504,4991 1503,4990 1501,4990 1500,4989 1498,4989 1497,4988 1496,4988 1495,4987 1493,4987 1492,4986 1490,4986 1489,4985 1487,4985 1486,4984 1484,4984 1483,4983 1481,4983 1480,4982 1478,4982 1477,4981 1475,4981 1474,4980 1473,4980 1472,4979 1470,4979 1469,4978 1467,4978 1466,4977 1464,4977 1463,4976 1461,4976 1460,4975 1458,4975 1457,4974 1455,4974 1454,4973 1452,4973 1451,4972 1449,4972 1448,4971 1447,4971 1446,4970 1444,4970 1443,4969 1441,4969 1440,4968 1438,4968 1437,4967 1435,4967 1434,4966 1432,4966 1431,4965 1429,4965 1428,4964 1426,4964 1425,4963 1424,4963 1423,4962 1421,4962 1420,4961 1418,4961 1417,4960 1415,4960 1414,4959 1412,4959 1411,4958 1409,4958 1408,4957 1406,4957 1405,4956 1403,4956 1402,4955 1401,4955 1400,4954 1398,4954 1397,4953 1395,4953 1394,4952 1392,4952 1391,4951 1389,4951 1388,4950 1386,4950 1385,4949 1383,4949 1382,4948 1380,4948 1379,4947 1380,4946 1437,4946 1441,4942 1441,4941 1446,4936 1446,4931 1448,4929 1449,4929 1451,4927 1451,4922 1456,4917 1456,4835 1451,4830 1389,4830 1387,4828 1386,4828 1384,4826 1384,4792 1379,4787 1369,4787 1367,4785 1367,4784 1365,4782 1365,4773 1360,4768 1211,4768 1211,4778 1209,4780 1208,4780 1206,4782 1187,4782 1185,4780 1184,4780 1182,4778 1182,4739 1014,4739 1004,4749 1004,4758 999,4763 999,4778 995,4782 850,4782 848,4784 848,4785 846,4787 841,4782 672,4782 668,4778 427,4778 427,4835 425,4837 425,4838 423,4840 423,4893 425,4895 425,4896 427,4898 576,4898 581,4893 586,4898 783,4898 788,4893 836,4893 841,4898 1033,4898 1038,4903 1247,4903 1248,4904 1250,4904 1251,4905 1253,4905 1254,4906 1256,4906 1257,4907 1259,4907 1260,4908 1262,4908 1263,4909 1265,4909 1266,4910 1267,4910 1268,4911 1270,4911 1271,4912 1273,4912 1274,4913 1276,4913 1277,4914 1279,4914 1280,4915 1282,4915 1283,4916 1285,4916 1286,4917 1288,4917 1289,4918 1290,4918 1291,4919 1292,4919 1293,4920 1293,4941 1295,4943 1295,4944 1297,4946 1371,4946 1372,4947 1374,4947 1375,4948 1377,4948 1378,4949 1380,4949 1381,4950 1383,4950 1384,4951 1385,4951 1386,4952 1388,4952 1389,4953 1391,4953 1392,4954 1394,4954 1395,4955 1397,4955 1398,4956 1400,4956 1401,4957 1403,4957 1404,4958 1406,4958 1407,4959 1408,4959 1409,4960 1411,4960 1412,4961 1414,4961 1415,4962 1417,4962 1418,4963 1420,4963 1421,4964 1423,4964 1424,4965 1426,4965 1427,4966 1429,4966 1430,4967 1432,4967 1433,4968 1434,4968 1435,4969 1437,4969 1438,4970 1440,4970 1441,4971 1443,4971 1444,4972 1446,4972 1447,4973 1449,4973 1450,4974 1452,4974 1453,4975 1455,4975 1456,4976 1457,4976 1458,4977 1460,4977 1461,4978 1463,4978 1464,4979 1466,4979 1467,4980 1469,4980 1470,4981 1472,4981 1473,4982 1475,4982 1476,4983 1478,4983 1479,4984 1480,4984 1481,4985 1483,4985 1484,4986 1486,4986 1487,4987 1489,4987 1490,4988 1492,4988 1493,4989 1495,4989 1496,4990 1498,4990 1499,4991 1501,4991 1502,4992 1503,4992 1504,4993 1506,4993 1507,4994 1509,4994 1510,4995 1512,4995 1513,4996 1515,4996 1516,4997 1518,4997 1519,4998 1521,4998 1522,4999 1524,4999 1525,5000 1527,5000 1528,5001 1529,5001 1530,5002 1532,5002 1533,5003 1535,5003 1536,5004 1538,5004 1539,5005 1541,5005 1542,5006 1544,5006 1545,5007 1547,5007 1548,5008 1550,5008 1551,5009 1552,5009 1553,5010 1555,5010 1556,5011 1558,5011 1559,5012 1558,5013 1442,5013 1437,5008 1437,4975 1432,4970 1369,4970 1367,4968 1367,4967 1365,4965 1211,4965 1206,4970 1201,4970 1201,5008 1196,5013 1129,5013 1124,5008 1124,4970 1122,4968 1122,4967 1120,4965 961,4965 961,5008 956,5013 942,5013 937,5008 874,5008 872,5006 872,5005 870,5003 870,4965 865,4960 716,4960 711,4965 711,4999 709,5001 708,5001 706,5003 672,5003 668,4999 514,4999 512,5001 511,5001 509,5003 447,5003 437,5013 437,5018 432,5023 427,5023 427,5095 432,5100 432,5104 437,5109 442,5109 447,5114 447,5119 499,5119 504,5124 538,5124 540,5126 541,5126 543,5128 543,5167 721,5167 721,5128 725,5124 797,5124 802,5119 922,5119 922,5114 927,5109 932,5114 932,5119 937,5124 1023,5124 1025,5126 1026,5126 1028,5128 1172,5128 1174,5126 1175,5126 1177,5124 1187,5124 1189,5126 1190,5126 1192,5128 1475,5128 1480,5133 1581,5133 1586,5138 1686,5138 1687,5139 1687,5145 1688,5146 1688,5154 1689,5155 1689,5163 1690,5164 1690,5171 1691,5172 1691,5180 1692,5181 1692,5189 1693,5190 1693,5198 1694,5199 1694,5207 1695,5208 1695,5216 1696,5217 1696,5225 1697,5226 1697,5228 1696,5229 1634,5229 1629,5234 1629,5239 1624,5244 1571,5244 1569,5242 1569,5241 1567,5239 1567,5229 1422,5229 1418,5225 1418,5205 1416,5203 1415,5203 1413,5201 1254,5201 1254,5239 1249,5244 1177,5244 1172,5239 1172,5225 975,5225 975,5234 970,5239 908,5239 894,5253 884,5253 879,5248 878,5248 874,5244 870,5244 865,5239 807,5239 802,5234 802,5196 653,5196 648,5201 648,5234 646,5236 646,5237 644,5239 639,5239 634,5234 495,5234 490,5239 456,5239 451,5244 447,5244 440,5251 439,5251 432,5258 432,5311 437,5316 437,5350 442,5350 444,5352 445,5352 447,5354 639,5354 641,5352 642,5352 644,5350 648,5354 783,5354 788,5359 788,5398 927,5398 937,5388 937,5383 942,5378 942,5374 944,5372 944,5371 946,5369 946,5359 951,5354 1240,5354 1242,5356 1242,5357 1244,5359 1543,5359 1545,5361 1545,5362 1547,5364 1547,5369 1696,5369 1706,5359 1735,5359 1740,5364 1740,5369 1748,5369 1749,5370 1749,5371 1751,5373 1751,5374 1752,5375 1752,5376 1753,5377 1753,5378 1755,5380 1755,5381 1756,5382 1756,5383 1757,5384 1757,5385 1759,5387 1759,5388 1760,5389 1760,5390 1761,5391 1761,5392 1763,5394 1763,5395 1764,5396 1764,5397 1765,5398 1765,5399 1767,5401 1767,5402 1768,5403 1768,5404 1769,5405 1769,5406 1771,5408 1771,5409 1772,5410 1772,5411 1773,5412 1773,5413 1775,5415 1775,5416 1776,5417 1776,5418 1777,5419 1777,5420 1779,5422 1779,5423 1780,5424 1780,5425 1781,5426 1781,5427 1783,5429 1783,5430 1784,5431 1784,5432 1785,5433 1785,5434 1787,5436 1787,5437 1788,5438 1788,5439 1789,5440 1789,5441 1791,5443 1791,5444 1792,5445 1792,5446 1793,5447 1793,5448 1795,5450 1795,5451 1796,5452 1796,5453 1797,5454 1797,5455 1799,5457 1799,5458 1800,5459 1800,5460 1801,5461 1801,5462 1803,5464 1803,5465 1804,5466 1804,5467 1805,5468 1805,5469 1807,5471 1807,5472 1808,5473 1808,5474 1810,5476 1810,5477 1811,5478 1810,5479 1586,5479 1584,5477 1583,5477 1581,5475 1446,5475 1444,5473 1444,5472 1442,5470 1442,5431 1288,5431 1288,5465 1283,5470 1163,5470 1158,5475 1129,5475 1120,5484 1120,5489 1115,5494 1115,5503 1110,5508 1100,5508 1095,5503 1095,5494 1091,5494 1081,5484 1081,5479 1076,5479 1074,5477 1073,5477 1071,5475 946,5475 944,5473 944,5472 942,5470 942,5450 940,5448 939,5448 937,5446 937,5436 932,5431 793,5431 788,5436 788,5465 783,5470 648,5470 646,5468 646,5467 644,5465 605,5465 600,5460 600,5455 447,5455 432,5470 432,5527 442,5527 447,5532 447,5575 449,5577 449,5578 451,5580 793,5580 795,5582 795,5583 797,5585 797,5590 1004,5590 1009,5595 1009,5624 1011,5626 1012,5626 1014,5628 1139,5628 1144,5633 1144,5638 1321,5638 1321,5595 1326,5590 1408,5590 1413,5595 1543,5595 1545,5597 1545,5598 1547,5600 1547,5638 1552,5643 1730,5643 1730,5604 1732,5602 1733,5602 1735,5600 1869,5600 1870,5601 1870,5602 1871,5603 1871,5605 1872,5606 1872,5607 1873,5608 1873,5609 1874,5610 1874,5611 1875,5612 1875,5614 1876,5615 1876,5616 1877,5617 1877,5618 1878,5619 1878,5621 1879,5622 1879,5623 1880,5624 1880,5625 1881,5626 1881,5628 1882,5629 1882,5630 1883,5631 1883,5632 1884,5633 1884,5634 1885,5635 1885,5637 1886,5638 1886,5639 1887,5640 1887,5641 1888,5642 1888,5644 1889,5645 1889,5646 1890,5647 1890,5648 1891,5649 1891,5651 1892,5652 1892,5653 1893,5654 1893,5655 1894,5656 1894,5657 1895,5658 1895,5660 1896,5661 1896,5662 1897,5663 1897,5664 1898,5665 1898,5667 1899,5668 1899,5669 1900,5670 1900,5671 1901,5672 1901,5674 1902,5675 1902,5676 1903,5677 1903,5678 1904,5679 1904,5680 1905,5681 1905,5683 1906,5684 1906,5685 1907,5686 1907,5687 1908,5688 1908,5690 1909,5691 1909,5692 1910,5693 1910,5694 1911,5695 1911,5697 1912,5698 1912,5699 1913,5700 1913,5701 1914,5702 1914,5703 1915,5704 1914,5705 1836,5705 1831,5700 1677,5700 1672,5705 1663,5705 1663,5710 1658,5715 1658,5734 1653,5739 1624,5739 1619,5734 1619,5720 1617,5718 1617,5717 1615,5715 1615,5710 1610,5705 1543,5705 1538,5700 1538,5657 1533,5652 1437,5652 1435,5650 1434,5650 1432,5648 1269,5648 1264,5653 1263,5653 1259,5657 1259,5662 1254,5667 1254,5681 1249,5686 1249,5696 1247,5698 1246,5698 1244,5700 1240,5696 1182,5696 1177,5691 990,5691 985,5686 985,5681 980,5676 980,5648 975,5643 821,5643 819,5645 819,5646 817,5648 817,5686 812,5691 730,5691 725,5686 725,5648 723,5646 723,5645 721,5643 437,5643 437,5700 442,5700 447,5705 447,5739 442,5744 432,5744 432,5801 437,5806 706,5806 711,5801 797,5801 802,5806 1014,5806 1019,5811 1446,5811 1451,5816 1533,5816 1538,5821 1538,5859 1550,5859 1551,5860 1550,5861 1547,5861 1546,5862 1544,5862 1543,5863 1541,5863 1540,5864 1537,5864 1536,5865 1534,5865 1533,5866 1530,5866 1529,5867 1527,5867 1526,5868 1523,5868 1522,5869 1520,5869 1519,5870 1517,5870 1516,5871 1513,5871 1512,5872 1510,5872 1509,5873 1506,5873 1505,5874 1503,5874 1502,5875 1499,5875 1498,5876 1496,5876 1495,5877 1493,5877 1492,5878 1489,5878 1488,5879 1486,5879 1485,5880 1482,5880 1481,5881 1479,5881 1478,5882 1476,5882 1475,5883 1472,5883 1471,5884 1469,5884 1468,5885 1465,5885 1464,5886 1462,5886 1461,5887 1458,5887 1457,5888 1455,5888 1454,5889 1452,5889 1451,5890 1448,5890 1447,5891 1445,5891 1444,5892 1441,5892 1440,5893 1438,5893 1437,5894 1434,5894 1433,5895 1431,5895 1430,5896 1428,5896 1427,5897 1424,5897 1423,5898 1421,5898 1420,5899 1417,5899 1416,5900 1414,5900 1413,5901 1411,5901 1410,5902 1407,5902 1406,5903 1404,5903 1403,5904 1400,5904 1399,5905 1397,5905 1396,5906 1394,5906 1393,5905 1393,5902 1244,5902 1242,5904 1242,5905 1240,5907 1240,5917 1235,5922 1144,5922 1142,5924 1141,5924 1139,5926 1100,5926 1098,5924 1097,5924 1095,5922 1067,5922 1062,5917 1062,5859 918,5859 918,5869 913,5874 874,5874 870,5878 865,5878 865,5917 860,5922 817,5922 812,5917 812,5878 810,5876 809,5876 807,5874 658,5874 658,5917 653,5922 648,5917 648,5902 499,5902 497,5904 497,5905 495,5907 495,5917 490,5922 437,5922 437,5974 432,5979 432,6037 557,6037 562,6042 850,6042 855,6037 860,6042 922,6042 927,6047 1071,6047 1076,6042 1100,6042 1105,6047 1432,6047 1434,6049 1435,6049 1437,6051 1528,6051 1533,6056 1677,6056 1682,6051 1764,6051 1766,6053 1766,6054 1768,6056 1768,6095 1913,6095 1915,6093 1915,6092 1917,6090 1917,6080 1922,6075 1922,6071 1927,6066 1927,6061 1932,6056 1932,5979 1927,5974 1926,5974 1922,5970 1845,5970 1843,5968 1843,5967 1841,5965 1841,5936 1836,5931 1629,5931 1624,5926 1398,5926 1396,5924 1395,5924 1393,5922 1393,5909 1394,5908 1396,5908 1397,5907 1399,5907 1400,5906 1402,5906 1403,5905 1406,5905 1407,5904 1409,5904 1410,5903 1413,5903 1414,5902 1416,5902 1417,5901 1420,5901 1421,5900 1423,5900 1424,5899 1426,5899 1427,5898 1430,5898 1431,5897 1433,5897 1434,5896 1437,5896 1438,5895 1440,5895 1441,5894 1443,5894 1444,5893 1447,5893 1448,5892 1450,5892 1451,5891 1454,5891 1455,5890 1457,5890 1458,5889 1461,5889 1462,5888 1464,5888 1465,5887 1467,5887 1468,5886 1471,5886 1472,5885 1474,5885 1475,5884 1478,5884 1479,5883 1481,5883 1482,5882 1485,5882 1486,5881 1488,5881 1489,5880 1491,5880 1492,5879 1495,5879 1496,5878 1498,5878 1499,5877 1502,5877 1503,5876 1505,5876 1506,5875 1508,5875 1509,5874 1512,5874 1513,5873 1515,5873 1516,5872 1519,5872 1520,5871 1522,5871 1523,5870 1526,5870 1527,5869 1529,5869 1530,5868 1532,5868 1533,5867 1536,5867 1537,5866 1539,5866 1540,5865 1543,5865 1544,5864 1546,5864 1547,5863 1550,5863 1551,5862 1553,5862 1554,5861 1556,5861 1557,5860 1560,5860 1561,5859 1682,5859 1687,5854 1687,5849 1696,5840 1696,5835 1701,5830 1701,5825 1703,5823 1704,5823 1706,5821 1893,5821 1895,5823 1896,5823 1898,5825 2120,5825 2121,5826 2123,5826 2124,5827 2125,5827 2126,5828 2128,5828 2129,5829 2130,5829 2131,5830 2133,5830 2134,5831 2134,5874 2241,5874 2242,5875 2243,5875 2244,5876 2246,5876 2247,5877 2248,5877 2249,5878 2251,5878 2252,5879 2253,5879 2254,5880 2255,5880 2256,5881 2258,5881 2259,5882 2260,5882 2261,5883 2263,5883 2264,5884 2265,5884 2266,5885 2268,5885 2269,5886 2270,5886 2271,5887 2273,5887 2274,5888 2275,5888 2276,5889 2278,5889 2279,5890 2280,5890 2281,5891 2282,5891 2283,5892 2285,5892 2286,5893 2287,5893 2288,5894 2290,5894 2291,5895 2292,5895 2293,5896 2295,5896 2296,5897 2297,5897 2298,5898 2300,5898 2301,5899 2302,5899 2303,5900 2305,5900 2306,5901 2307,5901 2308,5902 2310,5902 2311,5903 2312,5903 2313,5904 2314,5904 2315,5905 2317,5905 2318,5906 2319,5906 2320,5907 2322,5907 2323,5908 2324,5908 2325,5909 2327,5909 2328,5910 2329,5910 2330,5911 2332,5911 2333,5912 2334,5912 2335,5913 2337,5913 2338,5914 2339,5914 2340,5915 2340,5936 2338,5938 2338,5939 2336,5941 2187,5941 2182,5946 2177,5941 2167,5941 2165,5939 2165,5938 2163,5936 2163,5922 2014,5922 2014,5931 2009,5936 1956,5936 1946,5946 1946,5950 1941,5955 1941,6037 1948,6044 1949,6044 1956,6051 1961,6051 1966,6056 2163,6056 2165,6054 2165,6053 2167,6051 2172,6051 2174,6049 2175,6049 2177,6047 2182,6047 2184,6049 2185,6049 2187,6051 2191,6051 2196,6056 2196,6104 2379,6104 2379,6066 2384,6061 2494,6061 2499,6066 2595,6066 2600,6071 2600,6104 2604,6108 2779,6108 2783,6104 2783,6071 2785,6069 2785,6068 2787,6066 2860,6066 2862,6068 2862,6069 2864,6071 2927,6071 2929,6073 2930,6073 2932,6075 3081,6075 3083,6073 3084,6073 3086,6071 3259,6071 3263,6067 3263,6066 3268,6061 3268,5989 3273,5984 3291,5984 3291,5931 3153,5931 3148,5936 3095,5936 3095,5941 3090,5946 3047,5946 3042,5941 3042,5902 2869,5902 2869,5941 2864,5946 2658,5946 2653,5941 2499,5941 2494,5936 2494,5893 2489,5888 2345,5888 2340,5893 2340,5911 2339,5912 2337,5912 2336,5911 2335,5911 2334,5910 2332,5910 2331,5909 2330,5909 2329,5908 2327,5908 2326,5907 2325,5907 2324,5906 2322,5906 2321,5905 2320,5905 2319,5904 2318,5904 2317,5903 2315,5903 2314,5902 2313,5902 2312,5901 2310,5901 2309,5900 2308,5900 2307,5899 2305,5899 2304,5898 2303,5898 2302,5897 2300,5897 2299,5896 2298,5896 2297,5895 2295,5895 2294,5894 2293,5894 2292,5893 2290,5893 2289,5892 2288,5892 2287,5891 2286,5891 2285,5890 2283,5890 2282,5889 2281,5889 2280,5888 2278,5888 2277,5887 2276,5887 2275,5886 2273,5886 2272,5885 2271,5885 2270,5884 2268,5884 2267,5883 2266,5883 2265,5882 2263,5882 2262,5881 2261,5881 2260,5880 2259,5880 2258,5879 2256,5879 2255,5878 2254,5878 2253,5877 2251,5877 2250,5876 2249,5876 2248,5875 2249,5874 2312,5874 2312,5830 2314,5828 2314,5827 2316,5825 2350,5825 2355,5830 2499,5830 2504,5825 2518,5825 2523,5830 2831,5830 2836,5835 2836,5840 2956,5840 2961,5845 2961,5883 3105,5883 3114,5874 3114,5864 3119,5859 3119,5854 3123,5850 3124,5850 3129,5845 3206,5845 3208,5843 3208,5842 3210,5840 3210,5825 3212,5823 3213,5823 3215,5821 3249,5821 3254,5816 3259,5816 3261,5814 3261,5813 3263,5811 3263,5753 3259,5749 3201,5749 3196,5744 3196,5734 3186,5724 3129,5724 3127,5722 3126,5722 3124,5720 3124,5681 2970,5681 2970,5715 2965,5720 2932,5720 2927,5715 2927,5676 2763,5676 2763,5715 2761,5717 2761,5718 2759,5720 2754,5715 2518,5715 2513,5710 2398,5710 2393,5705 2393,5667 2244,5667 2244,5681 2242,5683 2242,5684 2240,5686 2240,5700 2235,5705 2095,5705 2090,5710 2071,5710 2066,5705 2066,5686 1922,5686 1922,5700 1917,5705 1916,5704 1916,5703 1915,5702 1915,5700 1914,5699 1914,5698 1913,5697 1913,5696 1912,5695 1912,5693 1911,5692 1911,5691 1910,5690 1910,5689 1909,5688 1909,5686 1908,5685 1908,5684 1907,5683 1907,5682 1906,5681 1906,5680 1905,5679 1905,5677 1904,5676 1904,5675 1903,5674 1903,5673 1902,5672 1902,5670 1901,5669 1901,5668 1900,5667 1900,5666 1899,5665 1899,5663 1898,5662 1898,5661 1897,5660 1897,5659 1896,5658 1896,5657 1895,5656 1895,5654 1894,5653 1894,5652 1893,5651 1893,5650 1892,5649 1892,5647 1891,5646 1891,5645 1890,5644 1890,5643 1889,5642 1889,5640 1888,5639 1888,5638 1887,5637 1887,5636 1886,5635 1886,5634 1885,5633 1885,5631 1884,5630 1884,5629 1883,5628 1883,5627 1882,5626 1882,5624 1881,5623 1881,5622 1880,5621 1880,5620 1879,5619 1879,5617 1878,5616 1878,5615 1877,5614 1877,5613 1876,5612 1876,5611 1875,5610 1875,5608 1874,5607 1874,5606 1873,5605 1873,5604 1872,5603 1872,5601 1873,5600 1975,5600 1977,5602 1978,5602 1980,5604 2124,5604 2126,5602 2127,5602 2129,5600 2158,5600 2160,5602 2161,5602 2163,5604 2163,5643 2165,5645 2165,5646 2167,5648 2355,5648 2364,5639 2364,5638 2374,5628 2374,5609 2379,5604 2581,5604 2586,5609 2850,5609 2855,5614 3086,5614 3088,5616 3088,5617 3090,5619 3254,5619 3258,5615 3258,5614 3263,5609 3263,5604 3265,5602 3266,5602 3268,5600 3273,5600 3273,5532 3263,5532 3261,5530 3261,5529 3259,5527 3259,5499 3254,5494 3129,5494 3124,5489 3124,5455 2975,5455 2975,5475 2973,5477 2972,5477 2970,5479 2970,5489 2965,5494 2869,5494 2864,5489 2739,5489 2737,5487 2737,5486 2735,5484 2735,5475 2730,5470 2696,5470 2691,5465 2691,5446 2533,5446 2533,5479 2528,5484 2518,5484 2513,5479 2513,5446 2511,5444 2511,5443 2509,5441 2350,5441 2350,5465 2345,5470 2254,5470 2254,5479 2249,5484 2191,5484 2189,5482 2189,5481 2187,5479 2187,5441 2182,5436 2033,5436 2033,5475 2031,5477 2030,5477 2028,5479 2009,5479 2007,5477 2006,5477 2004,5475 2004,5441 1999,5436 1855,5436 1850,5441 1850,5475 1848,5477 1847,5477 1845,5479 1813,5479 1812,5478 1812,5477 1811,5476 1811,5475 1810,5474 1810,5473 1808,5471 1808,5470 1807,5469 1807,5468 1806,5467 1806,5466 1804,5464 1804,5463 1803,5462 1803,5461 1802,5460 1802,5459 1800,5457 1800,5456 1799,5455 1799,5454 1797,5452 1797,5451 1796,5450 1796,5449 1795,5448 1795,5447 1793,5445 1793,5444 1792,5443 1792,5442 1791,5441 1791,5440 1789,5438 1789,5437 1788,5436 1788,5435 1787,5434 1787,5433 1785,5431 1785,5430 1784,5429 1784,5428 1783,5427 1783,5426 1781,5424 1781,5423 1780,5422 1780,5421 1779,5420 1779,5419 1777,5417 1777,5416 1776,5415 1776,5414 1775,5413 1775,5412 1773,5410 1773,5409 1772,5408 1772,5407 1771,5406 1771,5405 1769,5403 1769,5402 1768,5401 1768,5400 1767,5399 1767,5398 1765,5396 1765,5395 1764,5394 1764,5393 1763,5392 1763,5391 1761,5389 1761,5388 1760,5387 1760,5386 1759,5385 1759,5384 1757,5382 1757,5381 1756,5380 1756,5379 1755,5378 1755,5377 1753,5375 1753,5374 1752,5373 1752,5372 1751,5371 1751,5370 1752,5369 2009,5369 2014,5374 2163,5374 2165,5372 2165,5371 2167,5369 2191,5369 2196,5374 2268,5374 2270,5376 2271,5376 2273,5378 2273,5412 2417,5412 2427,5402 2432,5402 2432,5398 2437,5393 2437,5383 2439,5381 2439,5380 2441,5378 2663,5378 2665,5380 2665,5381 2667,5383 3033,5383 3035,5385 3035,5386 3037,5388 3239,5388 3244,5383 3249,5383 3249,5378 3251,5376 3252,5376 3254,5374 3254,5282 3249,5277 3248,5277 3244,5273 3239,5273 3237,5271 3237,5270 3235,5268 3042,5268 3037,5263 2888,5263 2886,5261 2886,5260 2884,5258 2706,5258 2701,5253 2653,5253 2651,5251 2650,5251 2648,5249 2648,5215 2562,5215 2557,5210 2393,5210 2388,5215 2388,5216 2384,5220 2384,5225 2382,5227 2381,5227 2379,5229 2379,5239 2374,5244 2374,5249 2372,5251 2371,5251 2369,5253 2105,5253 2103,5251 2102,5251 2100,5249 2100,5239 2095,5234 1951,5234 1946,5239 1946,5244 1941,5249 1922,5249 1917,5244 1917,5210 1915,5208 1915,5207 1913,5205 1749,5205 1749,5225 1747,5227 1746,5227 1744,5229 1700,5229 1699,5228 1699,5226 1698,5225 1698,5217 1697,5216 1697,5208 1696,5207 1696,5199 1695,5198 1695,5190 1694,5189 1694,5181 1693,5180 1693,5173 1692,5172 1692,5164 1691,5163 1691,5155 1690,5154 1690,5146 1689,5145 1689,5139 1690,5138 1725,5138 1730,5133 1903,5133 1908,5138 2191,5138 2196,5143 2389,5143 2391,5145 2391,5146 2393,5148 2908,5148 2912,5144 2912,5143 2917,5138 2922,5143 2922,5152 3037,5152 3042,5157 3254,5157 3263,5148 3263,5090 3249,5090 3244,5085 3244,5042 3201,5042 3196,5037 3081,5037 3076,5032 3076,5023 3071,5018 2927,5018 2922,5023 2922,5032 2917,5037 2908,5037 2903,5032 2855,5032 2850,5027 2850,4994 2845,4989 2831,4989 2826,4984 2687,4984 2682,4989 2682,5023 2680,5025 2679,5025 2677,5027 2475,5027 2473,5025 2472,5025 2470,5023 2350,5023 2345,5018 2345,5008 2196,5008 2196,5013 2191,5018 2081,5018 2076,5013 2076,4979 1903,4979 1903,5013 1898,5018 1855,5018 1850,5013 1850,4979 1848,4977 1849,4976 1850,4976 1851,4975 1852,4975 1853,4974 1855,4974 1856,4973 1857,4973 1858,4972 1859,4972 1860,4971 1861,4971 1862,4970 1864,4970 1865,4969 1866,4969 1867,4968 1868,4968 1869,4967 1870,4967 1871,4966 1872,4966 1873,4965 1875,4965 1876,4964 1877,4964 1878,4963 1879,4963 1880,4962 1881,4962 1882,4961 1884,4961 1885,4960 1886,4960 1887,4959 1888,4959 1889,4958 1890,4958 1891,4957 1893,4957 1894,4956 1895,4956 1896,4955 1897,4955 1898,4954 1899,4954 1900,4953 1901,4953 1902,4952 1904,4952 1905,4951 1906,4951 1907,4950 1908,4950 1909,4949 1910,4949 1911,4948 1913,4948 1914,4947 1915,4947 1916,4946 1917,4946 1918,4945 1919,4945 1920,4944 1922,4944 1923,4943 1924,4943 1925,4942 1926,4942 1927,4941 1928,4941 1929,4940 1930,4940 1931,4939 1933,4939 1934,4938 1935,4938 1936,4937 1937,4937 1938,4936 1939,4936 1940,4935 1942,4935 1943,4934 1944,4934 1945,4933 1946,4933 1947,4932 1948,4932 1949,4931 1950,4931 1951,4930 1953,4930 1954,4929 1955,4929 1956,4928 1957,4928 1958,4927 1959,4927 1960,4926 1962,4926 1963,4925 1964,4925 1965,4924 1966,4924 1967,4923 1968,4923 1969,4922 1971,4922 1972,4921 1973,4921 1974,4920 1975,4920 1976,4919 1977,4919 1978,4918 1979,4918 1980,4917 1982,4917 1983,4916 1984,4916 1985,4917 2403,4917 2408,4922 2518,4922 2523,4927 2807,4927 2809,4929 2810,4929 2812,4931 3254,4931 3254,4874 3249,4874 3244,4869 3244,4826 3239,4821 3061,4821 3059,4819 3059,4818 3057,4816 3057,4811 2739,4811 2737,4809 2737,4808 2735,4806 2677,4806 2675,4804 2674,4804 2672,4802 2672,4792 2667,4787 2523,4787 2518,4792 2518,4797 2513,4802 2288,4802 2283,4797 2283,4782 2134,4782 2134,4792 2125,4801 2124,4801 2122,4799 2122,4798 2118,4794 2118,4793 2114,4789 2114,4788 2110,4784 2110,4783 2106,4779 2106,4778 2102,4774 2102,4773 2098,4769 2098,4768 2094,4764 2094,4763 2090,4759 2090,4758 2086,4754 2086,4753 2082,4749 2082,4748 2078,4744 2078,4743 2073,4738 2073,4737 2069,4733 2069,4732 2065,4728 2065,4727 2061,4723 2061,4722 2057,4718 2057,4717 2053,4713 2053,4712 2049,4708 2049,4707 2045,4703 2045,4702 2041,4698 2041,4697 2042,4696 2124,4696 2129,4691 2158,4691 2163,4696 2172,4696 2177,4701 2316,4701 2321,4696 2355,4696 2360,4701 2557,4701 2559,4703 2560,4703 2562,4705 2562,4749 2735,4749 2735,4710 2737,4708 2737,4707 2739,4705 2840,4705 2845,4710 2994,4710 2999,4715 3081,4715 3086,4720 3086,4749 3225,4749 3232,4742 3232,4741 3239,4734 3239,4729 3243,4725 3244,4725 3249,4720 3249,4710 3253,4706 3254,4706 3259,4701 3259,4648 3249,4648 3239,4638 3167,4638 3162,4633 3162,4600 3148,4600 3143,4595 3143,4580 3141,4578 3140,4578 3138,4576 2994,4576 2992,4578 2991,4578 2989,4580 2989,4585 2987,4587 2987,4588 2985,4590 2888,4590 2886,4588 2886,4587 2884,4585 2884,4547 2735,4547 2735,4561 2730,4566 2730,4571 2725,4576 2725,4580 2720,4585 2571,4585 2566,4580 2566,4571 2564,4569 2564,4568 2562,4566 2562,4561 2557,4556 2557,4547 2552,4547 2547,4542 2403,4542 2398,4547 2398,4561 2393,4566 2393,4571 2391,4573 2391,4574 2389,4576 2389,4595 2384,4600 2384,4604 2379,4609 2379,4619 2374,4624 2345,4624 2340,4619 2340,4600 2338,4598 2338,4597 2336,4595 2336,4590 2331,4585 2326,4585 2321,4580 2278,4580 2276,4578 2275,4578 2273,4576 2211,4576 2206,4571 2206,4532 1976,4532 1975,4531 1975,4525 1974,4524 1974,4513 1973,4512 1973,4502 1972,4501 1972,4490 1971,4489 1971,4478 1970,4477 1970,4467 1971,4466 1975,4470 2302,4470 2307,4475 2480,4475 2485,4480 2566,4480 2568,4482 2569,4482 2571,4484 2571,4523 2715,4523 2715,4518 2725,4508 2725,4504 2730,4499 2730,4484 2732,4482 2733,4482 2735,4480 2807,4480 2809,4482 2810,4482 2812,4484 3071,4484 3076,4489 3235,4489 3237,4487 3237,4486 3239,4484 3244,4484 3246,4482 3247,4482 3249,4480 3249,4460 3254,4455 3254,4388 3249,4388 3244,4383 3243,4383 3239,4379 3235,4379 3230,4374 3167,4374 3162,4369 3013,4369 3011,4371 3011,4372 3009,4374 2985,4374 2980,4369 2975,4369 2970,4364 2917,4364 2912,4359 2912,4330 2908,4326 2908,4321 2864,4321 2862,4319 2862,4318 2860,4316 2711,4316 2711,4359 2706,4364 2648,4364 2643,4359 2586,4359 2584,4357 2583,4357 2581,4355 2581,4350 2576,4345 2576,4340 2533,4340 2528,4335 2528,4311 2441,4311 2439,4309 2439,4308 2437,4306 2288,4306 2283,4311 2268,4311 2266,4313 2266,4314 2264,4316 2264,4321 2259,4326 2259,4330 2254,4335 2254,4350 2249,4355 2211,4355 2206,4350 2206,4306 1961,4306 1956,4311 1956,4345 1951,4350 1911,4350 1910,4349 1909,4349 1906,4346 1905,4346 1903,4344 1902,4344 1899,4341 1898,4341 1896,4339 1895,4339 1892,4336 1891,4336 1889,4334 1888,4334 1885,4331 1884,4331 1882,4329 1881,4329 1878,4326 1877,4326 1875,4324 1874,4324 1871,4321 1870,4321 1868,4319 1867,4319 1864,4316 1863,4316 1861,4314 1860,4314 1857,4311 1856,4311 1854,4309 1853,4309 1850,4306 1850,4302 1845,4297 1837,4297 1836,4296 1835,4296 1833,4294 1832,4294 1829,4291 1828,4291 1826,4289 1825,4289 1822,4286 1821,4286 1819,4284 1818,4284 1815,4281 1814,4281 1812,4279 1811,4279 1808,4276 1807,4276 1805,4274 1804,4274 1801,4271 1800,4271 1798,4269 1797,4269 1794,4266 1793,4266 1791,4264 1790,4264 1787,4261 1786,4261 1784,4259 1783,4259 1780,4256 1779,4256 1777,4254 1776,4254 1773,4251 1772,4251 1770,4249 1769,4249 1766,4246 1765,4246 1763,4244 1762,4244 1759,4241 1758,4241 1756,4239 1755,4239 1752,4236 1751,4236 1750,4235 1751,4234 1985,4234 1990,4239 2264,4239 2266,4241 2266,4242 2268,4244 2336,4244 2338,4246 2338,4247 2340,4249 2456,4249 2461,4254 2461,4297 2638,4297 2638,4258 2640,4256 2641,4256 2643,4254 2845,4254 2847,4256 2848,4256 2850,4258 3249,4258 3249,4148 3167,4148 3162,4143 2999,4143 2994,4138 2648,4138 2643,4133 2437,4133 2435,4131 2434,4131 2432,4129 2264,4129 2259,4124 2206,4124 2196,4114 2095,4114 2090,4109 2090,4081 2088,4079 2088,4078 2086,4076 1932,4076 1927,4081 1927,4109 1922,4114 1682,4114 1681,4113 1684,4110 1684,4109 1690,4103 1690,4102 1697,4095 1697,4094 1704,4087 1704,4086 1711,4079 1711,4078 1718,4071 1718,4070 1724,4064 1724,4063 1731,4056 1731,4055 1738,4048 1738,4047 1745,4040 1745,4039 1752,4032 1752,4031 1759,4024 1759,4023 1765,4017 1765,4016 1772,4009 1772,4008 1779,4001 1779,4000 1780,3999 1869,3999 1874,4004 2220,4004 2222,4006 2223,4006 2225,4008 2446,4008 2451,4013 2619,4013 2624,4018 2812,4018 2814,4020 2814,4021 2816,4023 2816,4066 2965,4066 2969,4062 2970,4062 2975,4057 2975,4052 2980,4047 2980,4037 2985,4032 2985,4028 2987,4026 2987,4025 2989,4023 3071,4023 3076,4028 3230,4028 3235,4023 3239,4023 3239,4018 3244,4013 3244,3932 3239,3927 3239,3917 3237,3915 3237,3914 3235,3912 3186,3912 3184,3910 3184,3909 3182,3907 3182,3864 2975,3864 2975,3903 2973,3905 2972,3905 2970,3907 2821,3907 2819,3905 2818,3905 2816,3903 2677,3903 2672,3898 2528,3898 2523,3903 2461,3903 2451,3893 2273,3893 2268,3888 2268,3840 2115,3840 2110,3845 2100,3845 2095,3840 1951,3840 1946,3845 1946,3883 1941,3888 1864,3888 1863,3887 1863,3886 1864,3885 1864,3884 1865,3883 1865,3882 1866,3881 1866,3880 1867,3879 1867,3878 1868,3877 1868,3876 1869,3875 1869,3874 1870,3873 1870,3872 1871,3871 1871,3869 1872,3868 1872,3867 1873,3866 1873,3865 1874,3864 1874,3863 1875,3862 1875,3861 1876,3860 1876,3859 1877,3858 1877,3857 1878,3856 1878,3855 1879,3854 1879,3853 1880,3852 1880,3851 1881,3850 1881,3848 1882,3847 1882,3846 1883,3845 1883,3844 1884,3843 1884,3842 1885,3841 1885,3840 1886,3839 1886,3838 1887,3837 1887,3836 1888,3835 1888,3834 1889,3833 1889,3832 1890,3831 1890,3829 1891,3828 1891,3827 1892,3826 1892,3825 1893,3824 1893,3823 1894,3822 1894,3821 1895,3820 1895,3819 1896,3818 1896,3817 1897,3816 1897,3815 1898,3814 1898,3813 1899,3812 1899,3810 1900,3809 1900,3808 1901,3807 1901,3806 1902,3805 1902,3804 1903,3803 1903,3802 1904,3801 1904,3800 1905,3799 1905,3798 1906,3797 1906,3796 1907,3795 1907,3794 1908,3793 1908,3791 1909,3790 1909,3789 1910,3788 1910,3787 1911,3786 1911,3785 1912,3784 1912,3783 1913,3782 1913,3781 1914,3780 1914,3779 1915,3778 1915,3777 1916,3776 1916,3775 1918,3773 1994,3773 1999,3778 2220,3778 2225,3783 2610,3783 2614,3787 2711,3787 2713,3789 2713,3790 2715,3792 2715,3840 2855,3840 2869,3826 2869,3821 2874,3816 2874,3802 2879,3797 2879,3792 2884,3787 2912,3787 2917,3792 2917,3802 3071,3802 3076,3807 3220,3807 3225,3802 3230,3802 3235,3797 3235,3773 3239,3769 3239,3768 3244,3763 3244,3706 3237,3699 3237,3698 3230,3691 3167,3691 3162,3686 2946,3686 2944,3684 2943,3684 2941,3682 2884,3682 2879,3677 2879,3638 2874,3633 2725,3633 2725,3672 2720,3677 2653,3677 2648,3672 2566,3672 2564,3670 2564,3669 2562,3667 2562,3629 2393,3629 2393,3667 2391,3669 2391,3670 2389,3672 2379,3672 2374,3667 2278,3667 2273,3662 2273,3619 2110,3619 2110,3658 2108,3660 2107,3660 2105,3662 1924,3662 1923,3661 1923,3660 1922,3659 1922,3657 1921,3656 1921,3655 1920,3654 1920,3653 1919,3652 1919,3651 1918,3650 1918,3648 1917,3647 1917,3646 1916,3645 1916,3644 1915,3643 1915,3642 1914,3641 1914,3639 1913,3638 1913,3637 1912,3636 1912,3635 1911,3634 1911,3633 1910,3632 1910,3630 1909,3629 1909,3628 1908,3627 1908,3626 1907,3625 1907,3624 1906,3623 1906,3621 1905,3620 1905,3619 1904,3618 1904,3617 1903,3616 1903,3615 1902,3614 1902,3612 1901,3611 1901,3610 1900,3609 1900,3608 1899,3607 1899,3606 1898,3605 1898,3603 1897,3602 1897,3601 1896,3600 1896,3599 1895,3598 1895,3597 1894,3596 1894,3594 1893,3593 1893,3592 1892,3591 1892,3590 1891,3589 1891,3588 1890,3587 1890,3585 1889,3584 1889,3583 1888,3582 1888,3581 1887,3580 1887,3579 1886,3578 1886,3576 1885,3575 1885,3574 1884,3573 1884,3572 1883,3571 1883,3570 1882,3569 1882,3567 1881,3566 1881,3565 1880,3564 1880,3563 1879,3562 1879,3560 1878,3559 1878,3558 1877,3557 1877,3556 1876,3555 1876,3554 1875,3553 1875,3551 1874,3550 1874,3549 1873,3548 1874,3547 2235,3547 2240,3552 2240,3557 2422,3557 2424,3559 2425,3559 2427,3561 2566,3561 2568,3559 2569,3559 2571,3557 2600,3557 2602,3559 2603,3559 2605,3561 2605,3609 2778,3609 2778,3571 2783,3566 2836,3566 2838,3568 2838,3569 2840,3571 3220,3571 3225,3566 3235,3566 3237,3564 3237,3563 3239,3561 3244,3561 3244,3528 3249,3523 3259,3523 3259,3470 3244,3470 3239,3465 3235,3465 3230,3460 3177,3460 3175,3458 3174,3458 3172,3456 3172,3417 3167,3412 3033,3412 3031,3410 3030,3410 3028,3408 2888,3408 2884,3412 2884,3446 2879,3451 2768,3451 2763,3446 2624,3446 2619,3441 2244,3441 2242,3439 2242,3438 2240,3436 2230,3436 2228,3434 2227,3434 2225,3432 2225,3422 2220,3422 2215,3417 2076,3417 2071,3422 2071,3432 2069,3434 2068,3434 2066,3436 2014,3436 2009,3431 2008,3431 2004,3427 2004,3417 1994,3417 1992,3415 1992,3414 1990,3412 1990,3403 1905,3403 1904,3402 1904,3401 1907,3398 1907,3397 1910,3394 1910,3393 1913,3390 1913,3389 1916,3386 1916,3385 1918,3383 1918,3382 1921,3379 1921,3378 1924,3375 1924,3374 1927,3371 1927,3370 1930,3367 1930,3366 1933,3363 1933,3362 1935,3360 1935,3359 1938,3356 1938,3355 1941,3352 1941,3351 1944,3348 1944,3347 1947,3344 1947,3343 1950,3340 1950,3339 1952,3337 1952,3336 1955,3333 1955,3332 1958,3329 1958,3328 1960,3326 2177,3326 2182,3331 2187,3331 2191,3335 2340,3335 2342,3333 2343,3333 2345,3331 2393,3331 2395,3333 2396,3333 2398,3335 2595,3335 2600,3340 2701,3340 2706,3345 2850,3345 2855,3340 2860,3345 2860,3384 2999,3384 3006,3377 3006,3376 3013,3369 3013,3364 3015,3362 3016,3362 3018,3360 3018,3355 3023,3350 3244,3350 3254,3340 3254,3287 3252,3285 3251,3285 3249,3283 3249,3239 3239,3239 3235,3235 3235,3230 3143,3230 3138,3225 3138,3215 3136,3213 3136,3212 3134,3210 2994,3210 2989,3215 2985,3215 2985,3225 2975,3235 2975,3259 2973,3261 2972,3261 2970,3263 2941,3263 2937,3259 2937,3239 2932,3239 2925,3232 2924,3232 2917,3225 2860,3225 2855,3220 2855,3206 2648,3206 2648,3215 2643,3220 2595,3220 2590,3215 2389,3215 2384,3210 2384,3172 2379,3167 2240,3167 2235,3172 2187,3172 2187,3206 2185,3208 2184,3208 2182,3210 2062,3210 2060,3208 2059,3208 2057,3206 2057,3186 2055,3184 2054,3184 2052,3182 2052,3172 2047,3167 1970,3167 1968,3165 1968,3164 1966,3162 1954,3162 1953,3161 1953,3160 1951,3158 1951,3157 1949,3155 1949,3154 1947,3152 1947,3151 1945,3149 1945,3148 1943,3146 1943,3145 1941,3143 1941,3142 1939,3140 1939,3139 1937,3137 1937,3136 1935,3134 1935,3133 1933,3131 1933,3130 1931,3128 1931,3127 1929,3125 1929,3124 1926,3121 1926,3120 1924,3118 1924,3117 1922,3115 1922,3114 1920,3112 1920,3111 1918,3109 1918,3108 1916,3106 1916,3105 1914,3103 1914,3102 1913,3101 1914,3100 2119,3100 2119,3057 2124,3052 2124,2989 2119,2989 2115,2985 1961,2985 1956,2980 1941,2980 1939,2978 1939,2977 1937,2975 1937,2965 1822,2965 1820,2963 1820,2962 1818,2960 1818,2959 1816,2957 1816,2956 1814,2954 1814,2953 1812,2951 1812,2950 1810,2948 1810,2947 1808,2945 1808,2944 1806,2942 1806,2941 1804,2939 1804,2938 1802,2936 1802,2935 1800,2933 1800,2932 1797,2929 1797,2928 1795,2926 1795,2925 1793,2923 1793,2922 1791,2920 1791,2919 1789,2917 1789,2916 1787,2914 1787,2913 1785,2911 1785,2910 1783,2908 1783,2907 1781,2905 1781,2904 1779,2902 1779,2901 1777,2899 1777,2898 1775,2896 1775,2895 1773,2893 1773,2892 1771,2890 1771,2889 1769,2887 1769,2886 1767,2884 1767,2883 1765,2881 1765,2880 1763,2878 1763,2877 1761,2875 1762,2874 1917,2874 1922,2879 2062,2879 2064,2877 2064,2876 2066,2874 2177,2874 2182,2879 2374,2879 2379,2884 2643,2884 2645,2886 2646,2886 2648,2888 2802,2888 2807,2893 2941,2893 2946,2898 3239,2898 3244,2893 3244,2816 3242,2814 3241,2814 3239,2812 3239,2807 3235,2807 3230,2802 3230,2783 3225,2778 3153,2778 3148,2773 2917,2773 2912,2768 2912,2730 2898,2730 2893,2725 2749,2725 2749,2763 2744,2768 2687,2768 2682,2763 2682,2754 2677,2754 2672,2749 2528,2749 2523,2754 2523,2759 2521,2761 2520,2761 2518,2763 2345,2763 2343,2761 2342,2761 2340,2759 2340,2715 1922,2715 1922,2749 1917,2754 1768,2754 1767,2753 1774,2746 1775,2746 1782,2739 1783,2739 1790,2732 1791,2732 1799,2724 1800,2724 1807,2717 1808,2717 1815,2710 1816,2710 1823,2703 1824,2703 1831,2696 1832,2696 1840,2688 1841,2688 1848,2681 1849,2681 1856,2674 1857,2674 1864,2667 1865,2667 1872,2660 1873,2660 1881,2652 1882,2652 1886,2648 2235,2648 2240,2653 2528,2653 2533,2658 2725,2658 2730,2663 2980,2663 2982,2665 2983,2665 2985,2667 3225,2667 3229,2663 3230,2663 3235,2658 3235,2638 3244,2629 3244,2576 3225,2557 3172,2557 3167,2552 3167,2509 3148,2509 3143,2504 3004,2504 2999,2509 2999,2542 2994,2547 2965,2547 2963,2545 2963,2544 2961,2542 2961,2504 2951,2494 2951,2465 2946,2460 2945,2460 2941,2456 2792,2456 2787,2461 2787,2518 2792,2523 2802,2523 2807,2528 2807,2538 2805,2540 2804,2540 2802,2542 2658,2542 2656,2540 2655,2540 2653,2538 2653,2513 2643,2513 2641,2511 2640,2511 2638,2509 2638,2494 2475,2494 2475,2533 2470,2538 2403,2538 2398,2533 2398,2494 2235,2494 2235,2528 2230,2533 2220,2533 2215,2528 2215,2489 2018,2489 2018,2523 2016,2525 2016,2526 2014,2528 1996,2528 1992,2524 1992,2523 1989,2520 1989,2519 1985,2515 1985,2514 1982,2511 1982,2510 1980,2508 1980,2489 1978,2487 1977,2487 1975,2485 1962,2485 1960,2483 1960,2482 1957,2479 1957,2478 1953,2474 1953,2473 1949,2469 1949,2468 1946,2465 1946,2464 1942,2460 1942,2459 1939,2456 1939,2455 1935,2451 1935,2450 1931,2446 1931,2445 1928,2442 1928,2441 1924,2437 1924,2436 1921,2433 1921,2432 1917,2428 1917,2427 1913,2423 1914,2422 2187,2422 2189,2424 2189,2425 2191,2427 2643,2427 2648,2432 2735,2432 2737,2434 2737,2435 2739,2437 2749,2437 2751,2439 2752,2439 2754,2441 2893,2441 2895,2439 2896,2439 2898,2437 2951,2437 2953,2439 2954,2439 2956,2441 3100,2441 3102,2439 3103,2439 3105,2437 3177,2437 3177,2422 3182,2417 3235,2417 3239,2413 3239,2355 3237,2353 3237,2352 3235,2350 3172,2350 3167,2345 3167,2336 3162,2331 3153,2331 3148,2326 2951,2326 2946,2321 2946,2278 2941,2273 2783,2273 2778,2278 2749,2278 2749,2316 2744,2321 2706,2321 2701,2316 2634,2316 2632,2314 2631,2314 2629,2312 2629,2264 2422,2264 2420,2266 2419,2266 2417,2268 2413,2268 2413,2307 2408,2312 2273,2312 2268,2307 2268,2297 2259,2288 2230,2288 2225,2283 2225,2264 2206,2264 2201,2259 2201,2244 2057,2244 2047,2254 2042,2254 2040,2256 2040,2257 2038,2259 1961,2259 1956,2264 1946,2264 1946,2307 1941,2312 1922,2312 1917,2307 1868,2307 1867,2306 1868,2305 1868,2304 1870,2302 1870,2301 1871,2300 1871,2299 1872,2298 1872,2297 1874,2295 1874,2294 1875,2293 1875,2292 1876,2291 1876,2290 1878,2288 1878,2287 1879,2286 1879,2285 1880,2284 1880,2283 1882,2281 1882,2280 1883,2279 1883,2278 1884,2277 1884,2276 1886,2274 1886,2273 1887,2272 1887,2271 1888,2270 1888,2269 1890,2267 1890,2266 1891,2265 1891,2264 1892,2263 1892,2262 1894,2260 1894,2259 1895,2258 1895,2257 1896,2256 1896,2255 1898,2253 1898,2252 1899,2251 1899,2250 1901,2248 1901,2247 1902,2246 1902,2245 1903,2244 1903,2243 1905,2241 1905,2240 1906,2239 1906,2238 1907,2237 1907,2236 1909,2234 1909,2233 1910,2232 1910,2231 1911,2230 1911,2229 1913,2227 1913,2226 1914,2225 1914,2224 1915,2223 1915,2222 1917,2220 1917,2219 1918,2218 1918,2217 1919,2216 1919,2215 1921,2213 1921,2212 1922,2211 1922,2210 1923,2209 1923,2208 1925,2206 1925,2205 1926,2204 1926,2203 1927,2202 1927,2201 1929,2199 1929,2198 1930,2197 1930,2196 1931,2195 1931,2194 1934,2191 1937,2191 1939,2193 1939,2194 1941,2196 2201,2196 2206,2201 2475,2201 2480,2206 2759,2206 2761,2208 2761,2209 2763,2211 2980,2211 2982,2213 2983,2213 2985,2215 3239,2215 3239,2153 3237,2151 3237,2150 3235,2148 3235,2124 3230,2119 3230,2110 3225,2105 3210,2105 3208,2103 3208,2102 3206,2100 2951,2100 2946,2095 2946,2057 2941,2052 2941,2051 2937,2047 2773,2047 2773,2090 2768,2095 2715,2095 2713,2093 2713,2092 2711,2090 2576,2090 2574,2088 2573,2088 2571,2086 2571,2042 2547,2042 2545,2040 2544,2040 2542,2038 2403,2038 2401,2040 2400,2040 2398,2042 2398,2071 2393,2076 2360,2076 2355,2071 2355,2038 2350,2033 2196,2033 2191,2038 2187,2038 2187,2086 2185,2088 2184,2088 2182,2090 2180,2088 2179,2088 2177,2086 2172,2086 2167,2081 2167,2076 2119,2076 2117,2074 2117,2073 2115,2071 2115,2037 2117,2035 2118,2035 2119,2034 2120,2034 2121,2033 2122,2033 2124,2031 2125,2031 2126,2030 2127,2030 2129,2028 2130,2028 2131,2027 2132,2027 2134,2025 2135,2025 2136,2024 2137,2024 2138,2023 2139,2023 2141,2021 2142,2021 2143,2020 2144,2020 2146,2018 2147,2018 2148,2017 2149,2017 2150,2016 2151,2016 2153,2014 2154,2014 2155,2013 2156,2013 2158,2011 2159,2011 2160,2010 2161,2010 2163,2008 2164,2008 2165,2007 2166,2007 2167,2006 2168,2006 2170,2004 2171,2004 2172,2003 2173,2003 2175,2001 2176,2001 2177,2000 2178,2000 2180,1998 2181,1998 2182,1997 2183,1997 2184,1996 2185,1996 2187,1994 2188,1994 2189,1993 2190,1993 2192,1991 2193,1991 2194,1990 2195,1990 2197,1988 2198,1988 2199,1987 2200,1987 2201,1986 2202,1986 2204,1984 2205,1984 2206,1983 2207,1983 2209,1981 2210,1981 2211,1980 2212,1980 2213,1979 2214,1979 2216,1977 2217,1977 2218,1976 2219,1976 2221,1974 2222,1974 2223,1973 2224,1973 2226,1971 2227,1971 2228,1970 2283,1970 2288,1975 2288,2018 2456,2018 2456,1980 2461,1975 2489,1975 2494,1980 2494,2028 2648,2028 2658,2018 2658,2004 2663,1999 2663,1990 2667,1986 2667,1985 2672,1980 2730,1980 2735,1975 2759,1975 2761,1977 2761,1978 2763,1980 2763,1985 3013,1985 3018,1990 3225,1990 3235,1980 3239,1980 3239,1961 3244,1956 3244,1946 3249,1941 3259,1941 3259,1884 3239,1884 3237,1882 3237,1881 3235,1879 3177,1879 3172,1874 3172,1836 3162,1826 2917,1826 2917,1865 2915,1867 2914,1867 2912,1869 2768,1869 2763,1874 2754,1865 2542,1865 2540,1863 2540,1862 2538,1860 2538,1821 2533,1816 2533,1812 2374,1812 2374,1855 2369,1860 2287,1860 2278,1851 2277,1851 2265,1839 2264,1839 2251,1826 2250,1826 2237,1813 2236,1813 2223,1800 2222,1800 2210,1788 2209,1788 2196,1775 2195,1775 2182,1762 2181,1762 2168,1749 2167,1749 2155,1737 2154,1737 2150,1733 2153,1730 2153,1672 2148,1667 2148,1658 2153,1653 2153,1586 2148,1581 2148,1576 1999,1576 1999,1581 1993,1587 1990,1584 1989,1584 1976,1571 1975,1571 1963,1559 1962,1559 1949,1546 1948,1546 1935,1533 1934,1533 1921,1520 1920,1520 1915,1515 1916,1514 1994,1514 1996,1516 1997,1516 1999,1518 1999,1557 2004,1562 2143,1562 2153,1552 2153,1547 2155,1545 2156,1545 2158,1543 2158,1538 2163,1533 2163,1523 2172,1514 2374,1514 2376,1516 2377,1516 2379,1518 2643,1518 2648,1523 2711,1523 2713,1525 2713,1526 2715,1528 2715,1533 2855,1533 2860,1538 3230,1538 3235,1533 3235,1523 3237,1521 3237,1520 3239,1518 3239,1422 3230,1422 3228,1420 3227,1420 3225,1418 3225,1408 3220,1403 3076,1403 3071,1408 3071,1413 3066,1418 2951,1418 2946,1413 2946,1369 2792,1369 2792,1374 2787,1379 2787,1403 2785,1405 2785,1406 2783,1408 2672,1408 2667,1403 2547,1403 2542,1398 2542,1365 2540,1363 2540,1362 2538,1360 2379,1360 2374,1365 2369,1365 2364,1360 2225,1360 2220,1365 2220,1393 2215,1398 2148,1398 2143,1403 2139,1403 2129,1413 2129,1418 2127,1420 2126,1420 2124,1422 2124,1437 2119,1442 2090,1442 2088,1440 2088,1439 2086,1437 2086,1398 2066,1398 2064,1396 2064,1395 2062,1393 1922,1393 1917,1398 1893,1398 1891,1396 1891,1395 1889,1393 1889,1384 1884,1379 1844,1379 1843,1378 1843,1376 1844,1375 1844,1372 1845,1371 1845,1369 1846,1368 1846,1365 1847,1364 1847,1361 1848,1360 1848,1357 1849,1356 1849,1353 1850,1352 1850,1350 1851,1349 1851,1346 1852,1345 1852,1342 1853,1341 1853,1338 1854,1337 1854,1334 1855,1333 1855,1331 1856,1330 1856,1327 1857,1326 1857,1323 1858,1322 1858,1319 1859,1318 1859,1315 1860,1314 1860,1311 1861,1310 1861,1308 1862,1307 1862,1304 1863,1303 1863,1300 1864,1299 1864,1296 1865,1295 1865,1292 1866,1291 1866,1289 1867,1288 2206,1288 2211,1293 2605,1293 2607,1295 2608,1295 2610,1297 2749,1297 2754,1302 3004,1302 3009,1307 3167,1307 3172,1302 3177,1302 3182,1297 3182,1293 3184,1291 3184,1290 3186,1288 3215,1288 3220,1283 3235,1283 3235,1216 3186,1216 3184,1214 3184,1213 3182,1211 3182,1201 3177,1196 3177,1192 3172,1192 3167,1187 2961,1187 2956,1182 2912,1182 2910,1180 2910,1179 2908,1177 2908,1139 2836,1139 2831,1134 2831,1129 2667,1129 2665,1131 2665,1132 2663,1134 2643,1134 2638,1139 2634,1139 2629,1144 2629,1148 2624,1153 2624,1163 2619,1168 2618,1168 2614,1172 2566,1172 2562,1168 2562,1134 2542,1134 2540,1132 2540,1131 2538,1129 2398,1129 2393,1134 2389,1134 2389,1148 2384,1153 2264,1153 2264,1168 2262,1170 2261,1170 2259,1172 2081,1172 2079,1170 2078,1170 2076,1168 2076,1144 2071,1144 2066,1139 2066,1134 1922,1134 1922,1163 1917,1168 1865,1168 1863,1170 1862,1170 1860,1172 1802,1172 1800,1170 1799,1170 1797,1168 1735,1168 1730,1163 1730,1124 1567,1124 1567,1182 1576,1182 1581,1187 1581,1196 1576,1201 1514,1201 1509,1196 1509,1168 1504,1163 1384,1163 1379,1158 1379,1124 1377,1122 1376,1122 1374,1120 1254,1120 1249,1115 865,1115 865,1124 860,1129 860,1148 855,1153 773,1153 771,1151 771,1150 769,1148 769,1139 764,1134 711,1134 706,1129 706,1115 701,1110 701,1105 615,1105 610,1100"/><TextEquiv><Unicode/></TextEquiv><TextLine id="r2_l001"><Coords points="481,1116 3171,1157 3168,1322 479,1281"/><TextEquiv index="1"><Unicode>d'tre claires, la mre et la fille re-</Unicode></TextEquiv></TextLine><TextLine id="r2_l002"><Coords points="477,1351 3176,1393 3174,1559 474,1517"/><TextEquiv index="1"><Unicode>partent pour Chartres, o les suivent</Unicode></TextEquiv></TextLine><TextLine id="r2_l003"><Coords points="472,1577 2089,1602 2087,1767 470,1742"/><TextEquiv index="1"><Unicode>la douleur et le regret!</Unicode></TextEquiv></TextLine><TextLine id="r2_l004"><Coords points="666,1810 3195,1849 3193,2012 663,1973"/><TextEquiv index="1"><Unicode>Madame Dricourt employa mille</Unicode></TextEquiv></TextLine><TextLine id="r2_l005"><Coords points="476,2030 3176,2072 3173,2246 474,2204"/><TextEquiv index="1"><Unicode>moyens pour calmer la douleur de sa</Unicode></TextEquiv></TextLine><TextLine id="r2_l006"><Coords points="477,2243 3176,2285 3173,2486 474,2444"/><TextEquiv index="1"><Unicode>fille; elle ne put que l'tourdir: Jean-</Unicode></TextEquiv></TextLine><TextLine id="r2_l007"><Coords points="476,2485 3181,2527 3179,2647 475,2605"/><TextEquiv index="1"><Unicode>nette resta inconsolable. Le lendemain de</Unicode></TextEquiv></TextLine><TextLine id="r2_l008"><Coords points="481,2712 3182,2753 3179,2908 479,2867"/><TextEquiv index="1"><Unicode>leur retour, madame Dricourt adressa</Unicode></TextEquiv></TextLine><TextLine id="r2_l009"><Coords points="486,2944 2058,2968 2056,3086 485,3062"/><TextEquiv index="1"><Unicode>ces mots  Jeannette:</Unicode></TextEquiv></TextLine><TextLine id="r2_l010"><Coords points="637,3164 3191,3203 3188,3363 635,3324"/><TextEquiv index="1"><Unicode>Ma fille, ma chre Jeannette, tu</Unicode></TextEquiv></TextLine><TextLine id="r2_l011"><Coords points="482,3387 3195,3428 3193,3599 479,3558"/><TextEquiv index="1"><Unicode>as vu que j'ai fait tout mon possible</Unicode></TextEquiv></TextLine><TextLine id="r2_l012"><Coords points="2783,3815 2783,3815 2784,3767 2783,3766 2683,3765 2683,3764 2683,3762 2682,3762 2629,3761 2533,3760 2532,3760 2468,3760 2467,3760 2348,3759 2347,3760 2337,3760 2336,3760 2293,3760 2293,3759 2293,3757 2292,3757 2140,3755 2139,3755 2075,3755 2074,3755 2067,3755 2067,3755 2067,3752 2066,3751 1897,3749 1896,3750 1879,3750 1878,3751 1812,3749 1811,3750 1667,3748 1667,3749 1667,3750 1666,3750 1642,3750 1642,3749 1642,3747 1641,3747 1486,3745 1485,3746 1420,3745 1419,3745 1401,3745 1401,3745 1401,3743 1400,3742 1261,3740 1261,3741 1261,3745 1260,3745 1216,3744 1215,3745 1206,3745 1206,3745 1206,3743 1205,3742 1011,3739 1010,3740 925,3739 924,3740 905,3740 905,3739 905,3725 905,3725 901,3725 900,3724 901,3692 900,3692 771,3690 771,3690 770,3734 769,3735 766,3735 765,3736 690,3734 689,3735 605,3734 604,3735 515,3734 515,3734 515,3746 514,3747 500,3746 500,3746 500,3736 499,3735 495,3735 495,3735 496,3686 495,3685 485,3685 485,3685 485,3671 485,3670 499,3670 500,3671 500,3673 500,3673 644,3676 645,3675 654,3675 655,3674 655,3670 655,3670 700,3671 701,3670 774,3671 775,3670 899,3672 900,3671 900,3660 901,3660 945,3660 945,3660 945,3636 946,3635 950,3635 950,3635 950,3631 951,3630 1071,3632 1071,3632 1071,3631 1072,3630 1141,3631 1142,3630 1158,3630 1159,3630 1166,3630 1167,3630 1166,3634 1167,3635 1171,3635 1171,3635 1171,3677 1171,3678 1415,3681 1416,3681 1416,3636 1417,3635 1420,3635 1421,3635 1446,3635 1446,3635 1446,3678 1446,3679 1585,3681 1586,3680 1641,3681 1642,3680 1786,3682 1787,3682 1787,3681 1787,3680 1791,3680 1792,3680 1792,3666 1793,3665 1802,3665 1802,3666 1802,3670 1802,3670 1806,3670 1807,3671 1807,3683 1807,3683 1981,3686 1982,3685 2018,3686 2019,3685 2036,3685 2037,3685 2037,3687 2037,3688 2176,3690 2177,3690 2177,3646 2178,3645 2206,3645 2207,3645 2207,3645 2207,3688 2207,3689 2307,3690 2308,3691 2308,3693 2308,3693 2462,3695 2463,3695 2463,3651 2464,3650 2468,3650 2469,3650 2493,3650 2493,3650 2493,3693 2493,3694 2580,3695 2581,3696 2581,3698 2581,3698 2702,3700 2703,3701 2703,3703 2703,3703 2792,3704 2793,3704 2793,3656 2794,3655 2795,3655 2796,3655 2808,3655 2808,3655 2808,3659 2809,3660 2813,3660 2813,3660 2813,3703 2813,3704 2872,3705 2873,3705 2873,3707 2873,3708 3074,3711 3075,3710 3094,3710 3095,3711 3094,3714 3095,3714 3164,3715 3164,3716 3164,3720 3165,3720 3169,3720 3169,3721 3169,3725 3170,3725 3179,3725 3179,3726 3179,3745 3178,3745 3169,3745 3169,3746 3169,3770 3168,3770 3164,3770 3164,3771 3164,3775 3163,3775 3155,3775 3155,3775 3154,3779 3154,3780 3145,3780 3144,3779 3144,3777 3144,3777 2992,3775 2991,3775 2985,3775 2984,3774 2984,3768 2983,3767 2813,3765 2813,3765 2813,3769 2812,3770 2809,3770 2809,3770 2808,3789 2808,3790 2804,3790 2803,3790 2803,3799 2803,3800 2799,3800 2798,3800 2798,3804 2798,3805 2795,3805 2793,3806 2793,3810 2792,3810 2788,3810 2788,3811 2788,3815 2787,3815"/><TextEquiv index="1"><Unicode>pour t'aider dans ta recherche: je me</Unicode></TextEquiv></TextLine><TextLine id="r2_l013"><Coords points="487,3840 3181,3881 3179,4046 484,4005"/><TextEquiv index="1"><Unicode>suis prte  tes moindres vux; ils</Unicode></TextEquiv></TextLine><TextLine id="r2_l014"><Coords points="2528,4271 2529,4228 2528,4227 2408,4226 2408,4225 2408,4222 2407,4222 1637,4210 1636,4211 1613,4211 1612,4211 1611,4210 520,4194 520,4194 520,4205 519,4206 518,4205 517,4205 516,4204 505,4204 505,4203 505,4201 504,4201 500,4201 500,4200 501,4149 500,4148 500,4141 499,4140 490,4140 490,4140 490,4126 490,4125 500,4126 501,4125 549,4125 550,4125 550,4121 550,4120 959,4127 960,4126 961,4085 961,4085 975,4085 976,4085 976,4086 977,4087 976,4106 977,4107 1181,4110 1181,4110 1181,4112 1182,4113 1997,4125 1997,4125 1997,4106 1998,4105 2002,4105 2002,4105 2002,4101 2003,4100 2006,4100 2007,4100 2017,4100 2017,4100 2017,4104 2018,4105 2022,4105 2022,4105 2022,4138 2022,4139 2131,4140 2132,4141 2132,4144 2132,4144 2191,4145 2192,4146 2192,4147 2192,4147 2362,4150 2363,4151 2928,4160 2929,4160 2929,4162 2929,4163 3093,4165 3094,4166 3094,4167 3095,4168 3095,4170 3095,4170 3184,4171 3184,4172 3184,4233 3185,4234 3184,4236 3184,4236 3119,4236 3118,4236 3054,4236 3053,4236 2935,4235 2934,4236 2923,4236 2922,4236 2574,4231 2573,4232 2573,4271 2572,4271 2529,4271 2528,4271"/><TextEquiv index="1"><Unicode>prouvaient ta reconnaissance pour ceux</Unicode></TextEquiv></TextLine><TextLine id="r2_l015"><Coords points="492,4302 3190,4343 3188,4505 489,4464"/><TextEquiv index="1"><Unicode>dont tu as reu des bienfaits; ils ne</Unicode></TextEquiv></TextLine><TextLine id="r2_l016"><Coords points="1277,4706 1276,4706 1276,4702 1276,4701 1272,4701 1271,4701 1271,4683 1271,4682 519,4671 515,4667 514,4667 509,4662 508,4662 506,4660 505,4660 504,4659 502,4659 501,4658 500,4658 500,4657 501,4607 500,4606 500,4597 499,4597 490,4596 490,4596 490,4577 490,4576 496,4576 497,4576 559,4576 560,4576 560,4562 561,4561 563,4562 564,4561 894,4566 894,4565 895,4541 895,4541 899,4541 900,4540 900,4536 900,4536 909,4536 910,4536 910,4539 910,4540 2003,4557 2004,4556 2122,4557 2123,4556 2134,4557 2135,4556 2137,4556 2137,4556 2137,4560 2138,4561 2818,4571 2818,4571 2818,4596 2818,4597 3073,4601 3074,4601 3074,4605 3074,4606 3078,4606 3079,4606 3079,4620 3079,4621 3093,4621 3094,4622 3094,4626 3095,4627 3094,4660 3095,4660 3173,4661 3174,4662 3174,4666 3174,4666 3178,4666 3179,4667 3179,4670 3179,4670 3193,4671 3194,4671 3194,4675 3193,4676 3189,4676 3189,4676 3189,4680 3188,4681 3185,4681 3185,4681 3184,4695 3184,4696 3181,4696 3179,4697 3179,4701 3179,4701 3175,4701 3174,4702 3174,4711 3174,4711 3170,4711 3169,4712 3169,4716 3169,4716 3165,4716 3164,4717 3164,4721 3164,4721 3160,4721 3159,4722 3159,4726 3159,4726 2669,4719 2668,4719 2668,4725 2667,4726 2657,4726 2656,4726 1938,4716 1937,4717"/><TextEquiv index="1"><Unicode>pouvaient que me plaire. A prsent,</Unicode></TextEquiv></TextLine><TextLine id="r2_l017"><Coords points="492,4752 3191,4793 3189,4957 489,4916"/><TextEquiv index="1"><Unicode>mon enfant, qu'il ne te reste aucun</Unicode></TextEquiv></TextLine><TextLine id="r2_l018"><Coords points="496,4973 3201,5014 3199,5182 494,5141"/><TextEquiv index="1"><Unicode>espoir de dcouvrir les traces de ton</Unicode></TextEquiv></TextLine><TextLine id="r2_l019"><Coords points="502,5202 3191,5243 3188,5408 499,5367"/><TextEquiv index="1"><Unicode>amie, attends tout du tems; fais comme</Unicode></TextEquiv></TextLine><TextLine id="r2_l020"><Coords points="501,5434 3211,5476 3209,5644 499,5602"/><TextEquiv index="1"><Unicode>ta mre, qui a pass vingt-huit annes</Unicode></TextEquiv></TextLine><TextLine id="r2_l021"><Coords points="502,5660 3201,5701 3198,5863 499,5822"/><TextEquiv index="1"><Unicode>loin de sa fille, sans esprance de ja-</Unicode></TextEquiv></TextLine><TextLine id="r2_l022"><Coords points="503,5876 3225,5918 3223,6093 500,6051"/><TextEquiv index="1"><Unicode>mais la retrouver, et qui cependant</Unicode></TextEquiv></TextLine></TextRegion><ImageRegion id="r3"><Coords points="3859,769 3859,1038 3864,1043 3864,1249 3869,1254 3869,1326 3864,1331 3864,1418 3866,1420 3867,1420 3869,1422 3869,1504 4008,1504 4008,1499 4013,1494 4018,1499 4018,1509 4013,1514 3874,1514 3874,1567 3946,1567 3947,1568 3947,1575 3946,1576 3888,1576 3888,1591 3886,1593 3885,1593 3883,1595 3874,1595 3874,1802 3879,1802 3881,1804 3881,1805 3883,1807 3883,1826 3957,1826 3958,1827 3958,1843 3959,1844 3959,1867 3960,1868 3960,1891 3961,1892 3961,1915 3962,1916 3962,1939 3963,1940 3963,1964 3964,1965 3964,1988 3965,1989 3965,2012 3966,2013 3966,2036 3967,2037 3967,2060 3968,2061 3967,2062 3888,2062 3888,2432 3893,2437 3893,2653 3898,2658 3991,2658 3992,2659 3992,2671 3991,2672 3898,2672 3898,2677 3893,2682 3893,2874 3898,2879 3898,2975 3992,2975 3993,2976 3993,2980 3992,2981 3992,3002 3991,3003 3991,3023 3990,3024 3990,3045 3989,3046 3989,3067 3988,3068 3988,3088 3987,3089 3987,3110 3986,3111 3986,3132 3984,3134 3907,3134 3903,3138 3898,3138 3898,3311 3903,3316 3898,3321 3898,3427 3903,3432 3903,3513 3987,3513 3988,3514 3988,3523 3989,3524 3989,3536 3988,3537 3903,3537 3903,3763 3905,3765 3905,3766 3907,3768 3907,3787 3905,3789 3905,3790 3903,3792 3903,3850 3905,3852 3905,3853 3907,3855 3907,3989 3998,3989 3999,3990 3999,4007 3998,4008 3907,4008 3907,4470 3912,4475 3912,4528 3910,4530 3909,4530 3907,4532 3907,4585 3912,4590 3912,4604 3993,4604 3994,4605 3994,4647 3995,4648 3995,4692 3996,4693 3996,4737 3997,4738 3997,4783 3998,4784 3998,4828 3999,4829 3999,4873 4000,4874 4000,4919 4001,4920 4001,4964 4002,4965 4002,5009 4003,5010 4003,5055 4004,5056 4004,5100 4005,5101 4005,5108 4004,5109 3922,5109 3922,5277 3927,5282 3927,5523 4009,5523 4010,5524 4010,5643 4011,5644 4011,5748 4010,5749 3932,5749 3932,5883 3934,5885 3934,5886 3936,5888 3936,6094 4081,6094 4081,5830 4076,5825 4076,5753 4074,5751 4073,5751 4071,5749 4014,5749 4013,5748 4013,5644 4012,5643 4012,5524 4013,5523 4071,5523 4071,5258 4066,5253 4066,5128 4064,5126 4063,5126 4061,5124 4061,5109 4008,5109 4007,5108 4007,5101 4006,5100 4006,5055 4005,5054 4005,5010 4004,5009 4004,4965 4003,4964 4003,4919 4002,4918 4002,4874 4001,4873 4001,4829 4000,4828 4000,4783 3999,4782 3999,4738 3998,4737 3998,4693 3997,4692 3997,4647 3996,4646 3996,4605 3997,4604 4052,4604 4052,4595 4057,4590 4057,4542 4059,4540 4059,4539 4061,4537 4061,4359 4057,4355 4057,4302 4052,4297 4052,4008 4002,4008 4001,4007 4001,3990 4002,3989 4047,3989 4047,3956 4052,3951 4057,3951 4057,3859 4052,3859 4050,3857 4049,3857 4047,3855 4052,3850 4057,3850 4057,3739 4052,3739 4047,3734 4047,3638 4052,3633 4052,3581 4047,3576 4047,3537 3992,3537 3991,3536 3991,3524 3990,3523 3990,3514 3991,3513 4042,3513 4044,3511 4045,3511 4047,3509 4047,3504 4052,3499 4052,3249 4047,3249 4042,3244 4042,3191 4047,3186 4047,3134 3988,3134 3987,3133 3988,3132 3988,3111 3989,3110 3989,3089 3990,3088 3990,3068 3991,3067 3991,3046 3992,3045 3992,3024 3993,3023 3993,3003 3994,3002 3994,2981 3995,2980 3995,2976 3996,2975 4037,2975 4037,2970 4042,2965 4042,2961 4047,2956 4047,2903 4042,2903 4037,2898 4037,2879 4042,2874 4047,2874 4047,2687 4042,2687 4037,2682 4037,2672 3995,2672 3994,2671 3994,2659 3995,2658 4037,2658 4037,2648 4042,2643 4042,2196 4037,2196 4032,2191 4034,2189 4035,2189 4037,2187 4037,2062 3971,2062 3969,2060 3969,2037 3968,2036 3968,2013 3967,2012 3967,1989 3966,1988 3966,1965 3965,1964 3965,1940 3964,1939 3964,1916 3963,1915 3963,1892 3962,1891 3962,1868 3961,1867 3961,1844 3960,1843 3960,1827 3961,1826 4023,1826 4023,1812 4027,1808 4027,1807 4032,1802 4032,1749 4028,1749 4023,1744 4025,1742 4026,1742 4028,1740 4084,1740 4084,769"/></ImageRegion></Page></PcGts>