4266 7858
2144 875 2640 1039 (ia.
1007 1077 3993 1300 vient d'obtenir cette faveur du ciel. Il
1007 1308 3995 1504 est dans la vie, Jeannette, des vne-
1007 1522 3997 1719 mens si extraordinaires, que toute la
1007 1717 4000 1954 prudence humaine ne peut ni les cal-
1011 1984 4003 2223 culer, ni les prvoir. Il n'y a que ceux
1012 2207 4005 2429 qui n'ont rien prouv qui doutent
1011 2468 4008 2674 des caprices du sort: nous les connais-
1017 2686 4011 2916 sons nous deux, Jeannette, et nous nous
1026 2920 4013 3149 attendons  tout, pour n'tre pas sur-
1012 3137 4015 3357 prises!... Ha a, ma Jeannette, il faut
1026 3407 3157 3596 que je te parle d'autre chose.
1186 3618 4021 3849 Je t'ai dit, je crois, que Jules de
1026 3854 4023 4085 Briceval avait emmen son jeune neveu
1031 4081 4026 4309 en Amrique? Ils sont revenus en France
1031 4313 4028 4545 depuis quelques annes: j'ai revu mon
1031 4540 4031 4774 neveu; mais ce neveu n'est plus un
1031 4774 4033 5006 enfant: c'est  prsent un jeune homme
1031 5023 4036 5235 de trente ans, grand, bien fait, et trs-
1038 5246 4038 5476 aimable. Jules et son neveu ont profit
1037 5481 4041 5709 des nouvelles loix pour faire casser le
1042 5711 4044 5941 jugement injuste rendu autrefois contre
1047 5935 4046 6172 Briceval; et ils sont parvenus  faire
