4266 7811
1612 951 2085 1114 Lar.
276 1146 3413 1390 rhabiliter sa mmoire: en consquence,
279 1368 3416 1614 ils ont repris leur vritable nom, et ce
281 1600 3418 1837 sont eux que j'attends aujourd'hui. Je
283 1803 3421 2073 lisais la lettre qui m'en donne l'assu-
286 2071 3423 2309 rance, au moment mme o Bernard
288 2307 3425 2520 est venu m'apprendre que j'allais em-
290 2519 3428 2758 brasser ma ille.... Jeannette, je te re-
293 2754 3430 2974 commande ce jeune homme.... rappelle-
296 2964 3433 3211 toi que son pre n'a t malheureux
298 3209 3435 3412 que pour avoir approuv mon union
301 3462 3438 3673 avec le tien. Souviens-toi que Briceval,
304 3673 3441 3909 en mourant, ordonna  son fils de te
306 3910 3443 4148 donner la main; que je lui promis ton
308 4140 3445 4354 aveu pour cet hymen, et qu'ainsi, ds
310 4354 3448 4605 l'enfance, le jeune Briceval et toi,
313 4612 3450 4809 vous tes destins  devenir poux. Ne
316 4833 3453 5041 m'as - tu pas dit toi - mme que chez
318 5041 3455 5271 M. d'Eranville, tu nommais le petit
320 5271 3458 5508 Briceval ton petit mari? Heureux pres-
323 5528 3460 5737 sentiment du lien qui devait un jour
326 5726 3463 5957 vous unir! Il va venir, Jeannette: il
328 5987 3465 6203 sait, ainsi que son oncle, que j'ai eu
