4266 7801
1020 1147 3763 1346 plaise pas trop, je...... je l'pouserai.
1034 1358 3781 1572 -- Oh! il te plaira: c'est un cavalier
947 1594 3775 1814 charmant. Il sait aussi qu'il va voir en
1034 1823 3780 2039 toi son pouse; il en est enchant. --
938 2054 3785 2270 Soyez donc sre, ma mre, de la sou-
1039 2282 3785 2491 mission de votre fille; mais Ccile,
1048 2513 3796 2718 madame, Ccile!... Est - ce au moment
1054 2738 3795 2954 o l'amiti est noye dans les larmes,
1059 2971 3805 3191 que je dois allumer les flambeaux de
1060 3245 1713 3421 l'hymen!
1224 3441 3811 3656 Et ses pleurs recommencrent  cou-
1065 3675 3820 3849 ler.... La bonne madame Dricourt s'em-
1064 3903 3821 4120 pressa de les essuyer; elle embrassa sa
1074 4090 3826 4344 fille un peu calme, et l'on annona
1075 4385 2631 4537 messieurs de Briceval.
1237 4588 3831 4803 A ce nom, Jeannette tressaillit. Elle
1081 4821 3841 5033 voit entrer un vieillard assez gros et
1085 5047 3841 5265 court, mais vif, et d'une physionomie
1094 5281 3836 5501 gaie. Voil l'oncle, se dit Jeannette:
1091 5505 3841 5730 pour le neveu, il lui parut bien au-
1105 5734 3854 5933 dessus de l'loge que madame Dricourt
1099 5957 3841 6172 en avait fait. Grand, bien fait, dou
2123 935 2616 1097 ia.
