4266 7801
988 1125 3850 1321 sera heureux, celui qui possédera une
987 1350 2880 1498 épouse aussi intéressante!
986 1575 3859 1772 Briceval soupira, et leva les yeux au
985 1809 3855 2019 ciel. Son oncle, sa tante, et Jeannette
984 2047 3860 2248 elle-même, se persuadèrent que ce soupir
983 2275 3850 2484 était l'effet de l'idée du bonheur dont
982 2503 3850 2716 il allait jouir. Mais vous vous portez
981 2735 3860 2948 bien, mon frère, dit madame Déri-
980 2965 3855 3174 court au gros Jules; je vous trouve en-
979 3202 3850 3411 core engraissé depuis quelques mois que
978 3434 3916 3678 je ne vous ai vu: d'où venez-vous comme
977 3665 3845 3872 cela? -- Bah! ne m'en parlez pas, ma
976 3898 3835 4110 sœur; je viens de m'ennuyer à la cam-
975 4126 3839 4306 pagne d'une folle qui m'avait prié d'y
974 4267 1317 4371 L
974 4372 3835 4573 diriger quelques travaux. Mon neveu
973 4599 3835 4806 était chez elle, à Paris, pendant ce
972 4822 3820 5046 tems. J'ai fait revenir mon jeune homme;
970 5060 3829 5263 mais dès que j'ai su que la maîtresse de
969 5262 3824 5498 la maison le suivait, crac, je suis parti,
969 5523 3830 5734 et me voilà. -- Toujours gai, toujours
968 5768 3820 5972 le même? -- Que voulez vous, ma sœur,
2250 904 2738 1067 ir.
