4266 7801
1120 1153 3856 1370 Au reste, Jeannette est enchante de
1121 1388 3866 1616 son cousin, quoiqu'il paraisse un peu
1125 1612 3866 1837 froid et mlancolique. De son ct, le
1130 1844 3861 2059 cousin trouve la cousine ort aimable;
1130 2073 3877 2296 et ces jeunes gens paraissent bientt s'en-
1136 2336 2320 2479 tendre trs - bien.
1302 2523 3871 2746 Jules et madame Dricourt sont en-
1145 2755 3886 2938 chants de voir leurs enfans runis. La
1139 2988 3882 3213 journe se passe en- licitations rci-
1147 3240 3875 3439 proques, et tout le monde est content.
1177 3458 3885 3627 Tout le monde!... ai -je pu gnraliser
1155 3678 3897 3903 ainsi la satisfaction qui ne brille pas
1155 3913 3892 4141 galement sur tous les visages!... Bri-
1160 4143 3896 4370 ceval est mlancolique; il est honnte,
1159 4372 3902 4598 galant mme avec sa cousine; mais res-
1165 4602 3897 4827 sent- il pour elle autant de tendresse
1165 4834 3907 5061 qu'elle commence  en prouver pour
1163 5119 1575 5249 lui?...
1329 5298 3907 5527 Jeannette pense aussi sans cesse  son
1161 5527 3907 5743 amie, et ce seul souvenir trouble le
1157 5774 3905 5968 plaisir qu'elle doit avoir d'un change-
1166 5988 3923 6216 ment d'tat aussi heureux pour elle. Ce-
3371 6225 3923 6400 pendant
2250 955 2728 1123 (o)
