4266 7737
2237 1013 2715 1169 (a
991 1206 3931 1435 rien, sinon quelques reproches qu'il fait
993 1431 3933 1657 son neveu, de ses anciens tours de
994 1684 2770 1897 jeunesse, et voil tout.
996 1885 3937 2108 Enfin tout est arrang. Il est dcid
999 2115 3939 2341 que le mariage des jeunes gens se fera
1001 2340 3941 2565 Chartres, et que tout le monde ira
1003 2569 3943 2792 ensuite passer l'hiver  Paris, o ma-
1005 2801 3945 3025 dame Dricourt a du bien. Cette bonne
1007 3032 3947 3263 mre est charme de faire jouir ses en-
1009 3259 3949 3490 ans des plaisirs que cette grande ville
1011 3488 3951 3711 offre dans cette saison. Jeannette y va
1012 3733 3953 3991 paratre d'ailleurs dans l'tat le plus bril-
1014 3942 3955 4182 lant, et il faut qu'elle jouisse de tous
1017 4179 3957 4409 les privilges de son tat et de sa fortune.
1018 4409 3958 4646 Madame Dricourt, en faveur de cet hy-
1021 4645 3961 4878 men, a dot sa fille de deux ou trois
1023 4868 3963 5104 fermes et d'une bonne terre. Elle a de
1024 5103 3965 5280 plus un htel  Paris: Jeannette est ri-
1026 5276 1204 5374 L
1026 5314 3967 5565 che au-del de ses souhaits, et cependant
1029 5559 3969 5798 Jeannette n'est pas contente. Dans le
1031 5779 3971 6024 silence de ses nuits, fatigue des divers
1032 6028 3973 6215 plaisirs qu'elle a gots dans sa journe,
