4266 7788
474 1164 3209 1365 elle se dit: Pendant que je jouis de toutes
468 1398 3209 1591 les aisances de la vie, mon amie sou-
469 1627 3208 1827 fre, et pleure peut-tre dans l'horreur
469 1852 3204 2057 d'une prison! Ingrate que je suis! tour-
464 2079 3204 2279 die du chaos des visites, toute entire
463 2312 3197 2516 la socit de mes parens, qui ne me
458 2540 3193 2739 laissent pas un moment de repos, j'ou-
463 2767 3269 2970 blie Ccile! Ccile,  qui j'avais promis
459 2996 3198 3196 me amiti constante, que je devais ve-
459 3226 3188 3429 nir retrouver, que je n'avais quitte que
454 3457 3178 3661 dans le projet d'adoucir son infortune!
459 3685 3188 3891 Ccile, elle m'est ravie! elle accuse peut-
459 3923 3188 4123 tre Jeannette, et Jeannette peut - elle
444 4148 3188 4349 s'arracher des bras de ceux  qui elle
449 4372 3188 4572 est si chre, pour aller chercher son
454 4591 3183 4793 amie? o? o, grands dieux? Sort in-
454 4826 3182 5026 juste et barbare, nous as-tu spares pour
445 5046 3178 5250 jamais? Ne reverrai-je jamais l'amie de
444 5276 3173 5481 mon enfance, Ccile, que je rendrais
454 5509 3168 5707 aujourd'hui si heureuse? Que dis-je? elle
444 5739 3173 5940 ne peut l'tre dsormais: loin de son
444 5968 3159 6177 amant, loin de son fils, Ccile .... ca-
1596 968 2078 1120 i
