4266 7801
901 1188 3944 1378 chons  jamais ce fatal secret; que cette
903 1377 3946 1614 faute de mon amie ne sorte point de son
906 1612 3948 1838 cur ni du mien. Ne couvrons point son
908 1842 3950 2072 nom du cachet du dshonneur; elle en
910 2084 3068 2298 souffre assez, l'infortune....
911 2284 3954 2526 Ainsi Jeannette pensait souvent  C-
913 2522 3956 2760 cile; mais elle allait  Paris, et c'tait
916 2763 3958 2993 moins les ftes de ce sjour brillant qui
918 2996 3960 3219 souriaient  son imagination, que le de-
920 3223 3962 3455 sir de chercher Ccile, de s'informer
922 3458 3964 3684 d'elle, et de parvenir peut-tre  s'en
923 3683 3966 3894 procurer des nouvelles. Il lui semblait
925 3943 3968 4143 que, dans le sjour que Ccile avait ha-
927 4143 3970 4377 bit, Jeannette aurait moins de peine
930 4383 3972 4603 la rencontrer. Enfin, elle se promet-
932 4598 3974 4837 tait de visiter les magistrats, d'employer
934 4822 3976 5065 toutes les protections possibles pour la
935 5062 3978 5284 dcouvrir, pour briser ses fers, si elle en
937 5256 3980 5525 tait encore charge. Voil le seul motif
939 5528 3982 5727 qui faisait desirer  Jeannette le voyage
940 5700 1188 5803 E
941 5784 1746 5983 de Paris.
1259 5984 3986 6191 Quant  son mariage, comme il tait
2169 917 2657 1117 ie
