4266 7801
1061 1166 3815 1357 sances de Briceval; et  ce dernier, les
1061 1399 3804 1550 moindres mots de Jeannette taient in-
1055 1633 3810 1826 terprts comme des preuves d'amour;
1066 1869 3810 2065 ensorte que ces jeunes gens s'pousrent,
1065 2091 3820 2282 persuads qu'ils taient amoureux foux
964 2332 2118 2462 l'un de l'autre.
1228 2548 3820 2742 Ainsi se clbra cet hymen, comme
1066 2783 3825 2969 tant d'autres qu'on voit souvent, assez
1066 3015 3830 3201 froidement, et comme une affaire de
1071 3249 3835 3436 caleul et de convention. Quelques jours
1070 3482 3820 3677 aprs, on fixa celui du dpart pour Paris:
1080 3713 3845 3907 ce jour arriva; mais le vieux Jules, re-
1071 3945 3835 4138 tenu par sa goutte, ne voulut pas ac-
1076 4172 3835 4367 compagner sa famille. Il exigea mme
1076 4401 3840 4592 qu'elle partt d'avance, lui promettant
1080 4628 3840 4822 d'aller la rejoindre bientt. On le laissa
1080 4857 3845 5010 donc aux soins de Bernard et d'autres
1080 5096 3836 5308 domestiques intelligens; puis madame
1080 5325 3841 5515 Dricourt et ses deux enfans partirent
1080 5550 3841 5745 pour aller habiter leur bel htel que la
1085 5798 2904 5940 mre avait cd  sa fille.
2199 955 2677 1117 L
