4266 7811
1648 849 2131 1012 ro.
2535 6119 2916 6389 L
411 1097 3494 1303 Les concerts du thtre Faydeau lui plai-
409 1292 3492 1546 saient sur-tout singulirement. Elle tait
406 1533 3488 1776 peu musicienne, mais elle aimait la mu-
405 1677 548 1773 L
403 1773 3486 2002 sique; et depuis son mariage, elle l'tu-
399 2004 3483 2243 diait avec passion. Le clbre Garat lui
397 2229 3479 2455 paraissait tre un chanteur par excel-
393 2467 3477 2719 lence. Mon dieu! disait-elle  son mari,
390 2681 3473 2917 comme ce jeune homme a du got! et
387 2913 3471 3160 avec quelle ame il fait valoir tout ce qu'il
384 3132 3468 3387 chante! Madame de W..... a du talent
381 3375 3465 3620 sans doute aussi; mais elle n'est pas sre
378 3591 3462 3844 de ce qu'elle chante. Sa voix frache et
375 3817 3459 4073 dlicieuse tremble, et la timidit parat
372 4066 3455 4295 touffer tous ses moyens. -- C'est domma-
368 4294 3453 4535 ge, madame, lui rpondait Briceval; car il
366 4532 3450 4759 est difficile de possder une voix plus tou-
363 4750 3446 4989 chante et plus mlodieuse. Si vous voulez
360 4943 3443 5203 l'entendre, ma chre amie, j'ai l'hon-
357 5210 3441 5453 neut de la connatre; nous arrangerons
354 5438 3438 5683 un petit concert, et vous verrez qu'elle
351 5668 2659 5862 est toute autre dans un salon.
349 5857 3431 6100 Madame de Briceval fut enchante de
