<PcGts xmlns="http://schema.primaresearch.org/PAGE/gts/pagecontent/2017-07-15" xmlns:xsi="http://www.w3.org/2001/XMLSchema-instance" xsi:schemaLocation="http://schema.primaresearch.org/PAGE/gts/pagecontent/2017-07-15 http://schema.primaresearch.org/PAGE/gts/pagecontent/2017-07-15/pagecontent.xsd"><Metadata><Creator/><Created>2020-09-23T11:02:01</Created><LastChange>1970-01-01T00:00:00</LastChange><Comments/></Metadata><Page imageFilename="0135.png" imageHeight="7811" imageWidth="4266"><ReadingOrder><OrderedGroup id="g1"><RegionRefIndexed index="0" regionRef="r4"/><RegionRefIndexed index="1" regionRef="r3"/><RegionRefIndexed index="2" regionRef="r1"/></OrderedGroup></ReadingOrder><TextRegion id="r1" type="footnote" orientation="-0.0"><Coords points="2630,6357 2630,6055 2884,6055 2884,6357"/><TextEquiv><Unicode/></TextEquiv><TextLine id="r1_l001"><Coords points="2721,6216 2807,6216 2807,6254 2721,6254"/><TextEquiv index="1"><Unicode>Le</Unicode></TextEquiv></TextLine></TextRegion><ImageRegion id="r2"><Coords points="3920,781 3920,785 3915,790 3915,844 3920,849 3920,1371 3925,1376 3920,1381 3920,1528 3922,1530 3923,1530 3925,1532 3925,1645 3920,1650 3920,1703 3925,1708 3925,2411 3927,2413 3927,2414 3929,2416 3929,2421 3927,2423 3927,2424 3925,2426 3925,2548 3927,2550 3927,2551 3929,2553 3929,2587 3927,2589 3927,2590 3925,2592 3925,2650 3927,2652 3927,2653 3929,2655 3929,2670 3927,2672 3927,2673 3925,2675 3925,2728 3927,2730 3927,2731 3929,2733 3929,2807 3925,2811 3925,2929 3920,2934 3788,2934 3788,2987 3920,2987 3925,2992 3925,3065 3927,3067 3927,3068 3929,3070 3929,3109 3927,3111 3927,3112 3925,3114 3925,3378 3927,3380 3927,3381 3929,3383 3927,3385 3927,3386 3925,3388 3925,4574 3920,4579 3920,4637 3925,4642 3925,4764 3966,4764 3967,4765 3967,4854 3966,4855 3966,5027 3965,5028 3965,5173 3964,5174 3934,5174 3934,5189 3929,5194 3929,5418 3934,5423 3934,5448 3929,5453 3929,5516 3934,5521 3934,5619 3932,5621 3931,5621 3929,5623 3929,5677 3934,5682 3934,5799 3985,5799 3986,5800 3986,5804 3987,5805 3987,5819 3988,5820 3988,5833 3989,5834 3989,5842 3988,5843 3934,5843 3934,5877 3929,5882 3929,6087 3934,6092 3934,6278 3932,6280 3931,6280 3929,6282 3929,6336 3934,6341 3934,6491 4085,6491 4085,6365 4081,6361 4081,6317 4085,6313 4085,6223 4081,6219 4081,6214 4076,6209 4076,6170 4081,6165 4081,5843 3992,5843 3991,5842 3991,5834 3990,5833 3990,5820 3989,5819 3989,5805 3988,5804 3988,5800 3989,5799 4081,5799 4081,5223 4076,5218 4076,5174 3968,5174 3967,5173 3967,5028 3968,5027 3968,4855 3969,4854 3969,4765 3970,4764 4066,4764 4066,4711 4071,4706 4071,4252 4076,4247 4076,3148 4071,3143 4071,3139 4066,3134 4066,3119 4071,3114 4071,3090 4076,3085 4076,2680 4071,2675 4071,2665 4076,2660 4076,1933 4071,1928 4071,1845 4066,1840 4066,1835 4071,1830 4071,1601 4066,1596 4066,1567 4071,1562 4071,1401 4066,1396 4066,1235 4071,1230 4071,829 4069,827 4068,827 4066,825 4066,781"/></ImageRegion><TextRegion id="r3" type="paragraph" orientation="-0.0"><Coords points="478,1044 473,1049 463,1049 463,1113 478,1113 480,1115 481,1115 483,1117 483,1142 473,1152 468,1152 468,1210 654,1210 659,1215 659,1254 663,1254 668,1259 825,1259 827,1257 827,1256 829,1254 829,1220 834,1215 947,1215 949,1213 949,1212 951,1210 995,1210 1000,1215 1000,1254 1147,1254 1157,1244 1157,1239 1161,1235 1161,1215 1166,1210 1205,1210 1210,1215 1376,1215 1381,1220 1381,1249 1386,1254 1528,1254 1532,1250 1532,1249 1537,1244 1537,1239 1539,1237 1540,1237 1542,1235 1542,1230 1547,1225 1547,1220 1552,1215 1891,1215 1893,1217 1894,1217 1897,1220 1898,1220 1902,1224 1903,1224 1906,1227 1907,1227 1910,1230 1911,1230 1915,1234 1916,1234 1919,1237 1920,1237 1923,1240 1924,1240 1928,1244 1929,1244 1932,1247 1933,1247 1936,1250 1937,1250 1941,1254 1942,1254 1945,1257 1946,1257 1949,1260 1950,1260 1954,1264 1955,1264 1958,1267 1959,1267 1962,1270 1963,1270 1967,1274 1968,1274 1971,1277 1972,1277 1975,1280 1976,1280 1980,1284 1981,1284 1984,1287 1983,1288 1884,1288 1879,1293 1859,1293 1857,1295 1857,1296 1855,1298 1855,1308 1850,1313 1850,1362 1848,1364 1847,1364 1845,1366 1835,1366 1833,1364 1832,1364 1830,1362 1830,1352 1825,1347 1825,1337 1820,1337 1818,1335 1818,1334 1816,1332 1757,1332 1752,1327 1698,1327 1696,1325 1696,1324 1694,1322 1694,1283 1542,1283 1542,1322 1537,1327 1205,1327 1200,1322 1200,1283 1196,1279 1054,1279 1052,1281 1051,1281 1049,1283 1049,1322 1044,1327 849,1327 844,1322 844,1283 678,1283 678,1303 673,1308 546,1308 546,1318 537,1327 478,1327 473,1332 473,1337 468,1342 468,1430 483,1445 1054,1445 1059,1440 1098,1440 1103,1445 1874,1445 1876,1447 1877,1447 1879,1449 1995,1449 1996,1450 1995,1451 1995,1452 1992,1455 1992,1456 1989,1459 1989,1460 1986,1463 1986,1464 1983,1467 1983,1468 1980,1471 1980,1472 1977,1475 1977,1476 1974,1479 1974,1480 1971,1483 1971,1484 1968,1487 1968,1488 1965,1491 1965,1492 1962,1495 1962,1496 1959,1499 1959,1500 1956,1503 1956,1504 1953,1507 1953,1508 1950,1511 1950,1512 1948,1514 1948,1515 1945,1518 1945,1519 1942,1522 1942,1523 1939,1526 1939,1527 1936,1530 1936,1531 1934,1533 1933,1532 1933,1523 1928,1518 1781,1518 1779,1520 1779,1521 1777,1523 1737,1523 1737,1537 1735,1539 1735,1540 1733,1542 1659,1542 1659,1557 1654,1562 1493,1562 1488,1557 1488,1518 1440,1518 1435,1513 1239,1513 1237,1515 1237,1516 1235,1518 1113,1518 1108,1513 947,1513 942,1518 937,1513 785,1513 785,1547 783,1549 783,1550 781,1552 644,1552 639,1557 615,1557 610,1552 468,1552 463,1557 463,1674 483,1674 488,1679 629,1679 634,1674 878,1674 883,1679 883,1703 878,1708 844,1708 839,1713 820,1713 815,1718 810,1718 810,1777 1010,1777 1015,1772 1025,1772 1025,1767 1030,1762 1030,1684 1032,1682 1032,1681 1034,1679 1508,1679 1513,1684 1513,1723 1659,1723 1669,1713 1669,1708 1674,1703 1674,1694 1679,1689 1679,1684 1684,1679 1728,1679 1733,1684 1899,1684 1901,1682 1901,1681 1903,1679 1907,1679 1911,1683 1911,1684 1913,1686 1913,1687 1916,1690 1916,1691 1918,1693 1918,1694 1920,1696 1920,1697 1923,1700 1923,1701 1925,1703 1925,1704 1928,1707 1928,1708 1930,1710 1930,1711 1933,1714 1933,1715 1935,1717 1935,1718 1937,1720 1937,1721 1940,1724 1940,1725 1942,1727 1942,1728 1945,1731 1945,1732 1947,1734 1947,1735 1949,1737 1949,1738 1952,1741 1952,1742 1954,1744 1954,1745 1957,1748 1957,1749 1959,1751 1959,1752 1962,1755 1962,1756 1964,1758 1964,1759 1966,1761 1966,1762 1969,1765 1969,1766 1971,1768 1971,1769 1974,1772 1974,1773 1976,1775 1976,1776 1978,1778 1978,1779 1981,1782 1981,1783 1983,1785 1983,1786 1986,1789 1986,1790 1985,1791 1811,1791 1806,1796 1791,1796 1791,1825 1786,1830 1777,1830 1772,1825 1772,1806 1767,1801 1767,1796 1757,1796 1752,1791 1635,1791 1630,1786 1630,1777 1625,1772 1479,1772 1474,1777 1474,1786 1469,1791 1005,1791 1000,1786 483,1786 478,1791 473,1791 468,1796 468,1801 463,1806 463,1884 472,1893 473,1893 483,1903 483,1913 629,1913 634,1908 781,1908 781,1903 785,1899 1015,1899 1017,1901 1018,1901 1020,1903 1020,1908 1396,1908 1401,1913 1625,1913 1630,1908 1669,1908 1674,1913 1674,1947 1825,1947 1830,1942 1830,1938 1835,1933 1835,1928 1840,1923 1840,1913 1845,1908 1960,1908 1961,1909 1960,1910 1960,1911 1956,1915 1956,1916 1951,1921 1951,1922 1947,1926 1947,1927 1943,1931 1943,1932 1939,1936 1939,1937 1935,1941 1935,1942 1930,1947 1930,1948 1926,1952 1926,1953 1922,1957 1922,1958 1918,1962 1918,1963 1913,1968 1913,1969 1910,1972 1825,1972 1825,2001 1820,2006 1811,2006 1806,2001 1806,1972 1630,1972 1623,1979 1622,1979 1615,1986 1615,1991 1613,1993 1613,1994 1611,1996 1611,2016 1606,2021 1191,2021 1189,2023 1188,2023 1186,2025 1181,2025 1171,2035 1161,2025 1098,2025 1096,2023 1095,2023 1093,2021 1093,1972 942,1972 942,2011 937,2016 922,2016 917,2011 917,2006 912,2001 771,2001 766,2006 712,2006 712,2016 707,2021 483,2021 476,2028 475,2028 468,2035 468,2040 463,2045 463,2108 468,2113 468,2123 473,2128 483,2128 493,2138 493,2182 678,2182 678,2138 683,2133 1064,2133 1069,2138 1069,2177 1220,2177 1225,2172 1225,2167 1230,2162 1230,2152 1232,2150 1233,2150 1235,2148 1235,2138 1237,2136 1237,2135 1239,2133 1381,2133 1386,2138 1386,2182 1557,2182 1557,2138 1562,2133 1737,2133 1742,2138 1935,2138 1936,2139 1937,2139 1939,2141 1940,2141 1942,2143 1943,2143 1945,2145 1946,2145 1949,2148 1950,2148 1952,2150 1953,2150 1955,2152 1956,2152 1958,2154 1959,2154 1962,2157 1963,2157 1965,2159 1966,2159 1968,2161 1969,2161 1971,2163 1972,2163 1975,2166 1976,2166 1978,2168 1979,2168 1981,2170 1982,2170 1984,2172 1985,2172 1988,2175 1989,2175 1991,2177 1992,2177 1994,2179 1995,2179 1997,2181 1998,2181 2001,2184 2002,2184 2004,2186 2005,2186 2007,2188 2008,2188 2010,2190 2011,2190 2014,2193 2015,2193 2017,2195 2018,2195 2020,2197 2021,2197 2023,2199 2024,2199 2027,2202 2028,2202 2030,2204 2031,2204 2033,2206 2034,2206 2037,2209 2038,2209 2040,2211 2041,2211 2043,2213 2044,2213 2046,2215 2047,2215 2050,2218 2051,2218 2053,2220 2054,2220 2056,2222 2057,2222 2059,2224 2060,2224 2063,2227 2064,2227 2066,2229 2067,2229 2069,2231 2070,2231 2072,2233 2073,2233 2076,2236 2077,2236 2079,2238 2080,2238 2082,2240 2083,2240 2085,2242 2086,2242 2089,2245 2090,2245 2092,2247 2093,2247 2095,2249 2096,2249 2098,2251 2099,2251 2102,2254 2101,2255 2094,2255 2089,2260 2035,2260 2030,2255 2021,2255 2016,2250 2016,2240 2011,2235 1972,2235 1970,2233 1969,2233 1967,2231 1967,2206 1811,2206 1811,2250 1806,2255 1093,2255 1088,2250 1088,2211 1083,2211 1078,2206 878,2206 878,2250 873,2255 781,2255 776,2250 776,2231 771,2226 771,2211 619,2211 619,2245 617,2247 617,2248 615,2250 483,2250 478,2255 463,2255 458,2260 458,2362 463,2367 908,2367 910,2369 910,2370 912,2372 1391,2372 1396,2377 1396,2421 1742,2421 1747,2416 1752,2416 1762,2406 1767,2406 1767,2377 1772,2372 1923,2372 1928,2367 1991,2367 1996,2372 1996,2421 2112,2421 2113,2422 2112,2423 2112,2425 2111,2426 2111,2427 2110,2428 2110,2430 2109,2431 2109,2432 2108,2433 2108,2435 2107,2436 2069,2436 2065,2440 2065,2479 2060,2484 1986,2484 1984,2482 1984,2481 1982,2479 1982,2440 1980,2438 1979,2438 1977,2436 1830,2436 1828,2438 1827,2438 1825,2440 1825,2484 1820,2489 1777,2489 1772,2484 1772,2440 1770,2438 1769,2438 1767,2436 1620,2436 1618,2438 1617,2438 1615,2440 1386,2440 1386,2479 1381,2484 1347,2484 1342,2489 1293,2489 1288,2484 1288,2436 1137,2436 1137,2460 1132,2465 1083,2465 1083,2479 1078,2484 668,2484 663,2479 663,2436 659,2436 654,2431 624,2431 619,2426 473,2426 473,2479 468,2484 463,2484 463,2533 458,2538 458,2597 781,2597 783,2599 783,2600 785,2602 1601,2602 1603,2604 1604,2604 1606,2606 1606,2650 1747,2650 1747,2645 1754,2638 1755,2638 1762,2631 1767,2631 1767,2626 1772,2621 1772,2606 1774,2604 1775,2604 1777,2602 1990,2602 1991,2603 1982,2612 1982,2613 1959,2636 1959,2637 1937,2659 1937,2660 1915,2682 1915,2683 1892,2706 1892,2707 1890,2709 1830,2709 1825,2704 1825,2665 1723,2665 1718,2660 1567,2660 1562,2665 1547,2665 1547,2670 1537,2680 1537,2689 1532,2694 1532,2704 1530,2706 1530,2707 1528,2709 1513,2709 1508,2704 1396,2704 1391,2699 1391,2694 1386,2689 1386,2680 1381,2680 1376,2675 1376,2665 1225,2665 1220,2670 1215,2665 1215,2660 1069,2660 1064,2665 1064,2699 1059,2704 932,2704 927,2699 927,2665 922,2660 712,2660 712,2699 707,2704 463,2704 463,2768 465,2770 466,2770 468,2772 468,2802 463,2807 458,2807 458,2865 463,2870 644,2870 644,2831 649,2826 805,2826 810,2831 810,2860 820,2870 834,2870 839,2875 981,2875 991,2865 1015,2865 1025,2855 1025,2831 1030,2826 1385,2826 1386,2827 1387,2827 1388,2828 1389,2828 1390,2829 1391,2829 1392,2830 1393,2830 1394,2831 1395,2831 1396,2832 1397,2832 1398,2833 1399,2833 1400,2834 1401,2834 1402,2835 1403,2835 1404,2836 1405,2836 1406,2837 1407,2837 1408,2838 1409,2838 1410,2839 1411,2839 1412,2840 1413,2840 1414,2841 1415,2841 1416,2842 1417,2842 1418,2843 1419,2843 1420,2844 1421,2844 1422,2845 1423,2845 1424,2846 1425,2846 1426,2847 1427,2847 1428,2848 1429,2848 1430,2849 1431,2849 1432,2850 1433,2850 1434,2851 1435,2851 1436,2852 1437,2852 1438,2853 1439,2853 1440,2854 1441,2854 1442,2855 1443,2855 1444,2856 1445,2856 1446,2857 1447,2857 1448,2858 1449,2858 1450,2859 1451,2859 1452,2860 1453,2860 1454,2861 1455,2861 1456,2862 1457,2862 1458,2863 1459,2863 1460,2864 1461,2864 1462,2865 1463,2865 1464,2866 1465,2866 1466,2867 1467,2867 1468,2868 1469,2868 1470,2869 1471,2869 1472,2870 1473,2870 1474,2871 1475,2871 1476,2872 1477,2872 1478,2873 1479,2873 1480,2874 1481,2874 1482,2875 1483,2875 1484,2876 1485,2876 1486,2877 1487,2877 1488,2878 1489,2878 1490,2879 1491,2879 1492,2880 1493,2880 1494,2881 1495,2881 1496,2882 1497,2882 1498,2883 1499,2883 1500,2884 1501,2884 1502,2885 1503,2885 1504,2886 1505,2886 1506,2887 1507,2887 1508,2888 1509,2888 1510,2889 1511,2889 1512,2890 1513,2890 1514,2891 1515,2891 1516,2892 1517,2892 1518,2893 1517,2894 1396,2894 1391,2899 1391,2919 1386,2924 1293,2924 1293,2934 1291,2936 1290,2936 1288,2938 1235,2938 1233,2936 1232,2936 1230,2934 1230,2894 1069,2894 1064,2899 1064,2934 1062,2936 1061,2936 1059,2938 995,2938 993,2940 993,2941 991,2943 864,2943 859,2938 859,2914 854,2909 854,2899 849,2899 844,2894 663,2894 658,2899 658,2900 654,2904 649,2904 644,2909 644,2914 634,2924 634,2934 632,2936 631,2936 629,2938 629,3016 634,3021 634,3036 649,3051 654,3051 659,3056 790,3056 792,3058 793,3058 795,3060 795,3104 966,3104 966,3065 971,3060 1630,3060 1635,3065 1635,3104 1640,3104 1645,3109 1795,3109 1809,3123 1808,3124 1684,3124 1679,3129 1679,3163 1674,3168 1596,3168 1591,3163 1591,3129 1425,3129 1425,3163 1420,3168 1239,3168 1237,3170 1237,3171 1235,3173 1088,3173 1083,3168 1083,3153 883,3153 883,3163 878,3168 683,3168 678,3163 678,3129 668,3119 668,3114 522,3114 517,3119 507,3119 497,3129 478,3129 478,3187 497,3187 502,3192 497,3197 483,3197 478,3202 468,3202 463,3207 463,3285 468,3290 639,3290 644,3285 883,3285 888,3290 1122,3290 1127,3295 1127,3334 1308,3334 1308,3295 1313,3290 1410,3290 1415,3285 1425,3285 1430,3290 1855,3290 1857,3292 1857,3293 1859,3295 1859,3305 1884,3305 1885,3306 1885,3406 1884,3407 1879,3407 1874,3402 1874,3392 1872,3390 1871,3390 1869,3388 1869,3373 1864,3368 1777,3368 1772,3363 1615,3363 1613,3365 1613,3366 1611,3368 1611,3402 1606,3407 1415,3407 1410,3412 1405,3412 1403,3414 1403,3415 1401,3417 1401,3422 1396,3427 1396,3441 1391,3446 1322,3446 1320,3444 1320,3443 1318,3441 1318,3412 1313,3407 1308,3407 1303,3402 1191,3402 1186,3397 1186,3368 1181,3363 1020,3363 1020,3402 1015,3407 766,3407 761,3402 649,3402 644,3397 644,3392 642,3390 641,3390 639,3388 634,3388 629,3383 629,3363 624,3363 619,3358 463,3358 458,3363 458,3417 463,3422 468,3422 473,3427 473,3456 468,3461 463,3461 458,3466 458,3519 468,3519 473,3524 746,3524 751,3519 766,3519 771,3524 1235,3524 1237,3526 1237,3527 1239,3529 1239,3563 1391,3563 1391,3558 1395,3554 1396,3554 1401,3549 1401,3539 1403,3537 1403,3536 1405,3534 1405,3524 1410,3519 1415,3524 1855,3524 1856,3525 1856,3527 1855,3528 1855,3530 1854,3531 1854,3533 1853,3534 1853,3536 1852,3537 1852,3539 1851,3540 1851,3543 1850,3544 1850,3546 1849,3547 1849,3549 1848,3550 1848,3552 1847,3553 1847,3555 1846,3556 1846,3559 1845,3560 1845,3562 1844,3563 1844,3565 1843,3566 1843,3568 1842,3569 1842,3571 1841,3572 1841,3574 1840,3575 1840,3578 1839,3579 1839,3581 1838,3582 1838,3584 1837,3585 1837,3587 1836,3588 1836,3590 1835,3591 1835,3594 1834,3595 1834,3597 1833,3598 1833,3600 1832,3601 1832,3603 1831,3604 1831,3606 1830,3607 1830,3610 1829,3611 1829,3613 1828,3614 1828,3616 1827,3617 1827,3619 1826,3620 1826,3622 1825,3623 1825,3625 1824,3626 1824,3629 1823,3630 1823,3632 1822,3633 1822,3635 1821,3636 1659,3636 1654,3641 1635,3641 1630,3636 1352,3636 1350,3634 1349,3634 1347,3632 1347,3627 1342,3622 1342,3617 1327,3602 1322,3602 1320,3600 1320,3599 1318,3597 1298,3597 1296,3595 1295,3595 1293,3593 1152,3593 1147,3598 1146,3598 1142,3602 1137,3602 1127,3612 1122,3612 1122,3617 1117,3622 1113,3622 1113,3627 1108,3632 1108,3671 1103,3676 1098,3671 1098,3636 883,3636 878,3641 781,3641 776,3636 668,3636 666,3634 665,3634 663,3632 663,3593 502,3593 500,3595 499,3595 497,3597 488,3597 478,3607 478,3612 473,3617 473,3636 468,3641 458,3641 458,3754 937,3754 942,3759 1083,3759 1088,3754 1542,3754 1547,3759 1884,3759 1885,3760 1885,3761 1890,3766 1890,3767 1896,3773 1896,3774 1902,3780 1902,3781 1908,3787 1908,3788 1914,3794 1914,3795 1920,3801 1920,3802 1925,3807 1925,3808 1931,3814 1931,3815 1937,3821 1937,3822 1943,3828 1943,3829 1949,3835 1949,3836 1955,3842 1955,3843 1960,3848 1960,3849 1966,3855 1966,3856 1972,3862 1972,3863 1974,3865 1973,3866 1850,3866 1845,3861 1845,3827 1840,3822 1694,3822 1689,3827 1684,3822 1523,3822 1518,3827 1518,3861 1513,3866 1259,3866 1254,3861 1108,3861 1103,3866 1039,3866 1034,3871 1010,3871 1005,3866 1005,3851 956,3851 951,3846 951,3822 800,3822 800,3846 795,3851 785,3851 783,3849 783,3848 781,3846 781,3822 561,3822 556,3827 556,3861 551,3866 458,3866 458,3978 917,3978 922,3983 922,4027 927,4032 1093,4032 1098,4027 1098,3983 1103,3978 1176,3978 1181,3983 1181,4027 1186,4032 1366,4032 1371,4027 1376,4027 1381,4022 1386,4022 1386,4017 1391,4012 1391,3983 1396,3978 1640,3978 1645,3983 1645,3988 1980,3988 1981,3989 1981,3990 1979,3992 1979,3993 1976,3996 1976,3997 1974,3999 1974,4000 1972,4002 1972,4003 1970,4005 1970,4006 1967,4009 1967,4010 1965,4012 1965,4013 1963,4015 1963,4016 1961,4018 1961,4019 1958,4022 1958,4023 1956,4025 1956,4026 1954,4028 1954,4029 1952,4031 1952,4032 1949,4035 1949,4036 1947,4038 1947,4039 1945,4041 1945,4042 1943,4044 1943,4045 1941,4047 1941,4048 1938,4051 1938,4052 1936,4054 1936,4055 1935,4056 1918,4056 1913,4061 1913,4081 1908,4086 1908,4095 1903,4100 1859,4100 1857,4098 1857,4097 1855,4095 1855,4061 1850,4061 1845,4056 1698,4056 1696,4058 1696,4059 1694,4061 1654,4061 1654,4086 1652,4088 1652,4089 1650,4091 1650,4095 1640,4105 1635,4105 1630,4110 1625,4105 1625,4100 1611,4100 1606,4095 1606,4086 1454,4086 1449,4091 1449,4095 1447,4097 1447,4098 1445,4100 1161,4100 1159,4102 1159,4103 1157,4105 1103,4105 1098,4100 912,4100 910,4098 910,4097 908,4095 908,4056 751,4056 746,4061 746,4076 744,4078 744,4079 742,4081 688,4081 683,4086 683,4091 678,4096 677,4096 673,4100 644,4100 639,4095 624,4095 622,4093 621,4093 619,4091 619,4086 617,4084 617,4083 615,4081 463,4081 463,4095 458,4100 454,4100 454,4159 458,4159 463,4164 463,4213 839,4213 841,4215 842,4215 844,4217 1259,4217 1261,4215 1262,4215 1264,4213 1347,4213 1349,4215 1350,4215 1352,4217 1503,4217 1505,4215 1506,4215 1508,4213 1518,4213 1520,4215 1521,4215 1523,4217 1523,4256 1669,4256 1673,4252 1674,4252 1679,4247 1679,4242 1689,4232 1689,4222 1694,4217 1825,4217 1830,4222 1829,4223 1829,4224 1828,4225 1828,4226 1827,4227 1827,4228 1825,4230 1825,4231 1824,4232 1824,4233 1822,4235 1822,4236 1821,4237 1821,4238 1820,4239 1820,4240 1818,4242 1818,4243 1817,4244 1817,4245 1815,4247 1815,4248 1814,4249 1814,4250 1813,4251 1813,4252 1811,4254 1811,4255 1810,4256 1810,4257 1808,4259 1808,4260 1807,4261 1807,4262 1806,4263 1806,4264 1804,4266 1804,4267 1803,4268 1803,4269 1801,4271 1801,4272 1800,4273 1800,4274 1799,4275 1799,4276 1797,4278 1797,4279 1795,4281 1669,4281 1664,4286 1659,4286 1659,4325 1654,4330 1528,4330 1523,4335 1405,4335 1403,4333 1403,4332 1401,4330 1342,4330 1337,4325 1337,4291 1332,4286 1186,4286 1186,4310 1181,4315 1108,4315 1108,4330 1103,4335 1069,4335 1064,4330 1064,4286 1059,4281 903,4281 898,4286 898,4325 893,4330 820,4330 815,4335 805,4335 800,4340 799,4340 795,4344 795,4359 790,4364 785,4359 785,4330 727,4330 722,4325 722,4286 571,4286 571,4296 569,4298 568,4298 566,4300 566,4325 561,4330 458,4330 456,4332 456,4333 454,4335 454,4388 456,4390 456,4391 458,4393 463,4393 473,4403 473,4413 478,4418 478,4432 488,4442 693,4442 698,4447 698,4486 839,4486 844,4481 849,4481 849,4476 854,4471 854,4462 859,4457 859,4452 864,4447 1025,4447 1030,4452 1030,4491 1032,4493 1032,4494 1034,4496 1196,4496 1196,4452 1198,4450 1198,4449 1200,4447 1817,4447 1825,4455 1826,4455 1835,4464 1836,4464 1845,4473 1846,4473 1856,4483 1857,4483 1866,4492 1867,4492 1869,4494 1869,4501 1877,4501 1887,4511 1888,4511 1897,4520 1898,4520 1907,4529 1908,4529 1918,4539 1919,4539 1928,4548 1929,4548 1938,4557 1939,4557 1940,4558 1939,4559 1874,4559 1869,4564 1864,4564 1859,4559 1859,4510 1694,4510 1694,4554 1689,4559 1562,4559 1557,4554 1557,4520 1547,4510 1396,4510 1391,4515 1391,4554 1386,4559 1283,4559 1281,4557 1281,4556 1279,4554 1093,4554 1088,4549 1088,4530 1083,4525 1083,4520 1078,4515 1078,4510 927,4510 927,4515 922,4520 922,4530 917,4535 917,4549 912,4554 766,4554 761,4549 761,4510 756,4505 458,4505 458,4564 463,4564 468,4569 468,4667 1127,4667 1129,4669 1130,4669 1132,4671 1254,4671 1259,4676 1259,4720 1435,4720 1435,4676 1440,4671 1874,4671 1879,4676 1912,4676 1913,4677 1912,4678 1912,4679 1911,4680 1911,4682 1910,4683 1910,4684 1909,4685 1909,4686 1908,4687 1908,4689 1907,4690 1907,4691 1906,4692 1906,4693 1905,4694 1905,4696 1904,4697 1904,4698 1903,4699 1903,4700 1902,4701 1902,4703 1901,4704 1901,4705 1900,4706 1900,4707 1899,4708 1899,4710 1898,4711 1898,4712 1897,4713 1897,4714 1896,4715 1896,4717 1895,4718 1895,4719 1894,4720 1894,4721 1893,4722 1893,4724 1892,4725 1892,4726 1891,4727 1891,4728 1890,4729 1890,4731 1889,4732 1889,4733 1888,4734 1888,4736 1887,4737 1887,4738 1885,4740 1835,4740 1830,4745 1830,4789 1825,4794 1762,4794 1752,4784 1601,4784 1601,4789 1596,4794 1532,4794 1530,4792 1530,4791 1528,4789 1528,4769 1376,4769 1371,4774 1371,4779 1366,4784 1322,4784 1320,4782 1320,4781 1318,4779 1171,4779 1166,4784 815,4784 810,4779 810,4745 805,4740 693,4740 688,4735 537,4735 537,4774 532,4779 502,4779 497,4784 458,4784 458,4896 532,4896 537,4901 732,4901 737,4896 810,4896 815,4901 1157,4901 1159,4903 1159,4904 1161,4906 1852,4906 1853,4907 1853,4947 1854,4948 1854,5017 1853,5018 1786,5018 1781,5013 1781,4979 1630,4979 1630,4989 1625,4994 1620,4994 1620,5013 1615,5018 1215,5018 1210,5013 1210,4979 1205,4974 1049,4974 1049,5008 1044,5013 766,5013 761,5008 761,4974 756,4969 600,4969 600,5008 595,5013 488,5013 483,5018 473,5018 468,5023 468,5028 463,5033 463,5042 458,5047 458,5111 463,5116 463,5121 467,5125 468,5125 473,5130 478,5130 483,5135 644,5135 649,5130 898,5130 903,5135 908,5135 910,5137 910,5138 912,5140 912,5179 1083,5179 1088,5174 1088,5140 1093,5135 1440,5135 1445,5140 1513,5140 1518,5145 1518,5184 1542,5184 1547,5189 1689,5189 1694,5184 1703,5184 1708,5179 1713,5179 1718,5174 1718,5169 1720,5167 1721,5167 1723,5165 1723,5145 1728,5140 1820,5140 1825,5145 1825,5156 1824,5157 1824,5159 1823,5160 1823,5162 1822,5163 1822,5164 1821,5165 1821,5167 1820,5168 1820,5170 1819,5171 1819,5172 1818,5173 1818,5175 1817,5176 1817,5178 1816,5179 1816,5181 1815,5182 1815,5183 1814,5184 1814,5186 1813,5187 1813,5189 1812,5190 1812,5191 1811,5192 1811,5194 1810,5195 1810,5197 1809,5198 1809,5199 1808,5200 1808,5202 1806,5204 1679,5204 1677,5206 1676,5206 1674,5208 1664,5208 1664,5223 1659,5228 1650,5228 1645,5223 1645,5208 1640,5208 1638,5206 1637,5206 1635,5204 1488,5204 1488,5248 1484,5252 1371,5252 1369,5250 1368,5250 1366,5248 1157,5248 1152,5243 1152,5238 1147,5233 1093,5233 1088,5228 947,5228 942,5233 942,5243 937,5248 790,5248 785,5243 678,5243 673,5238 673,5204 478,5204 476,5206 475,5206 473,5208 473,5262 478,5267 488,5267 493,5272 493,5277 488,5282 463,5282 463,5296 458,5301 458,5355 468,5365 473,5365 478,5370 629,5370 634,5365 888,5365 893,5370 1420,5370 1425,5365 1430,5370 1781,5370 1783,5372 1784,5372 1786,5374 1815,5374 1817,5376 1817,5378 1818,5379 1818,5380 1819,5381 1819,5382 1820,5383 1820,5385 1821,5386 1821,5387 1822,5388 1822,5389 1823,5390 1823,5392 1824,5393 1824,5394 1825,5395 1825,5396 1826,5397 1826,5399 1827,5400 1827,5401 1828,5402 1828,5403 1829,5404 1829,5406 1830,5407 1830,5408 1831,5409 1831,5410 1832,5411 1832,5413 1833,5414 1833,5415 1834,5416 1834,5417 1835,5418 1835,5420 1836,5421 1836,5422 1837,5423 1837,5424 1838,5425 1838,5427 1839,5428 1839,5429 1840,5430 1840,5431 1841,5432 1841,5434 1842,5435 1842,5436 1843,5437 1843,5438 1844,5439 1844,5441 1845,5442 1844,5443 1698,5443 1698,5482 1696,5484 1696,5485 1694,5487 1576,5487 1571,5482 1425,5482 1420,5487 1313,5487 1308,5482 1308,5443 1303,5438 1142,5438 1137,5443 1137,5487 1132,5492 1122,5492 1120,5494 1119,5494 1117,5496 1113,5496 1113,5501 1108,5506 1108,5516 1103,5521 1054,5521 1049,5516 1049,5487 1044,5482 898,5482 893,5477 893,5438 678,5438 673,5443 673,5477 668,5482 463,5482 463,5599 615,5599 617,5601 617,5602 619,5604 761,5604 766,5599 781,5599 783,5601 783,5602 785,5604 966,5604 971,5609 971,5643 1117,5643 1122,5638 1127,5638 1132,5633 1132,5628 1137,5623 1137,5619 1142,5614 1142,5609 1147,5604 1552,5604 1557,5609 1703,5609 1708,5604 1728,5604 1733,5609 1920,5609 1921,5610 1921,5611 1922,5612 1922,5614 1923,5615 1923,5616 1924,5617 1924,5618 1925,5619 1925,5620 1926,5621 1926,5622 1927,5623 1927,5624 1928,5625 1928,5626 1929,5627 1929,5628 1930,5629 1930,5630 1931,5631 1931,5633 1932,5634 1932,5635 1933,5636 1933,5637 1934,5638 1934,5639 1935,5640 1935,5641 1936,5642 1936,5643 1937,5644 1937,5645 1938,5646 1938,5647 1939,5648 1939,5649 1940,5650 1940,5651 1941,5652 1941,5654 1942,5655 1942,5656 1943,5657 1943,5658 1944,5659 1944,5660 1945,5661 1945,5662 1946,5663 1946,5664 1947,5665 1947,5666 1948,5667 1948,5668 1949,5669 1949,5670 1950,5671 1950,5673 1951,5674 1951,5675 1952,5676 1952,5677 1953,5678 1953,5679 1954,5680 1954,5681 1955,5682 1955,5683 1956,5684 1956,5685 1957,5686 1957,5687 1958,5688 1958,5689 1959,5690 1959,5691 1960,5692 1960,5694 1961,5695 1961,5696 1962,5697 1962,5698 1963,5699 1963,5700 1964,5701 1964,5702 1965,5703 1965,5704 1966,5705 1966,5706 1967,5707 1967,5708 1968,5709 1968,5710 1969,5711 1969,5713 1970,5714 1970,5715 1971,5716 1971,5717 1972,5718 1972,5719 1973,5720 1972,5721 1957,5721 1952,5716 1576,5716 1571,5711 1430,5711 1425,5716 1352,5716 1347,5711 1347,5706 1345,5704 1344,5704 1342,5702 1342,5672 1181,5672 1181,5692 1176,5697 1171,5692 1171,5672 1166,5667 1020,5667 1015,5672 1015,5706 1010,5711 737,5711 732,5706 585,5706 580,5711 483,5711 468,5726 468,5731 463,5736 463,5799 468,5804 468,5814 475,5821 476,5821 483,5828 483,5833 644,5833 644,5828 646,5826 647,5826 649,5824 712,5824 714,5826 715,5826 717,5828 717,5833 776,5833 781,5838 781,5877 1034,5877 1039,5872 1039,5838 1044,5833 1415,5833 1420,5838 1801,5838 1806,5843 1806,5882 1947,5882 1952,5877 1957,5877 1957,5872 1959,5870 1960,5870 1962,5868 1962,5863 1967,5858 1967,5848 1972,5843 1988,5843 1989,5844 1989,5848 1988,5849 1988,5859 1987,5860 1987,5870 1986,5871 1986,5880 1985,5881 1985,5891 1984,5892 1984,5902 1983,5903 1983,5906 1982,5907 1859,5907 1859,5911 1857,5913 1857,5914 1855,5916 1855,5946 1850,5951 1825,5951 1820,5946 1820,5907 1818,5905 1818,5904 1816,5902 1650,5902 1650,5936 1645,5941 1542,5941 1537,5936 1537,5902 1532,5897 1532,5892 1391,5892 1391,5897 1386,5902 1386,5936 1381,5941 1371,5941 1366,5936 1366,5902 1364,5900 1364,5899 1362,5897 1362,5892 1205,5892 1205,5897 1200,5902 1200,5936 1198,5938 1198,5939 1196,5941 942,5941 937,5936 937,5926 785,5926 785,5936 783,5938 783,5939 781,5941 717,5941 712,5936 566,5936 561,5941 468,5941 468,6073 610,6073 610,6068 615,6063 1337,6063 1342,6068 1342,6073 1362,6073 1366,6077 1410,6077 1415,6082 1567,6082 1569,6080 1569,6079 1571,6077 1581,6077 1583,6075 1584,6075 1586,6073 1659,6073 1659,6068 1664,6063 1845,6063 1850,6068 1850,6112 1852,6114 1853,6114 1855,6116 1996,6116 1998,6114 1999,6114 2001,6112 2006,6112 2011,6107 2011,6102 2016,6097 2016,6092 2021,6087 2021,6077 2025,6073 2216,6073 2218,6075 2219,6075 2221,6077 2221,6082 2216,6087 2201,6087 2196,6092 2196,6145 2348,6145 2348,6121 2353,6116 2377,6116 2379,6114 2380,6114 2382,6112 2382,6107 2387,6102 2387,6092 2406,6073 2992,6073 2994,6075 2995,6075 2997,6077 3080,6077 3085,6082 3085,6097 3090,6102 3090,6107 3261,6107 3263,6105 3263,6104 3265,6102 3265,6097 3275,6087 3275,6068 3280,6063 3344,6063 3344,6058 3346,6056 3346,6055 3348,6053 3348,5955 3339,5955 3337,5953 3336,5953 3334,5951 2655,5951 2650,5946 2650,5907 2431,5907 2429,5909 2428,5909 2426,5911 2426,5946 2421,5951 2392,5951 2390,5953 2389,5953 2387,5955 2382,5955 2377,5960 2372,5960 2372,5965 2367,5970 2367,5975 2362,5980 2357,5980 2357,5985 2355,5987 2355,5988 2353,5990 2314,5990 2309,5985 2309,5955 2307,5953 2306,5953 2304,5951 2235,5951 2233,5949 2233,5948 2231,5946 2231,5911 2229,5909 2228,5909 2226,5907 2074,5907 2074,5946 2069,5951 2025,5951 2023,5949 2023,5948 2021,5946 2021,5911 2019,5909 2018,5909 2016,5907 1986,5907 1985,5906 1985,5902 1986,5901 1986,5892 1987,5891 1987,5881 1988,5880 1988,5871 1989,5870 1989,5860 1990,5859 1990,5849 1991,5848 1991,5844 1992,5843 2333,5843 2338,5838 2548,5838 2553,5843 2953,5843 2958,5848 2958,5887 2963,5892 3104,5892 3109,5887 3143,5887 3143,5848 3148,5843 3280,5843 3285,5838 3285,5819 3290,5814 3329,5814 3334,5809 3344,5809 3346,5807 3346,5806 3348,5804 3348,5799 3357,5790 3357,5736 3280,5736 3275,5731 3275,5682 3270,5677 3119,5677 3119,5682 3114,5687 3109,5687 3109,5716 3104,5721 3085,5721 3080,5716 3080,5682 2929,5682 2929,5697 2924,5702 2924,5716 2919,5721 2655,5721 2650,5716 2650,5682 2645,5677 2489,5677 2489,5716 2484,5721 2299,5721 2294,5716 2162,5716 2157,5711 2157,5706 2006,5706 2001,5711 2001,5716 1996,5721 1976,5721 1974,5719 1974,5718 1973,5717 1973,5716 1972,5715 1972,5714 1971,5713 1971,5712 1970,5711 1970,5710 1969,5709 1969,5708 1968,5707 1968,5705 1967,5704 1967,5703 1966,5702 1966,5701 1965,5700 1965,5699 1964,5698 1964,5697 1963,5696 1963,5695 1962,5694 1962,5693 1961,5692 1961,5691 1960,5690 1960,5689 1959,5688 1959,5687 1958,5686 1958,5684 1957,5683 1957,5682 1956,5681 1956,5680 1955,5679 1955,5678 1954,5677 1954,5676 1953,5675 1953,5674 1952,5673 1952,5672 1951,5671 1951,5670 1950,5669 1950,5668 1949,5667 1949,5665 1948,5664 1948,5663 1947,5662 1947,5661 1946,5660 1946,5659 1945,5658 1945,5657 1944,5656 1944,5655 1943,5654 1943,5653 1942,5652 1942,5651 1941,5650 1941,5649 1940,5648 1940,5647 1939,5646 1939,5644 1938,5643 1938,5642 1937,5641 1937,5640 1936,5639 1936,5638 1935,5637 1935,5636 1934,5635 1934,5634 1933,5633 1933,5632 1932,5631 1932,5630 1931,5629 1931,5628 1930,5627 1930,5625 1929,5624 1929,5623 1928,5622 1928,5621 1927,5620 1927,5619 1926,5618 1926,5617 1925,5616 1925,5615 1924,5614 1924,5613 1923,5612 1923,5611 1922,5610 1923,5609 2533,5609 2538,5614 2538,5653 2714,5653 2714,5628 2719,5623 2758,5623 2763,5628 2909,5628 2918,5619 2919,5619 2929,5609 3099,5609 3104,5614 3329,5614 3344,5599 3344,5565 3346,5563 3346,5562 3348,5560 3357,5560 3357,5500 3353,5496 3270,5496 3268,5494 3267,5494 3265,5492 3265,5448 2958,5448 2953,5453 2943,5453 2941,5455 2940,5455 2938,5457 2938,5467 2936,5469 2936,5470 2934,5472 2797,5472 2797,5482 2792,5487 2758,5487 2753,5492 2704,5492 2699,5487 2626,5487 2621,5482 2621,5448 2616,5443 2470,5443 2470,5482 2465,5487 2416,5487 2411,5482 2411,5443 2250,5443 2245,5448 2245,5482 2240,5487 1866,5487 1865,5486 1865,5484 1864,5483 1864,5482 1863,5481 1863,5480 1862,5479 1862,5477 1861,5476 1861,5475 1860,5474 1860,5473 1859,5472 1859,5470 1858,5469 1858,5468 1857,5467 1857,5466 1856,5465 1856,5463 1855,5462 1855,5461 1854,5460 1854,5459 1853,5458 1853,5456 1852,5455 1852,5454 1851,5453 1851,5452 1850,5451 1850,5443 1848,5443 1846,5441 1846,5440 1845,5439 1845,5438 1844,5437 1844,5435 1843,5434 1843,5433 1842,5432 1842,5431 1841,5430 1841,5428 1840,5427 1840,5426 1839,5425 1839,5424 1838,5423 1838,5421 1837,5420 1837,5419 1836,5418 1836,5417 1835,5416 1835,5414 1834,5413 1834,5412 1833,5411 1833,5410 1832,5409 1832,5407 1831,5406 1831,5405 1830,5404 1830,5403 1829,5402 1829,5400 1828,5399 1828,5398 1827,5397 1827,5396 1826,5395 1826,5393 1825,5392 1825,5391 1824,5390 1824,5389 1823,5388 1823,5386 1822,5385 1822,5384 1821,5383 1821,5382 1820,5381 1820,5379 1819,5378 1819,5377 1818,5376 1818,5375 1819,5374 1903,5374 1908,5379 1908,5409 1910,5411 1911,5411 1913,5413 2060,5413 2069,5404 2069,5399 2074,5394 2074,5379 2079,5374 2187,5374 2191,5370 2314,5370 2318,5374 2685,5374 2687,5376 2687,5377 2689,5379 2689,5418 2870,5418 2870,5379 2875,5374 3344,5374 3344,5311 3334,5311 3329,5306 3329,5291 3331,5289 3332,5289 3334,5287 3334,5208 3134,5208 3129,5213 3124,5213 3119,5208 2919,5208 2914,5213 2914,5248 2912,5250 2911,5250 2909,5252 2787,5252 2782,5257 2650,5257 2645,5252 2367,5252 2365,5250 2364,5250 2362,5248 2362,5213 2357,5208 2196,5208 2196,5233 2191,5238 2189,5236 2189,5235 2187,5233 2084,5233 2079,5228 2079,5213 2074,5208 1830,5208 1828,5206 1827,5206 1825,5204 1810,5204 1809,5203 1810,5202 1810,5200 1811,5199 1811,5197 1812,5196 1812,5195 1813,5194 1813,5192 1814,5191 1814,5189 1815,5188 1815,5187 1816,5186 1816,5184 1817,5183 1817,5181 1818,5180 1818,5178 1819,5177 1819,5176 1820,5175 1820,5173 1821,5172 1821,5170 1822,5169 1822,5168 1823,5167 1823,5165 1824,5164 1825,5165 1825,5174 1972,5174 1976,5170 1977,5170 1982,5165 1982,5160 1984,5158 1984,5157 1986,5155 1986,5150 1996,5140 2001,5140 2006,5145 2152,5145 2157,5140 2235,5140 2240,5145 2763,5145 2768,5150 2768,5189 2943,5189 2943,5150 2948,5145 3163,5145 3168,5150 3329,5150 3334,5145 3339,5145 3344,5140 3344,5101 3346,5099 3346,5098 3348,5096 3357,5096 3357,5042 3353,5038 3353,5033 3329,5033 3324,5028 3036,5028 3031,5023 2885,5023 2880,5028 2836,5028 2831,5023 2772,5023 2770,5021 2770,5020 2768,5018 2768,4984 2763,4979 2611,4979 2606,4984 2450,4984 2445,4989 2445,4994 2440,4999 2440,5003 2438,5005 2438,5006 2436,5008 2377,5008 2377,5018 2372,5023 2328,5023 2323,5018 2323,4979 2074,4979 2074,5003 2069,5008 2001,5008 2001,5018 1996,5023 1933,5023 1928,5028 1928,5038 1926,5040 1925,5040 1923,5042 1921,5040 1920,5040 1918,5038 1918,5028 1908,5018 1857,5018 1856,5017 1856,4948 1855,4947 1855,4907 1856,4906 2226,4906 2231,4911 2606,4911 2611,4916 2611,4955 2792,4955 2792,4916 2797,4911 3036,4911 3041,4906 3046,4906 3051,4911 3339,4911 3344,4906 3344,4896 3346,4894 3346,4893 3348,4891 3348,4794 3182,4794 3178,4798 3056,4798 3054,4796 3053,4796 3051,4794 2724,4794 2722,4796 2721,4796 2719,4798 2567,4798 2558,4789 2558,4774 2406,4774 2401,4779 2401,4789 2399,4791 2399,4792 2397,4794 2167,4794 2162,4789 2162,4745 1991,4745 1986,4750 1984,4748 1984,4747 1982,4745 1982,4740 1889,4740 1888,4739 1888,4738 1889,4737 1889,4736 1890,4735 1890,4734 1891,4733 1891,4731 1892,4730 1892,4729 1893,4728 1893,4727 1894,4726 1894,4724 1895,4723 1895,4722 1896,4721 1896,4720 1897,4719 1897,4717 1898,4716 1898,4715 1899,4714 1899,4713 1900,4712 1900,4710 1901,4709 1901,4708 1902,4707 1902,4706 1903,4705 1903,4703 1904,4702 1904,4701 1905,4700 1905,4699 1906,4698 1906,4696 1907,4695 1907,4694 1908,4693 1908,4692 1909,4691 1909,4689 1910,4688 1910,4687 1911,4686 1911,4685 1912,4684 1912,4682 1913,4681 1913,4680 1914,4679 1914,4678 1916,4676 2660,4676 2665,4681 2807,4681 2809,4679 2809,4678 2811,4676 3270,4676 3279,4667 3280,4667 3290,4657 3334,4657 3339,4652 3339,4647 3343,4643 3343,4642 3348,4637 3348,4584 3290,4584 3280,4574 3280,4569 3275,4564 3275,4515 3129,4515 3124,4520 3124,4559 3119,4564 2997,4564 2992,4559 2992,4540 2953,4540 2948,4535 2948,4515 2797,4515 2792,4520 2792,4559 2787,4564 2738,4564 2733,4559 2499,4559 2494,4554 2494,4515 2323,4515 2323,4554 2318,4559 1944,4559 1936,4551 1935,4551 1926,4542 1925,4542 1916,4533 1915,4533 1905,4523 1904,4523 1895,4514 1894,4514 1885,4505 1884,4505 1881,4502 1882,4501 2045,4501 2050,4496 2050,4452 2055,4447 2157,4447 2162,4452 2314,4452 2316,4450 2316,4449 2318,4447 2494,4447 2499,4452 2641,4452 2643,4450 2643,4449 2645,4447 2665,4447 2670,4452 2973,4452 2975,4454 2975,4455 2977,4457 2977,4501 3158,4501 3158,4457 3163,4452 3236,4452 3241,4447 3280,4447 3280,4432 3285,4427 3329,4427 3334,4422 3334,4418 3339,4413 3348,4413 3348,4354 3344,4354 3339,4349 3275,4349 3270,4344 3270,4339 2943,4339 2941,4337 2940,4337 2938,4335 2787,4335 2785,4337 2784,4337 2782,4339 2724,4339 2722,4337 2721,4337 2719,4335 2719,4291 2714,4286 2445,4286 2445,4330 2440,4335 2382,4335 2377,4330 2377,4286 2357,4286 2355,4284 2355,4283 2353,4281 2206,4281 2206,4330 2201,4335 1864,4335 1859,4330 1859,4320 1857,4318 1857,4317 1855,4315 1820,4315 1818,4313 1818,4312 1816,4310 1816,4286 1811,4281 1800,4281 1799,4280 1800,4279 1800,4278 1801,4277 1801,4276 1803,4274 1803,4273 1804,4272 1804,4271 1805,4270 1805,4269 1807,4267 1807,4266 1808,4265 1808,4264 1810,4262 1810,4261 1811,4260 1811,4259 1812,4258 1812,4257 1814,4255 1814,4254 1815,4253 1815,4252 1817,4250 1817,4249 1818,4248 1818,4247 1819,4246 1819,4245 1821,4243 1821,4242 1822,4241 1822,4240 1824,4238 1824,4237 1825,4236 1825,4235 1826,4234 1826,4233 1828,4231 1828,4230 1829,4229 1829,4228 1830,4227 1977,4227 1977,4222 1982,4217 2743,4217 2753,4227 2992,4227 2992,4222 2997,4217 3016,4217 3021,4222 3021,4227 3295,4227 3295,4222 3300,4217 3300,4203 3305,4198 3339,4198 3339,4193 3344,4188 3344,4134 3342,4132 3341,4132 3339,4130 3339,4125 3334,4120 3295,4120 3290,4115 3290,4110 3285,4105 3070,4105 3065,4100 3065,4061 2821,4061 2816,4066 2816,4095 2811,4100 2738,4100 2733,4105 2709,4105 2704,4100 2704,4056 2538,4056 2533,4061 2304,4061 2304,4100 2299,4105 2226,4105 2221,4100 2069,4100 2067,4098 2067,4097 2065,4095 2065,4061 2060,4056 1940,4056 1939,4055 1939,4054 1941,4052 1941,4051 1944,4048 1944,4047 1946,4045 1946,4044 1948,4042 1948,4041 1950,4039 1950,4038 1953,4035 1953,4034 1955,4032 1955,4031 1957,4029 1957,4028 1959,4026 1959,4025 1962,4022 1962,4021 1964,4019 1964,4018 1966,4016 1966,4015 1968,4013 1968,4012 1970,4010 1970,4009 1973,4006 1973,4005 1975,4003 1975,4002 1977,4000 1977,3999 1979,3997 1979,3996 1982,3993 1982,3992 1984,3990 1984,3989 1985,3988 2006,3988 2011,3993 2011,4022 2162,4022 2162,4017 2167,4012 2167,4008 2172,4003 2172,3998 2182,3988 2382,3988 2387,3993 2387,4032 2392,4037 2553,4037 2558,4032 2562,4032 2562,3993 2567,3988 3075,3988 3075,3983 3080,3978 3085,3983 3085,3998 3163,3998 3168,4003 3168,4027 3319,4027 3329,4017 3329,4012 3331,4010 3332,4010 3334,4008 3334,4003 3339,3998 3339,3968 3341,3966 3342,3966 3344,3964 3348,3964 3348,3905 3270,3905 3265,3900 3265,3876 3263,3874 3263,3873 3261,3871 3251,3871 3246,3866 3192,3866 3187,3861 3187,3822 2919,3822 2914,3827 2909,3827 2909,3832 2899,3842 2899,3851 2894,3856 2894,3861 2892,3863 2892,3864 2890,3866 2748,3866 2743,3871 2650,3871 2645,3866 2489,3866 2484,3871 2314,3871 2309,3866 2167,3866 2162,3871 2099,3871 2094,3876 2089,3871 2084,3871 2079,3866 1978,3866 1977,3865 1977,3864 1971,3858 1971,3857 1965,3851 1965,3850 1959,3844 1959,3843 1953,3837 1953,3836 1948,3831 1948,3830 1942,3824 1942,3823 1936,3817 1936,3816 1930,3810 1930,3809 1924,3803 1924,3802 1918,3796 1918,3795 1913,3790 1913,3789 1907,3783 1907,3782 1901,3776 1901,3775 1895,3769 1895,3768 1889,3762 1889,3761 1888,3760 1894,3754 2011,3754 2016,3759 2167,3759 2172,3754 2187,3754 2189,3756 2189,3757 2191,3759 2504,3759 2509,3754 2553,3754 2558,3759 2748,3759 2753,3754 2792,3754 2797,3759 2797,3802 2973,3802 2973,3759 2975,3757 2975,3756 2977,3754 3099,3754 3104,3759 3246,3759 3251,3754 3329,3754 3334,3749 3334,3744 3344,3734 3344,3651 3334,3641 3329,3641 3324,3636 2641,3636 2639,3634 2638,3634 2636,3632 2636,3597 2465,3597 2465,3617 2460,3622 2343,3622 2343,3632 2341,3634 2340,3634 2338,3636 2284,3636 2282,3634 2281,3634 2279,3632 2279,3622 2133,3622 2128,3627 2128,3632 2126,3634 2125,3634 2123,3636 1825,3636 1824,3635 1824,3633 1825,3632 1825,3629 1826,3628 1826,3626 1827,3625 1827,3623 1828,3622 1828,3620 1829,3619 1829,3617 1830,3616 1830,3613 1831,3612 1831,3610 1832,3609 1832,3607 1833,3606 1833,3604 1834,3603 1834,3601 1835,3600 1835,3597 1836,3596 1836,3594 1837,3593 1837,3591 1838,3590 1838,3588 1839,3587 1839,3585 1840,3584 1840,3582 1841,3581 1841,3578 1842,3577 1842,3575 1843,3574 1843,3572 1844,3571 1844,3569 1845,3568 1845,3566 1846,3565 1846,3562 1847,3561 1847,3559 1848,3558 1848,3556 1849,3555 1849,3553 1850,3552 1850,3550 1851,3549 1851,3546 1852,3545 1852,3543 1853,3542 1853,3540 1854,3539 1854,3537 1855,3536 1855,3534 1856,3533 1856,3531 1857,3530 1857,3527 1858,3526 1858,3525 1859,3524 2382,3524 2387,3529 2387,3563 2538,3563 2542,3559 2543,3559 2548,3554 2548,3544 2553,3539 2553,3529 2558,3524 2938,3524 2943,3519 3031,3519 3036,3524 3197,3524 3202,3519 3339,3519 3344,3514 3344,3505 3348,3501 3348,3500 3353,3495 3353,3427 3348,3427 3346,3425 3346,3424 3344,3422 3344,3407 3339,3402 3339,3397 3212,3397 3207,3392 3207,3358 3046,3358 3041,3363 3041,3402 3036,3407 3031,3407 3026,3412 3021,3412 3016,3407 2953,3407 2948,3402 2948,3358 2797,3358 2792,3363 2792,3397 2787,3402 2680,3402 2675,3397 2675,3363 2670,3358 2519,3358 2514,3363 2397,3363 2397,3402 2392,3407 2387,3402 2328,3402 2323,3397 2323,3368 2318,3363 2152,3363 2152,3388 2148,3392 2011,3392 2011,3402 2006,3407 1888,3407 1887,3406 1887,3306 1888,3305 2006,3305 2006,3295 2011,3290 2401,3290 2406,3295 2548,3295 2553,3290 3173,3290 3178,3295 3319,3295 3324,3290 3334,3290 3339,3285 3344,3285 3344,3275 3346,3273 3346,3272 3348,3270 3348,3192 3346,3190 3346,3189 3344,3187 3344,3173 3339,3173 3334,3168 3334,3163 3182,3163 3180,3165 3180,3166 3178,3168 3104,3168 3099,3163 3099,3153 2948,3153 2948,3163 2943,3168 2807,3168 2802,3173 2738,3173 2733,3168 2733,3129 2728,3124 2567,3124 2567,3168 2562,3173 2558,3173 2553,3168 2553,3158 2548,3153 2401,3153 2399,3155 2399,3156 2397,3158 2397,3168 2392,3173 2367,3173 2362,3168 2196,3168 2191,3173 2050,3173 2045,3168 1899,3168 1894,3173 1861,3173 1845,3157 1845,3129 1840,3124 1813,3124 1805,3116 1805,3115 1798,3108 1798,3107 1801,3104 1806,3104 1811,3099 1811,3065 1816,3060 3344,3060 3344,2938 3319,2938 3317,2936 3316,2936 3314,2934 3314,2904 3309,2899 3153,2899 3153,2934 3151,2936 3150,2936 3148,2938 3080,2938 3078,2936 3077,2936 3075,2934 3075,2904 3070,2899 3007,2899 3002,2894 2841,2894 2836,2899 2836,2934 2834,2936 2833,2936 2831,2938 2084,2938 2082,2936 2081,2936 2079,2934 2079,2899 2050,2899 2045,2894 1884,2894 1879,2899 1816,2899 1811,2904 1811,2938 1806,2943 1684,2943 1679,2938 1676,2938 1675,2937 1680,2932 1680,2931 1703,2908 1703,2907 1725,2885 1725,2884 1747,2862 1747,2861 1770,2838 1770,2837 1781,2826 1942,2826 1947,2821 1947,2753 1913,2753 1908,2748 1908,2733 1903,2728 1903,2719 1898,2714 1898,2713 1894,2709 1894,2708 1904,2698 1904,2697 1926,2675 1926,2674 1949,2651 1949,2650 1971,2628 1971,2627 1993,2605 1993,2604 1995,2602 2602,2602 2606,2606 2606,2641 2613,2648 2614,2648 2621,2655 2797,2655 2802,2650 2807,2650 2807,2645 2816,2636 2816,2631 2821,2626 2821,2606 2823,2604 2824,2604 2826,2602 2860,2602 2862,2604 2863,2604 2865,2606 2865,2645 2870,2650 3051,2650 3051,2606 3053,2604 3054,2604 3056,2602 3339,2602 3344,2597 3344,2514 3339,2514 3334,2509 3334,2494 3329,2489 3324,2489 3319,2484 3173,2484 3168,2479 3168,2445 3163,2440 3007,2440 3002,2445 3002,2475 3000,2477 2999,2477 2997,2479 2855,2479 2853,2481 2853,2482 2851,2484 2772,2484 2770,2486 2770,2487 2768,2489 2650,2489 2645,2484 2645,2445 2643,2443 2643,2442 2641,2440 2445,2440 2445,2455 2440,2460 2440,2479 2438,2481 2438,2482 2436,2484 2387,2484 2382,2479 2382,2440 2380,2438 2379,2438 2377,2436 2226,2436 2224,2438 2223,2438 2221,2440 2216,2440 2214,2438 2213,2438 2211,2436 2111,2436 2110,2435 2110,2433 2111,2432 2111,2431 2112,2430 2112,2428 2113,2427 2113,2426 2114,2425 2114,2423 2116,2421 2167,2421 2167,2377 2172,2372 2577,2372 2582,2377 2582,2416 2728,2416 2738,2406 2738,2397 2743,2392 2743,2387 2748,2382 2748,2377 2753,2372 3329,2372 3334,2367 3339,2367 3339,2362 3344,2357 3344,2328 3346,2326 3346,2325 3348,2323 3353,2323 3353,2265 3334,2265 3329,2260 3275,2260 3270,2255 3265,2255 3263,2253 3263,2252 3261,2250 3261,2240 3051,2240 3051,2250 3046,2255 2943,2255 2938,2250 2938,2240 2787,2240 2782,2245 2782,2250 2777,2255 2728,2255 2726,2257 2726,2258 2724,2260 2719,2260 2709,2270 2709,2279 2704,2284 2704,2289 2699,2294 2675,2294 2670,2289 2670,2260 2665,2255 2655,2255 2650,2250 2650,2245 2645,2240 2489,2240 2489,2250 2484,2255 2436,2255 2431,2250 2431,2240 2279,2240 2279,2250 2274,2255 2108,2255 2106,2253 2105,2253 2103,2251 2102,2251 2099,2248 2098,2248 2096,2246 2095,2246 2093,2244 2092,2244 2090,2242 2089,2242 2086,2239 2085,2239 2083,2237 2082,2237 2080,2235 2079,2235 2077,2233 2076,2233 2073,2230 2072,2230 2070,2228 2069,2228 2067,2226 2066,2226 2063,2223 2062,2223 2060,2221 2059,2221 2057,2219 2056,2219 2054,2217 2053,2217 2050,2214 2049,2214 2047,2212 2046,2212 2044,2210 2043,2210 2041,2208 2040,2208 2037,2205 2036,2205 2034,2203 2033,2203 2031,2201 2030,2201 2028,2199 2027,2199 2024,2196 2023,2196 2021,2194 2020,2194 2018,2192 2017,2192 2015,2190 2014,2190 2011,2187 2010,2187 2008,2185 2007,2185 2005,2183 2004,2183 2002,2181 2001,2181 1998,2178 1997,2178 1995,2176 1994,2176 1992,2174 1991,2174 1989,2172 1988,2172 1985,2169 1984,2169 1982,2167 1981,2167 1979,2165 1978,2165 1976,2163 1975,2163 1972,2160 1971,2160 1969,2158 1968,2158 1966,2156 1965,2156 1962,2153 1961,2153 1959,2151 1958,2151 1956,2149 1955,2149 1953,2147 1952,2147 1949,2144 1948,2144 1946,2142 1945,2142 1943,2140 1942,2140 1941,2139 1942,2138 2025,2138 2030,2133 2196,2133 2201,2138 2675,2138 2680,2143 2680,2157 2821,2157 2821,2143 2826,2138 3065,2138 3070,2143 3178,2143 3180,2145 3180,2146 3182,2148 3324,2148 3329,2143 3339,2143 3344,2138 3344,2079 3334,2079 3329,2074 3329,2030 3324,2025 3265,2025 3261,2021 3261,1991 3256,1986 3065,1986 3058,1993 3058,1994 3051,2001 3051,2021 3049,2023 3048,2023 3046,2025 3031,2025 3029,2023 3028,2023 3026,2021 2772,2021 2768,2025 2748,2025 2746,2023 2745,2023 2743,2021 2743,1977 2582,1977 2577,1982 2577,2016 2572,2021 2030,2021 2025,2016 2025,2006 1982,2006 1977,2001 1977,1972 1915,1972 1914,1971 1917,1968 1917,1967 1922,1962 1922,1961 1926,1957 1926,1956 1930,1952 1930,1951 1934,1947 1934,1946 1938,1942 1938,1941 1943,1936 1943,1935 1947,1931 1947,1930 1951,1926 1951,1925 1955,1921 1955,1920 1960,1915 1960,1914 1964,1910 1964,1909 1965,1908 2240,1908 2245,1913 2548,1913 2553,1918 2553,1957 2733,1957 2733,1918 2738,1913 3270,1913 3275,1908 3275,1903 3277,1901 3278,1901 3280,1899 3280,1894 3290,1884 3339,1884 3339,1874 3344,1869 3353,1869 3353,1811 3285,1811 3270,1796 2997,1796 2992,1791 2992,1757 2987,1752 2826,1752 2821,1757 2821,1786 2816,1791 2728,1791 2726,1793 2726,1794 2724,1796 2621,1796 2616,1791 2616,1777 2577,1777 2572,1772 2572,1752 2567,1747 2421,1747 2416,1752 2416,1786 2411,1791 2353,1791 2348,1786 2348,1762 2343,1757 2177,1757 2172,1752 2172,1747 2006,1747 2006,1786 2001,1791 1990,1791 1989,1790 1989,1789 1986,1786 1986,1785 1984,1783 1984,1782 1982,1780 1982,1779 1979,1776 1979,1775 1977,1773 1977,1772 1974,1769 1974,1768 1972,1766 1972,1765 1969,1762 1969,1761 1967,1759 1967,1758 1965,1756 1965,1755 1962,1752 1962,1751 1960,1749 1960,1748 1957,1745 1957,1744 1955,1742 1955,1741 1953,1739 1953,1738 1950,1735 1950,1734 1948,1732 1948,1731 1945,1728 1945,1727 1943,1725 1943,1724 1941,1722 1941,1721 1938,1718 1938,1717 1936,1715 1936,1714 1933,1711 1933,1710 1931,1708 1931,1707 1928,1704 1928,1703 1926,1701 1926,1700 1924,1698 1924,1697 1921,1694 1921,1693 1919,1691 1919,1690 1916,1687 1916,1686 1914,1684 1914,1683 1912,1681 1912,1680 1913,1679 2050,1679 2055,1684 2372,1684 2377,1689 2377,1723 2470,1723 2475,1728 2660,1728 2660,1689 2665,1684 2689,1684 2694,1689 2694,1718 2841,1718 2846,1713 2846,1708 2850,1704 2850,1703 2855,1698 2855,1689 2860,1684 3334,1684 3344,1674 3348,1674 3348,1635 3353,1630 3357,1630 3357,1571 3339,1571 3337,1569 3336,1569 3334,1567 3265,1567 3263,1565 3263,1564 3261,1562 2968,1562 2963,1557 2963,1523 2958,1518 2792,1518 2787,1523 2782,1523 2777,1518 2631,1518 2626,1523 2626,1557 2621,1562 2499,1562 2494,1567 2416,1567 2411,1562 2411,1547 2206,1547 2201,1552 2201,1557 2196,1562 1938,1562 1933,1557 1933,1538 1936,1535 1936,1534 1939,1531 1939,1530 1942,1527 1942,1526 1945,1523 1945,1522 1948,1519 1948,1518 1951,1515 1951,1514 1954,1511 1954,1510 1957,1507 1957,1506 1960,1503 1960,1502 1963,1499 1963,1498 1966,1495 1966,1494 1969,1491 1969,1490 1972,1487 1972,1486 1975,1483 1975,1482 1978,1479 1978,1478 1981,1475 1981,1474 1984,1471 1984,1470 1987,1467 1987,1466 1990,1463 1990,1462 1992,1460 1992,1459 1995,1456 1995,1455 1998,1452 1998,1451 2000,1449 2123,1449 2125,1447 2126,1447 2128,1445 2216,1445 2218,1447 2219,1447 2221,1449 2260,1449 2265,1454 2265,1493 2279,1493 2284,1498 2426,1498 2431,1493 2445,1493 2445,1454 2450,1449 2953,1449 2958,1454 3099,1454 3104,1449 3348,1449 3350,1447 3351,1447 3353,1445 3353,1381 3348,1376 3348,1371 3339,1371 3334,1366 3334,1332 3329,1332 3324,1327 3265,1327 3263,1325 3263,1324 3261,1322 3261,1303 3256,1298 3256,1288 3085,1288 3085,1308 3080,1313 3060,1313 3058,1311 3058,1310 3056,1308 3056,1288 3051,1283 2909,1283 2904,1288 2904,1327 2899,1332 2841,1332 2836,1327 2694,1327 2689,1332 2392,1332 2387,1327 2387,1288 2240,1288 2235,1293 2231,1293 2231,1313 2226,1318 2226,1327 2221,1332 2065,1332 2060,1327 2060,1298 2055,1293 2030,1293 2025,1288 1990,1288 1989,1287 1988,1287 1985,1284 1984,1284 1980,1280 1979,1280 1976,1277 1975,1277 1972,1274 1971,1274 1967,1270 1966,1270 1963,1267 1962,1267 1959,1264 1958,1264 1954,1260 1953,1260 1950,1257 1949,1257 1946,1254 1945,1254 1941,1250 1940,1250 1937,1247 1936,1247 1933,1244 1932,1244 1928,1240 1927,1240 1924,1237 1923,1237 1920,1234 1919,1234 1915,1230 1914,1230 1911,1227 1910,1227 1907,1224 1906,1224 1902,1220 1901,1220 1898,1217 1897,1217 1896,1216 1897,1215 2353,1215 2355,1217 2355,1218 2357,1220 2357,1264 2538,1264 2538,1220 2543,1215 2699,1215 2704,1220 2890,1220 2892,1218 2892,1217 2894,1215 2904,1215 2909,1220 3324,1220 3324,1210 3329,1205 3344,1205 3344,1161 3348,1157 3357,1157 3357,1093 3290,1093 3285,1088 3285,1064 3280,1059 3280,1049 3056,1049 3051,1054 3026,1054 3021,1059 3021,1088 3016,1093 2948,1093 2943,1088 2943,1044 2802,1044 2797,1049 2782,1049 2777,1054 2777,1088 2772,1093 2621,1093 2616,1088 2616,1049 2475,1049 2470,1054 2440,1054 2440,1093 2438,1095 2438,1096 2436,1098 2421,1098 2416,1093 2357,1093 2355,1091 2355,1090 2353,1088 2353,1054 2348,1049 2187,1049 2187,1093 2182,1098 2099,1098 2094,1093 2094,1059 2089,1054 1938,1054 1938,1093 1933,1098 1694,1098 1689,1093 1689,1054 1684,1049 1523,1049 1523,1093 1518,1098 1513,1098 1508,1103 1498,1103 1493,1108 1493,1113 1491,1115 1490,1115 1488,1117 1488,1122 1486,1124 1486,1125 1484,1127 1479,1122 1479,1108 1464,1093 1313,1093 1308,1088 1176,1088 1171,1083 1171,1044 1015,1044 1010,1049 1005,1049 1005,1083 1000,1088 912,1088 910,1086 910,1085 908,1083 908,1044 766,1044 761,1049 742,1049 737,1054 732,1054 732,1088 727,1093 654,1093 649,1088 649,1044"/><TextEquiv><Unicode/></TextEquiv><TextLine id="r3_l001"><Coords points="534,1068 3295,1068 3295,1241 534,1241"/><TextEquiv index="1"><Unicode>la plus jeune, du moins la plus aimable</Unicode></TextEquiv></TextLine><TextLine id="r3_l002"><Coords points="539,1302 3290,1302 3290,1475 539,1475"/><TextEquiv index="1"><Unicode>et la mieux mise. Son poux avait la</Unicode></TextEquiv></TextLine><TextLine id="r3_l003"><Coords points="534,1536 3295,1536 3295,1714 534,1714"/><TextEquiv index="1"><Unicode>manie de briller; et Jeannette, qui, emme</Unicode></TextEquiv></TextLine><TextLine id="r3_l004"><Coords points="534,1749 3290,1749 3290,1938 534,1938"/><TextEquiv index="1"><Unicode>comme une autre, ne hassait pas la co-</Unicode></TextEquiv></TextLine><TextLine id="r3_l005"><Coords points="1454,2155 1453,2155 1453,2110 1453,2109 1170,2109 1169,2110 1169,2125 1169,2125 1165,2125 1164,2126 1164,2135 1164,2135 1159,2135 1158,2136 1158,2145 1158,2145 1154,2145 1153,2146 1153,2150 1153,2150 1139,2150 1138,2150 1138,2110 1138,2109 798,2109 797,2110 797,2115 797,2115 788,2115 787,2115 787,2110 787,2109 600,2109 599,2110 599,2120 599,2120 585,2120 584,2120 584,2110 584,2109 559,2109 558,2109 558,2105 558,2104 544,2104 543,2104 543,2100 543,2099 539,2099 538,2099 538,2085 538,2084 534,2084 533,2084 533,2070 534,2069 538,2069 538,2069 538,2060 539,2059 543,2059 543,2059 543,2055 544,2054 548,2054 548,2054 548,2049 549,2048 553,2048 553,2048 553,2044 554,2043 782,2043 782,2043 782,2029 783,2028 838,2028 838,2028 838,2024 839,2023 843,2023 843,2024 843,2028 844,2028 848,2028 848,2029 848,2038 849,2038 1011,2038 1011,2038 1011,1999 1012,1998 1026,1998 1026,1999 1026,2048 1027,2048 1092,2048 1092,2049 1092,2054 1093,2054 1097,2054 1097,2055 1097,2059 1098,2059 1245,2059 1245,2059 1245,2055 1246,2054 1250,2054 1250,2054 1250,2049 1251,2048 1260,2048 1260,2048 1260,2044 1261,2043 1682,2043 1682,2043 1682,2019 1683,2018 1687,2018 1687,2018 1687,2009 1688,2008 1692,2008 1692,2008 1692,2004 1693,2003 1698,2003 1698,2003 1698,1999 1699,1998 1738,1998 1738,1999 1738,2028 1739,2028 1784,2028 1784,2029 1784,2043 1785,2043 1896,2043 1896,2043 1896,1999 1897,1998 1911,1998 1911,1999 1911,2028 1912,2028 1957,2028 1957,2029 1957,2043 1958,2043 2649,2043 2649,2043 2649,2008 2650,2007 2654,2007 2654,2007 2654,2004 2655,2003 2679,2003 2679,2004 2679,2048 2680,2048 2842,2048 2842,2048 2842,2044 2843,2043 2959,2043 2959,2044 2959,2048 2960,2048 3121,2048 3121,2048 3121,2024 3122,2023 3127,2023 3127,2023 3127,2019 3128,2018 3132,2018 3132,2018 3132,2014 3133,2013 3137,2013 3137,2013 3137,2009 3138,2008 3188,2008 3188,2009 3188,2013 3189,2013 3193,2013 3193,2014 3193,2048 3194,2048 3259,2048 3259,2049 3259,2054 3260,2054 3264,2054 3264,2055 3264,2099 3265,2099 3274,2099 3274,2100 3274,2104 3275,2104 3279,2104 3279,2105 3279,2115 3279,2115 3275,2115 3274,2116 3274,2120 3274,2120 3260,2120 3259,2121 3259,2125 3259,2125 3255,2125 3254,2125 3254,2121 3254,2120 3143,2120 3142,2120 3142,2116 3142,2115 2756,2115 2755,2116 2755,2130 2755,2130 2751,2130 2750,2130 2750,2116 2750,2115 2273,2115 2272,2115 2272,2110 2272,2109 1983,2109 1958,2109 1957,2110 1957,2115 1957,2115 1815,2115 1814,2115 1814,2110 1814,2109 1490,2109 1489,2110 1489,2155 1489,2155"/><TextEquiv index="1"><Unicode>quetterie, en profitait sans en abuser. Sa</Unicode></TextEquiv></TextLine><TextLine id="r3_l006"><Coords points="529,2233 3290,2233 3290,2395 529,2395"/><TextEquiv index="1"><Unicode>mre l'accompagnait par-tout, et cette</Unicode></TextEquiv></TextLine><TextLine id="r3_l007"><Coords points="529,2451 3280,2451 3280,2629 529,2629"/><TextEquiv index="1"><Unicode>femme estimable jouissait des loges qu'on</Unicode></TextEquiv></TextLine><TextLine id="r3_l008"><Coords points="529,2685 1882,2685 1882,2853 529,2853"/><TextEquiv index="1"><Unicode>prodiguait  sa fille.</Unicode></TextEquiv></TextLine><TextLine id="r3_l009"><Coords points="697,2919 3285,2919 3285,3087 697,3087"/><TextEquiv index="1"><Unicode>Cependant les prfrences accordes </Unicode></TextEquiv></TextLine><TextLine id="r3_l010"><Coords points="534,3138 3290,3138 3290,3311 534,3311"/><TextEquiv index="1"><Unicode>Jannette par les hommes et dans tous</Unicode></TextEquiv></TextLine><TextLine id="r3_l011"><Coords points="529,3382 3290,3382 3290,3539 529,3539"/><TextEquiv index="1"><Unicode>les cercles, excitrent la jalousie des</Unicode></TextEquiv></TextLine><TextLine id="r3_l012"><Coords points="529,3616 3280,3616 3280,3778 529,3778"/><TextEquiv index="1"><Unicode>femmes. On murmura tont bas que ce</Unicode></TextEquiv></TextLine><TextLine id="r3_l013"><Coords points="529,3845 3285,3845 3285,4012 529,4012"/><TextEquiv index="1"><Unicode>n'tait pas grand'chose, une pauvre fille,</Unicode></TextEquiv></TextLine><TextLine id="r3_l014"><Coords points="524,4079 3280,4079 3280,4231 524,4231"/><TextEquiv index="1"><Unicode>tout bonnement, leve aux Enfans-Trou-</Unicode></TextEquiv></TextLine><TextLine id="r3_l015"><Coords points="524,4307 3285,4307 3285,4475 524,4475"/><TextEquiv index="1"><Unicode>vs, adopte ensuite par charit: on pu-</Unicode></TextEquiv></TextLine><TextLine id="r3_l016"><Coords points="529,4531 3285,4531 3285,4694 529,4694"/><TextEquiv index="1"><Unicode>blia mme qu'un de ses oncles avait m-</Unicode></TextEquiv></TextLine><TextLine id="r3_l017"><Coords points="529,4760 3285,4760 3285,4933 529,4933"/><TextEquiv index="1"><Unicode>rit une sentence infamante pour un</Unicode></TextEquiv></TextLine><TextLine id="r3_l018"><Coords points="529,4989 3295,4989 3295,5167 529,5167"/><TextEquiv index="1"><Unicode>crime qu'on exagra, et bientt la pauvre</Unicode></TextEquiv></TextLine><TextLine id="r3_l019"><Coords points="529,5228 3280,5228 3280,5396 529,5396"/><TextEquiv index="1"><Unicode>Jeannette se vit l'objet des coups-d'il</Unicode></TextEquiv></TextLine><TextLine id="r3_l020"><Coords points="534,5462 3295,5462 3295,5630 534,5630"/><TextEquiv index="1"><Unicode>malins, des sourires sardoniques Elle</Unicode></TextEquiv></TextLine><TextLine id="r3_l021"><Coords points="534,5691 3295,5691 3295,5869 534,5869"/><TextEquiv index="1"><Unicode>en apprit la cause; et sa raison rpri-</Unicode></TextEquiv></TextLine><TextLine id="r3_l022"><Coords points="534,5919 3285,5919 3285,6092 534,6092"/><TextEquiv index="1"><Unicode>mant ses desirs de jouir, elle renona</Unicode></TextEquiv></TextLine></TextRegion><TextRegion id="r4" type="page-number" orientation="-0.0"><Coords points="2074,820 2074,825 2069,829 2050,829 2050,868 2045,873 2016,873 2011,868 2011,844 2006,839 2006,834 2001,834 1996,829 1991,829 1986,825 1835,825 1830,829 1825,829 1820,834 1816,834 1816,868 1811,873 1791,873 1786,868 1786,834 1630,834 1630,839 1625,844 1620,844 1615,849 1615,859 1611,864 1611,873 1606,878 1606,888 1601,893 1601,961 1606,966 1606,995 1611,1000 1611,1005 1615,1010 1615,1015 1620,1020 1620,1025 1625,1025 1630,1030 1781,1030 1781,995 1786,991 1825,991 1830,995 1977,995 1982,991 2040,991 2045,995 2045,1030 2196,1030 2206,1020 2206,1015 2211,1010 2211,1005 2216,1000 2216,986 2221,981 2221,976 2226,971 2226,883 2221,878 2221,820"/><TextEquiv><Unicode/></TextEquiv><TextLine id="r4_l001"><Coords points="1673,844 2161,844 2161,1007 1673,1007"/><TextEquiv index="1"><Unicode>.</Unicode></TextEquiv></TextLine></TextRegion></Page></PcGts>