4266 7844
1607 943 2097 1101 ..
459 1164 3205 1332 reuse, ma mre, parfaitement heureuse!
459 1398 3338 1562 et le ciel a rcompens la docilit que je
459 1628 1250 1751 vous devais.
623 1863 3205 1980 Jeannette serra sa mre contre son
449 2093 3220 2246 sein, et bientt ces deux amies tournrent
449 2322 3205 2491 toute leur attention sur l'enfant, qui pa-
367 2547 3190 2720 raissait timide et contraint prs d'elles.
444 2781 3200 2945 Auguste, lui dit Joannette, viens ici?
444 3016 3200 3180 -- Je ne m'appelle pas Auguste, lui dit
444 3236 3190 3421 timidement l'enfant, je m'appelle Char-
439 3465 3190 3634 les. -- Hein? qu'est-ce qu'il dit l, de-
357 3700 3190 3858 mande Jeannette  sa mre? -- Bon,
434 3935 3190 4103 rpond madame Dricourt, Auguste, ou
439 4165 3185 4333 Charles, cela est indiffrent; apparem-
429 4399 3180 4558 ment qu'il a deux noms, Charles-Au-
429 4634 3185 4797 guste. Dis-moi, mon petit homme, com-
424 4864 3180 5032 ment s'appelait ton papa? -- Mon papa?...
428 5087 3184 5251 Je n'ai pas de papa, moi? -- Oui, il est
419 5323 3180 5451 mort? Et ta maman? -- Ni de maman
419 5553 3185 5721 non plus. -- Pauvre orphelin! Leurs
419 5777 3164 5951 noms? -- (L'enant ne rpond pas). Il l'a
424 6012 3159 6196 oubli; peut-tre sont - ils morts depuis
