4266 7953
1060 1154 3837 1349 long-tems. Et qui est-ce qui a eu soin de
1067 1402 3842 1583 toi jusqu'à présent? -- Ma nourrice.
1067 1639 3837 1819 -- En quel endroit? -- (L'enfant se tait).
1072 1864 3852 2048 -- Vous lui faites là des questions, inter-
1071 2102 3852 2280 rompt Jeannette, auxquelles il est impos-
1071 2333 3847 2513 sible qu'il réponde. A cet âge tendre,
1072 2566 3857 2746 est-ce qu'or se rappelle?... Il est vrai qu'à
1077 2793 3858 2971 quatre ans, moi, je me souvenais de tout
1081 3027 3858 3212 ce que j'avais vu à l'hospice, même des
1081 3253 3847 3446 noms de mes petits camarades. Voyons,
1035 3510 3137 3682 que je l'interroge à mon tour?
1252 3738 3858 3918 Jeannette prend l'enfant sur ses genoux:
1117 3976 3863 4141 Tu connais bien, n'est-ce pas, le mon-
1092 4207 3862 4392 sieur qui vient de t'amener ici? -- Mon-
1092 4445 3867 4581 sieur Briceval? c'est mon bon ami. -- Tu
1093 4673 3863 4854 l'as donc vu souvent? --Oh, très-souvent:
1102 4909 3874 5087 il m'apportait toujours du bonbon, et
1102 5140 3863 5322 puis il m'embrassait: oh, je l'aime bien.
1102 5369 3884 5548 -- C'est chez ta nourrice qu'il allait?
1102 5601 3883 5787 -- Oui, où il y avait un petit garçon bien
1107 5839 3883 6022 méchant, qui me pinçait toujours, et le
1117 6066 3873 6254 gros chien m'a mordu en voulant me dé-
2170 942 2661 1108 on
