4266 7746
1523 978 2007 1135 Li.
317 1171 3283 1409 fendre: mon bon ami, qui tait l, m'a
314 1411 3280 1644 cru bless, et il s'est trouv mal. -- Il
311 1643 3277 1871 s'est ... trouv mal? -- Oui, et il pleu-
308 1864 3274 2104 rait, il pleurait, en disant que j'tais
305 2088 3271 2324 mort, qu'il m'avait perdu! et moi, je lui
302 2317 3268 2554 ai dit: Non, mon bon ami, je ne suis pas
299 2544 1562 2722 perdu, me voil!
295 2798 3261 2992 Jeannette rougit et plit successive-
292 2996 3258 3232 ment. Sa mre s'aperut de son trouble:
289 3189 3256 3466 Qu'as - tu, mon enfant? -- Rien, ma
287 3455 3253 3696 mre... Mais c'est que.... Me pardonne-
284 3681 3250 3934 rez-vous si je vous fais part du soupon,
281 3911 3247 4155 injuste sans doute, qui s'lve dans mon
278 4138 3244 4387 cur? -- Parle? -- Cet enfant, s'il tait
275 4364 3241 4612 celui de mon poux? -- Oh, non, inter-
272 4587 3238 4851 rompt l'enfant; il n'est pas mon papa;
269 4815 3235 5069 car il m'a bien dfendu de l'appeler
266 5048 3232 5296 comme cela. -- Vous l'entendez, ma
263 5257 3229 5529 mre?... -- Quelle olie, Jeannette!
260 5504 3226 5741 votre mari serait-il capable de vous pr-
257 5707 3224 5985 senter.... d'introduire chez vous.... Al-
254 5978 3220 6204 lons, ne me parlez jamais de cela? J'ai
