4266 7858
2168 966 2649 1125 tt.
1032 1191 3790 1360 mais m'a-t-il jamais aime?... Ce que j'an-
1038 1437 3790 1600 pelle aime... d'amour? non. Il m'a paru
1032 1668 3796 1841 ne cder qu' une promesse, qu' des con-
1038 1901 3786 2063 venances, et non aux sentimens du cur.
1033 2132 3785 2301 Il est toujours sombre, toujours mlanco-
1038 2358 3801 2527 lique. S'il avait aim une autre! si cet en-
1032 2591 3796 2761 fant.... Quel malheur que la faiblesse de
1043 2825 3801 3000 son ge l'empche de se rappeler les noms
1043 3045 3805 3219 de ses parens, des villes ou villages o il
1043 3274 3806 3450 a t lev! il parat qu'il n'a connu et
1049 3498 3795 3689 vu que sa nourrice et M. de Briceval:
1053 3734 3806 3903 monsieur de Briceval, son bon ami, qui
1048 3965 3805 4142 lui a dfendu de l'appeler papa!... O les
1043 4199 3801 4369 hommes! ils nous accusent de perfidie,
1048 4429 3800 4563 de dissimulation: il serait fort d'intro-
1053 4664 3810 4834 duire chez moi son propre fils, l'enfant
1058 4894 3810 5067 de l'amour! Eh bien, j'aimerais mieux
1058 5125 3815 5304 qu'il me le dise; oui, j'aurais prfr qu'il
1053 5358 3810 5526 m'et tout avou: ma chre Jeannette,
1058 5601 3811 5769 avant de te connatre, avant que tu eus-
1058 5826 3810 5994 ses des droits sur mon cur, sur ma fid-
1058 6053 3816 6236 lit, j'ai connu l'amour; tiens, voil
3519 6333 3826 6420 mon
