4266 7867
1644 886 2131 1050 i.
639 1101 3258 1279 Sur ces entreaites, il arriva un
491 1341 3257 1524 vnement qui fit un bien grand plaisir
496 1571 3268 1742 la sensible Jeannette. Ccile, son
496 1808 3340 1986 amie, dont elle n'avait point eu de
486 2040 3253 2224 nouvelles depuis prs de deux annes,
475 2274 3268 2454 reparut tout--coup; et voici comment
475 2508 2955 2642 se fit cette touchante reconnaissance.
639 2744 3237 2922 On se rappelle que la sur Emilie, en
481 2976 3242 3156 apprenant  Jeannette, qu'elle rencon-
475 3208 3262 3387 tra dans la rue, que ses parens pour-
465 3434 3227 3607 raient se retrouver, lui donna son adresse
480 3664 3227 3845 avec celle du laboureur Jacques: Jean-
470 3902 3227 4081 nette, rentre dans le sein de sa amille,
465 4126 3232 4311 n'avait pas manqu de faire part de son
465 4357 3232 4538 bonheur  cette amie de son enfance, et
466 4588 3232 4772 de lui envoyer mme des secours; car
465 4823 3222 5015 cette bonne ille vivait du travail peu lu-
455 5059 3227 5245 cratif de ses mains. Pendant son sjour
460 5299 3227 5477 d'hiver  Paris, Jeannette avait vu sou-
455 5529 3212 5716 vent Emilie, et l'avait mise en campa-
455 5765 3201 5955 gne de son ct pour qu'elle prt des in-
456 5997 3212 6143 formations sur le sort de l'infortune C-
