4266 7683
1084 1129 3785 1290 Moi, et sa bonne, sa meilleure amie,
1084 1351 3775 1547 sa chre Jeannette. -- Jeannette aussi,
1085 1583 3786 1768 vous la voyez! o est-elle? o est-elle?
1079 1804 3781 1982 -- Mais, monsieur, pardon:  qui ai-
950 2039 3786 2211 je l'honneur de parler? -- Vous voyez en
1079 2262 3781 2433 moi monsieur de Verneuil, l'ami intime
1086 2485 3785 2663 de Ccile, de Jeannette; et voil ma
1084 2718 3781 2894 sur, madame Dolmont, que j'ai ra-
1079 2949 3086 3124 mene de la province  Paris.
1239 3173 3796 3334 M. de Verneuil fait  Emilie mille
1084 3391 3781 3581 questions auxquelles elle satisfait. M. de
1085 3627 3781 3790 Verneuil s'crie: Jeannette riche, ma-
1055 3851 3790 4033 rie, dans le sein de sa famille? vte,
1079 4080 3796 4259 Labrie, un fiacre; mademoiselle Emilie
1080 4305 3786 4499 voudra bien venir avec nous, voir C-
1079 4535 3776 4715 cile, lui apprendre tant d'heureux chan-
1084 4767 1681 4942 gemens?
1075 4986 3776 5169 Emilie y consent; elle monte en voi-
1080 5213 3766 5380 ture avec madame Dolmont, son frre,
1085 5431 3776 5611 et tous trois arrivent chez Ccile, qui de-
1080 5664 3776 5841 meurait  un quatrime tage dans un
1085 5890 3791 6079 faubourg de Paris. Emilie recule deux
2191 910 2681 1065 ii.
