4266 7886
1026 1176 3784 1353 la voir, rpond M. de Verneuil: il faut
1026 1406 3794 1587 la surprendre bien agrablement. Ne lui
1026 1641 3779 1815 crivons pas; ne lui disons rien, et des-
1031 1868 3798 2006 cendons chez elle au moment o elle s'y
1011 2097 3789 2273 attendra le moins. -- Quoi, monsieur!
1026 2333 3784 2517 reprend Ccile, vous voulez que j'aille
1031 2559 3794 2695 chez madame de Briceval dans l'tat o
1022 2790 3784 2969 je suis? avoir l'air de lui demander!...
1017 2995 3789 3195 -- Ce n'est pas votre cur, Ccile, qui
1026 3243 3789 3416 vient de vous dicter ces mots injurieux
1005 3475 3779 3644 pour Jeannette; vous ne connaissez pas
1026 3694 3779 3873 cette femme rare et bien estimable; mais,
1021 3910 3784 4106 pour pargner votre dlicatesse, si vous
1016 4158 3779 4336 le permettez, ma sur et moi, nous
1016 4401 3779 4578 vous accompagnerons  Chartres; vous
1016 4625 3804 4801 n'aurez par l'air de tomber des nues;
1016 4836 3769 5032 car c'est l sans doute ce que vous appr-
1010 5080 3763 5265 hendiez. Quelle heure est-il? pas encore
1010 5312 3769 5492 midi. Par la poste nous pouvons y tre
1021 5547 3774 5723 ce soir; les jours sont longs, et il fait
1010 5781 3763 5959 un tems superbe: allons, partons? --
1017 6005 3769 6192 Ah, monsieur!.... -- Eh quoi, vous h-
