4266 7737
1072 1077 3797 1243 pour aller partager ses embrassemens, ou
1077 1298 3783 1482 mpriser ses ddains, si le bonheur avait
1072 1528 3778 1710 chang son caractre: partons. -- Quelle
1072 1761 3808 1943 misanthropie! et comme il faut vous
1077 2000 2786 2175 connatre pour l'excuser!
1228 2226 3798 2406 M. de Verneuil donne ses ordres pour le
1072 2456 3803 2640 dpart, et on l'entend murmurer sourde-
1072 2640 3778 2866 ment: Elle est marie!... un autre pos-
1072 2912 3461 3089 sde ce trsor! pauvre Vernenil!....
1133 3136 3788 3317 Cet homme estimable soupire; et C-
1072 3367 3778 3548 cile, qui devine seule le motif de son
1072 3591 3798 3776 motion, oublie qu'elle a besoin elle-
1067 3818 3783 4017 mme de consolations pour en prodiguer
1067 4051 3778 4234 son ami, sans cependant lui faire sen-
1067 4274 3773 4467 tir qu'elle connat, depuis long-tems,
1072 4513 3788 4700 son amour pour Jeannette. Tout est prt
1072 4733 3803 4916 enfin, et M. de Verneuil, madame Dol-
1072 4959 3778 5152 mont, Ccile, ainsi que la bonne Emi-
1067 5186 3768 5395 lie, montent tous quatre dans une ber-
1067 5412 3758 5619 line, qui soudain vole vers l'objet de tous
1067 5656 1834 5791 leurs vux.
2060 851 2665 1007 d.
