4266 7801
1162 1457 3504 1624 CHAPITRE
1300 1834 3383 1945 Touchons-nous au dénouement?
2083 833 2596 990 io
969 2203 3722 2366 Jeannette était à se promener dans
965 2428 3708 2585 le jardin avec sa mère. La soirée était
960 2657 3718 2819 fraîche et magnifique. Les fleurs flétries
965 2885 3703 3053 naguères par la chaleur du jour, se re-
965 3114 3743 3276 dressaient sur leurs tiges rafraîchies par
970 3342 3713 3500 ne douce rosée; elles ouvraient leur ca-
960 3576 3713 3738 lice, et parfumaient les airs de mille
970 3810 3728 3967 odeurs délicieuses. La lune, dans son
979 4037 3717 4200 plein, réfléchissait son disque dans l'eau
970 4272 3738 4434 du canal, et le rossignol, perché sur un
965 4495 3718 4658 arbre du bosquet, réjouissait la nature
974 4723 3727 4890 par ses concerts mélodieux. Jeannette
975 4957 3723 5120 était gaie, tranquille; elle s'entretenait
985 5181 3723 5349 avec sa mère du prochain retour de Bri-
985 5410 3733 5577 ceval, qu'on attendait de jour en jour;
985 5638 3738 5801 et ces deux amies ne pensaient point à
959 5871 3742 6038 goûter le sommeil auquel le petit Au,
