4266 7801
954 1046 3688 1189 le voir. Ccile et Jeannette sont dans les
949 1273 3693 1455 bras l'une de l'autre; leurs visages, leurs
949 1501 3683 1645 mains sont inondes des larmes de la
954 1728 3703 1915 sensibilit: elles ne peuvent parler; elles
954 1964 3698 2137 se serrent troitement; et c'est madame
954 2183 3698 2367 Dricourt qui est oblige de recevoir ma-
949 2412 3688 2587 dame Dolmont et son frre, que Jean-
949 2648 3677 2827 nette n'a pas eu le tems de remarquer.
959 2877 3693 3050 O mon amie, c'est toi! c'est vous! voil
964 3107 3677 3286 ce que Ccile et Jeannette font entendre,
964 3341 3693 3533 et leur treinte est si forte, qu'on est
969 3575 3713 3756 oblig de les sparer, dans la crainte que
969 3815 3718 3962 leur sant ne souffre de cette touchante
974 4041 3718 4227 expansion. Jeannette alors aperoit M.
979 4271 3708 4452 de Verneuil avec une dame qui lui est
979 4505 3723 4652 inconnue. Jeannette les salue avec affec-
979 4740 3728 4928 tion; mais elle revient  Ccile, et ces
979 4985 3732 5121 deux amies marchent en se serrant encore
979 5201 3722 5395 jusqu'au salon, o madame Dricourt
979 5438 2661 5615 fait entrer la compagnie.
1148 5663 3727 5851 Jeannette fait mille questions  Ccile,
989 5911 3732 6094 qui, sans lui rpondre, l'interroge  son
2088 833 2575 990 .
