4266 7746
593 1020 3314 1228 tour. Point de questions ce soir, s'crie
588 1262 3303 1459 madame Dricourt; point d'explica-
588 1490 3329 1687 tions, ma fille; songeons  faire souper
588 1723 3319 1915 ces dames, et  les envoyer coucher;
594 1962 1942 2139 car elles ont voyag.
745 2182 3313 2335 La dfense de madame Dricourt est
594 2406 3309 2600 observe difficilement; mais cette bonne
593 2642 3329 2833 mre gnralise  dessein la conversa-
593 2871 3303 3067 tion, et tous ne s'entretiennent plus que
598 3096 3304 3290 du bonheur de se revoir. Il est dcid que
594 3323 3330 3519 le lendemain, au djener, chacun ra-
603 3561 3339 3745 contera ses aventures, et l'on sert le sou-
598 3786 3325 3978 per. Mademoiselle d'Eranville, dit ma-
603 4017 3313 4212 dame Dricourt, quelle obligation ne
603 4246 3325 4446 vous ai-je pas,  vous et  votre gn-
603 4467 3324 4661 reuse famille, pour m'avoir conserv
618 4703 3320 4899 mon enfant! Ce jour est bien doux pour
613 4929 3344 5129 moi, o je vois, o j'embrasse la bienai-
608 5162 3335 5356 trice de ma fille! -- Ah, madame! r-
613 5392 3329 5594 pond Ccile, ne parlez pas de bienaits;
623 5627 3349 5786 le cur de Jeannette mritait des amis
624 5864 3338 6021 plus heureux. -- Pouvez - vous encore
1695 817 2189 983 (n.
