4266 7801
2133 813 2631 975 i..
989 1006 3738 1213 penser au malheur, interrompit Jean-
994 1252 3724 1450 nette, quand nous nous retrouvons, ma-
994 1481 3724 1682 demoiselle? plus d'infortunes qui puissent
994 1713 3734 1924 nous atteindre! je dfie le sort barbare
994 1939 3729 2140 de vous persenter de nouveau. -- Ma-
994 2176 3719 2373 dame, rpond Ccile  voix basse, vous
994 2408 3724 2606 seule savez ce qui manquera toujours
988 2628 3723 2832 mes vux! -- J'entends, j'entends:
984 2869 3717 3057 point de nouvelles toujours du pre, ni
988 3095 3709 3288 du fils? -- Aucune, madame; mais,
983 3327 3719 3530 pardon; laissons mes douleurs secrtes,
984 3557 3719 3755 et ne pensons qu'au plaisir que j'prouve
978 3788 3714 3981 de vous revoir. -- Mademoiselle, une
974 4014 3709 4216 chose trouble nanmoins ce plaisir .... de
973 4244 3709 4439 mon ct du moins.... autrefois, vous
934 4479 3704 4682 aviez la bont de me tutoyer; j'tais votre
979 4712 3704 4871 bonne Jeannette.... Madame de Briceval
973 4942 3704 5165 a-t-elle perdu ses droits  ce langage tou-
964 5172 3795 5339 chant? -- Madame... les tems sont bien
964 5399 3699 5613 changs! -- Mais nos curs ne le sont
959 5625 3699 5846 pas; parlez-moi donc comme autrefois?
959 5876 3692 6059 j'aurais tron perdu  mon changement
