4266 7801
2123 945 2616 1102 ie.
876 1153 3896 1363 vrer  un sommeil utile aprs les longues
875 1334 3895 1590 fatigues du corps, et les commotions
875 1605 3894 1820 que le cur avait essuyes dans la
873 1836 1553 2061 journe.
872 2059 3892 2286 Le lendemain matin, Jeannette, qui
871 2290 3891 2503 avait fait coucher Ccile dans sa cham-
870 2486 3890 2726 bre, prs d'elle, s'aperut qu'elle ne dor-
870 2748 3889 2968 mait point. Vous n'avez pas repos, mon
869 2979 3888 3196 amie? lui dit-elle avec chagrin. -- Trs-
867 3205 3887 3431 peu, mon amie: je ne sais pourquoi
868 3354 1082 3431 E
867 3430 3886 3662 l'image de Saint-Ange a troubl mon som-
866 3673 3885 3893 meil pendant toute cette nuit. -- Ainsi
864 3906 3884 4152 point d'espoir de rencontrer cet amant
863 4152 3883 4341 chri? --Ah, Jeannette! peut-tre n'existe-
863 4357 3882 4587 t-il plus: mais mon fils, qui me le ren-
862 4583 3881 4811 dra? -- Mademoiselle, les jeux du ha-
861 4821 3880 5030 sard sont si singuliers, si inexplica-
860 5017 3880 5276 bles! Voyez, je dsesprais du bonheur
859 5278 3878 5500 de vous revoir, et un seul jour a suffi
857 5516 3877 5713 pour vous rendre  ma tendresse. Es-
856 5747 3876 5967 prez, mademoiselle; j'ai dans l'ide que
856 5968 3063 6194 Saint-Ange vous sera rendu.
