4266 7858
2200 931 2686 1100 i.
1067 1120 3809 1321 sit. Cela donna  M. de Verneuil la
1060 1360 3812 1588 libert de parler de Ccile sans rserve;
1051 1589 2831 1795 ce qu'il fit en ces mots:
1226 1815 3823 2053 Le jour mme de votre dpart de
1060 2050 3824 2276 Paris, madame de Briceval, un de mes
1072 2281 3818 2468 amis m'offrit l'occasion d'une voiture
1068 2526 3822 2726 pour aller en Bretagne, o je voulais
1060 2745 3814 2978 rclamer, d'aprs nos nouvelles loix,
1060 2982 3818 3215 les biens que mes frres s'taient par-
1061 3218 3808 3448 tags  mon dtriment. Je fus donc,
1061 3442 3824 3678 vers deux heures aprs-midi, faire mes
1061 3678 3792 3907 adieux  mademoiselle d'Eranville, que
1051 3908 3813 4142 je trouvai baigne dans les pleurs. C'tait
1056 4137 3817 4370 votre sparation du matin qui les fai-
1051 4367 3817 4602 sait couler. Je lui tmoignai le regret
1052 4601 3813 4833 que j'prouvais de l'abandonner  mon
1046 4828 3813 5056 tour dans un moment si critique, et
1046 5059 3807 5300 je partis. Le soir mme, madame Au-
1045 5294 3829 5532 bry, la propritaire de sa maison, monte
1052 5519 3803 5752 chez elle toute effraye: Ah, mon en-
1066 5757 3812 5981 fant! lui dit-elle, sauvez-vous, on vous
1072 5980 3807 6219 cherche. -- Qui, moi? -- Vous? made-
