4266 7858
1016 1078 3769 1278 pour le nom de Dascourt qu'elle a pris.
1028 1298 3796 1466 Une femme nommée Dascourt était com-
1025 1520 3792 1739 promise en effet dans une vaste cons-
1025 1765 3792 1981 piration. On la croyait cachée à Paris,
1026 1994 3801 2164 et sa ressemblance de nom avait causé
1031 2228 3800 2397 le malheur de Cécile. Vous devinez bien
1026 2461 3808 2672 que Cécile n'eut pas de peine à prouver
1031 2693 3812 2907 qu'elle n'était pas la grande coupable
1026 2927 3818 3137 qu'on croyait tenir; mais il lui fallut
1037 3155 3817 3364 déclarer son véritable nom, et cela parut
1041 3385 3817 3599 suspect. Pourquoi avait-elle changé de
1042 3619 3823 3829 nom? quel était son motiſ? En vain Cé-
1042 3856 3817 4068 cile s'excusa-t-elle sur l'éclat répandu
1052 4088 3817 4295 autrefois sur ce nom brillant, éclat que
1053 4322 3817 4536 ternissait son indigence, et la nécessité
1052 4556 3828 4769 de travailler pour le public. Cela ne
1061 4791 3838 5000 parut point satisfaisant, et ce ne fut
1058 5038 3826 5228 plus comme conspiratrice, mais comme
1062 5262 3823 5475 suspecte, que la pauvre Cécile fut ré-
1056 5478 3833 5703 intégrée dans les prisons. Elle y resta
1057 5727 3822 5940 près d'un an, l'infortunée, au secret,
1067 5961 3827 6178 et sans pouvoir correspondre avec qui
2169 859 2655 1023 r.
