4266 7801
1035 2376 1269 2476 L
1030 2432 3763 2589 onsieua de Verneuil cessa de parler;
1030 2654 3778 2828 et Jeannette, après l'avoir remercié des
1035 2889 3784 3068 choses flatteuses pour elle qu'il avait
1040 3123 3783 3285 placées dans son récit, admira, ainsi que
1050 3347 3788 3522 sa mère, la noble fierté du caractère de
1056 3580 3794 3776 Cécile, qui ne voulait rien devoir à la
1061 3810 3794 4002 générosité, tout au travail. Jeannette,
1066 4052 3798 4230 qui connaissait mieux que tout autre le
1066 4274 3799 4451 cœur de son amie, expliqua sa conduite,
1076 4505 3810 4680 en hasardant même quelques réſlexions
1076 4729 3798 4911 peu agréables pour M. de Verneuil.
1074 4968 3810 5149 Aussi, monsieur, lui dit-elle, peut-on
1077 5198 3804 5379 blâmer une jeune personne qui, seule,
1081 5438 3820 5613 sans époux, sans parens, peut attirer
1081 5661 3815 5851 sur elle les traits de la calomnie, en
989 5882 3809 6039 recevant des bienfaits d'un ancien ecclé-
1452 1502 3331 1619 HAiEi a.
1183 1834 3591 1991 Bonne intelligence qui ne durera pas.
2154 874 2636 1031 i
