4266 7811
392 1066 3493 1321 siastique, clibataire, et propre  ins-
387 1307 3488 1543 pirer de l'estime? Le monde est si m-
385 1543 3485 1774 chant! Que n'avons - nous pas entendu
382 1761 3482 2007 dire de vos visites chez nous, quand nous
378 1991 3479 2240 demeurions chez madame Aubry! Cette
375 2211 3475 2461 madame Aubry elle - mme tait la pre-
371 2445 3472 2694 mire gazette qui faisait part  tout le
367 2676 3468 2927 monde de ses conjectures sur notre ma-
364 2908 3465 3160 nire d'exister, et vous tiez toujours
359 3143 3460 3393 pour quelque chose dans ses coups de
356 3385 3457 3620 langue. Je conviens que, chez madame
353 3619 3454 3857 Dolmont, le sjour d'une jeune per-
350 3830 3451 4083 sonne tait avou par la dcence; mais
346 4063 3447 4320 vous y demeuriez aussi, vous, monsieur,
343 4273 3444 4548 et rien ne pouvait empcher la malignit
339 4528 3440 4771 de ternir la rputation de mademoiselle
336 4741 3437 5000 d'Eranville.... Au surplus, ami rare et
333 4982 3432 5216 prcieux, je vous remercie bien sincre-
329 5225 3429 5467 ment de ce que vous avez fait jusqu'
326 5447 3425 5697 prsent pour Ccile. Vous tes digne de
324 5588 508 5662 LE
321 5695 3422 5930 l'estime des honntes gens, et je ne trouve
319 5903 3418 6139 plus de termes pour vous exprimer ma
317 6048 513 6149 L
1688 885 2166 1048 n.
2535 6151 2821 6341 S
