4266 7858
2113 895 2589 1059 Li.
970 1102 3730 1308 reconnaissance. A prsent que Ccile est
971 1334 3730 1537 ici, je vous prie de me permettre d'a-
985 1561 3746 1770 chever votre ouvrage: daignez m'aider
990 1794 3741 1999 aussi pour l'engager  vivre avec moi,
985 2029 3751 2231 avec ma mre et mon poux. J'ose croire
997 2260 3749 2460 qu'elle ne me refusera pas; mais, si vous
991 2490 3756 2694 joignez vos sollicitations aux miennes,
1005 2720 3766 2924 je suis plus sre d'obtenir d'elle cette
1011 2982 1478 3112 faveur.
1185 3186 3776 3379 M. de Verneuil et sa sur promirent
1027 3415 3781 3574 Ccile de la seconder dans ce lonable
1030 3647 3787 3849 projet. Ccile rentra avec Emilie, et sa-
1037 3879 3796 4083 chant que tous ses amis avaient appris sa
1037 4108 3797 4314 dtention avilissante, elle rougit sans oser
1031 4342 3801 4545 lever les yeux sur Jeannette. Celle-ci, qui
1037 4570 3807 4762 devina le motif secret de sa honte, s'em-
1047 4813 3815 4983 pressa de la distraire de ses lugubres ides:
1052 5040 3807 5242 elle lui fit compliment sur son attache-
1057 5267 3806 5468 ment pour M. de Vernouil, qui, ajouta-
1062 5500 3823 5702 telle, est l'homme le plus estimable que
1066 5753 2103 5929 je connaisse!...
1246 5965 3822 6174 Ce mot fit un secret plaisir  M. de
