4266 7886
2162 904 2654 1068 i
999 1101 3769 1319 cile un peu trouble, je croyais, mon ami,
1000 1340 3780 1551 que vous me donneriez une place pour
1004 1604 2086 1743 revenir  Paris?
1153 1808 3770 2020 Jeannette prend la main de Ccile:
1008 2045 3784 2247 Mademoiselle, lui dit-elle d'un ton tou-
1015 2275 3795 2485 chant et attendri, je ne vous rappelle
1026 2520 3793 2695 qu'un mot de vous; aprs cela, vous me
1025 2736 3816 2952 quitterez si vous en avez le cur! Ce
1024 2967 3816 3182 mot, vous me l'avez dit avant notre spa-
1035 3211 3811 3415 ration: Jeannette, ma bonne feannette,
1040 3441 3811 3653 c'est ainsi que vous vous exprimiez, j'es-
1044 3676 3835 3883 time trop l'amiti pour rougir..... de parta-
1055 3910 3831 4120 ger ton sort. (Jeannette changea l quel-
1051 4138 3837 4346 ques mots; car Ccile lui avait dit pour
1061 4355 3842 4573 rougir de ses bienfaits). Partez, mademoi-
1055 4596 3836 4812 selle, partez  prsent, si vous ne m'en-
1067 4865 1849 5045 tendez pas?
1241 5061 3851 5240 Ccile resta interdite: sa mfiance et
1076 5308 3856 5519 sa mysanthropie voulurent d'abord lui
1081 5534 3852 5746 dicter sa rponse; mais son cur fit taire
1081 5764 3851 5978 ces deux tristes conseillers, et elle ne r-
1085 5996 3887 6219 pondit  Jeannette qu'en lui jetant ses
