4266 7867
1648 885 2145 1046 (ir
2555 6228 2754 6427 L
496 1089 3264 1301 deux bras au col. Je vous entends, s'-
495 1330 3259 1547 cria Jeannette! vous restez avec moi,
326 1570 3255 1779 avec ma mre, ma bonne mre, qui, ds
485 1804 3264 2012 ce moment, croira possder deux filles
474 2035 3243 2244 tendres, galement portes  l'aimer,  la
470 2267 3243 2477 respecter! -- Jeannette, je n'ai pas dit
474 2501 3238 2710 cela. -- Non; mais je le dis pour vous.
464 2729 3243 2937 Veuillez, M. de Verneuil, ds votre re-
464 2961 3223 3171 tour  Paris, donner cong de la chambre
455 3180 3218 3400 de mademoiselle d'Eranville: (souriant)
454 3426 3223 3637 vous lui donnez bien votre procuration
448 3661 3224 3871 pour cela, n'est-ce pas, mon amie? ---Mais,
450 3897 3223 4096 Jeannette!... -- Plus de mais, un bon
444 4131 3218 4357 oui; voil ce que je vous demande. -- Eh
443 4365 3219 4575 bien, Jeannette, tu l'emportes! -- Ah,
443 4588 3217 4797 bon cela! Voil un tu qui me rassure sur
433 4820 3202 5032 vos... -- Pardon, je ne pensais pas que...
428 5052 3207 5265 -- Voil un pardon qui m'loigne  pr-
423 5284 3203 5486 sent! -- Jeannette, ma chre Jeannette,
424 5520 3202 5730 mne-moi donc  ton gr. Oui, je reste
423 5751 3213 5959 avec toi; je m'honore de ton amiti, de
418 5983 3212 6196 tes bienfaits; et cette victoire que tu rem-
