4266 7858
2103 870 2584 1033 n
956 1086 3710 1283 portes sur ma... dlicatesse, t'est un sr
965 1319 3111 1511 garant de ma tendresse pour toi!
1129 1547 3755 1699 M. de Verneuil et madame Dolmont
971 1776 3719 1963 flicitrent Ccile sur sa dtermination,
975 2007 3724 2159 et madame Dricourt l'en remercia avec
976 2239 3729 2433 une grace touchante. Le lendemain ma-
976 2469 3729 2665 tin, M. de Verneuil partit avec sa sur,
981 2697 3740 2885 Emilie, et Ccile resta dfinitivement
985 2933 3746 3131 prs de Jeannette. Toute l'inquitude de
1007 3166 3755 3317 Ccile tait de savoir comment M. de Bri-
996 3382 3746 3590 ceval prendrait son sjour dans sa maison:
1002 3618 3761 3823 elle ne le connaissait pas; et quoique
1006 3858 3770 4054 Jeannette lui assurait que son poux tait
899 4090 3766 4293 un homme honnte et complaisant pour
1006 4326 3771 4524 sa femme, Ccile craignait avec raison
1001 4557 3769 4741 que le mari ne partaget pas l'excs de la
1007 4792 3781 4990 tendresse que l'pouse avait pour elle. Ce-
1006 5026 3782 5218 pendant elle se rassura sur cette vaine ter-
1007 5258 3781 5453 reur, quand madame Dricourt lui eut
930 5479 3782 5691 rpt les mmes loges que Jeannette
1012 5714 3786 5905 avait faits de Briceval. Ccile, heureuse
1011 5944 3766 6149 et tranquille autant qu'elle pouvait l'tre
