4266 7811
442 2377 717 2467 L
441 2443 636 2507 L
439 2464 3471 2687 Dnei ce jour tant desiré de Jean-
434 2667 3468 2926 nette et tant redouté de Cécile, dominée
430 2899 3463 3155 par de funestes pressentimens, e jour qui
425 3145 3458 3386 devait ramener M. de Briceval, arriva
422 3362 3453 3600 pour détruire le bonheur de tout le mon-
416 3606 3449 3834 de. Un courrier se présente de bon ma-
412 3817 3445 4084 tin chez Jeannette; il a dix lieues d'a-
407 4055 3440 4314 vance sur son époux; il apporte une lettre
402 4295 3436 4551 dans laquelle cet époux empressé assure
398 4527 3431 4788 sa ſemme qu'il viendra dîner avec elle.
393 4771 3426 5037 Il a terminé heureusement ses affaires;
389 4992 3422 5253 il est presque millionnaire, toujours
384 5217 3418 5485 tendre, constant, et brûlant du desir
379 5461 3413 5714 d'embrasser son épouse, sa belle-mère et
375 5641 3408 5950 le petit Auguste, qu'une année de plus doit
371 5908 1756 6137 avoir bien changé.
1704 859 2192 1027 l
908 1460 2987 1678 CHAPITRE XXXI,
519 1449 3379 2043 Qui n'anprend rien au Lecteur intlligont.
