4266 7858
1118 1059 3715 1284 L'attention de Briceval pour le petit Au-
944 1310 3720 1539 guste n'est pas ce qui flatte le plus ma-
955 1539 3710 1746 dame de Briceval; mais enfin elle va re-
951 1771 3715 1986 voir son poux: sa lettre est tendre, pas-
960 2004 3720 2219 sionne; quelle joie pour Jeannette! Elle
955 2240 3725 2449 et sa mre se htent d'apprendre cette
949 2472 3742 2691 nouvelle  Ccile, qui plit sans savoir
950 2695 3719 2867 d'o lui vient tant de trouble. Jeannette
955 2924 3742 3141 lui en fait la guerre: Ccile s'excuse sur
951 3159 3725 3391 une indisposition; elle prie son amie de
954 3390 3726 3604 lui permettre de garder son appartement
956 3629 3746 3837 toute la journe. -- Je n'entends pas
959 3852 3730 4065 cela, mademoiselle, lui rpond en sou-
950 4092 3730 4302 riant Jeannette: je vous devine; vous
955 4332 3746 4546 craignez toujours que mon poux n'ait pas
949 4564 3737 4779 mon cur, et vous le redoutez comme
950 4797 3736 5010 on redoute l'aspect d'un tranger s-
944 5035 3730 5243 vre et dsobligeant. Rassurez-vous, en-
944 5263 3746 5467 core une fois, mademoiselle; Briceval ne
943 5494 3736 5729 serait pas digne de ma tendresse, si son
944 5722 3741 5927 caractre diffrait du mien. Si je chris
949 5957 3746 6166 cet poux, c'est qu'il me chrit de mme,
