<PcGts xmlns="http://schema.primaresearch.org/PAGE/gts/pagecontent/2017-07-15" xmlns:xsi="http://www.w3.org/2001/XMLSchema-instance" xsi:schemaLocation="http://schema.primaresearch.org/PAGE/gts/pagecontent/2017-07-15 http://schema.primaresearch.org/PAGE/gts/pagecontent/2017-07-15/pagecontent.xsd"><Metadata><Creator/><Created>2020-09-24T08:33:50</Created><LastChange>1970-01-01T00:00:00</LastChange><Comments/></Metadata><Page imageFilename="0192.png" imageHeight="7858" imageWidth="4266"><ReadingOrder><OrderedGroup id="g1"><RegionRefIndexed index="0" regionRef="r1"/><RegionRefIndexed index="1" regionRef="r2"/></OrderedGroup></ReadingOrder><TextRegion id="r1" type="page-number" orientation="-0.0"><Coords points="2342,864 2337,869 2327,869 2323,874 2323,888 2318,893 2318,903 2313,908 2298,908 2293,903 2293,869 2136,869 2131,874 2131,879 2126,884 2126,893 2121,898 2121,903 2116,908 2111,908 2111,918 2106,923 2106,1036 2111,1041 2111,1046 2116,1046 2121,1051 2121,1055 2126,1060 2126,1070 2131,1075 2136,1075 2141,1080 2293,1080 2293,1036 2298,1031 2426,1031 2431,1036 2558,1036 2563,1041 2563,1075 2706,1075 2711,1070 2715,1070 2715,1060 2720,1055 2720,1051 2725,1046 2725,1041 2730,1036 2730,1021 2735,1016 2735,913 2730,908 2730,898 2720,888 2720,879 2706,864"/><TextEquiv><Unicode/></TextEquiv><TextLine id="r1_l001"><Coords points="2179,880 2671,880 2671,1054 2179,1054"/><TextEquiv index="1"><Unicode>i</Unicode></TextEquiv></TextLine></TextRegion><TextRegion id="r2" type="paragraph" orientation="0.25"><Coords points="3717,1085 3712,1090 3698,1090 3693,1095 3634,1095 3629,1100 3629,1129 3624,1134 3541,1134 3536,1129 3536,1119 3531,1114 3393,1114 3388,1109 3388,1090 3049,1090 3049,1129 3044,1134 2951,1134 2946,1129 2946,1100 2936,1090 2784,1090 2784,1129 2779,1134 2720,1134 2715,1139 2713,1137 2713,1136 2711,1134 2558,1134 2553,1139 2293,1139 2288,1134 2288,1095 2121,1095 2121,1134 2116,1139 2102,1139 2097,1134 2097,1105 2092,1100 2092,1095 1935,1095 1935,1134 1930,1139 1753,1139 1748,1134 1645,1134 1640,1129 1640,1095 1488,1095 1483,1100 1458,1100 1453,1105 1453,1119 1448,1124 1335,1124 1335,1144 1330,1149 1316,1149 1311,1144 1311,1134 1183,1134 1178,1129 1178,1095 1031,1095 1026,1100 1001,1100 996,1105 987,1105 985,1107 984,1107 982,1109 982,1114 977,1119 977,1124 972,1129 972,1149 967,1154 962,1154 962,1267 1645,1267 1650,1262 2151,1262 2156,1257 2328,1257 2329,1258 2329,1260 2330,1261 2330,1264 2331,1265 2331,1267 2332,1268 2332,1271 2333,1272 2333,1274 2334,1275 2334,1278 2335,1279 2335,1281 2336,1282 2336,1285 2337,1286 2337,1288 2338,1289 2338,1292 2339,1293 2339,1295 2340,1296 2340,1299 2341,1300 2341,1302 2342,1303 2342,1306 2343,1307 2343,1310 2344,1311 2344,1313 2345,1314 2345,1317 2346,1318 2346,1320 2347,1321 2347,1324 2348,1325 2348,1327 2349,1328 2349,1331 2350,1332 2350,1334 2351,1335 2351,1338 2352,1339 2352,1341 2353,1342 2353,1345 2354,1346 2354,1348 2355,1349 2355,1352 2356,1353 2356,1356 2357,1357 2357,1359 2358,1360 2358,1363 2359,1364 2359,1366 2360,1367 2360,1370 2361,1371 2357,1375 2308,1375 2303,1370 2146,1370 2141,1375 2082,1375 2077,1370 2077,1330 2075,1328 2074,1328 2072,1326 1930,1326 1928,1328 1927,1328 1925,1330 1910,1330 1910,1375 1905,1380 1900,1380 1900,1384 1895,1389 1890,1389 1885,1394 1885,1399 1883,1401 1883,1402 1881,1404 1881,1409 1876,1414 1856,1414 1851,1409 1851,1399 1846,1394 1846,1389 1841,1384 1841,1380 1836,1380 1831,1375 1650,1375 1645,1370 1645,1360 1640,1355 1640,1350 1635,1350 1630,1345 1630,1340 1620,1330 1478,1330 1478,1335 1473,1340 1473,1355 1468,1360 1468,1370 1463,1375 1414,1375 1409,1380 1370,1380 1365,1375 1365,1335 1360,1330 1217,1330 1215,1332 1215,1333 1213,1335 1129,1335 1124,1330 977,1330 972,1335 967,1335 967,1394 972,1399 977,1399 982,1404 982,1429 977,1434 967,1434 967,1497 1154,1497 1159,1502 1301,1502 1306,1497 1620,1497 1622,1495 1623,1495 1625,1493 1674,1493 1676,1495 1677,1495 1679,1497 1748,1497 1753,1502 1753,1537 1900,1537 1905,1532 1905,1527 1915,1517 1915,1512 1920,1507 1920,1497 1922,1495 1923,1495 1925,1493 2146,1493 2148,1495 2149,1495 2151,1497 2298,1497 2300,1495 2301,1495 2303,1493 2426,1493 2431,1488 2462,1488 2466,1492 2467,1492 2476,1501 2477,1501 2486,1510 2487,1510 2497,1520 2498,1520 2507,1529 2508,1529 2518,1539 2519,1539 2528,1548 2529,1548 2539,1558 2540,1558 2542,1560 2541,1561 2524,1561 2524,1581 2519,1586 2372,1586 2372,1601 2370,1603 2369,1603 2367,1605 2313,1605 2308,1610 2303,1610 2298,1605 2165,1605 2163,1603 2162,1603 2160,1601 2160,1586 2158,1584 2158,1583 2156,1581 2156,1566 2003,1566 2003,1601 2001,1603 2000,1603 1998,1605 1542,1605 1540,1603 1539,1603 1537,1601 1537,1566 1532,1561 1370,1561 1370,1601 1368,1603 1367,1603 1365,1605 982,1605 977,1610 962,1610 962,1664 967,1669 967,1728 1119,1728 1124,1733 1124,1763 1129,1768 1276,1768 1281,1763 1291,1763 1291,1733 1296,1728 1522,1728 1527,1723 1650,1723 1655,1728 1871,1728 1876,1723 1900,1723 1905,1728 1905,1768 1907,1770 1908,1770 1910,1772 2077,1772 2079,1770 2080,1770 2082,1768 2082,1728 2087,1723 2210,1723 2212,1725 2212,1726 2214,1728 2214,1763 2362,1763 2372,1753 2372,1748 2377,1743 2377,1733 2379,1731 2379,1730 2381,1728 2386,1728 2391,1723 2569,1723 2570,1724 2566,1728 2565,1728 2560,1733 2559,1733 2554,1738 2553,1738 2549,1742 2548,1742 2543,1747 2542,1747 2537,1752 2536,1752 2531,1757 2530,1757 2525,1762 2524,1762 2520,1766 2519,1766 2514,1771 2513,1771 2508,1776 2507,1776 2502,1781 2501,1781 2496,1786 2495,1786 2491,1790 2490,1790 2485,1795 2484,1795 2479,1800 2478,1800 2473,1805 2472,1805 2467,1810 2466,1810 2462,1814 2461,1814 2456,1819 2455,1819 2450,1824 2449,1824 2444,1829 2443,1829 2438,1834 2437,1834 2433,1838 2432,1838 2429,1841 2313,1841 2308,1836 2308,1826 2156,1826 2156,1831 2151,1836 2146,1831 2146,1797 2141,1792 1998,1792 1993,1797 1846,1797 1846,1836 1841,1841 1674,1841 1669,1836 1669,1812 1664,1807 1664,1802 1660,1802 1655,1797 1507,1797 1497,1807 1493,1807 1493,1836 1488,1841 1350,1841 1345,1836 1345,1831 1340,1826 1227,1826 1222,1821 1221,1821 1217,1817 1217,1807 1065,1807 1065,1841 1060,1846 982,1846 972,1856 972,1861 962,1871 962,1944 967,1949 967,1954 972,1959 977,1959 982,1964 1404,1964 1409,1959 1605,1959 1610,1964 1610,2008 1871,2008 1876,2003 1876,1964 1881,1959 2342,1959 2347,1964 2347,1993 2352,1998 2389,1998 2390,1999 2390,2011 2391,2012 2391,2027 2390,2028 2264,2028 2264,2067 2259,2072 2165,2072 2160,2067 2160,2043 2158,2041 2158,2040 2156,2038 2156,2033 1993,2033 1993,2067 1991,2069 1991,2070 1989,2072 1679,2072 1674,2067 1674,2028 1522,2028 1522,2067 1517,2072 1488,2072 1483,2067 1483,2033 1478,2028 1326,2028 1321,2033 1311,2033 1311,2067 1306,2072 1291,2072 1286,2067 1286,2033 1281,2028 1134,2028 1129,2033 1129,2062 1124,2067 987,2067 977,2077 962,2077 962,2141 967,2141 977,2151 977,2160 982,2165 982,2180 987,2185 987,2190 992,2195 992,2200 1139,2200 1144,2195 1655,2195 1660,2190 1846,2190 1851,2195 1851,2234 2033,2234 2033,2200 2038,2195 2195,2195 2200,2190 2249,2190 2254,2195 2254,2234 2401,2234 2411,2224 2411,2219 2416,2214 2416,2205 2421,2200 2421,2195 2426,2190 2433,2190 2435,2192 2435,2194 2436,2195 2436,2196 2437,2197 2437,2198 2438,2199 2438,2200 2439,2201 2439,2203 2440,2204 2440,2205 2441,2206 2441,2207 2442,2208 2442,2209 2443,2210 2443,2212 2444,2213 2444,2214 2445,2215 2445,2216 2446,2217 2446,2219 2447,2220 2447,2221 2448,2222 2448,2223 2449,2224 2449,2225 2450,2226 2450,2228 2451,2229 2451,2230 2452,2231 2452,2232 2453,2233 2453,2234 2454,2235 2454,2237 2455,2238 2455,2239 2456,2240 2456,2241 2457,2242 2457,2243 2458,2244 2458,2246 2459,2247 2459,2248 2460,2249 2460,2250 2461,2251 2461,2252 2462,2253 2462,2255 2463,2256 2463,2257 2464,2258 2464,2259 2465,2260 2465,2261 2466,2262 2466,2263 2465,2264 2435,2264 2431,2268 2431,2303 2426,2308 2401,2308 2396,2303 2396,2264 2146,2264 2146,2283 2141,2288 2136,2283 2136,2264 2131,2259 1989,2259 1984,2264 1881,2264 1879,2266 1878,2266 1876,2268 1876,2303 1871,2308 1664,2308 1662,2306 1662,2305 1660,2303 1660,2293 1502,2293 1502,2308 1497,2313 1493,2313 1493,2342 1488,2347 1483,2342 1483,2318 1478,2313 1478,2268 1476,2266 1475,2266 1473,2264 1311,2264 1311,2303 1306,2308 1139,2308 1134,2313 1001,2313 996,2318 982,2318 977,2323 976,2323 972,2327 972,2367 967,2372 967,2406 962,2411 962,2470 967,2475 972,2475 977,2480 1159,2480 1161,2478 1161,2477 1163,2475 1168,2475 1178,2465 1178,2460 1183,2455 1183,2431 1188,2426 1389,2426 1394,2431 1394,2470 1542,2470 1546,2466 1546,2465 1551,2460 1551,2455 1556,2450 1556,2440 1561,2435 1561,2426 1566,2421 2455,2421 2460,2416 2465,2416 2467,2418 2467,2420 2465,2422 2465,2423 2463,2425 2463,2426 2461,2428 2461,2429 2459,2431 2459,2432 2457,2434 2457,2435 2455,2437 2455,2438 2453,2440 2453,2441 2451,2443 2451,2444 2449,2446 2449,2447 2447,2449 2447,2450 2445,2452 2445,2453 2443,2455 2443,2456 2441,2458 2441,2459 2439,2461 2439,2462 2437,2464 2437,2465 2436,2466 2436,2467 2434,2469 2434,2470 2432,2472 2432,2473 2430,2475 2430,2476 2428,2478 2428,2479 2426,2481 2426,2482 2424,2484 2424,2485 2422,2487 2422,2488 2420,2490 2420,2491 2418,2493 2418,2494 2416,2496 2416,2497 2414,2499 2414,2500 2412,2502 2412,2503 2410,2505 2410,2506 2408,2508 2408,2509 2406,2511 2406,2512 2404,2514 2404,2515 2402,2517 2402,2518 2401,2519 2401,2520 2399,2522 2399,2523 2397,2525 2397,2526 2395,2528 2395,2529 2393,2531 2393,2532 2391,2534 2391,2535 2389,2537 2389,2538 2387,2540 2387,2541 2385,2543 2385,2544 2383,2546 2383,2547 2381,2549 2381,2550 2379,2552 2379,2553 2377,2555 2377,2556 2375,2558 2375,2559 2373,2561 2373,2562 2371,2564 2371,2565 2369,2567 2369,2568 2367,2570 2367,2571 2366,2572 2362,2568 2362,2558 2357,2553 2357,2548 2352,2543 2351,2543 2347,2539 2342,2539 2337,2534 2195,2534 2190,2539 2077,2539 2072,2534 2072,2490 2067,2485 1905,2485 1900,2490 1900,2534 1895,2539 1674,2539 1669,2544 1655,2544 1655,2573 1650,2578 1620,2578 1615,2573 1615,2553 1610,2548 1609,2548 1605,2544 1605,2499 1453,2499 1453,2519 1448,2524 1448,2534 1443,2539 1399,2539 1394,2544 1272,2544 1267,2539 1267,2499 1109,2499 1107,2501 1107,2502 1105,2504 1105,2539 1100,2544 972,2544 970,2546 969,2546 967,2548 967,2578 962,2583 962,2656 972,2666 1276,2666 1281,2671 1281,2701 1286,2706 1311,2706 1316,2711 1463,2711 1468,2706 1478,2706 1483,2701 1488,2701 1488,2696 1493,2691 1493,2666 1495,2664 1495,2663 1497,2661 1517,2661 1522,2666 1522,2696 1674,2696 1679,2691 1679,2681 1684,2676 1684,2671 1694,2661 1831,2661 1836,2656 2268,2656 2273,2661 2273,2696 2357,2696 2358,2697 2358,2706 2357,2707 2357,2722 2356,2723 2356,2737 2355,2738 2355,2753 2354,2754 2354,2768 2352,2770 2351,2770 2347,2774 2323,2774 2318,2769 2317,2769 2313,2765 2313,2755 2102,2755 2102,2765 2100,2767 2099,2767 2097,2769 1979,2769 1974,2774 1969,2769 1969,2725 1763,2725 1758,2720 1512,2720 1507,2725 1507,2769 1502,2774 1414,2774 1409,2769 1409,2740 1404,2735 1404,2730 1355,2730 1350,2725 1188,2725 1188,2774 1183,2779 1173,2779 1168,2774 1168,2740 1163,2735 1163,2730 992,2730 987,2735 987,2779 982,2784 977,2784 972,2789 972,2794 967,2799 967,2804 962,2809 962,2873 964,2875 965,2875 967,2877 967,2882 977,2892 1483,2892 1488,2887 2264,2887 2266,2885 2266,2884 2268,2882 2490,2882 2493,2885 2494,2885 2497,2888 2498,2888 2501,2891 2502,2891 2505,2894 2506,2894 2510,2898 2511,2898 2514,2901 2515,2901 2518,2904 2519,2904 2522,2907 2523,2907 2526,2910 2527,2910 2531,2914 2532,2914 2535,2917 2536,2917 2539,2920 2540,2920 2543,2923 2544,2923 2548,2927 2549,2927 2552,2930 2553,2930 2556,2933 2557,2933 2560,2936 2561,2936 2564,2939 2565,2939 2569,2943 2570,2943 2573,2946 2574,2946 2577,2949 2578,2949 2581,2952 2582,2952 2585,2955 2586,2955 2590,2959 2591,2959 2594,2962 2595,2962 2598,2965 2599,2965 2602,2968 2603,2968 2607,2972 2608,2972 2611,2975 2612,2975 2615,2978 2616,2978 2619,2981 2620,2981 2623,2984 2624,2984 2628,2988 2629,2988 2632,2991 2633,2991 2636,2994 2635,2995 2598,2995 2593,3000 2558,3000 2553,2995 2553,2976 2401,2976 2401,2995 2396,3000 2018,3000 2013,2995 2013,2956 2008,2951 1851,2951 1851,2995 1846,3000 1802,3000 1797,2995 1797,2971 1792,2966 1792,2961 1782,2951 1640,2951 1630,2961 1625,2961 1625,3000 1620,3005 1178,3005 1173,3000 1173,2956 992,2956 982,2966 982,2986 980,2988 979,2988 977,2990 977,3005 972,3010 967,3010 967,3059 962,3064 962,3118 967,3123 1232,3123 1237,3118 2160,3118 2165,3113 2180,3113 2185,3118 2327,3118 2332,3113 2490,3113 2492,3115 2492,3116 2494,3118 2494,3162 2567,3162 2568,3163 2567,3164 2567,3165 2565,3167 2565,3168 2563,3170 2563,3171 2561,3173 2561,3174 2558,3177 2558,3178 2556,3180 2556,3181 2554,3183 2554,3184 2552,3186 2552,3187 2549,3190 2549,3191 2547,3193 2547,3194 2545,3196 2545,3197 2543,3199 2543,3200 2540,3203 2540,3204 2537,3207 2470,3207 2468,3209 2467,3209 2465,3211 2465,3226 2460,3231 2106,3231 2104,3229 2104,3228 2102,3226 2102,3187 2097,3182 1944,3182 1944,3226 1939,3231 1738,3231 1733,3236 1645,3236 1640,3231 1497,3231 1495,3233 1495,3234 1493,3236 1429,3236 1424,3231 1424,3207 1419,3202 1419,3197 1414,3192 1409,3192 1404,3187 1041,3187 1036,3192 1031,3192 1031,3236 1026,3241 982,3241 972,3251 972,3256 967,3261 967,3334 972,3339 972,3344 982,3354 1370,3354 1375,3359 1375,3393 1380,3398 1380,3403 1556,3403 1556,3354 1561,3349 1714,3349 1716,3351 1716,3352 1718,3354 1718,3393 1905,3393 1905,3354 1910,3349 2180,3349 2185,3344 2224,3344 2229,3349 2229,3388 2244,3388 2249,3393 2411,3393 2416,3388 2416,3349 2421,3344 2471,3344 2472,3345 2471,3346 2471,3349 2470,3350 2470,3353 2469,3354 2469,3357 2468,3358 2468,3361 2467,3362 2467,3365 2466,3366 2466,3370 2465,3371 2465,3374 2464,3375 2464,3378 2463,3379 2463,3382 2462,3383 2462,3386 2461,3387 2461,3390 2460,3391 2460,3394 2459,3395 2459,3398 2458,3399 2458,3403 2457,3404 2457,3407 2456,3408 2456,3411 2455,3412 2455,3415 2454,3416 2454,3417 2453,3418 2440,3418 2435,3413 2288,3413 2283,3418 1881,3418 1881,3457 1876,3462 1866,3462 1861,3457 1861,3418 1714,3418 1709,3423 1704,3418 1551,3418 1551,3437 1549,3439 1549,3440 1547,3442 1547,3457 1542,3462 1409,3462 1404,3457 1262,3457 1257,3462 987,3462 977,3472 977,3482 975,3484 974,3484 972,3486 972,3521 967,3526 967,3624 972,3629 1016,3629 1021,3634 1163,3634 1168,3629 1173,3629 1183,3619 1183,3614 1188,3609 1188,3590 1193,3585 1429,3585 1434,3590 1434,3619 1438,3623 1438,3624 1443,3629 1630,3629 1635,3624 1640,3624 1650,3614 1650,3604 1655,3599 1655,3585 1660,3580 2425,3580 2426,3581 2426,3584 2425,3585 2425,3593 2424,3594 2424,3603 2423,3604 2423,3612 2422,3613 2422,3621 2421,3622 2421,3631 2420,3632 2420,3640 2419,3641 2419,3649 2418,3650 2418,3659 2417,3660 2417,3668 2416,3669 2416,3677 2415,3678 2415,3687 2414,3688 2414,3692 2413,3693 2278,3693 2273,3688 2273,3668 2268,3663 2268,3662 2264,3658 2264,3653 2092,3653 2092,3693 2087,3698 1949,3698 1944,3693 1944,3658 1935,3649 1650,3649 1648,3651 1647,3651 1645,3653 1532,3653 1530,3651 1529,3651 1527,3649 1380,3649 1378,3651 1377,3651 1375,3653 1311,3653 1311,3678 1306,3683 1281,3683 1276,3678 1276,3658 1274,3656 1274,3655 1272,3653 1124,3653 1119,3658 1119,3693 1114,3698 967,3698 962,3703 962,3816 964,3818 965,3818 967,3820 1326,3820 1330,3816 1429,3816 1431,3818 1432,3818 1434,3820 1591,3820 1593,3818 1594,3818 1596,3816 1772,3816 1774,3818 1775,3818 1777,3820 1777,3860 1925,3860 1925,3855 1935,3845 1935,3835 1937,3833 1937,3832 1939,3830 1939,3820 1941,3818 1942,3818 1944,3816 2156,3816 2158,3814 2158,3813 2160,3811 2381,3811 2386,3816 2449,3816 2450,3817 2450,3819 2451,3820 2451,3821 2452,3822 2452,3823 2453,3824 2453,3825 2454,3826 2454,3828 2455,3829 2455,3830 2456,3831 2456,3832 2457,3833 2457,3834 2458,3835 2458,3837 2459,3838 2459,3839 2460,3840 2460,3841 2461,3842 2461,3843 2462,3844 2462,3846 2463,3847 2463,3848 2464,3849 2464,3850 2465,3851 2465,3852 2466,3853 2466,3854 2467,3855 2467,3857 2468,3858 2468,3859 2469,3860 2469,3861 2470,3862 2470,3863 2471,3864 2471,3866 2472,3867 2472,3868 2473,3869 2473,3870 2474,3871 2474,3872 2475,3873 2475,3875 2476,3876 2476,3877 2477,3878 2477,3879 2478,3880 2478,3881 2479,3882 2479,3883 2480,3884 2480,3886 2481,3887 2481,3888 2482,3889 2482,3890 2483,3891 2483,3892 2484,3893 2484,3895 2485,3896 2485,3897 2486,3898 2486,3899 2487,3900 2487,3901 2488,3902 2488,3904 2489,3905 2489,3906 2490,3907 2490,3908 2491,3909 2491,3910 2492,3911 2492,3912 2493,3913 2492,3914 2239,3914 2234,3919 2111,3919 2106,3924 2104,3922 2104,3921 2102,3919 2047,3919 2045,3917 2045,3916 2043,3914 2043,3874 1758,3874 1758,3914 1753,3919 1645,3919 1640,3914 1488,3914 1483,3919 1360,3919 1355,3914 1355,3879 1350,3874 1349,3874 1345,3870 1203,3870 1201,3872 1200,3872 1198,3874 1198,3914 1193,3919 1149,3919 1144,3924 967,3924 962,3929 962,3983 964,3985 965,3985 967,3987 967,4041 972,4046 1291,4046 1296,4041 2097,4041 2099,4039 2100,4039 2102,4037 2126,4037 2128,4039 2129,4039 2131,4041 2131,4081 2136,4086 2308,4086 2313,4081 2313,4041 2315,4039 2316,4039 2318,4037 2500,4037 2501,4038 2501,4040 2500,4041 2500,4051 2499,4052 2499,4062 2498,4063 2498,4073 2497,4074 2497,4083 2496,4084 2496,4094 2495,4095 2495,4105 2494,4106 2494,4115 2493,4116 2493,4126 2492,4127 2492,4137 2491,4138 2491,4144 2490,4145 2485,4140 2485,4105 2480,4100 2480,4095 2185,4095 2185,4145 2180,4150 2170,4150 2165,4155 2164,4155 2160,4159 2160,4164 2158,4166 2158,4167 2156,4169 2156,4179 2151,4184 2141,4184 2136,4179 2136,4164 2131,4159 2131,4150 2087,4150 2082,4145 2082,4105 1998,4105 1993,4100 1993,4095 1841,4095 1841,4100 1836,4105 1826,4105 1824,4107 1824,4108 1822,4110 1817,4110 1812,4105 1507,4105 1507,4145 1502,4150 982,4150 975,4157 974,4157 967,4164 967,4267 972,4267 977,4272 1163,4272 1168,4277 1168,4297 1173,4302 1321,4302 1321,4272 1326,4267 1802,4267 1807,4262 1812,4262 1812,4258 1817,4253 1822,4258 1822,4262 1826,4262 1831,4267 2028,4267 2033,4272 2033,4302 2038,4307 2180,4307 2190,4297 2190,4292 2195,4287 2195,4282 2200,4277 2200,4267 2205,4262 2362,4262 2367,4267 2367,4307 2377,4307 2379,4309 2379,4310 2381,4312 2443,4312 2444,4313 2443,4314 2443,4315 2442,4316 2442,4318 2441,4319 2441,4321 2440,4322 2440,4324 2438,4326 2352,4326 2347,4331 2342,4331 2342,4371 2340,4373 2339,4373 2337,4375 2313,4375 2311,4373 2310,4373 2308,4371 2308,4336 2303,4331 2057,4331 2057,4371 2055,4373 2054,4373 2052,4375 1969,4375 1967,4373 1966,4373 1964,4371 1964,4336 1959,4331 1812,4331 1807,4336 1807,4356 1802,4361 1758,4361 1758,4371 1756,4373 1755,4373 1753,4375 1650,4375 1645,4380 1635,4380 1630,4375 1630,4336 1625,4336 1620,4331 1375,4331 1370,4336 1355,4336 1350,4341 1345,4341 1345,4346 1340,4351 1340,4361 1335,4366 1124,4366 1124,4375 1119,4380 1011,4380 1006,4385 987,4385 972,4400 972,4483 977,4488 977,4493 982,4498 1394,4498 1399,4493 1964,4493 1969,4488 2438,4488 2439,4489 2439,4492 2440,4493 2440,4497 2441,4498 2441,4502 2442,4503 2442,4507 2443,4508 2443,4511 2444,4512 2444,4516 2445,4517 2445,4521 2446,4522 2446,4526 2447,4527 2447,4530 2448,4531 2448,4535 2449,4536 2449,4540 2450,4541 2450,4545 2451,4546 2451,4549 2452,4550 2452,4554 2453,4555 2453,4559 2454,4560 2454,4564 2455,4565 2455,4601 2450,4606 2313,4606 2308,4601 2308,4582 2303,4577 2303,4567 2298,4562 2043,4562 2043,4601 2038,4606 2008,4606 2003,4611 1989,4611 1984,4606 1826,4606 1824,4608 1824,4609 1822,4611 1660,4611 1660,4641 1655,4646 1615,4646 1610,4641 1610,4626 1605,4621 1605,4611 1601,4611 1596,4606 1448,4606 1443,4611 1326,4611 1321,4606 1321,4596 1281,4596 1279,4594 1278,4594 1276,4592 1276,4567 1274,4565 1274,4564 1272,4562 1011,4562 1006,4567 1001,4567 996,4572 996,4573 992,4577 987,4577 987,4596 982,4601 982,4611 977,4616 972,4616 972,4729 1517,4729 1522,4734 1522,4773 1664,4773 1671,4766 1672,4766 1679,4759 1679,4749 1684,4744 1684,4739 1689,4734 1689,4729 1694,4724 2308,4724 2313,4719 2450,4719 2455,4724 2502,4724 2504,4726 2504,4728 2505,4729 2505,4730 2506,4731 2506,4733 2507,4734 2507,4736 2508,4737 2508,4738 2509,4739 2509,4741 2510,4742 2510,4743 2511,4744 2511,4746 2512,4747 2512,4749 2513,4750 2513,4751 2514,4752 2514,4754 2515,4755 2515,4756 2516,4757 2516,4759 2517,4760 2517,4762 2518,4763 2518,4764 2519,4765 2519,4767 2520,4768 2520,4770 2521,4771 2521,4772 2522,4773 2522,4775 2523,4776 2523,4777 2524,4778 2524,4780 2525,4781 2525,4783 2526,4784 2526,4785 2527,4786 2527,4788 2528,4789 2528,4790 2529,4791 2529,4793 2530,4794 2530,4796 2531,4797 2531,4798 2532,4799 2532,4801 2533,4802 2533,4804 2534,4805 2534,4806 2535,4807 2535,4809 2536,4810 2536,4811 2537,4812 2537,4814 2538,4815 2538,4817 2539,4818 2539,4819 2540,4820 2540,4821 2539,4822 2455,4822 2450,4817 2450,4793 2445,4788 2288,4788 2283,4793 2283,4832 2278,4837 2111,4837 2106,4832 2106,4793 1826,4793 1826,4852 1836,4852 1841,4857 1836,4862 1591,4862 1571,4842 1512,4842 1507,4837 1507,4793 1291,4793 1291,4837 1286,4842 1159,4842 1154,4837 1144,4837 1139,4832 996,4832 994,4834 994,4835 992,4837 982,4837 972,4847 972,4950 982,4960 1119,4960 1124,4965 1124,5009 1384,5009 1389,5004 1389,4960 1394,4955 1625,4955 1630,4950 1630,4935 1635,4930 1817,4930 1822,4935 1822,4955 1993,4955 1998,4950 2008,4950 2013,4955 2160,4955 2165,4950 2234,4950 2239,4955 2391,4955 2396,4950 2415,4950 2416,4951 2414,4953 2413,4953 2412,4954 2411,4954 2410,4955 2409,4955 2407,4957 2406,4957 2405,4958 2404,4958 2403,4959 2402,4959 2401,4960 2400,4960 2398,4962 2397,4962 2396,4963 2395,4963 2394,4964 2393,4964 2391,4966 2390,4966 2389,4967 2388,4967 2387,4968 2386,4968 2384,4970 2383,4970 2382,4971 2381,4971 2380,4972 2379,4972 2378,4973 2377,4973 2375,4975 2374,4975 2373,4976 2372,4976 2371,4977 2370,4977 2368,4979 2367,4979 2366,4980 2365,4980 2364,4981 2363,4981 2361,4983 2360,4983 2359,4984 2358,4984 2357,4985 2356,4985 2355,4986 2354,4986 2352,4988 2351,4988 2350,4989 2349,4989 2348,4990 2347,4990 2345,4992 2344,4992 2343,4993 2342,4993 2341,4994 2340,4994 2338,4996 2337,4996 2336,4997 2335,4997 2334,4998 2333,4998 2331,5000 2330,5000 2329,5001 2328,5001 2327,5002 2326,5002 2325,5003 2324,5003 2322,5005 2321,5005 2320,5006 2319,5006 2318,5007 2317,5007 2315,5009 2314,5009 2313,5010 2312,5010 2311,5011 2310,5011 2308,5013 2307,5013 2306,5014 2305,5014 2304,5015 2303,5015 2302,5016 2301,5016 2299,5018 2298,5018 2297,5019 2296,5019 2295,5020 2294,5020 2292,5022 2291,5022 2290,5023 2289,5023 2288,5024 2287,5024 2285,5026 2284,5026 2283,5027 2282,5027 2281,5028 2280,5028 2279,5029 2278,5029 2276,5031 2275,5031 2274,5032 2273,5031 2273,5024 2268,5019 2121,5019 2121,5063 2116,5068 2008,5068 2003,5063 2003,5034 1998,5034 1993,5029 1993,5028 1989,5024 1802,5024 1797,5029 1797,5063 1792,5068 1792,5073 1787,5078 1787,5107 1782,5112 1768,5112 1763,5107 1763,5092 1761,5090 1760,5090 1758,5088 1758,5083 1748,5073 1748,5068 1689,5068 1684,5063 1684,5053 1679,5048 1537,5048 1532,5053 1473,5053 1473,5063 1468,5068 1355,5068 1355,5073 1350,5078 1316,5078 1311,5073 1311,5068 1203,5068 1198,5063 1198,5029 1001,5029 996,5034 992,5034 992,5092 1011,5092 1021,5102 1021,5107 1016,5112 982,5112 982,5117 977,5122 977,5186 982,5191 987,5191 992,5196 1159,5196 1161,5194 1161,5193 1163,5191 1664,5191 1669,5196 1669,5230 1939,5230 1949,5220 1949,5210 1954,5205 1954,5196 1964,5186 1984,5186 1989,5191 2131,5191 2136,5186 2202,5186 2203,5187 2203,5191 2204,5192 2204,5195 2205,5196 2205,5199 2206,5200 2206,5203 2207,5204 2207,5208 2208,5209 2208,5212 2209,5213 2209,5216 2210,5217 2210,5221 2211,5222 2211,5225 2212,5226 2212,5229 2213,5230 2213,5234 2214,5235 2214,5238 2215,5239 2215,5242 2216,5243 2216,5246 2217,5247 2217,5251 2218,5252 2218,5255 2219,5256 2219,5259 2220,5260 2220,5264 2221,5265 2221,5268 2222,5269 2222,5272 2223,5273 2223,5276 2224,5277 2224,5281 2225,5282 2225,5285 2226,5286 2226,5289 2227,5290 2227,5293 2226,5294 1954,5294 1949,5299 1915,5299 1910,5294 1910,5259 1908,5257 1907,5257 1905,5255 1753,5255 1753,5294 1743,5304 1630,5304 1625,5299 1625,5259 1623,5257 1622,5257 1620,5255 1409,5255 1407,5257 1406,5257 1404,5259 1404,5299 1399,5304 972,5304 972,5372 977,5372 987,5382 987,5407 982,5412 972,5412 972,5466 977,5471 1154,5471 1159,5466 1163,5466 1163,5431 1168,5426 1252,5426 1254,5424 1255,5424 1257,5422 1733,5422 1735,5424 1736,5424 1738,5426 1738,5461 1895,5461 1900,5456 1900,5451 1905,5446 1905,5441 1910,5436 1910,5422 1915,5417 2386,5417 2391,5412 2395,5412 2396,5413 2397,5413 2398,5414 2399,5414 2400,5415 2401,5415 2402,5416 2403,5416 2404,5417 2405,5417 2406,5418 2407,5418 2408,5419 2409,5419 2410,5420 2411,5420 2412,5421 2413,5421 2414,5422 2415,5422 2416,5423 2417,5423 2418,5424 2419,5424 2420,5425 2421,5425 2422,5426 2424,5426 2425,5427 2426,5427 2427,5428 2428,5428 2429,5429 2430,5429 2431,5430 2432,5430 2433,5431 2434,5431 2435,5432 2436,5432 2437,5433 2438,5433 2439,5434 2440,5434 2441,5435 2442,5435 2443,5436 2444,5436 2445,5437 2446,5437 2447,5438 2448,5438 2449,5439 2450,5439 2451,5440 2452,5440 2453,5441 2454,5441 2455,5442 2456,5442 2457,5443 2458,5443 2459,5444 2461,5444 2462,5445 2463,5445 2464,5446 2465,5446 2466,5447 2467,5447 2468,5448 2469,5448 2470,5449 2471,5449 2472,5450 2473,5450 2474,5451 2475,5451 2476,5452 2477,5452 2478,5453 2479,5453 2480,5454 2481,5454 2482,5455 2483,5455 2484,5456 2485,5456 2486,5457 2487,5457 2488,5458 2489,5458 2490,5459 2491,5459 2492,5460 2493,5460 2494,5461 2495,5461 2496,5462 2497,5462 2498,5463 2500,5463 2501,5464 2502,5464 2503,5465 2504,5465 2505,5466 2506,5466 2507,5467 2508,5467 2509,5468 2510,5468 2511,5469 2512,5469 2513,5470 2514,5470 2515,5471 2516,5471 2517,5472 2518,5472 2519,5473 2520,5473 2521,5474 2522,5474 2523,5475 2524,5475 2525,5476 2526,5476 2527,5477 2528,5477 2529,5478 2530,5478 2531,5479 2532,5479 2533,5480 2534,5480 2535,5481 2537,5481 2538,5482 2539,5482 2540,5483 2541,5483 2542,5484 2543,5484 2544,5485 2545,5485 2546,5486 2547,5486 2548,5487 2549,5487 2550,5488 2551,5488 2552,5489 2553,5489 2554,5490 2555,5490 2556,5491 2557,5491 2558,5492 2559,5492 2560,5493 2561,5493 2562,5494 2563,5494 2564,5495 2565,5495 2566,5496 2567,5496 2568,5497 2569,5497 2570,5498 2571,5498 2572,5499 2574,5499 2575,5500 2576,5500 2577,5501 2578,5501 2579,5502 2580,5502 2581,5503 2582,5503 2583,5504 2584,5504 2585,5505 2586,5505 2587,5506 2588,5506 2589,5507 2590,5507 2591,5508 2592,5508 2593,5509 2594,5509 2595,5510 2596,5510 2597,5511 2598,5511 2599,5512 2600,5512 2601,5513 2602,5513 2603,5514 2604,5514 2605,5515 2606,5515 2607,5516 2608,5516 2609,5517 2610,5517 2611,5518 2613,5518 2614,5519 2615,5519 2616,5520 2617,5520 2618,5521 2619,5521 2620,5522 2621,5522 2622,5523 2622,5525 2617,5530 2573,5530 2568,5525 2426,5525 2421,5530 2264,5530 2259,5525 2259,5485 2234,5485 2229,5480 2229,5451 2087,5451 2087,5525 2082,5530 1998,5530 1996,5532 1995,5532 1993,5534 1895,5534 1893,5532 1892,5532 1890,5530 1890,5515 1689,5515 1684,5520 1684,5530 1682,5532 1681,5532 1679,5534 1399,5534 1397,5532 1396,5532 1394,5530 1394,5495 1198,5495 1193,5500 1193,5554 1213,5554 1215,5556 1215,5557 1217,5559 1217,5574 1215,5576 1215,5577 1213,5579 1183,5579 1183,5652 1188,5652 1193,5657 1360,5657 1365,5652 1959,5652 1964,5647 1969,5652 2195,5652 2200,5647 2539,5647 2541,5645 2542,5645 2544,5643 2643,5643 2644,5644 2643,5645 2643,5646 2642,5647 2642,5648 2641,5649 2641,5650 2640,5651 2640,5652 2639,5653 2639,5654 2638,5655 2638,5656 2637,5657 2637,5658 2636,5659 2636,5660 2635,5661 2635,5662 2634,5663 2634,5664 2633,5665 2633,5666 2632,5667 2632,5668 2631,5669 2631,5670 2630,5671 2630,5672 2629,5673 2629,5674 2628,5675 2628,5676 2627,5677 2627,5678 2626,5679 2626,5680 2625,5681 2625,5682 2624,5683 2624,5684 2623,5685 2623,5686 2621,5688 2621,5689 2620,5690 2620,5691 2619,5692 2619,5693 2618,5694 2618,5695 2617,5696 2617,5697 2616,5698 2616,5699 2615,5700 2615,5701 2614,5702 2614,5703 2613,5704 2613,5705 2612,5706 2612,5707 2611,5708 2611,5709 2610,5710 2610,5711 2609,5712 2609,5713 2608,5714 2608,5715 2607,5716 2607,5717 2606,5718 2606,5719 2605,5720 2605,5721 2604,5722 2604,5723 2603,5724 2603,5725 2602,5726 2602,5727 2601,5728 2601,5729 2600,5730 2600,5731 2599,5732 2599,5733 2598,5734 2598,5735 2597,5736 2597,5737 2596,5738 2596,5739 2595,5740 2595,5741 2594,5742 2594,5743 2593,5744 2593,5745 2592,5746 2592,5747 2590,5749 2590,5750 2589,5751 2589,5752 2588,5753 2588,5754 2587,5755 2587,5756 2586,5757 2586,5758 2584,5760 2519,5760 2519,5790 2514,5795 2480,5795 2475,5790 2475,5760 2460,5760 2455,5755 2455,5741 2303,5741 2303,5755 2298,5760 2136,5760 2131,5755 2131,5721 2126,5716 1925,5716 1920,5721 1876,5721 1871,5716 1723,5716 1718,5721 1704,5721 1679,5746 1679,5751 1677,5753 1676,5753 1674,5755 1674,5760 1669,5765 1630,5765 1625,5760 1625,5721 1615,5721 1610,5716 1468,5716 1463,5721 1458,5721 1458,5760 1453,5765 1448,5765 1443,5760 1443,5751 1438,5751 1436,5749 1436,5748 1434,5746 1291,5746 1286,5751 1286,5760 1281,5765 982,5765 977,5770 972,5770 972,5829 977,5834 977,5888 1149,5888 1154,5883 1689,5883 1694,5878 1699,5878 1704,5883 2023,5883 2028,5878 2116,5878 2121,5883 2121,5922 2268,5922 2270,5920 2271,5920 2273,5918 2273,5913 2278,5908 2278,5903 2283,5898 2283,5883 2288,5878 2377,5878 2379,5880 2379,5881 2381,5883 2381,5918 2519,5918 2521,5920 2522,5920 2524,5922 2622,5922 2627,5927 2627,5937 2622,5942 2548,5942 2546,5940 2546,5939 2544,5937 2401,5937 2396,5942 2372,5942 2362,5952 2362,5957 2357,5962 2357,5967 2352,5972 2234,5972 2234,5981 2229,5986 2052,5986 2047,5981 2047,5947 2045,5945 2045,5944 2043,5942 1890,5942 1885,5947 1615,5947 1610,5952 1610,5986 1605,5991 1404,5991 1399,5986 1399,5947 1394,5942 1237,5942 1232,5947 1227,5947 1227,5986 1222,5991 1031,5991 1026,5996 977,5996 977,6055 982,6060 982,6114 977,6119 942,6119 942,6172 1095,6172 1095,6124 1100,6119 1286,6119 1291,6114 1488,6114 1493,6109 1522,6109 1527,6114 1772,6114 1777,6109 1954,6109 1959,6114 2111,6114 2116,6109 2647,6109 2652,6114 2652,6148 2833,6148 2833,6109 2838,6104 3103,6104 3108,6099 3211,6099 3216,6104 3364,6104 3369,6099 3413,6099 3413,6094 3418,6089 3447,6089 3452,6094 3452,6134 3456,6138 3457,6138 3462,6143 3649,6143 3653,6139 3663,6139 3663,6124 3673,6114 3683,6114 3683,6094 3688,6089 3811,6089 3813,6087 3814,6087 3816,6085 3825,6085 3825,6075 3830,6070 3860,6070 3865,6065 3870,6065 3874,6061 3874,6060 3879,6055 3893,6055 3893,6001 3874,6001 3872,5999 3872,5998 3870,5996 3816,5996 3811,5991 3811,5976 3809,5974 3808,5974 3806,5972 3560,5972 3558,5974 3557,5974 3555,5976 3472,5976 3470,5974 3469,5974 3467,5972 3320,5972 3318,5974 3317,5974 3315,5976 3310,5976 3308,5974 3307,5974 3305,5972 3162,5972 3160,5974 3159,5974 3157,5976 3035,5976 3030,5981 2907,5981 2902,5976 2902,5937 2774,5937 2769,5932 2769,5913 2706,5913 2701,5908 2701,5878 2706,5873 3334,5873 3339,5868 3693,5868 3698,5873 3698,5903 3703,5908 3845,5908 3860,5893 3860,5888 3865,5883 3865,5878 3870,5873 3870,5795 3865,5790 3865,5785 3855,5785 3850,5780 3801,5780 3796,5775 3796,5751 3791,5746 3531,5746 3526,5751 3521,5746 3521,5731 3369,5731 3364,5736 3364,5746 3359,5751 3187,5751 3182,5746 3182,5736 3025,5736 3025,5746 3020,5751 2971,5751 2966,5746 2966,5741 2961,5736 2961,5711 2794,5711 2794,5751 2792,5753 2791,5753 2789,5755 2632,5755 2627,5760 2588,5760 2587,5759 2588,5758 2588,5757 2589,5756 2589,5755 2590,5754 2590,5753 2591,5752 2591,5751 2592,5750 2592,5749 2593,5748 2593,5747 2594,5746 2594,5745 2595,5744 2595,5743 2596,5742 2596,5741 2597,5740 2597,5739 2598,5738 2598,5737 2599,5736 2599,5735 2600,5734 2600,5733 2601,5732 2601,5731 2602,5730 2602,5729 2603,5728 2603,5727 2604,5726 2604,5725 2605,5724 2605,5723 2607,5721 2607,5720 2608,5719 2608,5718 2609,5717 2609,5716 2610,5715 2610,5714 2611,5713 2611,5712 2612,5711 2612,5710 2613,5709 2613,5708 2614,5707 2614,5706 2615,5705 2615,5704 2616,5703 2616,5702 2617,5701 2617,5700 2618,5699 2618,5698 2619,5697 2619,5696 2620,5695 2620,5694 2621,5693 2621,5692 2622,5691 2622,5690 2623,5689 2623,5688 2624,5687 2624,5686 2625,5685 2625,5684 2626,5683 2626,5682 2627,5681 2627,5680 2628,5679 2628,5678 2629,5677 2629,5676 2630,5675 2630,5674 2631,5673 2631,5672 2632,5671 2632,5670 2633,5669 2633,5668 2634,5667 2634,5666 2635,5665 2635,5664 2636,5663 2636,5662 2638,5660 2638,5659 2639,5658 2639,5657 2640,5656 2640,5655 2641,5654 2641,5653 2642,5652 2642,5651 2643,5650 2643,5649 2644,5648 2644,5647 2645,5646 2645,5645 2647,5643 2936,5643 2941,5638 3256,5638 3261,5643 3261,5682 3265,5682 3270,5687 3501,5687 3506,5682 3531,5682 3531,5643 3536,5638 3801,5638 3806,5633 3811,5633 3811,5623 3816,5618 3865,5618 3870,5613 3870,5608 3872,5606 3872,5605 3874,5603 3874,5549 3872,5547 3872,5546 3870,5544 3820,5544 3818,5542 3818,5541 3816,5539 3816,5530 3811,5525 3811,5520 3806,5515 3742,5515 3737,5510 3737,5505 3732,5500 3580,5500 3580,5510 3575,5515 3388,5515 3383,5520 3315,5520 3310,5515 3310,5480 3308,5478 3307,5478 3305,5476 3094,5476 3092,5478 3091,5478 3089,5480 2927,5480 2927,5500 2922,5505 2858,5505 2853,5500 2853,5480 2804,5480 2802,5478 2801,5478 2799,5476 2652,5476 2650,5478 2649,5478 2647,5480 2637,5480 2627,5490 2627,5495 2622,5500 2622,5519 2621,5520 2620,5520 2619,5519 2617,5519 2616,5518 2615,5518 2614,5517 2613,5517 2612,5516 2611,5516 2610,5515 2609,5515 2608,5514 2607,5514 2606,5513 2605,5513 2604,5512 2603,5512 2602,5511 2601,5511 2600,5510 2599,5510 2598,5509 2597,5509 2596,5508 2595,5508 2594,5507 2593,5507 2592,5506 2591,5506 2590,5505 2589,5505 2588,5504 2587,5504 2586,5503 2585,5503 2584,5502 2583,5502 2582,5501 2580,5501 2579,5500 2578,5500 2577,5499 2576,5499 2575,5498 2574,5498 2573,5497 2572,5497 2571,5496 2570,5496 2569,5495 2568,5495 2567,5494 2566,5494 2565,5493 2564,5493 2563,5492 2562,5492 2561,5491 2560,5491 2559,5490 2558,5490 2557,5489 2556,5489 2555,5488 2554,5488 2553,5487 2552,5487 2551,5486 2550,5486 2549,5485 2548,5485 2547,5484 2546,5484 2545,5483 2544,5483 2543,5482 2541,5482 2540,5481 2539,5481 2538,5480 2537,5480 2536,5479 2535,5479 2534,5478 2533,5478 2532,5477 2531,5477 2530,5476 2529,5476 2528,5475 2527,5475 2526,5474 2525,5474 2524,5473 2523,5473 2522,5472 2521,5472 2520,5471 2519,5471 2518,5470 2517,5470 2516,5469 2515,5469 2514,5468 2513,5468 2512,5467 2511,5467 2510,5466 2509,5466 2508,5465 2507,5465 2506,5464 2504,5464 2503,5463 2502,5463 2501,5462 2500,5462 2499,5461 2498,5461 2497,5460 2496,5460 2495,5459 2494,5459 2493,5458 2492,5458 2491,5457 2490,5457 2489,5456 2488,5456 2487,5455 2486,5455 2485,5454 2484,5454 2483,5453 2482,5453 2481,5452 2480,5452 2479,5451 2478,5451 2477,5450 2476,5450 2475,5449 2474,5449 2473,5448 2472,5448 2471,5447 2470,5447 2469,5446 2467,5446 2466,5445 2465,5445 2464,5444 2463,5444 2462,5443 2461,5443 2460,5442 2459,5442 2458,5441 2457,5441 2456,5440 2455,5440 2454,5439 2453,5439 2452,5438 2451,5438 2450,5437 2449,5437 2448,5436 2447,5436 2446,5435 2445,5435 2444,5434 2443,5434 2442,5433 2441,5433 2440,5432 2439,5432 2438,5431 2437,5431 2436,5430 2435,5430 2434,5429 2433,5429 2432,5428 2431,5428 2430,5427 2428,5427 2427,5426 2426,5426 2425,5425 2424,5425 2423,5424 2422,5424 2421,5423 2420,5423 2419,5422 2418,5422 2417,5421 2416,5421 2415,5420 2414,5420 2413,5419 2412,5419 2411,5418 2410,5418 2409,5417 2408,5417 2407,5416 2406,5416 2405,5415 2404,5415 2403,5414 2402,5414 2401,5413 2402,5412 3153,5412 3155,5410 3155,5409 3157,5407 3349,5407 3354,5402 3428,5402 3430,5400 3430,5399 3432,5397 3432,5338 3430,5336 3430,5335 3428,5333 3428,5328 3403,5328 3398,5323 3398,5289 3393,5284 3241,5284 3236,5289 3216,5289 3211,5284 3211,5245 3044,5245 3044,5284 3042,5286 3042,5287 3040,5289 2951,5289 2946,5294 2932,5294 2927,5289 2927,5250 2922,5245 2760,5245 2755,5250 2755,5284 2750,5289 2676,5289 2671,5284 2671,5250 2504,5250 2499,5255 2499,5274 2494,5279 2490,5279 2485,5274 2421,5274 2416,5269 2416,5255 2268,5255 2268,5289 2266,5291 2266,5292 2264,5294 2230,5294 2229,5293 2229,5291 2228,5290 2228,5286 2227,5285 2227,5282 2226,5281 2226,5278 2225,5277 2225,5273 2224,5272 2224,5269 2223,5268 2223,5265 2222,5264 2222,5260 2221,5259 2221,5256 2220,5255 2220,5252 2219,5251 2219,5248 2218,5247 2218,5243 2217,5242 2217,5239 2216,5238 2216,5235 2215,5234 2215,5230 2214,5229 2214,5226 2213,5225 2213,5222 2212,5221 2212,5218 2211,5217 2211,5213 2210,5212 2210,5209 2209,5208 2209,5205 2208,5204 2208,5200 2207,5199 2207,5196 2206,5195 2206,5192 2205,5191 2205,5188 2204,5187 2205,5186 2332,5186 2337,5181 3315,5181 3320,5176 3860,5176 3870,5166 3874,5166 3874,5097 3872,5095 3872,5094 3870,5092 3870,5053 3865,5048 3707,5048 3705,5050 3705,5051 3703,5053 3516,5053 3511,5048 3511,5014 3506,5009 3364,5009 3359,5014 3354,5014 3354,5034 3352,5036 3351,5036 3349,5038 3310,5038 3305,5043 3305,5053 3300,5058 2990,5058 2988,5056 2988,5055 2986,5053 2986,5043 2858,5043 2853,5038 2853,5024 2848,5019 2701,5019 2701,5034 2699,5036 2698,5036 2696,5038 2694,5036 2693,5036 2691,5034 2691,5019 2539,5019 2539,5058 2534,5063 2509,5063 2504,5058 2504,5019 2337,5019 2337,5058 2332,5063 2278,5063 2273,5058 2273,5035 2275,5033 2276,5033 2277,5032 2278,5032 2280,5030 2281,5030 2282,5029 2283,5029 2284,5028 2285,5028 2286,5027 2287,5027 2289,5025 2290,5025 2291,5024 2292,5024 2293,5023 2294,5023 2296,5021 2297,5021 2298,5020 2299,5020 2300,5019 2301,5019 2303,5017 2304,5017 2305,5016 2306,5016 2307,5015 2308,5015 2309,5014 2310,5014 2312,5012 2313,5012 2314,5011 2315,5011 2316,5010 2317,5010 2319,5008 2320,5008 2321,5007 2322,5007 2323,5006 2324,5006 2326,5004 2327,5004 2328,5003 2329,5003 2330,5002 2331,5002 2333,5000 2334,5000 2335,4999 2336,4999 2337,4998 2338,4998 2339,4997 2340,4997 2342,4995 2343,4995 2344,4994 2345,4994 2346,4993 2347,4993 2349,4991 2350,4991 2351,4990 2352,4990 2353,4989 2354,4989 2356,4987 2357,4987 2358,4986 2359,4986 2360,4985 2361,4985 2362,4984 2363,4984 2365,4982 2366,4982 2367,4981 2368,4981 2369,4980 2370,4980 2372,4978 2373,4978 2374,4977 2375,4977 2376,4976 2377,4976 2379,4974 2380,4974 2381,4973 2382,4973 2383,4972 2384,4972 2385,4971 2386,4971 2388,4969 2389,4969 2390,4968 2391,4968 2392,4967 2393,4967 2395,4965 2396,4965 2397,4964 2398,4964 2399,4963 2400,4963 2402,4961 2403,4961 2404,4960 2405,4960 2406,4959 2407,4959 2409,4957 2410,4957 2411,4956 2412,4956 2413,4955 2414,4955 2415,4954 2416,4954 2418,4952 2419,4952 2420,4951 2421,4951 2422,4950 3138,4950 3143,4955 3143,4984 3290,4984 3294,4980 3295,4980 3300,4975 3300,4970 3305,4965 3305,4955 3315,4945 3408,4945 3413,4950 3413,4994 3590,4994 3590,4950 3595,4945 3742,4945 3747,4940 3874,4940 3874,4871 3870,4871 3868,4869 3867,4869 3865,4867 3865,4862 3870,4857 3874,4857 3874,4798 3870,4798 3865,4793 3865,4788 3860,4783 3860,4778 3693,4778 3693,4822 3688,4827 3536,4827 3531,4822 3531,4783 3383,4783 3378,4788 3378,4827 3376,4829 3376,4830 3374,4832 3290,4832 3290,4862 3285,4867 3231,4867 3226,4862 3226,4813 3221,4808 3221,4783 3059,4783 3059,4827 3054,4832 2897,4832 2892,4827 2892,4788 2887,4783 2740,4783 2735,4788 2593,4788 2588,4793 2563,4793 2563,4822 2558,4827 2548,4827 2546,4825 2546,4824 2544,4822 2543,4822 2541,4820 2541,4818 2540,4817 2540,4815 2539,4814 2539,4813 2538,4812 2538,4810 2537,4809 2537,4808 2536,4807 2536,4805 2535,4804 2535,4802 2534,4801 2534,4800 2533,4799 2533,4797 2532,4796 2532,4794 2531,4793 2531,4792 2530,4791 2530,4789 2529,4788 2529,4787 2528,4786 2528,4784 2527,4783 2527,4781 2526,4780 2526,4779 2525,4778 2525,4776 2524,4775 2524,4773 2523,4772 2523,4771 2522,4770 2522,4768 2521,4767 2521,4766 2520,4765 2520,4763 2519,4762 2519,4760 2518,4759 2518,4758 2517,4757 2517,4755 2516,4754 2516,4753 2515,4752 2515,4750 2514,4749 2514,4747 2513,4746 2513,4745 2512,4744 2512,4742 2511,4741 2511,4739 2510,4738 2510,4737 2509,4736 2509,4734 2508,4733 2508,4732 2507,4731 2507,4729 2506,4728 2506,4726 2505,4725 2506,4724 2612,4724 2617,4719 2819,4719 2821,4717 2821,4716 2823,4714 3261,4714 3263,4716 3263,4717 3265,4719 3265,4759 3267,4761 3268,4761 3270,4763 3413,4763 3415,4761 3416,4761 3418,4759 3418,4754 3425,4747 3425,4746 3432,4739 3432,4734 3437,4729 3437,4714 3442,4709 3496,4709 3501,4714 3653,4714 3658,4709 3850,4709 3855,4704 3870,4704 3870,4631 3865,4631 3860,4626 3860,4606 3855,4601 3855,4596 3707,4596 3703,4592 3703,4557 3698,4552 3541,4552 3541,4572 3536,4577 3496,4577 3496,4596 3491,4601 3486,4596 3442,4596 3440,4594 3439,4594 3437,4592 3437,4552 3133,4552 3128,4557 3123,4557 3123,4572 3118,4577 2981,4577 2976,4582 2932,4582 2932,4596 2927,4601 2661,4601 2656,4596 2656,4557 2460,4557 2457,4560 2456,4560 2455,4559 2455,4555 2454,4554 2454,4551 2453,4550 2453,4546 2452,4545 2452,4541 2451,4540 2451,4536 2450,4535 2450,4532 2449,4531 2449,4527 2448,4526 2448,4522 2447,4521 2447,4517 2446,4516 2446,4513 2445,4512 2445,4508 2444,4507 2444,4503 2443,4502 2443,4498 2442,4497 2442,4494 2441,4493 2441,4489 2442,4488 2735,4488 2740,4493 2740,4533 2742,4535 2743,4535 2745,4537 2927,4537 2929,4535 2930,4535 2932,4533 2936,4533 2946,4523 2946,4488 2951,4483 3747,4483 3749,4481 3750,4481 3752,4479 3816,4479 3816,4464 3818,4462 3818,4461 3820,4459 3870,4459 3870,4395 3865,4390 3811,4390 3806,4385 3806,4371 3801,4366 3649,4366 3644,4361 3644,4326 3639,4321 3639,4316 3491,4316 3491,4321 3486,4326 3398,4326 3398,4366 3393,4371 3167,4371 3162,4366 3162,4326 3015,4326 3010,4331 3005,4331 3000,4326 2848,4326 2848,4341 2843,4346 2843,4366 2838,4371 2676,4371 2671,4366 2671,4361 2666,4356 2524,4356 2519,4351 2519,4326 2442,4326 2441,4325 2441,4324 2442,4323 2442,4322 2443,4321 2443,4319 2444,4318 2444,4316 2445,4315 2445,4313 2446,4312 2558,4312 2563,4307 2568,4307 2573,4302 2573,4297 2578,4292 2578,4267 2583,4262 2833,4262 2833,4258 2838,4253 2966,4253 2971,4258 2971,4307 3148,4307 3148,4258 3153,4253 3683,4253 3688,4248 3870,4248 3870,4194 3865,4189 3865,4154 3860,4149 3859,4149 3855,4145 3855,4140 3850,4140 3840,4130 3840,4095 3830,4095 3828,4093 3827,4093 3825,4091 3683,4091 3681,4093 3680,4093 3678,4095 3678,4135 3673,4140 3560,4140 3555,4135 3555,4125 3550,4120 3408,4120 3403,4125 3403,4135 3398,4140 3300,4140 3295,4135 3295,4091 3148,4091 3146,4093 3145,4093 3143,4095 3143,4125 3138,4130 3138,4135 3133,4140 2711,4140 2706,4145 2494,4145 2493,4144 2493,4138 2494,4137 2494,4127 2495,4126 2495,4116 2496,4115 2496,4106 2497,4105 2497,4095 2498,4094 2498,4084 2499,4083 2499,4073 2500,4072 2500,4063 2501,4062 2501,4052 2502,4051 2502,4041 2503,4040 2503,4038 2504,4037 2602,4037 2607,4032 2632,4032 2637,4037 2779,4037 2784,4032 3270,4032 3275,4027 3575,4027 3580,4032 3727,4032 3732,4027 3855,4027 3860,4022 3865,4022 3865,4012 3870,4007 3870,3929 3865,3924 3865,3919 3855,3909 3791,3909 3786,3904 3786,3894 3781,3889 3575,3889 3575,3904 3570,3909 3310,3909 3305,3904 3305,3865 3153,3865 3148,3870 3103,3870 3103,3909 3098,3914 3054,3914 3049,3909 3049,3870 3044,3870 3042,3868 3042,3867 3040,3865 2882,3865 2877,3870 2563,3870 2561,3872 2560,3872 2558,3874 2558,3909 2553,3914 2495,3914 2494,3913 2494,3912 2493,3911 2493,3909 2492,3908 2492,3907 2491,3906 2491,3905 2490,3904 2490,3903 2489,3902 2489,3900 2488,3899 2488,3898 2487,3897 2487,3896 2486,3895 2486,3894 2485,3893 2485,3892 2484,3891 2484,3889 2483,3888 2483,3887 2482,3886 2482,3885 2481,3884 2481,3883 2480,3882 2480,3880 2479,3879 2479,3878 2478,3877 2478,3876 2477,3875 2477,3874 2476,3873 2476,3871 2475,3870 2475,3869 2474,3868 2474,3867 2473,3866 2473,3865 2472,3864 2472,3863 2471,3862 2471,3860 2470,3859 2470,3858 2469,3857 2469,3856 2468,3855 2468,3854 2467,3853 2467,3851 2466,3850 2466,3849 2465,3848 2465,3847 2464,3846 2464,3845 2463,3844 2463,3842 2462,3841 2462,3840 2461,3839 2461,3838 2460,3837 2460,3836 2459,3835 2459,3833 2458,3832 2458,3831 2457,3830 2457,3829 2456,3828 2456,3827 2455,3826 2455,3825 2454,3824 2454,3822 2453,3821 2453,3820 2452,3819 2452,3818 2451,3817 2452,3816 2539,3816 2544,3811 2622,3811 2627,3816 2779,3816 2784,3811 2995,3811 3000,3806 3015,3806 3020,3811 3162,3811 3167,3806 3855,3806 3865,3796 3865,3776 3869,3772 3869,3771 3874,3766 3874,3757 3879,3752 3879,3693 3874,3688 3855,3688 3850,3683 3732,3683 3727,3678 3727,3639 3575,3639 3570,3644 3570,3663 3565,3668 3491,3668 3491,3678 3486,3683 3364,3683 3354,3673 3354,3639 3202,3639 3197,3644 3020,3644 3020,3683 3015,3688 2745,3688 2740,3693 2642,3693 2637,3688 2490,3688 2485,3693 2417,3693 2416,3692 2416,3688 2417,3687 2417,3678 2418,3677 2418,3669 2419,3668 2419,3660 2420,3659 2420,3650 2421,3649 2421,3641 2422,3640 2422,3632 2423,3631 2423,3622 2424,3621 2424,3613 2425,3612 2425,3604 2426,3603 2426,3594 2427,3593 2427,3585 2428,3584 2428,3581 2429,3580 2804,3580 2809,3575 3261,3575 3263,3573 3263,3572 3265,3570 3388,3570 3393,3575 3791,3575 3796,3570 3801,3570 3806,3565 3806,3555 3811,3550 3865,3550 3870,3545 3870,3477 3811,3477 3806,3472 3806,3462 3801,3457 3791,3457 3786,3452 3776,3452 3771,3447 3771,3413 3766,3408 3599,3408 3597,3410 3597,3411 3595,3413 3428,3413 3423,3408 3270,3408 3265,3413 3265,3452 3263,3454 3263,3455 3261,3457 3256,3457 3251,3452 3251,3437 3211,3437 3209,3435 3209,3434 3207,3432 3207,3413 3202,3408 3054,3408 3049,3413 3049,3452 3044,3457 3030,3457 3020,3447 3020,3408 2858,3408 2853,3413 2691,3413 2686,3418 2686,3452 2681,3457 2465,3457 2460,3452 2460,3418 2457,3418 2456,3417 2456,3416 2457,3415 2457,3412 2458,3411 2458,3407 2459,3406 2459,3403 2460,3402 2460,3399 2461,3398 2461,3395 2462,3394 2462,3391 2463,3390 2463,3387 2464,3386 2464,3383 2465,3382 2465,3379 2466,3378 2466,3374 2467,3373 2467,3370 2468,3369 2468,3366 2469,3365 2469,3362 2470,3361 2470,3358 2471,3357 2471,3354 2472,3353 2472,3350 2473,3349 2473,3345 2474,3344 2583,3344 2588,3349 2588,3383 2598,3393 2774,3393 2779,3388 2789,3388 2799,3378 2799,3369 2804,3364 2804,3349 2809,3344 3059,3344 3064,3339 3153,3339 3155,3341 3155,3342 3157,3344 3157,3383 3162,3388 3334,3388 3334,3349 3339,3344 3703,3344 3705,3342 3705,3341 3707,3339 3820,3339 3825,3334 3825,3329 3830,3324 3845,3324 3847,3322 3848,3322 3850,3320 3874,3320 3879,3315 3879,3256 3874,3251 3835,3251 3830,3246 3830,3236 3825,3231 3825,3187 3820,3182 3747,3182 3742,3177 3472,3177 3467,3182 3388,3182 3383,3187 3383,3221 3378,3226 3275,3226 3270,3231 3226,3231 3221,3226 3177,3226 3172,3221 3172,3182 3167,3177 3005,3177 3000,3182 2951,3182 2951,3202 2946,3207 2789,3207 2789,3226 2784,3231 2627,3231 2622,3226 2622,3211 2620,3209 2619,3209 2617,3207 2542,3207 2541,3206 2543,3204 2543,3203 2546,3200 2546,3199 2548,3197 2548,3196 2550,3194 2550,3193 2552,3191 2552,3190 2555,3187 2555,3186 2557,3184 2557,3183 2559,3181 2559,3180 2561,3178 2561,3177 2564,3174 2564,3173 2566,3171 2566,3170 2568,3168 2568,3167 2570,3165 2570,3164 2572,3162 2671,3162 2671,3118 2676,3113 3113,3113 3118,3108 3251,3108 3256,3113 3570,3113 3575,3108 3668,3108 3673,3113 3820,3113 3825,3108 3825,3103 3830,3098 3830,3094 3835,3089 3855,3089 3860,3084 3874,3084 3874,3015 3835,3015 3830,3010 3830,2995 3820,2995 3818,2993 3818,2992 3816,2990 3816,2976 3663,2976 3663,2981 3658,2986 3658,2990 3653,2995 3590,2995 3585,2990 3585,2971 3575,2961 3575,2956 3570,2951 3423,2951 3423,2990 3418,2995 3413,2995 3408,2990 3408,2986 3359,2986 3354,2981 3354,2946 3197,2946 3192,2951 3133,2951 3128,2946 3128,2927 3123,2922 2981,2922 2976,2927 2976,2941 2971,2946 2873,2946 2868,2951 2711,2951 2711,2990 2706,2995 2642,2995 2641,2994 2640,2994 2637,2991 2636,2991 2632,2987 2631,2987 2628,2984 2627,2984 2624,2981 2623,2981 2620,2978 2619,2978 2615,2974 2614,2974 2611,2971 2610,2971 2607,2968 2606,2968 2603,2965 2602,2965 2599,2962 2598,2962 2594,2958 2593,2958 2590,2955 2589,2955 2586,2952 2585,2952 2582,2949 2581,2949 2578,2946 2577,2946 2573,2942 2572,2942 2569,2939 2568,2939 2565,2936 2564,2936 2561,2933 2560,2933 2556,2929 2555,2929 2552,2926 2551,2926 2548,2923 2547,2923 2544,2920 2543,2920 2540,2917 2539,2917 2535,2913 2534,2913 2531,2910 2530,2910 2527,2907 2526,2907 2523,2904 2522,2904 2519,2901 2518,2901 2514,2897 2513,2897 2510,2894 2509,2894 2506,2891 2505,2891 2502,2888 2501,2888 2498,2885 2497,2885 2495,2883 2496,2882 3153,2882 3155,2880 3155,2879 3157,2877 3236,2877 3241,2882 3398,2882 3403,2877 3408,2877 3413,2882 3555,2882 3560,2877 3874,2877 3874,2814 3870,2814 3865,2809 3865,2769 3860,2769 3858,2767 3857,2767 3855,2765 3555,2765 3550,2760 3550,2750 3398,2750 3398,2760 3393,2765 3344,2765 3339,2760 3339,2715 3172,2715 3172,2765 3170,2767 3169,2767 3167,2769 3157,2769 3153,2765 3103,2765 3098,2760 3098,2725 3096,2723 3096,2722 3094,2720 2946,2720 2941,2725 2941,2760 2936,2765 2868,2765 2866,2767 2865,2767 2863,2769 2848,2769 2846,2767 2845,2767 2843,2765 2843,2750 2701,2750 2696,2745 2696,2720 2691,2715 2534,2715 2529,2720 2519,2720 2514,2725 2504,2715 2362,2715 2360,2717 2359,2716 2359,2707 2360,2706 2360,2697 2361,2696 2421,2696 2421,2691 2431,2681 2431,2671 2433,2669 2433,2668 2435,2666 2435,2652 2440,2647 2617,2647 2622,2652 2765,2652 2767,2650 2767,2649 2769,2647 3693,2647 3698,2642 3860,2642 3865,2637 3865,2632 3870,2627 3870,2607 3872,2605 3872,2604 3874,2602 3874,2544 3865,2544 3855,2534 3796,2534 3791,2529 3791,2485 3786,2480 3585,2480 3580,2485 3580,2524 3575,2529 3570,2529 3565,2524 3565,2504 3560,2499 3560,2485 3555,2485 3550,2480 3408,2480 3403,2485 3344,2485 3344,2509 3339,2514 3261,2514 3256,2509 3256,2485 3207,2485 3202,2480 3044,2480 3039,2485 3039,2486 3035,2490 3035,2494 3025,2504 3025,2529 3020,2534 2981,2534 2976,2529 2912,2529 2907,2524 2907,2485 2755,2485 2750,2490 2750,2529 2745,2534 2642,2534 2637,2529 2637,2499 2632,2494 2631,2494 2627,2490 2578,2490 2573,2485 2431,2485 2426,2490 2425,2490 2424,2489 2425,2488 2425,2487 2427,2485 2427,2484 2429,2482 2429,2481 2431,2479 2431,2478 2433,2476 2433,2475 2435,2473 2435,2472 2437,2470 2437,2469 2439,2467 2439,2466 2440,2465 2440,2464 2442,2462 2442,2461 2444,2459 2444,2458 2446,2456 2446,2455 2448,2453 2448,2452 2450,2450 2450,2449 2452,2447 2452,2446 2454,2444 2454,2443 2456,2441 2456,2440 2458,2438 2458,2437 2460,2435 2460,2434 2462,2432 2462,2431 2464,2429 2464,2428 2466,2426 2466,2425 2468,2423 2468,2422 2469,2421 2470,2422 2470,2470 2647,2470 2647,2426 2652,2421 2838,2421 2843,2416 2961,2416 2961,2411 2966,2406 2971,2411 2976,2411 2981,2416 2995,2416 3000,2421 3000,2426 3005,2431 3005,2440 3020,2455 3035,2455 3040,2460 3182,2460 3187,2455 3207,2455 3207,2421 3209,2419 3209,2418 3211,2416 3280,2416 3285,2421 3285,2460 3290,2465 3437,2465 3442,2460 3442,2455 3447,2450 3447,2445 3452,2440 3452,2421 3457,2416 3757,2416 3762,2411 3865,2411 3865,2406 3870,2401 3870,2396 3872,2394 3872,2393 3874,2391 3874,2381 3876,2379 3877,2379 3879,2377 3879,2323 3874,2318 3874,2317 3870,2313 3870,2303 3865,2298 3855,2298 3850,2293 3707,2293 3705,2295 3705,2296 3703,2298 3491,2298 3486,2303 3462,2303 3457,2298 3457,2259 3300,2259 3300,2298 3295,2303 3202,2303 3197,2298 3197,2288 3192,2283 3192,2278 3182,2268 3177,2268 3175,2266 3174,2266 3172,2264 3167,2264 3162,2259 3000,2259 2995,2264 2986,2264 2984,2266 2983,2266 2981,2268 2976,2268 2961,2283 2961,2288 2956,2293 2956,2303 2951,2308 2951,2337 2946,2342 2927,2342 2922,2337 2922,2308 2917,2303 2774,2303 2769,2308 2735,2308 2730,2303 2588,2303 2583,2298 2583,2264 2469,2264 2467,2262 2467,2261 2466,2260 2466,2258 2465,2257 2465,2256 2464,2255 2464,2254 2463,2253 2463,2252 2462,2251 2462,2249 2461,2248 2461,2247 2460,2246 2460,2245 2459,2244 2459,2242 2458,2241 2458,2240 2457,2239 2457,2238 2456,2237 2456,2236 2455,2235 2455,2233 2454,2232 2454,2231 2453,2230 2453,2229 2452,2228 2452,2227 2451,2226 2451,2224 2450,2223 2450,2222 2449,2221 2449,2220 2448,2219 2448,2218 2447,2217 2447,2215 2446,2214 2446,2213 2445,2212 2445,2211 2444,2210 2444,2209 2443,2208 2443,2206 2442,2205 2442,2204 2441,2203 2441,2202 2440,2201 2440,2200 2439,2199 2439,2197 2438,2196 2438,2195 2437,2194 2437,2193 2436,2192 2436,2191 2437,2190 2558,2190 2563,2195 2563,2234 2706,2234 2711,2229 2715,2229 2720,2224 2720,2219 2725,2214 2725,2210 2730,2205 2730,2195 2735,2190 3094,2190 3096,2188 3096,2187 3098,2185 3747,2185 3752,2180 3870,2180 3870,2111 3865,2111 3860,2106 3860,2067 3855,2067 3850,2062 3688,2062 3683,2057 3683,2052 3678,2047 3545,2047 3541,2043 3541,2023 3388,2023 3388,2062 3383,2067 3359,2067 3354,2062 3354,2028 3349,2023 3320,2023 3315,2018 3315,1998 3310,1993 3309,1993 3305,1989 3157,1989 3157,2052 3177,2052 3182,2057 3182,2062 3177,2067 3113,2067 3108,2062 3108,2023 2956,2023 2951,2028 2951,2067 2946,2072 2927,2072 2922,2067 2922,2028 2917,2023 2769,2023 2767,2025 2767,2026 2765,2028 2755,2028 2755,2067 2750,2072 2735,2072 2730,2067 2730,2028 2573,2028 2573,2062 2568,2067 2509,2067 2504,2072 2426,2072 2421,2067 2421,2028 2394,2028 2393,2027 2393,2012 2392,2011 2392,1999 2393,1998 2504,1998 2509,1993 2529,1993 2529,1964 2534,1959 2607,1959 2612,1954 3000,1954 3005,1959 3005,1979 3153,1979 3165,1967 3165,1966 3177,1954 3432,1954 3437,1959 3437,1998 3614,1998 3619,1993 3624,1993 3624,1959 3629,1954 3703,1954 3705,1952 3705,1951 3707,1949 3820,1949 3825,1944 3825,1925 3830,1920 3865,1920 3865,1861 3860,1856 3816,1856 3811,1851 3811,1831 3364,1831 3359,1836 3354,1836 3349,1831 3133,1831 3128,1836 3123,1836 3118,1831 3118,1807 3113,1802 2966,1802 2961,1807 2961,1831 2956,1836 2799,1836 2794,1831 2794,1822 2765,1822 2760,1817 2760,1802 2598,1802 2588,1812 2588,1817 2583,1822 2548,1822 2544,1826 2539,1826 2534,1831 2534,1836 2529,1841 2435,1841 2434,1840 2436,1838 2437,1838 2442,1833 2443,1833 2448,1828 2449,1828 2454,1823 2455,1823 2459,1819 2460,1819 2465,1814 2466,1814 2471,1809 2472,1809 2477,1804 2478,1804 2483,1799 2484,1799 2488,1795 2489,1795 2494,1790 2495,1790 2500,1785 2501,1785 2506,1780 2507,1780 2512,1775 2513,1775 2517,1771 2518,1771 2523,1766 2524,1766 2529,1761 2530,1761 2535,1756 2536,1756 2541,1751 2542,1751 2546,1747 2547,1747 2552,1742 2553,1742 2558,1737 2559,1737 2564,1732 2565,1732 2570,1727 2571,1727 2575,1723 2637,1723 2642,1718 2936,1718 2941,1723 2941,1758 3094,1758 3094,1753 3096,1751 3096,1750 3098,1748 3098,1743 3103,1738 3103,1733 3113,1723 3211,1723 3216,1718 3418,1718 3420,1716 3421,1716 3423,1714 3526,1714 3528,1716 3529,1716 3531,1718 3683,1718 3685,1716 3686,1716 3688,1714 3693,1714 3695,1716 3696,1716 3698,1718 3698,1758 3840,1758 3855,1743 3855,1738 3860,1733 3860,1723 3865,1718 3865,1645 3860,1645 3855,1640 3820,1640 3818,1638 3818,1637 3816,1635 3816,1610 3811,1605 3811,1601 3806,1601 3801,1596 3737,1596 3732,1591 3732,1581 3531,1581 3526,1586 3526,1591 3521,1596 3403,1596 3398,1601 3364,1601 3359,1596 3251,1596 3246,1591 3246,1561 3236,1561 3231,1556 3054,1556 3054,1615 3069,1615 3074,1620 3074,1635 3069,1640 3044,1640 3042,1642 3042,1643 3040,1645 3030,1645 3025,1640 3025,1605 3023,1603 3022,1603 3020,1601 3015,1601 3010,1596 3010,1576 3005,1571 3005,1561 3000,1561 2995,1556 2779,1556 2779,1576 2774,1581 2696,1581 2691,1576 2691,1571 2686,1566 2686,1561 2546,1561 2536,1551 2535,1551 2526,1542 2525,1542 2516,1533 2515,1533 2505,1523 2504,1523 2495,1514 2494,1514 2484,1504 2483,1504 2474,1495 2473,1495 2467,1489 2468,1488 3207,1488 3209,1490 3209,1491 3211,1493 3211,1527 3329,1527 3334,1532 3477,1532 3484,1525 3484,1524 3491,1517 3491,1507 3496,1502 3501,1502 3501,1493 3506,1488 3555,1488 3560,1483 3599,1483 3604,1488 3850,1488 3855,1483 3865,1483 3870,1478 3870,1375 3865,1370 3865,1365 3742,1365 3737,1360 3737,1326 3732,1321 3570,1321 3565,1326 3560,1326 3558,1328 3557,1328 3555,1330 3555,1335 3550,1340 3550,1365 3545,1370 3506,1370 3501,1365 3501,1326 3496,1326 3491,1321 3344,1321 3339,1326 3339,1365 3334,1370 3334,1404 3329,1409 3315,1409 3310,1404 3310,1389 3305,1384 3305,1380 3295,1370 3035,1370 3030,1365 3030,1330 3028,1328 3027,1328 3025,1326 3025,1321 2853,1321 2848,1326 2847,1326 2843,1330 2843,1335 2838,1340 2838,1365 2833,1370 2363,1370 2362,1369 2362,1367 2361,1366 2361,1364 2360,1363 2360,1360 2359,1359 2359,1357 2358,1356 2358,1353 2357,1352 2357,1350 2356,1349 2356,1346 2355,1345 2355,1343 2354,1342 2354,1339 2353,1338 2353,1336 2352,1335 2352,1332 2351,1331 2351,1329 2350,1328 2350,1325 2349,1324 2349,1321 2348,1320 2348,1318 2347,1317 2347,1314 2346,1313 2346,1311 2345,1310 2345,1307 2344,1306 2344,1304 2343,1303 2343,1300 2342,1299 2342,1297 2341,1296 2341,1293 2340,1292 2340,1290 2339,1289 2339,1286 2338,1285 2338,1282 2337,1281 2337,1279 2336,1278 2336,1275 2335,1274 2335,1272 2334,1271 2334,1268 2333,1267 2333,1265 2332,1264 2332,1261 2331,1260 2331,1258 2332,1257 2676,1257 2681,1252 2686,1257 2686,1301 2863,1301 2863,1262 2868,1257 3850,1257 3855,1252 3855,1183 3850,1178 3860,1168 3860,1085"/><TextEquiv><Unicode/></TextEquiv><TextLine id="r2_l001"><Coords points="1032,1120 3796,1107 3796,1274 1032,1287"/><TextEquiv index="1"><Unicode>furent les amis de mon pre infortun!</Unicode></TextEquiv></TextLine><TextLine id="r2_l002"><Coords points="1038,1352 3806,1340 3806,1506 1038,1518"/><TextEquiv index="1"><Unicode>Moi-mme, dans mon enfance, je fus</Unicode></TextEquiv></TextLine><TextLine id="r2_l003"><Coords points="1033,1588 3801,1575 3801,1741 1033,1754"/><TextEquiv index="1"><Unicode>reu chez son pre, et c'est l, Jeannette,</Unicode></TextEquiv></TextLine><TextLine id="r2_l004"><Coords points="1032,1820 3801,1807 3801,1975 1032,1988"/><TextEquiv index="1"><Unicode>o tu m'appelais ton petit mari, sans pou-</Unicode></TextEquiv></TextLine><TextLine id="r2_l005"><Coords points="1033,2035 3806,2022 3806,2204 1033,2217"/><TextEquiv index="1"><Unicode>voir deviner qu'un jour je deviendrais ton</Unicode></TextEquiv></TextLine><TextLine id="r2_l006"><Coords points="1032,2286 3816,2273 3816,2443 1032,2456"/><TextEquiv index="1"><Unicode>grand, ton vritable poux. Que je vous</Unicode></TextEquiv></TextLine><TextLine id="r2_l007"><Coords points="1032,2516 3811,2503 3811,2675 1032,2688"/><TextEquiv index="1"><Unicode>sais gr, madame, d'avoir offert l'asile</Unicode></TextEquiv></TextLine><TextLine id="r2_l008"><Coords points="1032,2748 3810,2735 3810,2859 1032,2872"/><TextEquiv index="1"><Unicode>de l'amiti  cette infortune dont ma</Unicode></TextEquiv></TextLine><TextLine id="r2_l009"><Coords points="1032,2956 3816,2943 3816,3130 1032,3143"/><TextEquiv index="1"><Unicode>femme m'a si souvent parl! Mais o est-</Unicode></TextEquiv></TextLine><TextLine id="r2_l010"><Coords points="1038,3212 3816,3199 3816,3366 1038,3379"/><TextEquiv index="1"><Unicode>elle? pourquoi ne partage-t-elle pas l'al-</Unicode></TextEquiv></TextLine><TextLine id="r2_l011"><Coords points="1038,3441 3806,3428 3806,3599 1038,3612"/><TextEquiv index="1"><Unicode>gresse gnrale? Me craindrait-elle? fe-</Unicode></TextEquiv></TextLine><TextLine id="r2_l012"><Coords points="1032,3673 3816,3660 3816,3828 1032,3841"/><TextEquiv index="1"><Unicode>rait-elle l'injure  mon cur de le croire</Unicode></TextEquiv></TextLine><TextLine id="r2_l013"><Coords points="1033,3894 3806,3881 3806,4054 1033,4067"/><TextEquiv index="1"><Unicode>moins sensible que celui de Jeannette</Unicode></TextEquiv></TextLine><TextLine id="r2_l014"><Coords points="1038,4127 3805,4114 3805,4280 1038,4293"/><TextEquiv index="1"><Unicode>son amie? Oh, daigne me prsenter </Unicode></TextEquiv></TextLine><TextLine id="r2_l015"><Coords points="1043,4354 3806,4341 3806,4507 1043,4520"/><TextEquiv index="1"><Unicode>cette fille estimable de tes gnreux bien-</Unicode></TextEquiv></TextLine><TextLine id="r2_l016"><Coords points="1043,4588 3806,4575 3806,4737 1043,4750"/><TextEquiv index="1"><Unicode>faiteurs, ma chre Jeannette! je t'en</Unicode></TextEquiv></TextLine><TextLine id="r2_l017"><Coords points="1043,4816 3811,4803 3811,4971 1043,4984"/><TextEquiv index="1"><Unicode>supplie. -- Mon cher Briceval, rpond</Unicode></TextEquiv></TextLine><TextLine id="r2_l018"><Coords points="1048,5043 3810,5031 3810,5199 1048,5211"/><TextEquiv index="1"><Unicode>Jeannette, j'avais devin tes sentimens</Unicode></TextEquiv></TextLine><TextLine id="r2_l019"><Coords points="1810,5437 1810,5436 1810,5396 1809,5396 1613,5397 1612,5396 1431,5396 1430,5395 1181,5396 1181,5397 1181,5401 1180,5401 1078,5402 1078,5402 1078,5408 1077,5409 1058,5409 1058,5408 1058,5350 1057,5350 1053,5350 1052,5349 1052,5345 1052,5345 1044,5345 1043,5345 1043,5331 1044,5330 1104,5330 1105,5331 1350,5330 1351,5331 1472,5330 1472,5330 1472,5285 1473,5284 1477,5284 1477,5284 1477,5280 1478,5279 1554,5279 1554,5279 1554,5283 1555,5284 1559,5284 1559,5284 1559,5329 1560,5330 1612,5330 1613,5331 1815,5330 1815,5329 1815,5325 1816,5325 1820,5325 1820,5324 1820,5279 1821,5279 1836,5279 1836,5279 1836,5283 1837,5284 1841,5284 1841,5284 1841,5325 1842,5326 2025,5325 2025,5324 2025,5320 2026,5320 2040,5320 2041,5321 2337,5319 2337,5319 2337,5280 2338,5279 2347,5279 2347,5280 2347,5319 2348,5319 2409,5319 2409,5319 2409,5305 2410,5304 2414,5304 2414,5304 2414,5300 2415,5299 2419,5299 2419,5300 2419,5304 2420,5304 2429,5304 2429,5304 2429,5319 2430,5320 2567,5319 2567,5319 2567,5280 2568,5279 2572,5279 2572,5279 2572,5275 2573,5274 2603,5274 2603,5275 2603,5314 2604,5314 2664,5314 2665,5315 2823,5314 2823,5314 2823,5275 2824,5274 2828,5274 2828,5274 2828,5269 2829,5268 2854,5268 2854,5269 2854,5274 2855,5274 2859,5274 2859,5275 2859,5320 2860,5320 3023,5319 3023,5319 3023,5315 3024,5314 3115,5314 3115,5313 3115,5268 3116,5268 3145,5268 3145,5268 3145,5313 3146,5314 3176,5314 3177,5315 3314,5314 3314,5314 3314,5310 3315,5309 3324,5309 3324,5310 3324,5314 3325,5314 3329,5314 3329,5315 3330,5350 3330,5350 3359,5350 3360,5350 3360,5359 3360,5360 3364,5360 3365,5360 3365,5370 3364,5371 3360,5371 3360,5371 3360,5375 3359,5376 3283,5376 3283,5377 3283,5381 3282,5381 3273,5381 3272,5380 3084,5381 3084,5382 3084,5386 3083,5386 2988,5387 2987,5386 2777,5386 2776,5385 2572,5386 2571,5385 2317,5386 2317,5387 2317,5391 2316,5391 2311,5391 2311,5391 2311,5387 2310,5386 2261,5387 2173,5387 2173,5388 2173,5391 2172,5391 2081,5391 2080,5390 1841,5392 1841,5392 1841,5411 1840,5412 1836,5412 1836,5412 1836,5421 1835,5422 1830,5422 1830,5422 1830,5431 1829,5432 1825,5432 1825,5432 1825,5436 1824,5437"/><TextEquiv index="1"><Unicode>pour elle: je cours te la chercher.</Unicode></TextEquiv></TextLine><TextLine id="r2_l020"><Coords points="1252,5506 3811,5494 3811,5660 1252,5672"/><TextEquiv index="1"><Unicode>Jeannette vole en efet  l'apparte-</Unicode></TextEquiv></TextLine><TextLine id="r2_l021"><Coords points="1044,5742 3805,5729 3805,5893 1044,5906"/><TextEquiv index="1"><Unicode>ment de Ccile; et, pendant ce tems,</Unicode></TextEquiv></TextLine><TextLine id="r2_l022"><Coords points="1012,5947 3827,5934 3827,6136 1012,6149"/><TextEquiv index="1"><Unicode>madame Dricourt fait placer son gen-</Unicode></TextEquiv></TextLine></TextRegion></Page></PcGts>