4266 7811
347 1071 3409 1329 dre  table. Elle-mme s'y met  ct de
342 1260 3404 1567 lui, et quelques voisins et amis, qu'on a
337 1523 3399 1802 invits  cette fte, en font autant, en
332 1761 3394 2028 rservant deux places pour madame de
327 1953 1865 2195 Briceval et son amie.
322 2187 3383 2483 Madame de Briceval parat, accompa-
316 2448 3378 2716 gne de Ccile, qui, conuse et trem-
312 2689 3374 2955 blante, n'ose lever les yeux pour fixer le
307 2904 3368 3212 matre de la maison... Briceval se lve,
302 3135 3363 3445 court  Ccile: Mademoiselle, lui dit-il,
297 3370 2842 3599 daignez .... Ciel! que vois-je?....
298 3570 3353 3874 Ccile lve les yeux, et s'crie: Saint-
287 3794 3348 4117 Ange! ah! ah! malheureuse! .... Elle
282 4048 2552 4259 tombe sans connaissance.......
278 4249 3338 4581 Ici la plume, trop faible pour exprimer
272 4480 3332 4839 l'effet que produit cette exclamation,
267 4730 3327 5041 tombe des mains, et c'est un tableau qu'il
262 4968 2787 5191 faut laisser au jugement du lecteur.
258 5168 3317 5542 Briceval est all, contre une cloison,
252 5434 3312 5734 appuyer ses mains, dans lesquelles il ca-
247 5664 1346 5895 che son front.
242 5912 3304 6188 Madame Dricourt ne sachant ce que
1627 885 2116 1048 ne
