4266 7746
1461 866 2096 1104 i.
336 1108 3299 1332 souffrez que je me retire chez moi. -- Je
334 1332 3297 1557 conçois, monsieur, votre surprise; elle ne
332 1568 3294 1796 peut égaler la mienne, je vous le jure;
330 1803 3293 2011 mais enfin votre épouse n'aura pas, je
328 1980 3291 2234 l'espère, à souffrir d'une reconnaissance à
327 2248 3289 2464 laquelle elle était bien éloignée de s'atten-
324 2474 3287 2691 dre. -- Madame, où est mademoiselle
322 2658 3284 2940 Saint-Brice? -- Mademoiselle Saint-Brice,
321 2922 3283 3141 monsieur, n'est point le nom de mon
318 3153 3281 3375 amie: elle s'appelle Cécile d'Eranville.
316 3344 3279 3605 Saint-Brice est un nom supposé que son
314 3617 3277 3848 père avait pris dans ses vovages; mais
312 3848 3275 4062 ces détails seraient déplacés en cet ins-
311 4061 3273 4297 tant. Veuillez, monsieur, vous prêter aux
309 4300 3271 4518 petites fêtes que votre épouse avait prépa-
308 4439 488 4534 L
307 4535 3269 4756 rées pour votre retour, et ne lui donnez
305 4754 3267 4984 pas le désagrément de voir son espoir
304 4893 493 4993 L
302 4992 3265 5211 déçu, et la tranquillité de sa maison trou-
301 5169 1998 5418 blée pour une rivale!...
