4266 7867
2458 6179 2778 6370 La.
435 1137 3212 1260 introduire chez moi votre enfant. -- Ma-
440 1368 3206 1537 dame, pardonnez; il est vrai, j'ai adoré
440 1598 3206 1767 Cécile, que je n'ai connue que sous le
430 1829 3206 1992 nom de Saint-Brice: je sens, oui, je
435 2054 3206 2223 sens que je l'aime encore! -- J'en suis
435 2290 3206 2453 fâchée, monsieur; mais je suis votre
435 2520 3196 2689 épouse. -- Je le sais, madame .... mais
430 2756 3206 2879 cette chère Cécile!.... -- Je suis votre
435 2991 3201 3155 épouse, vous dis - je! -- Mon dieu, ma-
430 3212 3191 3386 dame, me croyez-vous capable de l'ou-
425 3452 3196 3621 blier, de manquer aux devoirs que l'hy-
425 3683 3181 3852 men m'impose? -- A moins, monsieur,
425 3918 3191 4082 que vous ne trouviez commode de di-
420 4154 3186 4328 vorcer pour rentrer dans vos premiers
420 4379 3181 4564 liens! -- Ce ton d'ironie me surprend,
415 4615 3186 4789 madame; vous ne m'y aviez pas encore
420 4851 3176 5025 accoutumé? Ne savez-vous pas que j'a-
420 5081 3176 5260 bhorre le divorce, et que je regarde ce
415 5312 3171 5481 moyen de rompre ses nœuds comme in-
420 5542 3171 5726 digne d'un galant homme? D'ailleurs,
420 5773 3176 5952 madame, m'avez-vous donné sujet d'en
415 5998 3165 6157 venir à cette déshonorante extrémité?
1588 917 2080 1081 n.
