4266 7801
1026 1143 3769 1305 à toute épreuve. Au point du jour, ma-
1016 1377 3764 1493 dame de Briceval fit monter ce bon ser-
1011 1605 3769 1763 viteur à cheval, et lui ordonna d'aller
1016 1839 3769 2001 en secret, sans débrider, à Paris, porter
1016 2067 3769 2225 une lettre à M. de Verneuil, dont heu-
1016 2296 3754 2418 reusement elle avait retenu l'adresse.
1015 2529 3768 2689 Dans cette lettre, Jeannette apprenait
1021 2753 3774 2921 à cet ami commun tout ce qui s'était
1015 2986 3768 3111 passé: elle le mettait au fait des liai-
1026 3220 3774 3383 sons de son époux avec Cécile, et le
1025 3443 3778 3610 priait de retenir, jusqu'à ce qu'elle l'ait
1026 3677 3774 3840 vu, mademoiselle d'Eranville, si toute-
1026 3906 3774 4074 fois elle s'était réfugiée chez lui. Elle
1026 4145 3779 4312 l'engageait en outre à lui faire réponse
1030 4367 2635 4497 par le même courrier.
1214 4602 3769 4764 Bernard étant parti, Jeannette des-
1041 4830 3784 4998 cendit au jardin, où elle aperçut son
1036 5059 3779 5227 époux qui l'avait devancée: elle s'en ap-
1041 5283 3784 5450 procha avec douceur: Mon ami, vous
1031 5506 3774 5674 avez mal reposé? -- Très-mal, madame.
1041 5740 3789 5907 -- Vous sentez bien que mon sommeil
1046 5958 3794 6116 à moi a dû être aussi bien troublé?
2159 914 2662 1072 (.
