4266 7867
1547 875 2182 1087 c.
510 1087 3275 1316 -- A tort, madame; car enfin, en quoi
506 1315 3280 1547 tout cela pourrait-il vous affecter? je n'a-
498 1553 3269 1779 vais pas l'avantage de vous connatre
493 1786 3259 2015 lorsque j'ai vu, aim mademoiselle d'E-
489 2015 3259 2238 ranville. Je la retrouve, eh bien.... c'est
484 2247 3254 2479 un coup du sort qui ne peut changer
478 2479 3243 2709 votre position; car je suis mari, hon-
474 2716 3234 2943 nte homme, et de plus, je vous aime,
465 2943 3239 3174 je vous estime trop pour entretenir au-
433 3178 3229 3409 cune liaison avec une autre, quand mme
458 3416 3229 3648 je.... brlerais toujours pour elle! Vous
454 3644 3219 3870 me parliez hier de divorce! oh, comme
449 3887 3198 4113 ce moyen est loin de ma pense! Moi,
434 4117 3203 4346 je erais votre malheur! Jeannette, vous
433 4354 3198 4583 ne m'en croyez pas capable? Ce n'est pas
432 4588 3202 4817 moi, soyez-en sre, qu'on verra jamais
428 4824 3182 5009 venir  cette extrmit: on en abuse
422 5055 3178 5285 tant, qu'elle est dshonorante; eh puis,
422 5273 3178 5514 que m'avez-vous fait, femme estimable
418 5523 3163 5762 et tendre? vous me prparez une fte,
407 5760 3167 5980 j'arrive!... et vous dcouvrez chez vous
407 5984 3163 6213 une rivale et mon fils!... Ah! c'est cela,
