4266 7683
1048 1118 3757 1326 Jeannette, qui m'aecte jusqu'aux lar-
1042 1347 3752 1556 mes! vous ne mritiez pas un pareil
1048 1570 3751 1775 chagrin! -- Monsieur, tant de franchise,
1048 1798 3761 2001 une tendresse aussi forte, calme ce cha-
1042 2027 3767 2232 grin que j'ai d avoir sans doute; mais
1053 2250 3751 2454 daignez m'apprendre comment vous avez
1049 2480 3750 2639 ou contracter d'autres nuds, aimant
1048 2701 3757 2904 toujours une femme dont vous aviez un
1053 2935 3762 3140 enfant? car votre dernire lettre que j'ai
1053 3169 3776 3373 vue... pardon; mais vous rappelez-vous
1058 3396 3757 3606 qu'un soir une madame Saint - Albin
1058 3628 3751 3831 vous envoya chercher une dentelle? .....
1064 3855 3762 4056 C'est chez Ccile que vous tes venu:
1058 4083 3756 4291 elle n'y tait pas; c'est moi qui vous ai
1054 4300 3762 4507 reu. -- Comment, Jeannette! c'tait
1054 4534 3762 4743 vous? Il faisait nuit, je vous ai  peine
1054 4760 3762 4966 distingue; mais en effet, quand je vous
1063 4989 3766 5198 aperus ici, votre igure ne me parut
1054 5221 3755 5392 point du tout inconnue: mais pouvais-je
1054 5451 3755 5622 penser? ... C'est donc l que je perdis le
1049 5665 3827 5872 brouillon d'une lettre que j'avais com-
1053 5897 3752 6106 mence pour mon oncle? je l'ai long-
2098 909 2731 1096 a
