4266 7867
1502 844 2136 1087 e.
557 1520 3067 1643 CHAPITRE A
681 1880 2955 2039 A! Jeannette n'est plus aimable!
450 2207 583 2273 L
434 2245 3195 2427 riceval soupira aprs ces mots, et
440 2485 3197 2668 Jeannette sentit que cet amour dont il la
439 2719 3196 2904 flattait, n'tait que la rsignation d'un
439 2954 3221 3143 homme vertueux qui pense qu'il ne doit
434 3185 3195 3364 pas faire souffrir sa femme des caprices
429 3422 3186 3603 du sort. Jeannette fit tout son possible
445 3656 3185 3835 pour l'engager  se consoler de perdre
433 3881 3191 4068 une femme adore; et, ce qui surprit
429 4114 3191 4300 beaucoup Briceval, elle eut l'imprudence
429 4345 3186 4532 d'accrotre ses regrets, en faisant le ta-
429 4582 3186 4766 blean le plus sduisant des vertus et des
429 4813 3176 4999 attraits de Ccile. Ne m'en parlez pas
429 5043 3206 5229 davantage, madame, lui dit-il; vous
424 5278 2684 5457 plaidez sa cause plus que la vtre.
593 5507 3182 5694 Et il se leva, prit une autre alle du
429 5741 1721 5919 jardin, et disparut.
593 5976 3175 6161 Au dner, qui ne fut pas plus gai que
