4266 7858
1053 1143 3801 1337 celui de la veille, Jeannette annonça
1053 1391 3790 1560 qu'elle avait le projet d'aller se fixer à
1042 1610 3801 1800 Paris. Elle pria son époux de l'y accom-
1048 1844 3801 2027 pagner; et Briceval, qui n'était pas ac-
1058 2074 3806 2212 coutumé à refuser la moindre chose à sa
1048 2304 3801 2489 femme, y consentit, sans faire attention
1053 2533 3801 2720 aux dangers que ce séjour pouvait avoir
1047 2762 3810 2946 pour lui. Madame Déricourt fut seule aſ-
1053 2997 3806 3183 fectée de ce projet; elle aimait sa mai-
1058 3230 3796 3411 son, la ville de Chartres, la tranquillité;
1048 3468 3800 3609 elle voulait v rester. Jeannette insista
1048 3703 3800 3872 pour son départ, et il fut convenu que
1053 3928 3806 4111 Jeannette irait seule avec son époux pas-
1043 4152 3791 4346 ser quelques mois à Paris, et qu'ensuite
1043 4382 3791 4567 tous d'eux reviendraient vivre auprès de
1043 4620 3796 4802 leur mère. En vérité, ce desir de Jeannette
1032 4852 3786 5039 avait bien l'air d'un caprice; mais nous
1043 5088 3617 5227 allons la voir faire bien d'autres folies.
1190 5319 3770 5506 Bernard rapporta secrètement à Jean-
1027 5548 3781 5740 nette la réponse de M. de Verneuil. Cet
1021 5780 3776 5980 ami lui apprenait qu'en effet Cécile s'était
1032 6017 3801 6210 rendue chez lui toute éplorée, qu'elle lui
2190 926 2676 1100 (t
