4266 7858
2047 981 2686 1182 .
1146 1178 3729 1348 La voil tablie de nouveau dans son
985 1417 3746 1627 htel du faubourg Saint-Germain; et ce
996 1649 3756 1854 qui surprit trangement Briceval, c'est
1001 1881 3751 2087 que cette femme si sage, si range, si
997 2114 3760 2315 philosophe depuis son sjour en province,
996 2334 3766 2537 prit des laquais en grand nombre, des
1002 2566 3771 2772 voitures de tout genre, et afficha un ta-
1011 2792 3777 3005 lage scandaleux. Elle s'tait attach Ber-
1011 3033 3781 3255 nard, qu'elle avait emmen avec elle
1022 3265 3802 3466 Paris; elle avait besoin de ce domestique
1021 3507 2318 3669 dont elle tait sre.
1195 3719 3792 3918 Le second jour de son arrive, elle se
1031 3953 3792 4154 rendit, avec Bernard, chez M. de Ver-
1037 4182 3796 4392 neuil: on ne l'y attendait pas; et Ccile,
1047 4424 3795 4629 qui ne prvoyait gures cette visite,
1052 4652 3807 4863 tait l, prs de madame Dolmont. C-
1052 4886 3812 5093 cile jette un cri en reconnaissant Jean-
1057 5110 3811 5325 nette, non qu'elle ft jalouse, qu'elle lui
1062 5350 3811 5561 en voult; mais par un effet de la honte,
1062 5575 3817 5783 de la douleur et de la surprise. Qu'avez-
1067 5810 3823 6015 vous, mademoiselle? lui dit timidement
1077 6046 3822 6256 Jeannette; est-ce mon aspect qui vous
