4266 7867
1523 904 2160 1042 “
455 1140 3217 1328 cause un si grand effroi? Jeannette se-
459 1367 3237 1552 rait bien malheureuse, si cela était! --
455 1603 3222 1797 Madame, pouvez-vous présumer?... --
450 1840 3217 2029 J'ai perdu votre amitié, je le vois, et je
455 2072 3227 2269 vous jure que peut-être je ne l'ai jamais
455 2308 3212 2498 mieux méritée qu'en ce moment. --
450 2544 3201 2737 Jeannette, je ne puis vous en vouloir,
445 2769 3212 2965 ni vous haïr: n'attribuez donc qu'à la
434 2995 3186 3187 surprise l'émotion que j'ai éprouvée en
434 3225 3191 3415 vous voyant. Vous êtes bien heureuse;
439 3459 3186 3647 vous êtes madame de Briceval!... -- Ah,
419 3692 3191 3890 il est vrai, mademoiselle, que je suis l'é-
419 3932 3190 4107 pouse d'un homme qui vous fut bien
419 4157 3196 4353 cher! mais s'il parut digne de votre ten-
414 4389 3187 4585 dresso, jugez combien il mérite la
404 4622 3181 4815 mienne! je l'aime, je l'adore; oh! je
403 4855 3172 5046 l'avoue... et je mourrais, s'il fallait m'en
404 5088 1455 5259 voir séparée!...
568 5325 3172 5511 Jeannette fixe Cécile. Cécile est émue;
403 5546 3166 5748 des larmes cherchent à s'échapper de ses
404 5787 3154 5976 paupières. Madame Dolmont regarde son
399 6012 3155 6207 frère, comme en disant: Voilà un aven
