4266 7801
2113 930 2596 1102 .
1000 1171 3723 1340 bien indiscret qu'elle fait à sa rivale; elle
995 1410 3605 1577 devrait ménager davantage sa sensibilité.
1162 1630 3733 1803 Jeannette remarque tout cela, et ne
1005 1856 3733 2033 dit rien. Cécile s'écrie: Mon fils, je ne
1001 2086 3738 2260 le verrai donc plus! -- Quand il vous
1010 2315 3742 2478 plaira, mademoiselle; venez le voir
1010 2541 3749 2718 chez moi; je réside à présent à Paris. --
1020 2768 3754 2944 Jeannette, si je présumais que la jalousie
1025 2999 3754 3177 eût changé votre cœur, je prendrais cette
1020 3235 3748 3407 proposition pour une ironie. Me persua-
1025 3455 3742 3635 derez-vous que vous verrez d'un bon œil
1025 3687 3759 3825 la... maîtresse de votre mari? -- Dites
1030 3896 3768 4091 mon amie, mademoiselle, toujours mon
1035 4152 3759 4332 amie, et vous apprécierez la franchise de
1035 4372 3769 4543 mes discours. -- Madame, si vous m'ai-
1026 4606 3774 4783 mez toujours, vous êtes un ange! -- Je
1040 4836 3779 5012 ne suis rien, mademoiselle, qu'une
1045 5066 3789 5206 femme dévouée à vos moindres vœux. --
1056 5291 3788 5468 Mes vœux, Jeannette! hélas! je n'en
1045 5514 3784 5695 avais qu'un à former! -- Pour celui-là,
1030 5748 3774 5929 mademoiselle, il n'est pas en mon pou-
1062 5981 3774 6167 voir de vous satisfaire: je suis fâchée de
