4266 7801
1020 1096 3753 1261 petit Charles chez M. de Verneuil. Ber-
1024 1327 3755 1526 nard arrive avec l'enfant; il remet une
1024 1558 3755 1769 lettre au matre de la maison; puis, de-
1029 1793 3760 1956 mandant mademoiselle d'Eranville: Ma-
1024 2020 3755 2222 demoiselle, lui dit-il, voil votre fils que
1023 2256 3759 2462 je vous amne. -- Mon fils! et de quel
1029 2484 3755 2643 ordre? -- De l'ordre de madame. --
1015 2716 3755 2875 Votre matresse vous a ordonn..... --
1024 2946 3754 3147 Oui, mademoiselle, de vous amener,
1020 3184 3753 3362 pour un moment, le petit Charles. Oh,
1010 3409 3760 3609 vous le verrez quand vous voudrez; ma-
1029 3637 3760 3800 dame est si bonne! -- O maman! s'crie
1025 3871 3750 4092 le petit Charles en courant vers Ccile.
1024 4099 3754 4300 -- Maman! tu m'appelles ta maman,
1029 4329 3765 4535 mon petit ami! qui t'a dit de me donner
1024 4563 3764 4729 ce nom touchant? -- C'est ma bonne
1024 4789 3765 4992 amie Jeannette qui m'a pris  part tan-
1009 5011 3765 5225 tt, et qui m'a dit: Ecoute, petit Char-
1028 5246 3749 5452 les, tu ne connaissais pas ta maman;
1039 5466 3769 5681 eh bien, on va te mener chez elle,
1038 5699 3775 5903 aie soin de bien l'embrasser, de la ca-
1035 5981 1691 6116 resser!....
