4266 7867
448 1067 3203 1286 Et, en disant ces mots, l'enſant presse
433 1304 3207 1515 de ses mains innocentes les joues de Cé-
428 1533 3207 1749 cile, couvertes du ſeu de l'amour mater-
418 1768 3202 1984 nel. Oui, mon ami, lui dit-elle; oui, je
423 2005 3197 2213 suis ta mère, ta bonne, ta malheureuse
414 2224 3197 2451 mère! Hélas, que ne puis-je te rendre ton
409 2472 3185 2683 père! -- Oh, je le connais aussi, mon pa-
404 2703 3185 2898 pa! ma bonne amie m'a dit que c'était son
403 2932 3192 3151 mari. -- Comment! elle t'a appris cela?
387 3163 3177 3374 -- Oui, tout! dame, j'ai cinq ans; elle ne
398 3393 2845 3605 me regarde plus comme un enfant.
504 3700 3167 3908 Cécile étonnée, fixe Bernard: Qu'elle est
391 3933 3173 4149 bonne votre maîtresse, lui dit-elle; elle
386 4164 3172 4389 ne peut me rendre le bonheur; mais elle
381 4390 3162 4610 fait tout pour adoucir ma peine! elle me
378 4633 3159 4829 procure la douceur de voir mon fils, de le
383 4851 3157 5028 serrer dans mes bras!... O Jeannette!
377 5082 3162 5301 qui m'eût dit qu'un jour vous seriez ma
371 5314 1395 5501 rivale préférée!
546 5619 3156 5836 Cécile passa quelques doux momens
372 5853 3146 6076 avec son enfant; puis le domestique le
