4266 7801
2108 879 2596 1041 (a)
978 1085 3718 1293 dont on cite tout haut les noms aux spec-
973 1316 3718 1538 tacles et dans les ruelles. Elle n'est ja-
973 1545 3719 1751 mais chez elle,  son poux,  son int-
968 1770 3728 1969 rieur: elle va djener chez madame
978 1998 3718 2204 celle-ci, et prendre le th chez madame
973 2233 3719 2436 celle-l. Elle gronde, elle tourmente tout
969 2460 3718 2671 le monde, son poux le premier.... Brice-
820 2693 3718 2899 val, surpris au dernier point de ce chan-
964 2925 3723 3129 gement, prend le parti d'entrer un ma-
963 3156 3724 3350 tin chez sa femme. Jeannette, lui dit-il
963 3385 3728 3585 doucement, est-ce encore  vous que je
968 3615 3724 3819 parle,  cette Jeannette si douce, si sage,
964 3844 3709 4004 si raisonnable autrefois? Comment donc!
952 4072 3724 4273 depuis quelques mois le sjour de Paris
973 4304 3724 4504 vous a bien gte! vous voil  la mode,
974 4539 3739 4710 et vous me donnez  moi le ridicule de ces
973 4772 3739 4978 sots poux dont on ne cite que les fem-
968 5010 3719 5211 mes, parce qu'elles sont  tout le monde,
969 5239 3739 5447 except  celui qui a des droits sur leur
969 5469 3724 5672 cur!... Pardon de cette comparaison;
973 5700 3734 5904 elle est trop forte sans doute; je vous crois
968 5923 3734 6148 toujours vertueuse; mais l'opinion publi-
