4266 7811
1673 926 2161 1088 La
542 1136 3306 1323 l'indiffrence de mon mari, elle m'est
543 1382 3299 1555 toute acquise! j'v rpondrai par la mme
538 1596 3295 1792 froideur, et je n'enterrerai plus ma jeu-
528 1832 3311 2024 nesse dans la solitude, parce que la soli-
533 2066 3285 2256 tude lui plat. Voil, monsieur, l'expli-
543 2296 3295 2489 cation franche, comme vous le voyez,
533 2531 2171 2665 de ma conduite actuelle.
686 2758 3280 2948 Briceval, interdit, regarde Jeannette,
523 2983 3306 3133 et lui dit: Vous avez une bien mauvaise
528 3214 3280 3401 socit, Jeannette, et qui certainement
528 3449 3300 3637 vous gte l'esprit, vous donne de mauvais
538 3681 3290 3873 conseils. Pourquoi supposez - vous que je
523 3910 3295 4100 ne vous aime point? Eh! ne vous donn-
518 4147 3280 4338 je pas une assez grande preuve d'amiti en
513 4374 3290 4568 restant dans des liens qui, vous le savez, ne
513 4604 3265 4791 sont pas ceux qu'avait d'abord choisi mon
518 4832 3285 5025 cur? -- Vous tes galant, monsieur!
513 5059 3412 5254 -- Votre franchise excite la mienne. Si je
508 5298 3280 5487 ne vous aimais pas, Jeannette .... Mais je
518 5521 3280 5716 fais plus, je vous estime, je vous estimais du
518 5754 3300 5954 moins! je croyais votre cur exempt de ja-
523 5990 3299 6173 lousie; je lui souponnais plus d'attache-
