4266 7811
573 1128 3356 1339 charge. Jouissez, madame; mais vous
569 1349 3346 1574 me permettrez de vous dire un jour plus
573 1599 3337 1800 clairement, si vous continuez, ma faon
573 1834 1237 2010 de penser.
726 2058 3336 2259 Briceval se retira furieux; Jeannette ne
568 2292 3332 2497 fit aucune attention aux sages conseils
568 2523 3327 2729 qu'il venait de lui donner. Elle se para
562 2751 3337 2958 avec la plus grande recherche; puis, ac-
562 2983 3322 3189 compagne de Bernard, qui ne la quittait
563 3223 3320 3416 pas, elle fut dans ses cercles o, pour la
563 3442 3322 3644 premire ois, elle passa la nuit entire.
568 3668 3327 3874 Qu'on juge de la douleur de son poux,
562 3904 3322 4107 en la voyant revenir le lendemain matin
557 4135 3337 4340 ple et dfaite! Il voulut gronder; elle
558 4371 3322 4572 s'emporta; le pauvre poux se renferma
557 4598 3327 4798 chez lui, o il fit venir Bernard. Bernard,
558 4832 3327 5038 mon bon ami, lui dit-il, je te promets le
558 5061 3322 5259 secret; mais dis-moi o ta matresse a
557 5296 3332 5493 pass la nuit? -- Monsieur? ... -- Parle.
562 5523 3342 5727 Quel que soit le secret que tu vas me con-
558 5750 3327 5959 fier, j'aurai assez de force pour l'entendre,
563 5990 3327 6203 et de discrtion pour ne pas te mettre en
2598 6198 3043 6404 r
