4266 7811
1724 910 2212 1083 (.
589 1138 3448 1333 monsieur, si je vous dérange; mais j'ar
583 1359 3447 1552 besoin d'une explication avec vous. Auto-
584 1577 3446 1794 risez - vous madame de Briceval à venir
579 1805 3444 2020 me demander aussi souvent des à-comptes
579 2050 3443 2244 sur les fonds que j'ai à vous? -- Com-
574 2287 3441 2466 ment, monsieur! ma femme va.... --
604 2526 3439 2709 out-à-l'heure encore je viens de lui don-
579 2690 3439 2933 ner deux mille écus; mais j'ai son reçu?
579 2978 3437 3181 -- Est-il possible? Eh quoi! monsieur B....
579 3209 3435 3438 vous avez l'imprudence! -- Monsieur,
575 3427 3434 3638 j'ai son reçu, vous dis-je, et madame
579 3663 3432 3871 est assez estimable sans doute pour que
574 3852 3431 4103 je lui donne avec confiance..... -- Eh!
579 4085 3430 4316 combien a-t-elle déjà touché chez vous?
574 4353 3428 4568 -- Mais, sur les quarante mille francs
574 4601 3426 4799 que vous m'aviez laissés pour rembourser
579 4819 3425 5030 ce qu'il vous reste à payer sur la maison
574 5056 3423 5251 de la rue du Bacq, j'en ai donné à ma-
569 5232 3422 5488 dame environ moitié.... -- Grands dieux!
569 5505 3420 5718 -- C'est, m'a-t-elle dit, pour une acqui-
569 5745 3419 5934 sition qu'elle fait d'après votre aveu. --
563 5979 3417 6173 Eh! monsieur B..... à votre âge, avec
