4266 7811
1703 935 2186 1092 i.
568 1127 3323 1312 vais conseils. Bernard vous a donc tout
568 1365 3318 1586 dit, ajoute Verneuil? Vous avez d tre
555 1592 3313 1823 bien surpris d'apprendre que votre emme,
561 1818 3318 2048 vous quittant le soir, et feignant de ren-
561 2051 3308 2280 trer chez elle, sort ensuite de son appar-
546 2279 3308 2504 tement, et va passer toutes les nuits dans
553 2516 3310 2730 ces maisons de jeu o elle a dj engag
546 2733 3297 2967 une partie de sa fortune. -- Quoi, quoi!
547 2970 3308 3195 cette nuit n'est pas la premire? -- Vous
540 3201 3297 3428 l'ignoriez? indiscret! ... Puisque j'ai eu
545 3435 3302 3661 l'imprudence de vous l'apprendre, vous
547 3659 3302 3891 saurez qu'il y a deux mois environ, elle
546 3896 3308 4123 m'a emprunt,  moi, dix mille cus que
533 4123 3297 4357 je destinais  un remboursement, et que
533 4349 3297 4587 je me suis fait un plaisir de lui prter,
531 4581 3283 4814 croyant qu'elle en ferait un bon usage.
537 4820 3281 5005 -- En voil bien d'une autre! mais si elle
536 5041 3287 5275 emprunte comme cela  tout le monde,
531 5281 3281 5506 mon cher monsieur, je serai ruin, ruin
532 5516 3286 5740 sans ressource, avant la fin de l'anne! --
530 5751 3296 5974 Rassurez-vous, monsieur; ces trente mille
531 5979 3287 6209 franes me gnent ort peu, heureusement,
