4266 7715
694 1110 3791 1370 et j'attendrai aisment votre commodit
698 1353 3795 1632 pour .... -- Ce trait me pntre de recon-
702 1568 3799 1821 naissance! Ah, monsieur! est-ce-l cette
706 1806 3803 2056 Jeannette qui a vcu dix-huit mois si
710 2027 3807 2283 sage, si rserve avec moi? Sa mre
714 2270 3810 2513 ignore cette conduite odieuse! elle l'i-
718 2509 3815 2769 gnore, sa pauvre mre! -- Elle sait tont,
722 2706 3819 2961 monsieur: madame Dricourt vous plaint,
726 2937 3823 3177 et jure de ne jamais revoir sa fille, que la
729 3170 3827 3416 fortune et le sjour de Paris ont rendue
734 3397 3700 3653 indigne d'elle: ce sont ces expressions!...
738 3654 3013 3857 -- Que je suis malheureux!...
1128 3865 3839 4106 Une femme entre, c'est Ccile: elle
746 4089 3843 4336 veut se retirer avec effroi. Restez, made-
750 4316 3847 4581 moiselle, lui dit Briceval; oh! restez,
754 4549 3851 4801 consolez-moi du moins, par l'aspect de
758 4775 3855 5025 vos vertus, des vices honteux dont une
762 5006 3859 5238 pouse coupable me donne le funeste
766 5240 3863 5487 exemple. -- Monsieur, on calomnie ma-
771 5479 3795 5716 dame de Briceval; je ne puis croire...
774 5706 3871 5940 -- A l'vidence, interrompt brusque-
778 5930 3875 6188 ment M. de Verneuil? Avez-vous perdu
