4266 7811
501 1160 3266 1356 toute confiance en moi, Cécile, et me
507 1399 3261 1599 croyez-vous capable de répéter des ca-
497 1632 3255 1827 lomnies, si je n'avais la certitude de la
501 1889 1500 2017 cruelle vérité?
695 2091 3244 2286 Cécile se tait. Briceval la regarde.
508 2319 3256 2516 O mademoiselle! que je suis à plaindre
507 2544 3255 2700 d'avoir formé un tel lien? Vous auriez
501 2777 3378 2976 répandu le bonheur chez moi; l'enſer
512 3022 1993 3160 est dans ma maison.
624 3238 3251 3435 Briceval verse quelques larmes: Cécile,
512 3467 3260 3669 attendrie, s'ompresse de les essuyer; elle
507 3689 3261 3885 se joint à M. de Verneuil, à madame
507 3920 3265 4116 Dolmont pour offrir à cet infortuné des
502 4151 3251 4352 consolations qu'il ne peut plus entendre.
507 4381 3250 4583 Enſin, après l'entretien le plus doux,
501 4632 3259 4801 qui lui rappelle ses premiers feux, et
502 4847 3244 5043 donne une nouvelle activité à son amour,
508 5090 3254 5253 Briceval sort, et rentre chez lui pour v
507 5306 2838 5464 retrouver la solitude et la douleur.
