4266 7576
600 1143 3301 1333 divorce est un acte scandaleux, et qui
606 1372 3291 1553 déshonore toujours une femme. -- Il ne
601 1601 3279 1775 pourra rien ajouter à votre réputation.
596 1825 3281 2008 -- Je vois ce que c'est, monsieur; vous
596 2047 3281 2189 brûlez de revoler dans les bras de Cécile!
596 2269 3285 2453 c'est affreux, et je suis bien malheureuse
596 2495 3285 2682 d'avoir épousé un homme qui en aimait
591 2726 3275 2911 une autre. -- Ah! vous croyez que je
596 2942 3280 3122 me remarierais, madame? eh bien, fai-
591 3167 3275 3354 sons mieux; séparons-nous doucement,
596 3392 3275 3576 sans éclat, sans invoquer l'autorité des
590 3617 3275 3801 lois. -- Non, monsieur, non; je veux
591 3846 3275 4027 être libre, moi, de donner ma main à
591 4073 3270 4259 qui bon me semblera. -- Au jeune homme
591 4287 3265 4474 de la des Etanges? -- Bernard m'a trahi!...
590 4519 3260 4706 mais je m'en vengerai. -- Avant tout,
590 4739 3265 4916 madame, il me faut dire si vous voulez
590 4961 3271 5150 changer de conduite, ou accepter le di-
585 5186 3261 5374 vorce? -- Non, monsieur; je ne veux ni
590 5414 3261 5593 renoncer à mes sociétés, ni divorcer. --
591 5630 3252 5834 Ah! cela est trop fort, par exemple! Eh
1616 946 2233 1127 ).
