4266 7629
525 1140 3244 1353 il faut encore que monsieur signe cet
510 1371 3244 1572 autre papier. -- Eh, monsieur, s'crie
514 1587 2841 1781 Briceval, quand aurez-vous fini?
668 1815 3339 2016 Il prend la plume, signe sans lire, et
506 2036 3220 2240 se renferme chez lui pour se livrer  l'ex-
367 2266 3216 2467 cs de sa douleur. Jeannette, au comble
495 2493 3210 2690 de ses vux, monte en voiture avec le
494 2717 3210 2927 notaire, le juge-de-paix, et tous trois
495 2940 3205 3151 se rendent chez M. de Verneuil, qui
486 3171 1307 3341 est prvenu.
633 3391 3195 3595 Vers trois heures aprs midi, un car-
481 3616 3185 3823 rosse s'arrte  la porte de l'htel de Bri-
470 3840 3185 4044 ceval. Une dame en descend; c'est ma-
456 4068 3181 4277 dame Dolmont, qui monte chez l'poux
465 4291 3171 4497 afflig, qu'elle trouve baign dans les
451 4519 3170 4720 larmes. Monsieur, lui dit - elle, mon
454 4745 3166 4951 frre et moi nous avons appris ce matin
390 4974 3160 5181 l'acte de courage qui vous spare d'une
445 5198 3160 5408 femme indigne de vous. Je viens calmer
445 5428 3145 5632 vos regrets, vous offrir des consolations,
441 5656 3181 5864 et vous prier de venir passer la journe
440 5877 3135 6083 avec nous. -- Madame... je suis sensi-
1644 934 2131 1098 (e.
