4266 7737
2068 941 2697 1148 (ao.
1001 1149 3748 1357 ble.... mais je veux tre seul aujourd'hui,
1005 1383 3745 1595 toujours! ... -- Vous ne me refuserez
980 1610 3749 1824 point cette grace, monsieur: vos amis
1011 1838 3755 2044 ne peuvent vous abandonner dans l'tat
1017 2063 3754 2265 affreux o vous tes; ils doivent vous
1021 2294 3753 2498 consoler, vous enlever malgr vous. --
1026 2520 3759 2732 Je ne puis, madame... aprs avoir t
1026 2752 3760 2963 tromp aussi cruellement. -- Ne regrettez
1022 2986 3764 3200 plus une femme volage, et venez avec
1025 3217 3769 3423 nous? Ccile est bien afflige aussi! --
1036 3440 3769 3648 Ccile! ... Vous dites que Ccile? ... -- Elle
1032 3676 3772 3868 pleure sur vos malheurs, sur l'inconduite
1036 3891 3779 4105 de celle qui fut son amie.... Ccile veut
1036 4124 3779 4332 vous voir! -- Elle pleure sur moi, cette
1015 4353 3774 4562 bonne Ccile! hlas! je suis libre  pr-
1045 4587 3779 4800 sent; mais l'hymen peut-il sourire en-
1056 4848 2334 5028 core  ma pense?
1201 5049 3784 5276 Briceval refusait toujours d'aller chez
1046 5277 3789 5478 M. de Verneuil; mais madame Dolmont
1042 5503 3794 5715 le pria tant, qu'enfin il cda  ses ins-
1052 5736 3794 5905 tances. Le desir de revoir Ccile fut sans
1056 5961 3799 6173 doute le motif de sa complaisance, et
