4266 7629
839 6184 1023 6258 II.
536 1155 3248 1298 ce desir tait bien naturel! Briceval monte
536 1388 3248 1558 en voiture, et le voil arriv chez ma-
536 1613 3248 1789 dame Dolmont, o d'abord il ne trouve
526 1837 3253 2013 que Ccile. (Ccile elle-mme ignorait
530 2070 3237 2239 que Jeannette, un notaire et un juge-
526 2289 3243 2469 de-paix fussent dans la maison: tous trois
516 2516 3234 2651 taient cachs dans le cabinet de M. de
540 2746 1276 2900 Verneuil).
676 2970 3229 3144 Briceval entre; il regarde Ccile, tom-
511 3199 3219 3373 be dans un fauteuil, et met les deux
516 3435 3333 3626 mains sur ses yeux, dont s'chappent des
511 3659 3209 3834 torrens de larmes. Briceval, mon ami,
511 3885 3209 4055 s'crie Ccile non moins mue, vous tes
506 4113 3209 4286 bien  plaindre, et Jeannette nous a
506 4334 3209 4506 cruellement tromps! -- Quel cur dif-
501 4554 3199 4731 frent du vtre,  Ccile! -- Qui l'au-
501 4786 3194 4972 rait pens! mais est-elle vraiment coupa-
491 5009 3184 5191 ble? Ne vous a-t - on pas abus? Non, je
491 5234 3189 5412 ne croirai jamais que cette femme esti-
496 5461 3184 5639 mable ait pu manquer  ses devoirs. --
496 5690 3189 5876 Elle les a tous trahis, tous! -- Briceval,
496 5910 3190 6105 le monde est si mchant! des rapports
