4266 7683
992 1146 3702 1372 infidles .... vous vous tes trop press
998 1382 3712 1601 de rompre. -- Ccile! ... je ne pouvais
993 1607 3707 1828 plus y tenir ... Des liaisons vicieuses,
993 1827 3697 2050 le jeu; ma ruine et t son ouvrage.
1003 2055 3717 2273 -- Cette pauvre Jeannette! elle tait si
1005 2278 3722 2487 bonne autrefois, si vertueuse! elle fit
1002 2506 3727 2726 long-tems votre bonheur! -- Elle a fait
1007 2733 3727 2949 mon dsespoir, ma honte!... -- O est-
1013 2960 3728 3179 elle  prsent? elle gmit sans doute de
1007 3187 3732 3410 vous avoir perdu. -- Elle m'a prouv
1023 3416 3727 3633 que cette sparation comble ses vux.
1022 3644 3727 3863 -- Impossible, mon ami, impossible!
1028 3896 2562 4088 vous tes d'un prix!...
1193 4092 3747 4306 Ccile rougit et se tait. Briceval l'exa-
1033 4318 3736 4539 mine: Ccile, vous m'aimez toujours?...
1033 4548 3748 4769 -- Puis-je oublier le pre de mon enfant?
1038 4784 3751 5003 -- Quoi! vous ne gardez aucun ressen-
1038 5014 3748 5225 timent d'un hymen malheureux .... dont
1039 5234 3753 5468 je suis bien puni! -- Le hasard a fait no-
1043 5459 3758 5680 tre malheur  tous. -- Il peut encore
1047 5686 3762 5904 faire notre flicit. -- Qu'entends-je! Brice-
1048 5918 3772 6139 val!... Vous pourriez esprer!... -- Eh,
2111 945 2586 1110 (.
