4266 7629
1719 884 2195 1043 .
2578 6124 2816 6199 L
615 1088 3309 1283 Ccile, dans ce triste moment, sais-je si
613 1322 3303 1512 je suis digne encore... si votre cur?...
609 1549 3313 1739 Pardon, pardon? La cruelle Jeannette a
605 1768 3298 1956 troubl toutes mes facults; elle a fait.....
759 2000 3303 2181 Votre bonheur, s'crie une voix! et
599 2230 3304 2418 soudain une porte s'ouvre; Jeannette pa-
604 2450 3308 2646 rat accompagne de M. de Verneuil, de
609 2681 3299 2873 madame Dolmont, du notaire, du juge-
610 2915 2494 3096 de-paix et du fidle Bernard!
768 3133 3302 3312 Quoi! vous ici, madame, s'crie Brice-
610 3361 3288 3552 val en se levant comme pour sortir!
614 3583 3299 3777 -- Oni, j'y suis, rpond Jeannette, pour
610 3807 3303 3996 vous unir, tendres amans, pour vous
614 4050 1516 4223 rendre poux.
778 4257 3288 4440 Ccile s'crie  son tour: Qu'entends-
604 4480 3283 4669 je? -- Il est tems, poursuit Jeannette,
615 4713 3292 4872 que vous me rendiez tous justice; il est
610 4925 3283 5120 tems enfin que je me fasse connatre.
610 5152 3294 5350 Vous m'avez crue lgre, volage, dissi-
610 5383 3287 5557 pe, joueuse, et peut-tre pouse infidle;
605 5612 3292 5781 apprenez que je n'tais rien moins que
610 5831 3293 6032 tout cela, et que je n'ai pas cess un seul
