4266 7683
2020 864 2505 1024 .
899 1084 3625 1244 nne mauvaise conduite en un mol; car il
899 1274 3626 1457 lui fallait de fortes raisons pour l'amener
909 1474 3626 1652 à mon but. Son notaire, que voici, fut
904 1666 3626 1831 mis dans ma confidence, et me servit au-
914 1851 3631 2040 delà de mes souhaits; M. de Verneuil
915 2057 3637 2236 voulut bien aussi entrer dans mon projet
914 2251 3631 2431 après l'avoir vainement combattu. Il
914 2445 3646 2621 poussa les procédés jusqu'à laisser dans
918 2636 3646 2817 l'erreur commune ma chère Cécile, qui
919 2831 3636 3011 ignora mon dessein. Enfin ce fidèle ser-
924 3023 3641 3204 viteur, le bon Bernard fut chargé de fairo
929 3220 3641 3396 à son maître les fausses confidences qui le
929 3415 3650 3585 poussèrent au dernier degré d'indignation
939 3605 3651 3785 contre moi. Briceval, les nuits que j'ai
929 3798 3666 3981 passées loin de vous, c'est avec madame
934 3997 3656 4173 Dolmont à sa campagne qu'elles se sont
938 4190 3646 4381 écoulées dans la pratique, j'ose le dire,
939 4381 3671 4563 de quelques bienfaits envers des pauvres
939 4577 3656 4758 indigens de son village. Je n'ai point em-
939 4771 3655 4923 pruté de sommes à M. de Verneuil, ni
939 4958 3665 5097 à M. B.... comme ils vous l'ont fait ac-
944 5156 3666 5334 croire; et les rouleaux de louis que vous
944 5347 3661 5528 m'avez donnés, je les ai tous déposés en-
949 5541 3661 5713 tre les mains de votre notaire: il les a, il
949 5734 3662 5913 vous les rendra. Ma mère, instruite par
949 5925 3666 6111 moi de ma conduite, a eu la bonté de
