4266 7683
2145 849 2620 999 e
860 1054 3828 1296 prend enſin le parti d'élever dans ses bras
863 1243 3830 1460 le petit Charles entre Briceval et Cécile:
866 1424 3833 1654 Eh bien, leur dit-elle, si vous n'écoutez pas
868 1640 3835 1845 les prières de votre amie, entendez donc,
870 1816 3838 2033 cruels, la voix plaintive de cet enfant qui
873 2004 3840 2218 vous crie: Rendez-moi l'honneur en me
876 2198 3843 2419 donnant un père, une mère que je puisse
878 2386 3845 2608 avouer dans la société où vous avez lancé
880 2608 2310 2804 ma triste existence!
884 2764 3850 2994 L'enfant, comme par instinct, répète
886 2958 3853 3191 ma triste eistence d'un ton si touchant,
888 3152 3856 3378 que Briceval s'écrie: Eh bien, puisque
891 3339 3858 3576 l'amitié, la nature, tout conspire pour
893 3535 3860 3770 notre bonheur, ô Cécile! soyons donc
896 3764 1641 3960 heureux!
904 3938 3865 4143 Jeannette prend la main de son amie,
901 4118 3868 4348 la met dans celle de Briceval, et les unit
904 4311 3871 4536 en disant: Mes amis!... j'ai le prix de
906 4505 3874 4754 mes soins!... Et voilà, ma chère Cécile,
909 4731 3380 4934 l'intérêt de vos cinquante francs!...
918 4898 3878 5091 Le notaire rédige sur-le-champ ce nou-
913 5078 3880 5312 veau contrat; et Cécile versant dans le sein
916 5269 3883 5505 de Jeannette, des larmes de sensibilité:
919 5465 3885 5704 Mon amie, lui dit-elle, femme généreuse
921 5664 3888 5892 et vraiment sublime, souffrirez-vous en-
923 5821 3891 6071 core qu'il existe ici un être malheureux?
