4266 7629
1643 843 2256 1058 ai.
605 1087 744 1148 L
471 1087 3292 1265 n. de Verneuil!... il vous aime depuis
471 1276 3302 1471 long-tems!... il soupire en secret; mais
469 1461 3302 1671 j'ai su deviner sa passion; et certes (sou-
469 1671 3302 1837 riant) je ne m'étonne pas qu'il ait si bien
468 1845 3303 2051 secondé votre projet-de divorce: je plai-
467 2041 3298 2239 sante néanmoins: son cœur m'est trop
467 2229 3308 2423 connu pour que je lui suppose d'autre in-
466 2411 3293 2617 tention, en se prêtant à la vôtre, que
465 2605 3298 2803 celle de contribuer à mon bonheur...
464 2803 2537 2981 Jeannette, ferez-vous le sien?
463 2976 3297 3173 M. de Verneuil se jette aux genoux de
462 3193 3303 3379 Jeannette, et lui dit: Madame, si j'ai tou-
461 3366 3292 3577 jours caché l'amour timide et respectueux
460 3577 3387 3744 que vous m'avez inspiré, et qui m'a fait ver-
460 3699 650 3772 L
459 3769 3282 3938 ser en secret bien des larmes depuis que je
459 3934 3288 4130 vous ai vue mariée, ce n'est point dans l'es-
458 4125 3272 4316 poir d'obtenir votre main que j'ai justifié
458 4266 605 4341 LE
457 4340 3287 4504 votre confiance dans cette affaire-ci. Je
457 4514 3278 4710 voyais trois êtres malheureux par une
456 4704 3274 4907 union à laquelle le bonheur ne pouvait
455 4895 3277 5086 plus présider: j'ai admiré la grandeur de
454 5105 3267 5270 votre ame, et la nouveauté de votre sacrifice
453 5278 3273 5482 m'a engagé à vous aider de tous mes
452 5470 3263 5670 moyens; mais, madame, je n'ose pas en-
452 5663 3258 5861 core aspirer au bonheur de succéder à M.
451 5865 3268 6062 de Briceval: tant de félicité passe mes
