4266 7683
2101 865 2581 1040 .
978 1078 3693 1293 espérances, et je ne demande uniquement
988 1283 3106 1482 que le bien de rester votre ami!
1148 1466 3698 1674 Jeannette sourit, regarda le notaire, et
984 1653 3703 1858 lui dit: Monsieur, un second contrat
994 1848 3707 2060 vous fatiguerait peut-être à écrire? ... Le
992 2039 3707 2246 notaire répondit par la négative, et M. de
994 2231 3707 2440 Verneuil, ainsi que sa respectable sœur,
999 2438 2816 2627 furent au comble de la joie.
1162 2618 3727 2818 Allons tous maintenant, continua Jean-
1008 2808 3722 3017 nette, vivre dans la retraite, auprès d'une
1009 3001 3731 3214 mère chérie, et que je m'y délasse un peu
1013 3194 3727 3404 des sociétés bruyantes et méprisables que
1018 3376 3732 3599 mon rôle m'a trop long-tems forcée de
1023 3582 3731 3787 voir! Cécile, Briceval, M. de Verneuil,
1027 3778 3742 3981 sa sœur, madame Déricourt et moi, nons
1024 3973 3742 4176 ne formerons tous dorénavant qu'une seule
1032 4159 3748 4372 famille. N'oublions pas d'appeler près de
1038 4355 3762 4566 nous cette bonne Emilie qui nous a prou-
1034 4548 3757 4748 vé aussi tant d'amitié, et de bien récom-
1049 4741 3765 4912 penser ce fidèle Bernard, qui n'a trahi en
1049 4946 3755 5137 apparence son maître et sa maîtresse que
1042 5110 3767 5335 pour les servir. Occupons-nous tous de l'é-
1042 5316 3767 5526 ducation du jeune Charles, à qui va main-
1049 5505 3772 5717 tenant appartenir le nom de Briceval; et
1063 5696 3776 5911 c'est ainsi qu'au milieu de bons amis, et
1063 5889 3777 6108 de serviteurs zélés, nous sommes sûrs de
