4266 6032
1358 945 2874 1107 SECONDE SUITE
1983 1267 2423 1409 DE
785 1459 3319 1667 L'AVENTURIER FRANÇOIS.
785 1805 3126 2035 TROISIEME PARTIE.
1396 2247 2785 2416 LIVRE PREMIER.
897 2530 3292 2739 Je demande bien ſincèrement pardon
892 2692 3301 2900 à mes lecteurs de les avoir plantés là
895 2849 3294 3047 bruſquement au milieu de ma narration.
890 3003 3289 3217 Le billet de mon père, placé à la fin de
891 3165 3291 3372 ma ſeconde Partie, a dû me juſtifier à
886 3318 3359 3535 leurs yeux, en leur apprenant qu'on étoit
876 3483 3358 3683 venu s'emparer de ma perſonne, & que
859 3629 3287 3846 j'avois été enfermé à la Baſtille avec une
869 3790 3279 3997 précipitation & des circonſtances qui
878 3947 3284 4161 avoient déconcerté toutes mes idées.
871 4099 3275 4320 Je ne pouvois, dans ce lieu de capti-
869 4255 3273 4477 vité, ni pourſuivre mes aventures, ni
867 4412 3264 4617 en donner le récit au public. J'étois
852 4563 3404 4785 condamné au repos: mais de quel repos
857 4721 3423 4929 jouit - on quand on enrage? Arrêté
2542 4928 3149 5073 A 2
