4266 6032
893 216 3323 397 chot; & j'avois, à les contempler, un
914 381 3332 558 plaiſir ſemblable à celui qu'on éprouve,
926 546 3337 696 dans une belle nuit, à confidérer le ciel
916 702 3325 871 parſemé d'étoiles. Une harpe, une har-
914 866 3330 1009 monica, un autre inſtrument fort tou-
919 1015 3338 1181 chant, qu'on nomme voix humaine, ré-
917 1174 3335 1339 pondoient ſous mes doigts, & m'inſpi-
916 1332 3334 1497 roient les plus agréables ſenſations, en
919 1487 3342 1640 s'accordant avec ma voix. Je chantois
919 1639 3339 1787 Adélaïde & Scintilla dans de tendres
912 1796 3396 1964 Romances que l'amour me dictoit. La
928 1954 3332 2120 voûte ſépulcrale qui me couvroit, n'a-
924 2109 3344 2279 voit jamais ſans doute répondu à tant
926 2262 3344 2432 de chants. Des lectures délicieuſes conſ-
914 2424 3334 2589 piroient avec la Peinture pour m'a-
914 2577 3339 2747 doucir les ennuis de la captivité, en
922 2730 3335 2900 me faiſant vivre avec les grands Hom-
928 2886 3340 3058 mes dont je parcourois les Ouvrages,
904 3039 3343 3212 de même que je reſpirois avec les belles
929 3193 3340 3370 perſonnes dont j'avois peint les por-
929 3352 3334 3522 traits. Tant d'agrémens, qui varioient
931 3502 3340 3683 mes loiſirs, avoient transformé pour
955 3664 3340 3839 moi un cachot de la Baſtille en un
957 3817 3342 3992 boſquet de l'Elyſée; je jouiſſois dou-
935 3970 3342 4147 blement en refléchiſſant que j'étois heu-
928 4138 3342 4311 reux en dépit des Puiſſances de la terre;
929 4290 3337 4465 & ſans l'ardent déſir qui me faiſoit
929 4451 3339 4624 tendre les bras vers mon Adélaïde, j'au-
926 4591 3340 4790 rois peut-être trouvé le bonheur au
924 4756 2298 4905 fond de la Baſtille.
2687 4941 3001 5146 A 4
