4266 6032
873 190 3347 408 Je paſſois quelquefois des heures en-
943 400 3340 566 tières dans cette contemplation, qui
948 553 3341 711 avoit pour moi des charmes; bientôt
923 707 3347 873 elle m'offrit des délices. Un jour je vis
945 862 3341 1031 s'avancer ſous mes yeux l'image d'une
947 1020 3340 1220 jeune beauté, ſupérieure à toutes celles
941 1175 3332 1337 qui s'étoient déjà préſentées à mes re-
940 1330 3335 1496 gards. Je la reconnus.... O ciel! c'é-
950 1488 3335 1653 toit mon Adélaïde. L'amour l'avoit trop
941 1645 3346 1807 bien gravée dans mon cœur, pour que
936 1801 3318 1961 je puſſe m'y méprendre. "Grand Dieul
947 1958 3334 2118 “m'écriai-je, ta bonté m'amène celle
938 2112 3349 2274 “que j'aime: comment puis-je la voir
931 2259 3347 2427 “en France? Elle doit être en Eſpa-
938 2422 3327 2583 “gne ou en Italie, & elle ſe trouve
935 2575 3320 2738 “à Paris ſous le même toit que moi!
931 2732 3325 2893 “Nous ſerons bientôt unis enſemble.“
929 2882 3327 3049 La reine de mon cœur ſembloit me
934 3035 3332 3207 ſourire, & je baiſois mille fois l'image
867 3193 3325 3361 chérie qui ſe traçoit ſur mon papier,
928 3351 3330 3542 & qui venoit me viſiter dans ma pri-
921 3503 1408 3622 ſon.
957 3655 3332 3827 Le Guichetier ou Garçon de cham-
922 3812 3328 3983 bre qui me ſervoit, étoit d'une groſſiè-
919 3976 3334 4137 reté naïve, mais aſſez bon diable. Il
892 4103 3360 4281 paroiſſoit s'intéreſſer à moi. Je lui fai-
887 4281 3365 4476 ſois de temps en temps quelques petits
916 4438 3339 4607 préfens qui le diſpoſoient merveilleu-
931 4593 3335 4761 ſement en ma faveur. Il avoit un plai-
929 4735 3344 4938 ſir ſingulier à regarder dans l'eſpèce de
2518 4916 2914 5096 A 5
