4266 6032
921 226 3335 411 chambre noire ou d'optique dont je
924 386 3328 548 faiſois mes délices. Un jour il apper-
927 523 3334 723 çut l'image de mon Amante. "Oh !
926 694 3392 861 " oh ! dit-il, voilà mademoiſelle Adé-
929 854 3406 1026 " laïde. -- O Ciel ! m'écriai-je, com-
929 1006 3406 1185 " ment la connois-tu? -- Et comment
937 1174 3308 1341 " la connoiſſez-vous vous-même, ré-
938 1328 3344 1500 " pondit-il? -- C'eſt mon Amante,
942 1480 3346 1655 " repartis-je vivement, c'eſt l'éternel
935 1634 3340 1808 " objet de mes affections. -- Oh!  j'y
940 1794 3358 1960 " ſuis donc, reprit-il; je la vois de
945 1946 3351 2119 " temps en temps careſſer un petit
945 2088 3351 2274 " brimborion de portrait qui vous reſ-
950 2259 3371 2430 " ſemble comme deux gouttes d'eau:
950 2408 3365 2581 " elle a ſouvent les yeux fixés ſur le
950 2570 3377 2742 " petit trou qui vous ſert de lucarne.
955 2723 3361 2889 " On diroit qu'un inſtinct ſecret lui
952 2882 3373 3054 " fait ſoupçonner que l'original du por-
957 3038 3375 3196 " trait lorgné ſans ceſſe eſt enfermé
960 3193 3370 3354 " de ce côté - là; & il ſemble qu'elle
959 3346 3363 3518 " tourne autour du pot vis-à-vis de
964 3504 3377 3657 " moi, comme ſi elle vouloit me tirer
959 3657 3368 3825 " les vers du nez. Elle m'a fait déjà
964 3822 3380 3985 " quelques petits cadeaux, avec une
965 3973 3363 4146 " petite grâce qui n'appartient qu'à
969 4136 3385 4303 " une petite chatte comme elle. Je vois
878 4286 3382 4457 " qu'elle veut m'engeoler. -- Ah !
976 4446 3397 4612 " m'écriai-je, laiſſe-toi engeoler, mon
885 4598 3399 4772 " garçon, je te récompenſerai auſſi bien
882 4757 3396 4926 " qu'elle. Donne-moi de ſes nouvelles.
