<?xml version="1.0" encoding="UTF-8" standalone="no"?><PcGts xmlns="http://schema.primaresearch.org/PAGE/gts/pagecontent/2017-07-15" xmlns:xsi="http://www.w3.org/2001/XMLSchema-instance" xsi:schemaLocation="http://schema.primaresearch.org/PAGE/gts/pagecontent/2017-07-15 http://schema.primaresearch.org/PAGE/gts/pagecontent/2017-07-15/pagecontent.xsd"><Metadata><Creator/><Created>2020-10-13T11:24:24</Created><LastChange>1970-01-01T00:00:00</LastChange><Comments/></Metadata><Page imageFilename="0013.png" imageHeight="6032" imageWidth="4266"><TextRegion id="r1" orientation="0.125" type="paragraph"><Coords points="1,1 4264,1 4264,6030 1,6030"/><TextLine id="l1"><Coords points="2857,454 2856,454 2856,448 2856,447 2552,448 2551,447 1299,450 1297,448 1297,434 1297,434 1169,434 1168,434 1168,430 1168,429 1114,429 1113,429 1113,428 1113,427 1065,427 1064,427 1064,419 1062,416 929,417 928,416 928,414 927,413 925,413 924,412 915,412 914,411 914,409 910,405 910,367 909,366 909,357 912,355 924,355 929,349 929,345 930,345 952,345 952,344 952,343 953,342 953,340 955,339 1015,338 1015,338 1015,305 1017,303 1067,303 1067,303 1067,301 1070,298 1100,298 1100,298 1100,294 1101,293 1124,293 1124,293 1124,284 1125,283 1127,283 1127,284 1127,286 1128,286 2677,283 2678,284 2862,283 2862,284 2862,288 2863,288 2959,288 2959,289 2959,290 2960,291 2960,293 2961,293 3237,293 3239,295 3248,295 3249,296 3252,296 3254,298 3256,298 3256,298 3256,299 3257,300 3258,300 3258,300 3258,301 3259,302 3260,302 3261,303 3263,303 3263,303 3263,306 3264,307 3265,307 3265,307 3265,342 3266,343 3274,343 3275,344 3278,343 3280,345 3282,345 3282,346 3282,362 3283,362 3334,362 3334,363 3334,365 3335,365 3337,365 3337,366 3337,370 3339,372 3339,380 3335,384 3335,386 3335,386 3331,386 3330,387 3330,388 3330,388 3297,388 3296,389 3296,408 3296,408 3278,408 3277,409 3277,410 3277,410 3274,411 3273,412 3266,412 3265,413 3263,413 3261,415 3177,415 3175,417 3163,417 3162,417 3162,421 3162,422 2865,422 2864,423 2864,454 2864,454"/><TextEquiv index="0"><Unicode>" Mais comment mon Adélaïde eſt-</Unicode></TextEquiv><TextEquiv index="1"><Unicode>nMais comment mon Adélaide eſt-</Unicode></TextEquiv></TextLine><TextLine id="l2"><Coords points="2961,613 2957,609 2957,600 2956,599 2895,599 2895,599 2895,590 2894,589 2835,589 2834,588 2501,589 2501,589 2501,583 2500,582 2491,582 2489,580 2489,572 2488,571 2125,572 2124,573 2067,573 2065,575 2009,575 2009,576 2009,577 2008,577 1851,578 1851,578 1851,605 1850,606 1536,606 1536,607 1536,608 1535,608 1251,609 1251,609 1251,614 1250,615 1074,615 1074,615 1074,575 1073,574 1006,574 1005,573 1005,572 1004,571 919,572 919,571 919,567 918,567 913,567 912,565 912,563 909,560 909,518 910,517 910,516 911,515 918,515 919,514 919,513 919,513 935,513 936,512 936,510 936,510 1080,509 1082,508 1081,490 1082,489 1093,489 1093,489 1093,469 1094,468 1134,468 1135,467 1137,467 1139,465 1177,465 1179,463 1364,463 1365,462 1366,462 1366,461 1366,458 1367,458 1368,458 1371,455 1373,455 1373,454 1373,453 1374,453 1468,452 1468,452 1468,449 1469,448 1475,448 1475,449 1475,458 1476,458 1815,458 1815,457 1815,441 1816,441 1818,441 1818,441 1818,452 1819,453 1863,453 1865,455 1867,455 1868,456 1868,457 1869,458 1877,458 1878,459 1968,458 1968,459 1968,461 1970,462 2013,462 2014,463 2016,463 2016,464 2016,468 2017,468 2148,468 2150,470 2489,469 2489,469 2489,461 2490,460 2491,460 2491,460 2491,459 2492,458 2494,458 2496,456 2522,456 2523,455 2864,454 2865,455 2869,455 2872,458 2874,458 2876,461 2876,493 2877,493 3229,493 3229,492 3229,467 3230,466 3230,464 3232,463 3234,463 3236,460 3236,458 3237,458 3242,458 3244,460 3246,460 3246,460 3246,461 3247,462 3249,462 3250,463 3254,463 3255,464 3255,468 3256,469 3256,471 3257,472 3258,472 3258,472 3259,496 3259,497 3305,496 3306,497 3306,498 3306,498 3312,498 3313,499 3318,499 3324,505 3326,505 3328,507 3328,509 3332,513 3332,515 3334,517 3334,542 3335,543 3335,554 3334,555 3334,557 3332,559 3332,561 3331,561 3329,561 3327,564 3327,566 3325,567 3320,567 3319,568 3317,568 3315,570 3313,570 3311,572 3053,573 3053,573 3053,574 3052,575 2988,575 2988,576 2988,608 2987,608 2985,608 2983,610 2981,610 2980,611 2975,611 2973,613"/><TextEquiv index="0"><Unicode>" elle à la Baſtille? -- Je n'ai pas le</Unicode></TextEquiv><TextEquiv index="1"><Unicode>elle à la Baſtille? -- Je n'ai pas le</Unicode></TextEquiv></TextLine><TextLine id="l3"><Coords points="1319,781 1318,780 1311,780 1309,778 1304,778 1303,777 1303,775 1303,775 1302,775 1301,774 1301,773 1301,773 1299,773 1297,771 1206,771 1205,770 1136,770 1134,769 1134,760 1134,759 1080,759 1079,759 1079,729 1079,728 1078,728 1077,728 1077,727 1076,726 1076,723 1075,722 957,723 955,721 924,721 919,715 919,706 918,706 914,706 914,705 914,704 913,704 912,704 912,703 912,696 911,696 896,696 893,692 893,690 892,689 892,688 890,686 890,682 892,680 894,680 895,679 895,678 895,678 913,678 914,677 914,672 916,670 1064,669 1065,668 1066,668 1067,668 1067,666 1068,664 1075,664 1076,664 1076,662 1078,659 1080,659 1081,659 1081,657 1083,654 1143,654 1144,654 1144,623 1145,621 1549,620 1550,620 1550,619 1550,618 1551,618 1552,618 1552,616 1554,613 2136,612 2137,611 2139,611 2141,609 2150,609 2154,613 2194,613 2197,615 2197,617 2197,618 2199,618 2200,618 2200,627 2200,628 2794,627 2795,626 2795,622 2796,621 2880,620 2881,620 2881,619 2881,618 2884,618 2885,618 2885,617 2886,615 2887,615 2888,615 2888,614 2888,613 2904,613 2907,616 2907,649 2907,649 2949,649 2950,650 3305,649 3306,650 3306,651 3306,651 3312,651 3314,653 3315,653 3316,654 3320,654 3325,659 3327,659 3328,660 3330,662 3330,664 3334,668 3334,671 3335,672 3335,695 3337,697 3337,711 3336,711 3334,711 3332,714 3332,716 3331,716 3329,716 3328,718 3328,721 3327,721 3325,721 3325,722 3325,723 3325,723 3323,723 3319,727 3077,728 3076,728 3076,733 3070,739 3070,741 3070,742 3068,742 3067,742 3067,744 3067,745 3065,745 3058,752 2980,752 2979,753 2979,770 2979,770 2906,770 2905,771 2891,771 2889,770 2889,769 2889,768 2166,770 2021,770 2020,771 2007,771 2006,772 1324,774 1323,774 1323,779 1323,780 1321,780 1320,781"/><TextEquiv index="0"><Unicode>" temps de vous dire tout cela, me</Unicode></TextEquiv><TextEquiv index="1"><Unicode>temps de vous dire tout cela, me</Unicode></TextEquiv></TextLine><TextLine id="l4"><Coords points="1443,931 1442,931 1434,931 1433,930 1433,917 1433,917 1398,917 1397,916 1397,915 1397,915 1199,915 1198,915 1198,913 1198,912 1077,912 1076,912 1076,891 1076,890 1070,890 1069,890 1069,880 1069,879 930,880 928,878 926,878 921,873 921,842 919,840 919,832 928,824 945,824 945,823 945,819 946,819 962,819 962,818 962,809 963,809 964,809 964,808 964,806 967,804 1062,803 1062,803 1062,793 1063,792 1091,792 1091,792 1091,791 1092,790 1103,790 1103,790 1103,776 1105,774 1586,773 1587,774 1836,774 1837,773 2015,772 2016,771 2090,771 2093,768 2098,768 2100,766 2111,766 2111,767 2111,768 2112,768 2114,768 2114,769 2114,770 2115,770 2368,769 2368,770 2368,773 2369,773 2580,773 2580,774 2580,783 2581,783 2826,782 2826,782 2826,776 2828,774 2885,774 2889,770 2890,770 2891,771 2905,771 2907,774 2907,783 2908,783 2979,783 2979,784 2979,790 2980,790 3156,790 3156,790 3156,808 3157,809 3234,809 3235,810 3301,809 3301,810 3301,811 3302,811 3303,811 3304,813 3304,814 3305,814 3307,814 3311,818 3313,818 3314,819 3316,819 3316,820 3316,822 3320,826 3320,830 3321,830 3322,830 3322,831 3322,852 3323,853 3323,864 3322,865 3322,868 3320,870 3320,871 3320,871 3319,871 3318,872 3318,874 3316,876 3314,876 3313,877 3313,878 3313,878 3311,878 3309,880 3307,880 3306,881 3304,881 3299,886 3289,886 3287,888 3287,890 3287,890 3278,890 3277,891 3277,893 3277,893 3183,894 3182,894 3182,911 3182,912 3165,912 3160,917 3151,917 3149,919 3147,919 3146,919 3146,920 3146,921 3142,921 3140,923 3138,923 3136,921 3136,919 3136,919 3135,919 3134,918 3134,917 3134,917 3133,917 3132,916 3132,904 3132,904 2831,904 2830,905 2830,908 2829,909 2616,910 2615,910 2615,911 2615,912 2576,912 2575,913 2575,916 2575,916 2574,916 2573,917 2569,917 2568,918 2568,923 2568,923 2563,923 2561,922 2561,920 2561,919 2373,919 2372,918 2019,919 2018,920 2018,928 2018,928 2016,927 2016,922 2016,921 1956,921 1954,920 1954,912 1954,911 1579,912 1578,913 1578,919 1578,919 1445,919 1444,920 1444,931 1444,931"/><TextEquiv index="0"><Unicode>" répondit le Guichetier; je crains que</Unicode></TextEquiv><TextEquiv index="1"><Unicode>répondit le Cuichetier; je crains que</Unicode></TextEquiv></TextLine><TextLine id="l5"><Coords points="1198,1089 1198,1089 1198,1054 1197,1053 1180,1053 1180,1053 1180,1051 1179,1050 1155,1050 1155,1050 1155,1049 1154,1048 1084,1048 1084,1048 1084,1046 1083,1045 1076,1045 1074,1043 1074,1042 1073,1041 1072,1041 1072,1041 1072,1034 1071,1033 938,1034 938,1034 938,1035 937,1036 930,1036 928,1034 926,1034 923,1031 921,1031 919,1028 919,1000 917,998 917,987 920,984 925,984 926,983 928,983 930,981 952,981 953,980 953,976 953,976 954,976 955,975 955,969 955,969 1036,968 1037,968 1036,936 1038,934 1076,934 1077,933 1079,933 1079,933 1079,932 1080,931 1081,931 1081,931 1081,930 1082,929 1196,929 1196,929 1196,920 1197,919 1198,919 1198,919 1198,916 1199,915 1218,915 1218,915 1218,916 1219,917 1240,917 1242,919 1327,919 1327,919 1327,927 1328,928 1356,928 1356,928 1356,938 1357,939 1490,938 1490,938 1490,937 1491,936 1493,936 1494,935 1500,935 1500,935 1500,934 1501,933 1535,933 1535,934 1535,935 1536,935 1538,935 1539,936 1541,936 1543,938 1547,938 1547,939 1547,940 1549,941 1550,941 1550,942 1550,943 1551,943 1552,943 1552,944 1552,948 1553,948 1646,948 1646,949 1647,962 1647,962 1649,962 1650,963 1650,964 1650,964 1953,963 1954,963 1954,955 1955,953 1961,953 1962,953 1961,937 1962,936 1966,936 1966,937 1966,950 1967,950 1970,950 1970,951 1971,964 1971,964 2036,964 2037,965 2037,969 2037,969 2292,969 2293,968 2292,952 2293,952 2299,952 2299,952 2300,963 2300,964 2339,964 2340,964 2340,965 2340,966 2478,965 2479,964 2509,964 2510,965 2748,965 2751,962 2751,960 2752,959 2752,954 2754,952 2753,948 2754,948 2756,948 2756,947 2756,943 2757,942 2757,939 2759,938 2761,938 2761,937 2761,935 2766,930 2766,928 2767,928 2769,928 2775,922 2778,922 2779,921 2781,921 2783,919 2787,919 2787,918 2787,917 2788,917 2793,917 2795,919 2799,919 2799,919 2799,920 2801,922 2803,922 2804,923 2804,950 2805,951 2848,950 2848,951 2849,962 2849,962 2865,962 2866,963 2866,964 2866,964 2973,964 2974,965 3114,965 3115,964 3138,964 3139,963 3139,954 3140,953 3141,953 3143,954 3143,963 3143,964 3210,964 3211,965 3308,964 3309,965 3309,966 3311,968 3311,969 3311,969 3315,969 3318,972 3322,972 3323,973 3323,974 3323,974 3327,974 3330,977 3330,979 3334,983 3334,984 3335,985 3335,1026 3332,1029 3332,1031 3331,1031 3329,1031 3327,1034 3327,1036 3326,1036 3322,1036 3317,1041 3313,1041 3313,1042 3313,1043 3312,1043 3292,1043 3292,1044 3292,1045 3291,1045 3289,1043 3289,1042 3288,1041 3284,1041 3283,1040 3146,1041 3146,1041 3146,1047 3145,1048 3143,1048 3143,1047 3143,1046 3142,1046 3120,1046 2996,1046 2996,1047 2996,1048 2995,1048 2972,1048 2972,1049 2972,1052 2971,1052 2952,1052 2952,1053 2952,1072 2951,1072 2947,1072 2947,1073 2947,1077 2946,1077 2943,1077 2943,1077 2943,1075 2942,1074 2931,1074 2931,1074 2931,1073 2928,1070 2926,1070 2926,1070 2926,1068 2923,1065 2923,1047 2922,1046 2840,1046 2840,1046 2840,1044 2839,1043 2820,1043 2817,1041 2656,1041 2656,1041 2656,1047 2655,1048 2644,1048 2644,1048 2644,1050 2642,1052 2641,1052 2641,1051 2641,1046 2640,1046 2505,1046 2505,1046 2505,1044 2504,1043 2286,1044 2286,1044 2286,1049 2285,1050 2283,1050 2283,1049 2283,1046 2282,1046 2226,1046 2226,1046 2226,1059 2223,1062 2223,1064 2222,1065 2214,1065 2214,1065 2214,1066 2213,1067 2212,1067 2212,1066 2212,1046 2211,1046 2068,1046 2068,1047 2068,1069 2067,1069 2065,1069 2064,1068 2064,1053 2063,1052 2020,1052 2020,1052 2020,1047 2019,1046 1880,1047 1880,1047 1880,1051 1879,1052 1872,1052 1871,1053 1688,1053 1688,1053 1688,1076 1685,1079 1610,1079 1610,1079 1610,1053 1609,1052 1518,1052 1518,1052 1518,1051 1517,1050 1485,1050 1485,1050 1485,1048 1483,1046 1480,1046 1479,1045 1344,1046 1344,1046 1344,1050 1342,1052 1213,1052 1213,1053 1213,1089 1212,1089"/><TextEquiv index="0"><Unicode>" M. le Gouverneur ne me ſurprenne</Unicode></TextEquiv><TextEquiv index="1"><Unicode>M. le Couverneur ne me ſurprenne</Unicode></TextEquiv></TextLine><TextLine id="l6"><Coords points="1463,1244 1462,1244 1462,1214 1462,1213 1444,1213 1443,1212 1441,1213 1440,1212 1396,1212 1394,1210 1394,1206 1394,1206 1357,1206 1356,1205 1244,1205 1243,1204 1164,1204 1163,1203 1161,1203 1160,1203 1160,1202 1160,1201 1089,1201 1086,1199 1086,1198 1086,1197 927,1198 926,1197 926,1196 926,1196 925,1196 924,1195 924,1165 922,1163 922,1154 924,1152 924,1150 928,1146 928,1144 928,1144 944,1144 947,1141 956,1141 957,1140 957,1132 957,1132 958,1132 959,1131 959,1129 959,1129 963,1129 964,1128 964,1127 964,1127 1085,1126 1086,1126 1086,1096 1088,1093 1090,1093 1091,1093 1091,1092 1091,1091 1092,1091 1093,1091 1093,1090 1093,1089 1095,1089 1096,1088 1623,1087 1624,1086 1626,1086 1628,1084 1644,1084 1645,1085 1645,1086 1645,1086 1649,1086 1650,1087 2106,1086 2108,1088 2110,1088 2111,1089 2111,1091 2111,1091 2149,1091 2150,1091 2150,1105 2150,1106 2334,1106 2336,1107 2336,1110 2336,1111 3175,1109 3176,1108 3183,1108 3184,1107 3184,1083 3185,1082 3188,1082 3189,1081 3191,1081 3193,1079 3200,1079 3205,1083 3205,1123 3205,1124 3257,1124 3258,1125 3315,1124 3318,1127 3319,1127 3320,1128 3320,1129 3320,1129 3324,1129 3326,1131 3327,1131 3328,1132 3329,1132 3330,1133 3330,1134 3330,1134 3336,1134 3337,1135 3337,1141 3337,1141 3338,1141 3339,1142 3339,1180 3337,1182 3337,1184 3337,1184 3336,1184 3335,1185 3335,1186 3334,1187 3334,1187 3333,1187 3332,1188 3332,1191 3332,1191 3329,1191 3328,1192 3328,1193 3327,1194 3326,1194 3325,1195 3325,1196 3325,1196 3319,1196 3318,1197 3318,1198 3318,1198 3316,1198 3313,1201 3013,1202 3012,1203 3012,1206 3012,1206 3010,1206 3009,1206 3009,1200 3009,1199 1926,1201 1925,1202 1925,1234 1925,1234 1923,1234 1921,1236 1476,1237 1475,1238 1475,1244 1475,1244"/><TextEquiv index="0"><Unicode>" ici. Je ſais qu'il veut vous rendre</Unicode></TextEquiv><TextEquiv index="1"><Unicode>ici. Je ſais qu'il veut vous rendre</Unicode></TextEquiv></TextLine><TextLine id="l7"><Coords points="2284,1387 2283,1386 2283,1359 2283,1359 1678,1360 1677,1361 1599,1361 1598,1360 1409,1361 1407,1359 1111,1359 1110,1358 1108,1358 1106,1356 1099,1356 1098,1356 1098,1354 1094,1350 1094,1346 1094,1345 936,1346 933,1343 933,1342 933,1342 932,1342 928,1338 928,1297 929,1296 929,1294 930,1294 934,1294 936,1292 960,1292 960,1291 960,1279 962,1278 1449,1276 1449,1276 1449,1254 1450,1253 1456,1253 1456,1253 1456,1250 1462,1244 1518,1244 1518,1244 1518,1243 1519,1242 1521,1242 1524,1239 1526,1239 1526,1239 1526,1238 1527,1237 1533,1237 1535,1235 1537,1235 1538,1234 1538,1233 1539,1232 1559,1232 1559,1233 1559,1234 1563,1237 1564,1237 1564,1238 1564,1239 1565,1239 1832,1239 1833,1240 2298,1239 2300,1241 2302,1241 2303,1242 2305,1242 2305,1242 2305,1243 2306,1244 2307,1244 2308,1245 2856,1243 2857,1242 2859,1242 2862,1239 2910,1239 2913,1242 3178,1242 3184,1248 3186,1248 3186,1248 3186,1250 3189,1253 3189,1277 3190,1278 3276,1278 3277,1278 3307,1278 3309,1280 3318,1280 3318,1281 3318,1282 3319,1282 3320,1282 3320,1283 3320,1284 3321,1284 3322,1284 3323,1286 3323,1288 3327,1292 3327,1294 3330,1296 3335,1296 3335,1297 3335,1337 3336,1337 3339,1337 3339,1338 3339,1340 3340,1340 3342,1340 3342,1341 3342,1351 3342,1351 3341,1351 3340,1352 3339,1352 3337,1354 3236,1355 3235,1356 2948,1356 2947,1355 2310,1357 2309,1357 2309,1370 2309,1371 2308,1371 2307,1371 2307,1374 2307,1375 2306,1375 2304,1377 2303,1377 2303,1379 2301,1382 2299,1382 2295,1385 2295,1386 2295,1387"/><TextEquiv index="0"><Unicode>une viſite dans la journée. Je m'en</Unicode></TextEquiv><TextEquiv index="1"><Unicode>une viſite dans la journée. Je m'en</Unicode></TextEquiv></TextLine><TextLine id="l8"><Coords points="3121,1554 3120,1553 3112,1553 3112,1552 3112,1547 3111,1547 3090,1547 3088,1544 3088,1511 3087,1511 2928,1511 2928,1511 2928,1510 2927,1509 2389,1510 2388,1511 2111,1512 2111,1513 2111,1514 2110,1514 2022,1514 2020,1516 1404,1518 1404,1518 1404,1520 1403,1521 1402,1521 1402,1521 1402,1525 1401,1526 1397,1526 1397,1526 1397,1528 1394,1531 1394,1532 1393,1533 1392,1533 1392,1533 1392,1534 1391,1535 1390,1535 1389,1536 1388,1536 1386,1538 1384,1538 1382,1540 1375,1540 1375,1539 1375,1537 1373,1536 1371,1536 1371,1535 1371,1516 1370,1516 1179,1516 1179,1516 1179,1515 1178,1514 1120,1514 1120,1514 1120,1513 1119,1512 1117,1512 1116,1511 1114,1511 1113,1510 1113,1508 1112,1507 1112,1505 1111,1504 1110,1504 1110,1504 1110,1502 1107,1499 933,1500 933,1499 933,1497 932,1497 931,1497 931,1496 931,1495 930,1495 928,1495 928,1494 928,1466 927,1466 926,1466 926,1465 926,1454 926,1454 928,1454 933,1449 961,1449 962,1448 962,1447 962,1447 964,1447 966,1445 1134,1444 1136,1442 1140,1442 1141,1442 1141,1441 1141,1440 1186,1440 1188,1438 1233,1438 1234,1437 1233,1410 1234,1409 1234,1404 1237,1402 1239,1402 1240,1401 1253,1401 1254,1402 1257,1402 1258,1403 1668,1402 1671,1406 1671,1407 1672,1407 1673,1407 1674,1408 1675,1435 1675,1436 2235,1435 2237,1433 2519,1432 2520,1432 2520,1424 2520,1423 2524,1423 2525,1423 2524,1408 2525,1407 2525,1402 2527,1400 2527,1398 2528,1397 2529,1397 2529,1397 2529,1393 2530,1392 2534,1392 2534,1392 2534,1391 2535,1390 2542,1390 2543,1391 2917,1390 2919,1392 2926,1392 2926,1393 2926,1394 2927,1394 2929,1394 2932,1397 2933,1397 2933,1398 2934,1432 2934,1432 3130,1432 3131,1433 3262,1433 3263,1433 3263,1434 3263,1435 3265,1435 3268,1438 3270,1438 3272,1439 3272,1479 3273,1481 3322,1480 3323,1481 3323,1483 3323,1483 3327,1483 3329,1485 3331,1485 3335,1489 3335,1490 3335,1490 3338,1490 3339,1491 3339,1495 3341,1497 3341,1504 3342,1505 3342,1511 3341,1511 3340,1511 3340,1512 3340,1516 3339,1516 3337,1516 3337,1517 3337,1519 3334,1521 3330,1521 3330,1522 3330,1523 3329,1523 3328,1523 3328,1524 3328,1526 3322,1531 3315,1531 3313,1534 3313,1535 3312,1535 3310,1535 3309,1536 3128,1537 3128,1537 3128,1553 3127,1554"/><TextEquiv index="0"><Unicode>" vais; mais ne vous embarraſſez pas,</Unicode></TextEquiv><TextEquiv index="1"><Unicode>nvais; mais ne vous embarraſſez pas,</Unicode></TextEquiv></TextLine><TextLine id="l9"><Coords points="1223,1707 1222,1706 1222,1705 1222,1705 1219,1705 1218,1704 1218,1703 1217,1702 1206,1702 1203,1700 1203,1699 1203,1698 1202,1698 1201,1698 1201,1697 1201,1696 1199,1696 1198,1695 1197,1695 1196,1695 1196,1692 1196,1691 1195,1691 1194,1691 1194,1675 1194,1674 1156,1674 1154,1672 1152,1672 1151,1671 1081,1671 1079,1670 1079,1657 1079,1656 931,1657 929,1655 925,1655 924,1654 924,1653 924,1653 923,1653 922,1652 922,1611 924,1609 926,1609 928,1607 928,1605 930,1603 952,1603 953,1602 953,1599 954,1598 959,1598 960,1597 960,1594 962,1592 962,1590 962,1590 1425,1589 1426,1588 1426,1558 1427,1557 1429,1557 1430,1556 1430,1555 1430,1555 1432,1555 1433,1554 1437,1554 1439,1552 1718,1551 1719,1550 2449,1548 2450,1547 2457,1547 2458,1547 2458,1546 2458,1545 2462,1545 2464,1547 2466,1547 2467,1548 2714,1548 2716,1550 2717,1550 2718,1550 2718,1551 2718,1552 2719,1552 2720,1552 2720,1553 2720,1554 3120,1553 3121,1554 3128,1554 3129,1554 3129,1556 3131,1558 3131,1590 3131,1591 3229,1591 3230,1591 3230,1592 3230,1593 3241,1593 3242,1593 3242,1595 3244,1598 3248,1598 3249,1598 3249,1600 3253,1604 3253,1608 3255,1610 3255,1618 3255,1619 3264,1619 3265,1619 3265,1621 3267,1623 3267,1627 3265,1629 3255,1629 3255,1629 3255,1640 3256,1641 3347,1640 3347,1641 3347,1655 3346,1656 3346,1660 3346,1660 3345,1660 3344,1661 3344,1665 3342,1667 3342,1669 3339,1672 3339,1674 3339,1674 3338,1674 3337,1675 3337,1676 3337,1676 3336,1676 3334,1678 3334,1680 3333,1681 3326,1681 3323,1684 3320,1684 3316,1688 3312,1688 3310,1690 3309,1690 3308,1691 3302,1691 3299,1688 2170,1691 2169,1691 2169,1697 2168,1698 2168,1700 2167,1702 2161,1702 2159,1700 2159,1675 2159,1675 1264,1677 1263,1677 1263,1688 1261,1690 1261,1694 1260,1696 1258,1696 1256,1697 1256,1699 1256,1700 1255,1700 1254,1700 1254,1701 1254,1702 1252,1702 1249,1705 1245,1705 1244,1705 1244,1706 1244,1707"/><TextEquiv index="0"><Unicode>" regardez dans votre chambre noire,</Unicode></TextEquiv><TextEquiv index="1"><Unicode>nregardez dans votre chambre noire,</Unicode></TextEquiv></TextLine><TextLine id="l10"><Coords points="2366,1867 2364,1866 2364,1865 2361,1861 2359,1862 2357,1860 2357,1824 2357,1824 2112,1824 2111,1825 1973,1825 1971,1827 1843,1828 1842,1829 1841,1828 1841,1827 1841,1827 1840,1827 1839,1826 1839,1825 1839,1825 1691,1825 1689,1827 1641,1827 1639,1829 1636,1829 1634,1831 1624,1831 1622,1829 1620,1829 1619,1829 1619,1828 1619,1827 1618,1827 1617,1827 1617,1826 1617,1825 1470,1825 1469,1824 1106,1825 1103,1823 1103,1821 1103,1820 1102,1820 1101,1820 1101,1816 1100,1814 924,1815 919,1810 919,1764 921,1762 921,1760 924,1758 931,1758 932,1757 941,1757 943,1754 943,1753 944,1753 958,1753 959,1754 1328,1753 1330,1751 1340,1751 1340,1750 1340,1747 1342,1746 1343,1746 1345,1748 1347,1748 1347,1748 1347,1750 1348,1751 1523,1750 1523,1750 1523,1723 1529,1717 1572,1717 1575,1714 1583,1714 1584,1715 1586,1715 1588,1718 1588,1727 1590,1729 1590,1731 1594,1734 1595,1734 1595,1735 1595,1737 1597,1739 1597,1746 1598,1747 1598,1748 1599,1748 1812,1748 1812,1747 1812,1719 1813,1718 1813,1716 1818,1712 1820,1712 1822,1709 1822,1707 1823,1707 1837,1707 1837,1707 1837,1710 1838,1711 1913,1710 1913,1711 1913,1712 1914,1712 1918,1712 1918,1713 1918,1715 1920,1717 1920,1750 1921,1750 2087,1750 2087,1750 2087,1749 2088,1748 2090,1748 2090,1748 2090,1746 2093,1743 2095,1743 2097,1741 2145,1741 2145,1740 2145,1735 2149,1731 2149,1727 2150,1727 2152,1727 2152,1726 2152,1722 2153,1722 2154,1722 2154,1721 2154,1719 2156,1717 2156,1714 2157,1713 2157,1712 2158,1712 2159,1712 2159,1711 2159,1707 2160,1707 2164,1707 2164,1706 2164,1705 2165,1705 2173,1705 2173,1705 2173,1706 2174,1707 2176,1707 2176,1707 2176,1709 2177,1710 2178,1710 2178,1710 2178,1712 2180,1714 2180,1716 2181,1717 2181,1721 2182,1722 2183,1722 2183,1722 2183,1723 2184,1724 2185,1724 2185,1724 2185,1728 2187,1730 2187,1732 2188,1733 2188,1736 2191,1739 2238,1739 2238,1739 2238,1742 2239,1743 2241,1743 2242,1744 2242,1748 2243,1749 2391,1748 2391,1749 2391,1750 2392,1750 2566,1750 2568,1748 2714,1748 2716,1746 2826,1745 2826,1745 2826,1713 2827,1712 2829,1712 2830,1711 2830,1709 2832,1707 2847,1707 2849,1710 2849,1712 2850,1713 2850,1746 2851,1746 2908,1746 2910,1748 2912,1748 2912,1749 2912,1751 2913,1751 3058,1751 3059,1750 3113,1750 3115,1748 3184,1748 3184,1747 3184,1746 3185,1746 3186,1746 3186,1745 3186,1743 3187,1743 3191,1743 3191,1742 3191,1741 3193,1740 3194,1739 3195,1739 3199,1743 3199,1747 3200,1748 3265,1748 3266,1749 3327,1748 3327,1749 3327,1751 3330,1753 3333,1753 3334,1755 3334,1757 3335,1758 3336,1758 3338,1758 3341,1762 3341,1767 3342,1768 3342,1791 3343,1791 3344,1791 3344,1792 3344,1799 3342,1801 3342,1805 3342,1805 3341,1805 3339,1807 3339,1810 3339,1810 3336,1810 3335,1811 3335,1813 3333,1815 3330,1815 3325,1820 3321,1820 3320,1821 3320,1822 3320,1822 3316,1822 3314,1824 3308,1824 3307,1823 3065,1824 3059,1824 3058,1825 3047,1825 3045,1824 3045,1823 3045,1822 3044,1822 3043,1822 3043,1821 3043,1820 3042,1820 3041,1820 3041,1818 3041,1817 2901,1817 2900,1818 2900,1820 2900,1820 2782,1821 2781,1822 2631,1822 2630,1821 2630,1820 2630,1820 2552,1820 2549,1818 2549,1813 2551,1811 2551,1787 2551,1786 2416,1786 2415,1787 2415,1789 2414,1790 2414,1792 2412,1794 2412,1796 2412,1796 2411,1796 2410,1797 2410,1799 2408,1801 2408,1803 2407,1804 2407,1806 2405,1808 2405,1813 2403,1815 2403,1817 2402,1818 2402,1821 2400,1823 2400,1825 2398,1827 2398,1830 2396,1832 2396,1841 2395,1842 2395,1845 2394,1846 2392,1846 2391,1847 2391,1849 2386,1854 2386,1856 2383,1859 2383,1861 2382,1862 2380,1862 2377,1865 2372,1865 2371,1866 2371,1867 2371,1867"/><TextEquiv index="0"><Unicode>" vous allez bientôt y revoir votre</Unicode></TextEquiv><TextEquiv index="1"><Unicode>nvous allez bientôt y revoir votre</Unicode></TextEquiv></TextLine><TextLine id="l11"><Coords points="1500,2024 1500,2024 1500,2018 1499,2017 1354,2018 1354,2017 1354,2003 1353,2003 1327,2003 1327,2002 1327,2001 1326,2001 1201,2001 1201,2001 1201,1986 1200,1985 1086,1985 1086,1985 1086,1981 1085,1980 1077,1980 1077,1980 1077,1970 1076,1969 928,1970 922,1963 922,1934 921,1933 921,1925 926,1920 928,1920 930,1918 958,1918 959,1917 959,1908 959,1908 1106,1907 1108,1906 1108,1901 1110,1899 1110,1895 1110,1894 1111,1894 1112,1894 1112,1888 1113,1887 1113,1885 1113,1884 1114,1884 1115,1884 1115,1880 1119,1876 1119,1873 1121,1870 1121,1869 1123,1867 1125,1867 1127,1865 1251,1865 1251,1864 1251,1863 1252,1863 1546,1862 1547,1861 3129,1858 3129,1858 3129,1859 3130,1860 3131,1860 3132,1861 3132,1862 3133,1863 3134,1863 3134,1863 3135,1902 3135,1903 3277,1902 3278,1903 3322,1903 3323,1904 3323,1906 3323,1906 3324,1906 3325,1907 3325,1908 3325,1908 3327,1908 3330,1911 3330,1913 3330,1913 3331,1913 3332,1914 3332,1918 3334,1920 3334,1923 3335,1924 3335,1925 3335,1925 3336,1925 3337,1926 3337,1927 3337,1927 3339,1927 3340,1928 3342,1928 3344,1930 3344,1971 3342,1973 3342,1975 3341,1975 3306,1975 3306,1976 3306,1980 3305,1980 2788,1982 2788,1982 2788,1983 2787,1984 2787,1987 2783,1991 2783,1993 2775,2001 2195,2002 2195,2002 2195,2020 2194,2021 1874,2022 1873,2023 1636,2023 1635,2024"/><TextEquiv index="0"><Unicode>Adélaide ." A ces mots, ce bon</Unicode></TextEquiv><TextEquiv index="1"><Unicode>Adélaide . A ces mots, ce bon</Unicode></TextEquiv></TextLine><TextLine id="l12"><Coords points="3264,2177 3263,2176 3070,2176 3068,2174 3065,2174 3064,2173 3064,2160 3064,2160 1581,2163 1580,2162 934,2164 933,2163 933,2145 933,2145 903,2145 902,2144 902,2142 903,2142 933,2142 933,2141 933,2083 932,2083 929,2083 928,2082 926,2082 926,2081 926,2078 925,2078 924,2078 924,2077 924,2070 926,2068 928,2068 932,2064 935,2064 936,2063 949,2063 950,2062 950,2061 950,2061 951,2061 952,2060 952,2059 954,2057 1025,2056 1026,2056 1026,2053 1026,2052 1028,2052 1029,2052 1029,2043 1029,2042 1038,2042 1040,2040 1061,2040 1062,2040 1062,2028 1063,2026 1499,2025 1500,2024 1671,2024 1672,2024 1672,2023 1673,2021 1721,2021 1722,2020 1724,2020 1726,2018 2010,2017 2011,2016 2936,2014 2938,2016 3277,2015 3278,2016 3279,2016 3280,2017 3280,2018 3280,2018 3281,2018 3282,2019 3282,2059 3282,2059 3310,2059 3311,2060 3311,2061 3311,2061 3313,2061 3315,2063 3322,2063 3327,2068 3341,2068 3342,2069 3342,2078 3340,2080 3340,2083 3339,2084 3339,2085 3338,2085 3337,2085 3337,2086 3337,2118 3337,2118 3336,2118 3334,2120 3334,2122 3321,2135 3317,2135 3316,2136 3316,2137 3316,2137 3314,2137 3313,2138 3274,2139 3273,2139 3273,2176 3273,2177"/><TextEquiv index="0"><Unicode>valet me laiſſa indécis entre la ſurpriſe</Unicode></TextEquiv><TextEquiv index="1"><Unicode>valet me laiſſa indécis entre la ſurpriſe</Unicode></TextEquiv></TextLine><TextLine id="l13"><Coords points="1377,2337 1377,2336 1376,2328 1376,2328 1217,2328 1216,2327 1216,2326 1216,2326 1070,2326 1067,2324 1067,2295 1067,2294 950,2295 948,2293 946,2293 944,2291 942,2291 941,2290 939,2290 938,2289 938,2286 938,2286 937,2286 933,2282 933,2278 931,2276 931,2269 931,2269 930,2269 929,2268 929,2256 931,2254 931,2252 932,2252 933,2252 933,2251 933,2250 936,2247 936,2245 937,2245 938,2245 938,2244 938,2243 939,2243 941,2243 941,2242 941,2206 943,2204 943,2202 944,2202 945,2202 945,2201 945,2200 946,2200 947,2200 947,2199 947,2197 948,2197 951,2197 953,2195 955,2195 958,2192 1107,2191 1112,2186 1115,2186 1116,2185 1120,2185 1120,2185 1120,2184 1121,2183 1144,2183 1146,2181 1380,2181 1385,2176 1388,2176 1390,2174 1400,2174 1402,2176 1404,2176 1404,2176 1404,2177 1405,2178 3220,2174 3223,2171 3230,2171 3232,2173 3232,2175 3233,2176 3235,2176 3236,2177 3274,2177 3278,2181 3278,2182 3279,2183 3279,2238 3280,2238 3333,2238 3335,2241 3335,2243 3336,2243 3337,2243 3337,2244 3337,2255 3333,2259 3329,2259 3328,2260 3325,2260 3323,2262 3307,2262 3306,2263 3306,2269 3306,2269 3288,2269 3287,2270 3287,2286 3283,2290 2812,2292 2811,2292 2811,2306 2811,2307 1707,2309 1706,2309 1707,2328 1706,2329 1705,2329 1705,2329 1705,2332 1704,2333 1383,2334 1383,2334 1383,2336 1382,2337"/><TextEquiv index="0"><Unicode>&amp; l'enchantement. "O ciel! me di-</Unicode></TextEquiv><TextEquiv index="1"><Unicode>&amp; l'enchantement. uO ciell me di-</Unicode></TextEquiv></TextLine><TextLine id="l14"><Coords points="1397,2494 1397,2493 1397,2486 1396,2486 1349,2486 1349,2485 1349,2484 1348,2484 1347,2484 1347,2483 1347,2450 1346,2450 1107,2450 1105,2448 1095,2448 1091,2444 1091,2439 1090,2438 960,2439 960,2438 960,2434 959,2434 929,2434 929,2433 929,2432 927,2431 926,2431 926,2430 926,2429 925,2429 924,2429 924,2428 924,2419 926,2417 926,2388 926,2388 928,2388 929,2387 929,2385 930,2384 934,2384 935,2383 1026,2382 1027,2382 1027,2367 1028,2365 1085,2365 1086,2365 1086,2361 1086,2360 1097,2360 1098,2360 1098,2358 1100,2356 1100,2353 1101,2352 1101,2350 1105,2346 1105,2344 1107,2341 1111,2341 1112,2341 1112,2337 1112,2336 1114,2336 1119,2331 1124,2331 1126,2329 1136,2329 1138,2331 1141,2331 1144,2334 1144,2336 1144,2336 1227,2336 1228,2337 1382,2337 1383,2337 1383,2361 1383,2362 1417,2362 1418,2362 1418,2364 1418,2365 1427,2365 1428,2365 1428,2366 1428,2367 1430,2367 1431,2368 1995,2366 1996,2366 1996,2363 1997,2362 1997,2358 1997,2357 1998,2357 1999,2357 1999,2353 2001,2351 2001,2349 2002,2348 2002,2343 2004,2341 2004,2337 2004,2336 2005,2336 2008,2334 2008,2332 2008,2331 2123,2331 2127,2327 2129,2327 2130,2326 2144,2326 2145,2327 2731,2326 2731,2326 2732,2327 2733,2329 2867,2328 2869,2330 2869,2331 2869,2331 2980,2331 2982,2333 3200,2333 3201,2333 3201,2335 3201,2336 3202,2336 3203,2336 3203,2337 3203,2338 3204,2338 3205,2338 3205,2340 3208,2343 3208,2345 3208,2346 3210,2346 3211,2346 3211,2348 3217,2354 3217,2356 3218,2357 3218,2360 3219,2362 3221,2362 3222,2362 3222,2363 3222,2364 3223,2364 3224,2364 3224,2371 3224,2372 3278,2371 3280,2373 3280,2374 3280,2374 3281,2374 3282,2375 3282,2376 3282,2376 3284,2376 3285,2377 3286,2377 3287,2378 3287,2393 3287,2393 3343,2393 3344,2394 3344,2396 3346,2398 3346,2411 3341,2415 3339,2415 3339,2416 3339,2417 3338,2417 3287,2417 3287,2418 3287,2432 3284,2435 3284,2439 3283,2439 3278,2439 3273,2445 2921,2445 2920,2446 2918,2446 2918,2447 2917,2448 2917,2450 2916,2450 2914,2450 2913,2449 2686,2450 2684,2448 2488,2448 2486,2446 2482,2446 2481,2445 2121,2446 2121,2447 2121,2450 2120,2450 2114,2450 2113,2451 2013,2451 2013,2452 2013,2453 2012,2453 1987,2453 1986,2452 1535,2453 1533,2456 1533,2460 1532,2460 1531,2460 1531,2461 1531,2463 1528,2466 1528,2470 1527,2470 1525,2470 1520,2475 1516,2475 1516,2476 1516,2479 1515,2479 1514,2479 1512,2481 1418,2482 1418,2482 1418,2493 1417,2494"/><TextEquiv index="0"><Unicode>ſois-je, mon Adélaïde eſt ici très-</Unicode></TextEquiv><TextEquiv index="1"><Unicode>ſois-je, mon Adélaide eſt ici très-</Unicode></TextEquiv></TextLine><TextLine id="l15"><Coords points="2351,2643 2350,2642 2351,2642 2352,2642 2354,2640 2558,2639 2558,2639 2558,2638 2558,2637 2557,2637 2556,2637 2556,2623 2556,2622 2186,2623 2185,2622 2185,2620 2185,2620 1950,2620 1949,2620 1949,2610 1949,2609 1720,2610 1719,2609 1719,2608 1719,2608 1534,2608 1533,2608 1533,2607 1533,2606 1531,2606 1530,2605 1300,2606 1299,2605 1299,2604 1299,2604 1111,2604 1110,2603 1108,2603 1104,2599 1101,2599 1096,2594 1094,2594 1093,2593 937,2594 936,2593 936,2591 934,2589 932,2589 931,2588 931,2587 931,2587 929,2587 924,2582 924,2567 924,2567 869,2567 867,2565 867,2554 868,2553 923,2553 924,2552 924,2539 924,2539 925,2539 926,2538 926,2537 926,2537 932,2537 933,2536 954,2536 955,2535 955,2532 955,2532 1115,2531 1116,2530 1265,2530 1266,2529 1266,2524 1267,2523 1297,2523 1298,2522 1393,2522 1394,2521 1394,2498 1395,2497 1395,2495 1396,2494 2146,2492 2147,2491 2153,2491 2154,2490 2154,2489 2154,2489 2530,2488 2532,2486 2536,2486 2539,2484 2539,2483 2539,2482 2543,2482 2544,2481 2564,2481 2567,2484 2567,2486 2567,2486 2652,2486 2653,2487 2947,2486 2950,2489 2950,2491 2950,2491 3260,2491 3265,2495 3265,2527 3265,2528 3310,2527 3312,2529 3317,2529 3320,2532 3334,2532 3338,2536 3346,2536 3347,2537 3348,2537 3349,2538 3349,2546 3348,2546 3347,2546 3347,2547 3347,2553 3346,2554 3346,2585 3344,2587 3344,2589 3344,2589 3343,2589 3342,2590 3342,2592 3340,2594 3338,2594 3337,2595 3337,2596 3337,2596 3336,2596 3335,2597 3335,2599 3335,2599 3332,2599 3328,2603 3326,2603 3325,2604 2585,2606 2584,2607 2584,2638 2581,2641 2372,2641 2371,2642"/><TextEquiv index="0"><Unicode>" certainement; elle reſpire dans le</Unicode></TextEquiv><TextEquiv index="1"><Unicode>ncertainement; elle reſpire daus le</Unicode></TextEquiv></TextLine><TextLine id="l16"><Coords points="3112,2799 3112,2798 3112,2797 3111,2797 3108,2797 3108,2796 3108,2795 3107,2795 3105,2795 3105,2794 3105,2791 3104,2791 2703,2792 2701,2790 2697,2790 2697,2789 2697,2785 2696,2785 1930,2786 1930,2787 1930,2790 1929,2790 1927,2790 1927,2791 1927,2793 1925,2794 1905,2794 1904,2793 1898,2794 1896,2791 1895,2764 1895,2764 1725,2764 1724,2763 1560,2763 1559,2763 1559,2762 1559,2761 1557,2761 1555,2759 1524,2759 1523,2758 1273,2759 1271,2757 1242,2757 1241,2756 1226,2756 1225,2756 1226,2798 1225,2799 1216,2799 1216,2798 1215,2756 1215,2756 1098,2756 1096,2754 1094,2754 1093,2754 1093,2745 1093,2744 975,2745 974,2744 934,2744 933,2743 933,2741 931,2739 931,2713 931,2713 869,2713 867,2711 867,2703 869,2702 931,2702 931,2701 931,2696 936,2692 938,2692 940,2690 960,2690 960,2689 960,2681 962,2680 1146,2679 1146,2679 1146,2674 1147,2673 1218,2673 1220,2670 1220,2668 1221,2668 1222,2668 1222,2667 1222,2666 1223,2665 1223,2662 1225,2660 1225,2658 1229,2654 1229,2653 1230,2652 1230,2651 1231,2651 1232,2651 1232,2650 1232,2649 1233,2649 1234,2649 1234,2648 1234,2647 1235,2647 1236,2647 1237,2646 1604,2645 1607,2642 1609,2642 1611,2640 1617,2640 1618,2639 1620,2639 1622,2637 1626,2637 1626,2637 1626,2636 1627,2635 1637,2635 1641,2639 1643,2639 1647,2644 1647,2646 1648,2647 1648,2651 1649,2651 2346,2650 2346,2649 2346,2646 2347,2646 2348,2646 2348,2645 2348,2644 2349,2644 2350,2644 2351,2643 2372,2642 2372,2643 2372,2644 2373,2644 2719,2644 2720,2645 3275,2644 3277,2646 3279,2645 3280,2647 3280,2649 3281,2649 3282,2649 3282,2650 3282,2680 3283,2680 3330,2680 3330,2681 3330,2682 3331,2682 3342,2682 3351,2692 3351,2694 3352,2695 3352,2696 3354,2697 3359,2697 3359,2698 3359,2708 3359,2708 3357,2708 3353,2712 3353,2732 3351,2734 3351,2738 3349,2740 3349,2742 3347,2744 3345,2744 3344,2745 3344,2747 3344,2747 3343,2747 3342,2748 3342,2749 3342,2749 3336,2749 3335,2750 3335,2751 3335,2751 3333,2751 3332,2752 3326,2752 3325,2753 3325,2754 3325,2754 3318,2754 3316,2756 3208,2757 3207,2758 3134,2758 3133,2758 3134,2794 3133,2795 3131,2795 3129,2797 3129,2798 3128,2799"/><TextEquiv index="0"><Unicode>" même aſile que moi, &amp; je ne puis</Unicode></TextEquiv><TextEquiv index="1"><Unicode>nmême aſile que moi, &amp; je ne puis</Unicode></TextEquiv></TextLine><TextLine id="l17"><Coords points="2742,2953 2742,2952 2742,2952 2744,2952 2746,2950 2772,2950 2773,2949 2773,2945 2772,2945 2770,2945 2769,2943 2769,2937 2771,2935 2773,2935 2777,2931 2777,2914 2776,2914 2496,2914 2496,2914 2496,2913 2495,2912 2204,2913 2203,2914 2121,2914 2121,2915 2121,2916 2120,2916 2115,2916 2113,2914 1794,2915 1793,2916 1783,2916 1781,2914 1568,2914 1557,2914 1557,2915 1557,2916 1556,2916 1555,2916 1554,2917 1542,2917 1541,2916 1539,2916 1537,2914 1328,2915 1328,2915 1328,2923 1327,2924 1321,2924 1321,2924 1321,2947 1320,2948 1315,2948 1313,2950 1311,2950 1311,2950 1311,2951 1310,2952 1293,2952 1290,2948 1290,2914 1289,2914 1145,2914 1142,2911 1097,2911 1095,2909 1091,2909 1091,2909 1091,2908 1090,2907 1089,2907 1089,2907 1089,2903 1088,2902 989,2902 988,2901 985,2902 983,2900 981,2900 980,2899 934,2899 932,2897 931,2897 931,2896 931,2851 933,2849 933,2847 933,2847 938,2847 940,2845 964,2845 965,2844 965,2843 966,2842 1095,2841 1096,2841 1096,2826 1093,2823 1093,2821 1091,2819 1091,2812 1093,2810 1093,2808 1094,2806 1100,2806 1101,2806 1101,2805 1101,2804 1102,2804 1103,2804 1103,2803 1103,2802 1104,2802 1105,2802 1105,2801 1105,2800 1212,2800 1213,2799 1226,2799 1227,2800 1230,2800 1232,2801 1232,2837 1232,2838 1479,2837 1480,2837 1480,2807 1480,2806 1485,2806 1489,2802 1506,2802 1508,2800 1512,2800 1514,2802 1514,2840 1514,2840 1685,2840 1686,2839 1686,2806 1689,2803 1689,2801 1690,2800 1781,2800 1782,2799 1867,2799 1869,2797 1884,2797 1887,2800 1989,2799 1990,2800 1992,2800 1996,2804 1996,2806 1997,2807 1997,2812 1997,2812 2011,2812 2015,2816 2015,2821 2015,2821 2058,2821 2061,2824 2061,2838 2061,2838 2424,2837 2427,2835 2427,2833 2431,2829 2431,2827 2431,2826 2433,2826 2434,2826 2434,2822 2434,2821 2438,2821 2439,2822 2439,2837 2439,2837 2618,2837 2622,2833 2622,2831 2622,2831 2624,2831 2627,2828 2627,2826 2627,2826 2739,2826 2740,2825 2740,2811 2737,2808 2737,2801 2739,2799 2739,2797 2739,2797 2741,2797 2742,2796 2742,2795 2742,2795 2753,2795 2754,2795 2754,2796 2754,2797 2755,2797 2756,2797 2756,2798 2757,2800 2759,2800 2763,2803 2763,2805 2764,2806 2764,2820 2763,2821 2763,2825 2762,2826 2760,2826 2759,2827 2759,2828 2759,2829 2920,2828 2921,2829 2921,2830 2921,2830 2928,2830 2929,2831 2933,2831 2936,2834 2936,2837 2936,2837 3040,2837 3041,2838 3045,2838 3047,2840 3274,2840 3275,2840 3275,2841 3275,2842 3279,2841 3280,2842 3281,2842 3286,2847 3288,2847 3289,2848 3289,2852 3291,2854 3291,2859 3291,2859 3353,2859 3354,2860 3354,2869 3353,2869 3351,2869 3351,2870 3351,2871 3350,2871 3349,2871 3349,2872 3349,2878 3348,2878 3347,2878 3347,2879 3347,2883 3344,2885 3342,2885 3341,2886 3291,2886 3291,2887 3291,2898 3289,2900 3289,2903 3287,2905 3287,2907 3284,2909 3282,2909 3280,2911 3275,2912 3275,2912 3275,2913 3274,2914 3268,2914 3268,2914 3268,2915 3267,2916 3262,2916 3260,2914 2826,2914 2826,2915 2826,2950 2826,2950 2828,2950 2830,2952 2829,2952"/><TextEquiv index="0"><Unicode>" lui parler ! Mais comment s'y trouve-</Unicode></TextEquiv><TextEquiv index="1"><Unicode>nlui parlerl Mais comment s'y trouve-</Unicode></TextEquiv></TextLine><TextLine id="l18"><Coords points="1785,3113 1784,3112 1784,3074 1784,3074 1386,3075 1385,3075 1385,3104 1385,3105 1383,3105 1382,3104 1382,3074 1382,3074 1361,3074 1359,3072 1355,3072 1353,3070 1218,3070 1217,3069 1111,3069 1110,3069 1110,3068 1110,3067 1109,3067 1108,3067 1108,3066 1108,3065 1106,3065 1103,3063 1103,3060 1101,3057 990,3057 989,3056 984,3057 983,3056 983,3055 983,3055 939,3055 938,3054 938,3053 938,3053 934,3053 933,3052 933,3017 933,3017 932,3017 931,3016 931,3007 936,3002 956,3002 957,3001 957,2985 958,2984 1253,2983 1254,2982 1254,2970 1256,2968 1256,2966 1256,2966 1258,2966 1264,2960 1568,2959 1569,2959 1569,2958 1569,2957 1570,2957 1571,2957 1571,2956 1571,2955 1692,2955 1694,2953 1695,2953 1696,2952 1991,2951 1992,2950 2221,2950 2223,2948 2238,2948 2240,2950 2245,2950 2247,2952 2265,2952 2266,2952 2266,2953 2266,2954 2830,2952 2831,2953 2831,2955 2831,2955 3124,2955 3126,2956 3126,2971 3126,2972 3314,2971 3315,2972 3316,2972 3318,2974 3319,2974 3320,2975 3320,2976 3320,2976 3322,2976 3323,2977 3323,2979 3325,2981 3329,2981 3332,2984 3344,2984 3347,2987 3347,3005 3346,3006 3346,3010 3345,3010 3344,3010 3344,3011 3344,3020 3340,3024 3338,3024 3337,3025 3337,3026 3337,3026 3335,3026 3334,3027 3333,3027 3332,3028 3332,3051 3330,3053 3326,3053 3325,3054 3325,3063 3323,3065 3323,3067 3321,3069 3317,3069 3316,3070 3311,3070 3309,3072 2638,3074 2637,3074 2637,3104 2637,3105 2635,3105 2633,3107 2631,3107 2628,3110 1790,3112 1789,3113"/><TextEquiv index="0"><Unicode>" t-elle? Adélaïde eſt-elle priſonnière?</Unicode></TextEquiv><TextEquiv index="1"><Unicode>t-elle? Adélaide eſt-elle priſonnière?</Unicode></TextEquiv></TextLine><TextLine id="l19"><Coords points="3079,3295 3079,3294 3079,3291 3078,3291 2768,3292 2768,3291 2768,3268 2767,3268 2592,3268 2591,3267 2588,3267 2586,3265 2582,3265 2582,3265 2582,3264 2581,3263 1284,3266 1284,3265 1284,3264 1283,3264 1088,3264 1088,3264 1087,3223 1087,3222 1080,3222 1079,3222 1079,3221 1079,3220 1078,3220 1077,3220 1077,3208 1077,3207 932,3208 931,3207 931,3206 931,3206 930,3206 929,3205 929,3169 929,3169 871,3169 867,3165 867,3157 869,3156 955,3156 955,3155 955,3146 956,3146 957,3146 957,3145 957,3143 960,3141 1084,3140 1084,3140 1084,3116 1085,3115 1086,3115 1086,3115 1086,3113 1089,3110 1189,3110 1189,3110 1189,3108 1192,3105 2467,3102 2468,3101 2477,3101 2477,3102 2477,3103 2478,3103 2480,3103 2482,3105 2486,3105 2486,3106 2486,3108 2491,3113 2491,3147 2492,3147 2995,3146 2995,3147 2995,3150 2996,3150 2997,3150 2998,3151 3280,3150 3281,3151 3331,3151 3334,3155 3334,3156 3335,3157 3335,3158 3336,3158 3337,3158 3337,3159 3337,3208 3338,3208 3340,3208 3342,3211 3342,3222 3340,3224 3247,3225 3246,3225 3246,3226 3246,3227 3245,3227 3244,3227 3244,3228 3244,3229 3236,3229 3235,3229 3236,3251 3234,3253 3093,3253 3093,3253 3093,3293 3092,3294 3088,3294 3087,3295"/><TextEquiv index="0"><Unicode>" Mais non, je la vois ſe promener en</Unicode></TextEquiv><TextEquiv index="1"><Unicode>Mais non, je la vois ſe promener en</Unicode></TextEquiv></TextLine><TextLine id="l20"><Coords points="1093,3421 1092,3420 1090,3420 1089,3419 1089,3367 1088,3366 990,3366 989,3365 929,3366 929,3365 929,3363 928,3362 928,3315 931,3312 931,3311 931,3311 935,3311 937,3309 954,3309 955,3308 957,3308 959,3306 1086,3305 1087,3305 1087,3271 1088,3270 1088,3265 1088,3264 1094,3264 1095,3265 1095,3266 1095,3266 1286,3266 1287,3266 1287,3267 1289,3270 1291,3270 1292,3271 1527,3270 1528,3271 1528,3273 1530,3275 1532,3275 1533,3276 1533,3303 1533,3303 1541,3303 1542,3304 1542,3309 1542,3309 1590,3309 1592,3311 1594,3311 1595,3312 1595,3313 1595,3313 1606,3313 1607,3314 1607,3316 1607,3316 1655,3316 1657,3318 1695,3318 1697,3320 1699,3320 1701,3322 1707,3322 1708,3323 1709,3323 1710,3323 1710,3324 1710,3325 1711,3325 1712,3325 1712,3326 1712,3327 1714,3327 1715,3327 1715,3329 1715,3330 1716,3330 1717,3330 1717,3348 1717,3349 1742,3349 1743,3349 1743,3351 1743,3352 1744,3352 1746,3354 1747,3354 1748,3354 1748,3357 1748,3358 1817,3358 1819,3359 1819,3363 1817,3365 1753,3365 1753,3365 1753,3369 1752,3370 1751,3370 1751,3370 1751,3374 1750,3375 1750,3377 1749,3378 1747,3378 1745,3380 1745,3382 1744,3383 1217,3384 1217,3384 1217,3387 1215,3389 1113,3389 1113,3390 1113,3418 1110,3420 1103,3420 1102,3421"/><TextEquiv index="0"><Unicode>" plein air" .</Unicode></TextEquiv><TextEquiv index="1"><Unicode>nplein airn.</Unicode></TextEquiv></TextLine><TextLine id="l21"><Coords points="3169,3580 3167,3578 3166,3578 3165,3577 3165,3576 3165,3576 1416,3580 1415,3579 1415,3544 1415,3544 1348,3544 1346,3542 1346,3538 1346,3538 1099,3538 1093,3533 1093,3507 1093,3506 967,3507 965,3505 965,3476 965,3476 868,3476 867,3475 867,3474 868,3473 956,3473 957,3472 957,3445 957,3445 980,3445 981,3444 981,3421 981,3421 1453,3419 1454,3418 2303,3417 2304,3416 2308,3416 2309,3415 2309,3414 2309,3414 2545,3413 2546,3413 2546,3400 2548,3397 2553,3397 2555,3395 2559,3395 2560,3394 2576,3394 2577,3395 2577,3409 2577,3409 2773,3409 2780,3415 2780,3420 2780,3421 3059,3420 3060,3420 3060,3430 3060,3431 3077,3431 3079,3432 3079,3458 3079,3459 3264,3459 3265,3459 3265,3460 3265,3461 3274,3461 3276,3463 3278,3462 3279,3463 3280,3463 3282,3465 3282,3466 3282,3466 3288,3466 3289,3467 3289,3468 3289,3468 3290,3468 3291,3469 3291,3475 3292,3475 3337,3475 3338,3476 3350,3476 3351,3478 3351,3485 3351,3485 3350,3485 3349,3486 3349,3487 3349,3487 3347,3487 3346,3488 3346,3489 3344,3491 3344,3500 3338,3506 3336,3506 3335,3507 3297,3507 3296,3508 3296,3528 3296,3528 3295,3528 3294,3529 3294,3531 3292,3533 3204,3534 3203,3535 3200,3535 3199,3535 3199,3536 3199,3537 3192,3537 3191,3537 3191,3573 3185,3580"/><TextEquiv index="0"><Unicode>En effet, je ne tardai pas à voir pa-</Unicode></TextEquiv><TextEquiv index="1"><Unicode>En effet, je ne tardai pas à voir pa-</Unicode></TextEquiv></TextLine><TextLine id="l22"><Coords points="2639,3732 2639,3731 2638,3695 2638,3695 1701,3697 1700,3697 1700,3699 1699,3700 1700,3707 1698,3709 1698,3713 1697,3714 1696,3714 1695,3715 1695,3716 1694,3717 1693,3717 1693,3717 1693,3718 1692,3719 1684,3719 1684,3719 1684,3720 1683,3721 1683,3722 1681,3724 1681,3728 1680,3729 1676,3729 1674,3731 1657,3731 1657,3731 1657,3730 1656,3729 1648,3729 1648,3729 1648,3728 1647,3727 1643,3727 1642,3726 1638,3726 1638,3726 1638,3725 1637,3724 1635,3724 1633,3722 1633,3720 1632,3719 1631,3719 1631,3719 1631,3718 1630,3717 1629,3717 1629,3717 1629,3715 1628,3714 1627,3697 1627,3696 1579,3696 1578,3695 1231,3696 1230,3695 1227,3695 1225,3693 1127,3693 1125,3691 1075,3691 1074,3690 934,3691 933,3690 933,3637 932,3636 930,3636 929,3635 929,3632 931,3630 931,3626 932,3626 934,3626 936,3623 936,3621 937,3621 943,3621 943,3620 943,3619 944,3619 945,3619 945,3618 945,3617 946,3617 947,3617 948,3616 967,3616 967,3615 967,3600 968,3600 1067,3599 1067,3599 1067,3593 1070,3590 1070,3588 1074,3584 1074,3582 1077,3579 1079,3579 1080,3578 1082,3578 1084,3576 1089,3576 1089,3577 1089,3579 1091,3580 1901,3579 1902,3578 1908,3577 1909,3576 1920,3576 1920,3577 1920,3578 1921,3578 1923,3578 1927,3583 1927,3616 1928,3616 2477,3615 2477,3615 2477,3612 2479,3610 2479,3608 2481,3606 2481,3601 2482,3600 2484,3600 2484,3600 2484,3594 2485,3593 2486,3593 2486,3593 2486,3589 2487,3588 2487,3585 2489,3583 2489,3581 2491,3579 2493,3579 2494,3578 2496,3578 2496,3578 2496,3577 2497,3576 2499,3576 2500,3575 2612,3575 2613,3574 2616,3574 2617,3573 2621,3573 2623,3571 2632,3571 2633,3572 2931,3571 2935,3576 2935,3616 2936,3616 3225,3616 3226,3617 3275,3617 3275,3617 3275,3618 3276,3619 3280,3618 3281,3620 3281,3621 3282,3621 3287,3621 3287,3622 3287,3626 3288,3626 3289,3626 3289,3627 3289,3628 3290,3628 3291,3628 3291,3629 3291,3631 3292,3631 3314,3631 3316,3633 3347,3633 3349,3636 3349,3643 3342,3650 3342,3652 3341,3653 3341,3656 3339,3658 3339,3662 3339,3662 3338,3662 3337,3663 3337,3664 3337,3664 3336,3664 3334,3666 3309,3666 3308,3667 3308,3681 3308,3681 3300,3681 3299,3682 3299,3683 3298,3684 3298,3687 3297,3688 3295,3688 3290,3693 3281,3693 3280,3694 3183,3695 3182,3696 2685,3697 2684,3697 2685,3721 2684,3722 2672,3722 2671,3720 2670,3695 2670,3695 2649,3695 2648,3695 2649,3731 2648,3732"/><TextEquiv index="0"><Unicode>roître l'image de mon Adélaïde con-</Unicode></TextEquiv><TextEquiv index="1"><Unicode>roître l'image de mon Adélaide con-</Unicode></TextEquiv></TextLine><TextLine id="l23"><Coords points="1323,3894 1321,3892 1320,3892 1319,3891 1318,3891 1318,3890 1318,3853 1317,3853 1150,3853 1149,3852 1149,3850 1147,3848 991,3848 990,3847 962,3848 962,3847 962,3846 961,3846 957,3846 955,3844 952,3844 951,3843 945,3843 945,3842 945,3838 943,3837 941,3837 941,3836 941,3834 940,3833 940,3831 938,3829 938,3827 937,3827 936,3827 936,3826 936,3822 933,3820 931,3820 931,3819 933,3817 933,3812 935,3810 935,3801 936,3800 936,3798 936,3798 937,3798 938,3797 938,3793 941,3790 941,3788 943,3786 944,3786 945,3785 945,3783 948,3780 948,3779 948,3779 949,3779 950,3778 950,3777 950,3777 951,3777 952,3776 957,3776 959,3774 959,3772 962,3769 962,3760 962,3760 973,3760 974,3759 974,3735 978,3731 992,3730 993,3729 997,3729 998,3729 998,3725 998,3724 999,3724 1000,3724 1000,3723 1000,3722 1002,3722 1005,3725 1005,3733 1005,3733 2435,3730 2436,3729 2443,3729 2446,3726 2458,3726 2460,3724 2466,3724 2467,3725 2467,3726 2467,3726 2468,3726 2470,3728 2470,3732 2470,3732 3126,3731 3127,3731 3127,3733 3127,3734 3128,3734 3129,3734 3129,3769 3129,3770 3222,3770 3224,3772 3227,3772 3228,3773 3319,3772 3320,3773 3320,3774 3321,3775 3325,3775 3331,3781 3333,3781 3334,3782 3334,3784 3335,3785 3335,3792 3337,3794 3337,3796 3337,3796 3339,3796 3340,3797 3340,3801 3340,3801 3341,3801 3342,3802 3342,3810 3342,3810 3343,3810 3344,3811 3344,3818 3342,3820 3342,3839 3340,3841 3340,3843 3339,3844 3339,3846 3338,3846 3337,3846 3337,3847 3337,3848 3336,3848 3177,3849 3177,3849 3177,3872 3175,3874 2810,3875 2810,3875 2810,3887 2809,3888 2795,3888 2795,3887 2795,3884 2794,3884 1824,3886 1824,3886 1824,3888 1824,3889 1826,3889 1827,3889 1826,3890 1340,3891 1340,3891 1340,3892 1338,3894"/><TextEquiv index="0"><Unicode>duite par celle du Guichetier. Le bon</Unicode></TextEquiv><TextEquiv index="1"><Unicode>duite par celle du Cuichetier. Le bon</Unicode></TextEquiv></TextLine><TextLine id="l24"><Coords points="2637,4043 2636,4042 2636,4006 2636,4006 2012,4007 2011,4008 1180,4010 1179,4011 1179,4031 1177,4033 1177,4035 1175,4037 1175,4039 1175,4039 1173,4039 1170,4042 1170,4044 1170,4044 1164,4044 1163,4045 1163,4046 1163,4046 1153,4046 1149,4043 1149,4040 1149,4039 992,4039 991,4038 960,4039 958,4037 956,4037 955,4036 955,4035 955,4035 949,4035 948,4034 943,4034 941,4032 941,4030 936,4025 936,4022 935,4021 935,4009 937,4008 938,4008 938,4007 938,4004 939,4004 940,4004 940,4003 940,3984 943,3981 943,3948 947,3944 947,3941 948,3941 950,3941 950,3940 950,3936 952,3935 953,3935 953,3934 953,3933 956,3930 964,3930 965,3929 994,3928 995,3928 995,3916 995,3915 1392,3915 1394,3913 1394,3910 1397,3907 1397,3905 1399,3903 1399,3901 1401,3899 1403,3899 1404,3898 1404,3896 1404,3896 1405,3896 1406,3895 1406,3894 1406,3894 1410,3894 1411,3893 1411,3889 1411,3889 1412,3889 1413,3888 1413,3884 1413,3884 1417,3884 1418,3884 1418,3888 1418,3889 1439,3889 1440,3890 1625,3889 1626,3890 1826,3890 1827,3891 1828,3891 1829,3892 2794,3890 2795,3889 2795,3888 2795,3888 2810,3888 2811,3889 2813,3889 2814,3890 2916,3889 2918,3891 3190,3891 3191,3892 3192,3892 3194,3894 3196,3894 3198,3895 3198,3898 3199,3899 3199,3928 3199,3929 3238,3929 3239,3930 3256,3930 3260,3933 3260,3934 3261,3935 3262,3935 3263,3936 3263,3941 3265,3943 3265,3986 3265,3987 3264,3987 3263,3987 3263,3991 3263,3992 3261,3992 3260,3992 3260,3994 3258,3997 3256,3997 3253,3999 3253,4001 3252,4003 3197,4003 3196,4003 3196,4005 3196,4006 3190,4006 3189,4006 3189,4007 3189,4008 2922,4008 2919,4011 2919,4023 2916,4026 2916,4028 2916,4028 2914,4028 2912,4030 2912,4032 2910,4034 2897,4034 2893,4031 2893,4026 2894,4025 2895,4025 2895,4025 2895,4006 2895,4005 2648,4006 2647,4006 2647,4042 2647,4043"/><TextEquiv index="0"><Unicode>garçon ſembloit lui montrer où j'étois</Unicode></TextEquiv><TextEquiv index="1"><Unicode>garçon ſembloit lui montrer où j'étois</Unicode></TextEquiv></TextLine><TextLine id="l25"><Coords points="1421,4207 1420,4206 1415,4206 1413,4204 1406,4204 1406,4203 1406,4202 1405,4202 1404,4202 1404,4201 1404,4163 1403,4163 960,4164 959,4163 953,4163 951,4161 951,4159 950,4158 950,4157 950,4157 948,4157 947,4156 947,4155 945,4153 945,4151 943,4149 943,4142 941,4140 941,4137 940,4136 940,4121 943,4118 943,4116 944,4116 945,4116 945,4115 945,4114 946,4114 947,4114 948,4112 948,4111 949,4111 950,4111 950,4110 950,4080 951,4080 952,4080 952,4079 952,4075 953,4074 953,4072 959,4066 959,4064 960,4064 964,4064 967,4061 969,4061 969,4060 969,4059 970,4059 1118,4058 1120,4056 1122,4056 1122,4056 1122,4055 1123,4054 1130,4054 1133,4051 1800,4050 1801,4049 1803,4049 1803,4048 1803,4047 1804,4047 1805,4047 1806,4046 1807,4046 1809,4044 2118,4043 2119,4042 2119,4040 2120,4039 2133,4039 2133,4039 2133,4041 2134,4042 2135,4042 2136,4043 3267,4041 3267,4040 3267,4039 3268,4039 3282,4038 3283,4039 3289,4039 3291,4042 3291,4044 3292,4045 3292,4087 3293,4087 3313,4087 3314,4088 3319,4088 3321,4090 3328,4090 3330,4093 3330,4095 3331,4095 3335,4095 3335,4096 3335,4098 3339,4101 3340,4101 3341,4102 3342,4102 3342,4103 3342,4106 3342,4106 3341,4106 3340,4107 3340,4135 3340,4135 3338,4135 3337,4136 3337,4137 3337,4137 3336,4137 3335,4138 3335,4142 3334,4143 3334,4146 3332,4148 3332,4150 3330,4152 3328,4152 3327,4153 3327,4154 3324,4157 3322,4157 3320,4159 3318,4159 3318,4160 3318,4161 3317,4161 3315,4161 3313,4163 2852,4164 2852,4165 2852,4193 2851,4193 2834,4193 2832,4195 2825,4195 2825,4195 2825,4194 2823,4192 2819,4193 2819,4192 2819,4165 2818,4165 1576,4167 1576,4168 1576,4198 1573,4200 1518,4200 1518,4201 1518,4203 1516,4204 1436,4205 1435,4206 1431,4206 1430,4207"/><TextEquiv index="0"><Unicode>&amp; lui apprendre où il falloit qu'elle ſe</Unicode></TextEquiv><TextEquiv index="1"><Unicode>&amp; lui apprendre où il falloit qu'elle ſe</Unicode></TextEquiv></TextLine><TextLine id="l26"><Coords points="1380,4364 1380,4363 1380,4362 1379,4362 1375,4362 1373,4360 1370,4360 1370,4359 1370,4319 1369,4319 1275,4319 1275,4318 1275,4317 1274,4317 1208,4317 1208,4318 1208,4355 1203,4359 1198,4359 1198,4359 1198,4356 1197,4355 1148,4355 1148,4355 1148,4327 1147,4326 1124,4326 1124,4326 1124,4320 1123,4319 1100,4319 1098,4317 989,4317 988,4318 976,4319 976,4319 976,4352 971,4357 954,4357 950,4352 950,4266 945,4262 943,4262 941,4259 941,4251 943,4249 943,4247 945,4245 952,4245 957,4240 959,4240 961,4238 963,4238 964,4237 964,4230 964,4230 1025,4229 1026,4229 1026,4215 1027,4214 1027,4212 1027,4211 1028,4211 1029,4211 1029,4210 1029,4209 1035,4209 1036,4209 1036,4208 1036,4207 1037,4207 1039,4205 1042,4205 1043,4204 1045,4204 1046,4205 1046,4207 1046,4207 1047,4207 1048,4208 1048,4209 1048,4209 1049,4209 1050,4210 1050,4212 1052,4214 1052,4235 1052,4235 1196,4235 1198,4234 1198,4231 1199,4230 1199,4222 1199,4221 1200,4221 1201,4221 1201,4217 1203,4215 1203,4212 1205,4210 1205,4208 1206,4207 1206,4205 1206,4204 1207,4204 1208,4204 1208,4203 1208,4202 1209,4202 1210,4202 1210,4201 1210,4200 1219,4200 1220,4200 1220,4201 1220,4202 1221,4202 1222,4202 1222,4203 1222,4204 1228,4204 1229,4204 1229,4218 1230,4219 1230,4223 1232,4225 1232,4228 1236,4232 1236,4234 1236,4235 1283,4235 1284,4235 1284,4239 1285,4240 1285,4244 1285,4245 1472,4244 1473,4244 1473,4243 1476,4240 1476,4238 1477,4236 1480,4236 1481,4237 1481,4245 1481,4245 1578,4245 1579,4246 1579,4247 1579,4247 1804,4247 1805,4246 1805,4245 1805,4245 1888,4245 1889,4246 1972,4245 1973,4245 1973,4236 1973,4235 1976,4235 1977,4235 1977,4210 1977,4209 1981,4209 1982,4209 1982,4208 1982,4207 1984,4207 1986,4205 1998,4205 1999,4204 2005,4204 2006,4205 2006,4240 2006,4240 2146,4240 2147,4239 2147,4237 2149,4235 2160,4235 2161,4236 2162,4236 2164,4238 2165,4238 2166,4238 2166,4239 2166,4240 2168,4240 2170,4242 2173,4242 2174,4243 2175,4243 2176,4243 2176,4244 2176,4245 2290,4245 2291,4244 2291,4235 2291,4235 2292,4235 2293,4234 2293,4232 2295,4230 2295,4219 2295,4219 2296,4219 2297,4218 2297,4217 2298,4216 2298,4214 2298,4214 2301,4214 2302,4213 2302,4211 2304,4209 2306,4209 2307,4208 2307,4207 2307,4207 2308,4207 2309,4206 2309,4205 2310,4204 2319,4204 2321,4202 2347,4202 2348,4201 2348,4199 2348,4199 2352,4199 2353,4198 2353,4197 2353,4197 2357,4197 2359,4195 2364,4194 2366,4192 2369,4192 2370,4192 2370,4190 2371,4188 2374,4188 2376,4190 2376,4193 2376,4193 2377,4193 2379,4195 2379,4197 2379,4197 2380,4197 2381,4198 2381,4199 2381,4199 2383,4199 2384,4200 2384,4245 2384,4245 2404,4245 2405,4246 2405,4247 2405,4247 2406,4247 2407,4248 2408,4249 2408,4250 2408,4250 2412,4250 2414,4252 2414,4254 2415,4255 2509,4255 2510,4255 2510,4217 2513,4214 2513,4212 2515,4209 2517,4209 2521,4205 2523,4205 2524,4204 2538,4204 2539,4205 2565,4205 2567,4207 2569,4207 2570,4208 2570,4209 2570,4209 2572,4209 2575,4212 2575,4214 2575,4214 2576,4214 2577,4215 2577,4223 2577,4223 2578,4223 2579,4224 2579,4240 2579,4240 2691,4240 2692,4239 2692,4238 2692,4238 2753,4238 2754,4237 2754,4235 2754,4235 2758,4235 2759,4235 2759,4239 2759,4240 2770,4240 2772,4242 2774,4242 2775,4243 2796,4243 2797,4244 2840,4243 2842,4245 3016,4245 3018,4243 3026,4243 3028,4245 3155,4245 3157,4243 3161,4243 3162,4242 3178,4242 3179,4243 3183,4243 3184,4243 3184,4244 3184,4245 3222,4245 3223,4244 3223,4212 3225,4210 3225,4206 3227,4204 3238,4204 3239,4204 3239,4206 3242,4209 3242,4212 3244,4214 3244,4244 3244,4245 3281,4244 3282,4245 3308,4245 3311,4248 3311,4281 3311,4281 3332,4281 3336,4285 3351,4285 3353,4287 3353,4289 3351,4290 3346,4290 3346,4291 3346,4296 3342,4300 3342,4302 3341,4302 3340,4302 3340,4303 3340,4307 3339,4307 3337,4307 3337,4308 3337,4309 3336,4309 3334,4309 3333,4310 3331,4310 3329,4312 3286,4312 3283,4315 3239,4316 3238,4317 3179,4317 3179,4317 3179,4318 3178,4319 3091,4319 3091,4318 3091,4317 3090,4317 2754,4318 2754,4318 2754,4356 2753,4357 2734,4357 2732,4355 2653,4355 2651,4353 2649,4353 2649,4352 2649,4312 2648,4312 2541,4312 2537,4316 2524,4316 2523,4317 2513,4317 2512,4316 2509,4316 2508,4315 2409,4315 2407,4317 2398,4317 2398,4318 2398,4319 2395,4321 2390,4321 2388,4319 2386,4319 2386,4319 2386,4318 2385,4317 2377,4317 2375,4315 2240,4316 2239,4317 2159,4317 2159,4317 2159,4354 2158,4355 2154,4355 2154,4355 2154,4356 2153,4357 2150,4357 2150,4357 2150,4358 2149,4359 2137,4359 2137,4358 2137,4357 2136,4357 2135,4357 2135,4356 2135,4354 2133,4353 2133,4320 2132,4319 1999,4319 1999,4320 1999,4327 1997,4329 1997,4341 1996,4342 1996,4346 1993,4348 1991,4348 1986,4353 1978,4353 1977,4352 1975,4352 1975,4352 1975,4351 1974,4350 1973,4350 1973,4350 1973,4321 1972,4320 1874,4321 1872,4319 1869,4319 1867,4317 1751,4317 1751,4317 1751,4352 1750,4353 1749,4353 1747,4355 1727,4355 1727,4354 1727,4353 1726,4352 1726,4319 1725,4319 1616,4319 1614,4317 1490,4317 1490,4318 1490,4322 1489,4322 1397,4323 1397,4323 1397,4357 1394,4360 1394,4361 1393,4362 1387,4362 1385,4364"/><TextEquiv index="0"><Unicode>plaçât pour que je puſſe l'appercevoir.</Unicode></TextEquiv><TextEquiv index="1"><Unicode>plaçât pour que je puſſe l'appercevoir.</Unicode></TextEquiv></TextLine><TextLine id="l27"><Coords points="2666,4515 2665,4514 2665,4506 2665,4506 1756,4508 1755,4507 1755,4495 1755,4495 1477,4495 1476,4494 1215,4495 1213,4493 877,4494 876,4493 876,4491 877,4491 1070,4490 1070,4490 1070,4475 1070,4474 1023,4474 1022,4474 1022,4473 1022,4472 994,4472 993,4471 939,4472 938,4471 938,4467 936,4465 936,4416 936,4366 938,4364 1247,4363 1248,4362 1250,4362 1251,4361 1251,4360 1251,4360 1774,4359 1775,4358 1794,4358 1795,4359 3286,4355 3288,4353 3296,4353 3299,4356 3299,4357 3299,4357 3305,4357 3306,4358 3311,4358 3313,4360 3313,4420 3314,4420 3321,4420 3322,4422 3322,4424 3323,4424 3340,4424 3342,4427 3342,4436 3340,4438 3340,4439 3339,4440 3339,4441 3339,4441 3333,4441 3332,4442 3332,4443 3332,4443 3292,4443 3291,4444 3291,4465 3291,4465 3290,4465 3289,4466 3289,4472 3289,4472 3274,4473 3273,4474 3145,4474 3144,4474 3144,4511 3143,4513 2676,4514 2675,4515"/><TextEquiv index="0"><Unicode>Elle fit mille ſalutations tendres &amp; paſ-</Unicode></TextEquiv><TextEquiv index="1"><Unicode>Elle fit mille ſalutations tendres &amp; paſ-</Unicode></TextEquiv></TextLine><TextLine id="l28"><Coords points="1731,4677 1731,4676 1731,4671 1730,4671 1636,4671 1635,4670 1628,4670 1626,4668 1623,4668 1621,4666 1621,4661 1620,4660 1392,4661 1392,4661 1392,4669 1391,4670 1389,4670 1389,4669 1389,4654 1388,4654 1335,4654 1335,4653 1335,4639 1334,4639 1126,4639 1126,4640 1126,4646 1124,4648 1124,4668 1123,4668 1053,4668 1053,4669 1053,4670 1052,4670 1041,4670 1041,4670 1041,4656 1040,4655 979,4656 979,4655 979,4629 978,4629 937,4629 935,4627 933,4627 933,4626 932,4618 932,4618 922,4618 921,4617 921,4616 922,4616 931,4616 931,4615 931,4562 934,4560 939,4560 941,4558 943,4558 943,4557 943,4545 945,4543 945,4534 947,4532 947,4529 950,4526 950,4524 952,4522 952,4520 955,4518 957,4518 957,4517 957,4515 963,4510 965,4510 967,4508 976,4508 976,4507 976,4506 977,4506 987,4506 989,4507 992,4507 993,4508 998,4508 998,4509 998,4510 999,4510 1000,4510 1003,4513 1005,4513 1005,4514 1005,4518 1007,4520 1007,4548 1008,4548 1208,4548 1208,4548 1208,4542 1209,4541 1265,4541 1265,4540 1265,4539 1266,4539 1268,4539 1268,4538 1268,4536 1276,4529 1280,4529 1280,4528 1280,4527 1281,4527 1282,4527 1282,4526 1282,4525 1283,4525 1284,4525 1285,4524 1292,4524 1292,4524 1292,4527 1294,4529 1294,4548 1295,4549 1402,4549 1402,4549 1402,4553 1403,4554 1417,4554 1418,4555 1418,4563 1419,4564 1638,4563 1638,4563 1638,4561 1639,4560 1660,4560 1660,4560 1660,4556 1662,4554 1744,4554 1744,4553 1744,4530 1746,4528 1746,4526 1749,4524 1751,4524 1753,4522 1755,4522 1755,4521 1755,4520 1756,4520 1904,4520 1906,4517 1911,4517 1913,4515 1928,4515 1930,4517 1937,4517 1938,4518 1940,4518 1942,4521 1942,4551 1943,4551 1952,4551 1953,4553 1953,4554 1954,4554 2209,4554 2209,4553 2209,4537 2210,4537 2211,4537 2212,4535 2212,4534 2213,4534 2219,4534 2219,4533 2219,4517 2220,4517 2221,4517 2221,4516 2221,4513 2222,4513 2239,4513 2240,4514 2240,4516 2243,4519 2243,4531 2244,4532 2298,4532 2298,4532 2298,4533 2299,4534 2362,4534 2362,4534 2362,4544 2363,4545 2442,4544 2443,4546 2443,4548 2447,4551 2460,4551 2460,4552 2460,4554 2461,4554 2661,4554 2661,4553 2661,4524 2663,4522 2663,4519 2665,4518 2800,4518 2800,4517 2800,4516 2804,4513 2806,4513 2807,4512 2819,4512 2820,4513 2821,4513 2821,4513 2821,4515 2822,4515 3022,4515 3024,4513 3026,4513 3027,4512 3050,4512 3051,4513 3056,4513 3058,4515 3058,4517 3059,4518 3137,4518 3139,4520 3139,4538 3140,4539 3230,4539 3230,4539 3230,4544 3231,4545 3326,4544 3327,4546 3327,4551 3328,4551 3350,4551 3352,4554 3352,4555 3354,4557 3354,4558 3354,4558 3352,4558 3349,4561 3349,4566 3347,4568 3347,4613 3346,4614 3347,4622 3346,4623 3346,4625 3345,4625 3344,4625 3344,4626 3344,4627 3343,4627 3342,4627 3340,4629 3337,4629 3336,4630 3328,4630 3327,4629 3319,4629 3317,4627 3112,4628 3112,4628 3112,4629 3111,4630 2928,4630 2928,4631 2928,4632 2927,4632 2904,4632 2904,4633 2904,4635 2902,4636 2901,4636 2900,4635 2900,4630 2899,4629 2515,4630 2515,4631 2515,4632 2514,4632 2507,4632 2505,4634 2498,4634 2498,4634 2498,4633 2497,4632 2489,4632 2488,4631 2288,4632 2288,4631 2288,4630 2287,4630 2044,4630 2044,4631 2044,4632 2043,4632 1773,4633 1772,4634 1747,4634 1747,4634 1747,4676 1746,4677"/><TextEquiv index="0"><Unicode>ſionnées, qui ſans doute s'adreſfoient</Unicode></TextEquiv><TextEquiv index="1"><Unicode>ſionnées, qui ſans doute s'adreſfoient</Unicode></TextEquiv></TextLine><TextLine id="l29"><Coords points="1631,4835 1631,4835 1631,4829 1630,4828 1352,4829 1351,4830 1346,4830 1346,4829 1346,4790 1345,4790 1060,4790 1060,4791 1060,4823 1059,4823 1050,4823 1050,4824 1050,4826 1049,4826 1048,4826 1047,4827 1024,4827 1024,4827 1024,4785 1023,4784 952,4785 949,4782 944,4782 938,4775 938,4773 937,4773 936,4773 936,4772 936,4771 935,4770 935,4769 933,4767 933,4765 931,4763 931,4723 931,4723 932,4723 933,4722 933,4720 936,4717 936,4715 937,4714 939,4714 940,4713 940,4675 945,4670 945,4668 945,4668 947,4668 949,4666 952,4666 953,4665 959,4665 960,4666 966,4666 967,4666 967,4667 967,4668 968,4668 969,4668 969,4670 969,4671 1052,4670 1053,4671 1053,4673 1053,4673 1269,4673 1270,4673 1270,4674 1270,4675 1389,4675 1391,4677 1393,4677 1394,4678 1409,4678 1411,4679 1411,4713 1411,4714 1437,4714 1438,4715 1716,4714 1717,4713 1717,4704 1717,4704 1718,4704 1719,4703 1719,4699 1720,4698 1720,4695 1724,4691 1724,4689 1724,4689 1726,4689 1727,4688 1727,4684 1729,4682 1729,4679 1731,4677 1923,4676 1924,4675 1938,4675 1939,4675 1939,4674 1939,4673 2256,4673 2257,4674 2521,4673 2522,4674 2522,4675 2522,4675 2703,4675 2705,4677 2707,4677 2708,4678 2709,4678 2711,4679 2711,4710 2711,4711 2939,4710 2940,4710 2940,4685 2941,4684 2941,4682 2944,4678 2947,4678 2948,4677 2949,4677 2950,4677 2950,4676 2950,4675 2952,4675 2954,4673 2964,4673 2967,4676 2967,4678 2967,4678 3198,4678 3199,4678 3199,4689 3201,4691 3201,4704 3201,4705 3355,4704 3356,4705 3356,4708 3356,4708 3357,4708 3358,4709 3358,4750 3356,4752 3356,4756 3355,4756 3354,4756 3354,4757 3354,4759 3353,4759 3349,4759 3349,4760 3349,4763 3348,4763 3347,4763 3347,4764 3347,4768 3346,4769 3346,4771 3345,4771 3344,4771 3344,4772 3344,4773 3343,4773 3342,4773 3342,4774 3342,4776 3341,4776 3339,4776 3339,4777 3339,4778 3338,4778 3337,4778 3337,4779 3337,4781 3335,4782 3270,4783 3270,4783 3270,4784 3269,4785 3244,4785 3244,4785 3244,4786 3243,4787 3182,4787 3182,4787 3182,4829 3181,4830 3158,4830 3157,4831 3100,4831 3100,4830 3100,4828 3099,4828 3098,4828 3098,4827 3098,4825 3097,4825 3095,4825 3095,4824 3095,4787 3094,4787 2774,4788 2772,4790 2768,4790 2768,4790 2768,4791 2767,4792 2761,4792 2761,4791 2761,4790 2760,4790 2410,4790 2410,4791 2410,4795 2409,4795 2407,4795 2407,4795 2407,4788 2406,4787 2131,4788 2129,4790 1818,4791 1817,4792 1776,4792 1776,4792 1776,4823 1774,4825 1638,4825 1638,4826 1638,4835 1637,4835"/><TextEquiv index="0"><Unicode>à moi. Je goûtois la ſatisfaction la plus</Unicode></TextEquiv><TextEquiv index="1"><Unicode>à moi. Je goûtois la ſatisfaction la plus</Unicode></TextEquiv></TextLine><TextLine id="l30"><Coords points="1366,4971 1364,4969 1360,4969 1359,4968 1359,4967 1359,4967 1352,4967 1351,4966 1351,4957 1351,4957 1311,4957 1309,4955 1307,4955 1306,4954 1306,4952 1306,4952 1096,4952 1094,4954 1092,4954 1091,4955 1085,4955 1084,4955 1084,4953 1082,4951 1082,4948 1082,4947 1036,4947 1035,4946 967,4947 964,4944 964,4935 962,4933 962,4930 960,4928 960,4923 957,4920 957,4919 957,4919 956,4919 955,4918 955,4916 953,4914 953,4911 953,4911 952,4911 950,4909 950,4906 948,4904 948,4900 947,4899 947,4896 945,4894 945,4890 945,4890 943,4890 941,4888 941,4885 941,4885 934,4885 933,4884 933,4883 933,4883 932,4883 931,4882 931,4880 929,4878 929,4865 931,4864 962,4864 962,4863 962,4859 963,4859 971,4859 971,4858 971,4854 972,4854 1019,4853 1019,4853 1019,4833 1021,4831 1021,4829 1021,4828 1023,4828 1024,4827 1047,4827 1048,4828 1048,4859 1049,4859 1306,4859 1306,4858 1306,4835 1308,4833 1377,4833 1378,4833 1378,4834 1378,4835 1379,4835 1382,4838 1384,4838 1385,4838 1385,4841 1385,4842 1386,4842 1387,4842 1387,4844 1389,4846 1389,4872 1390,4873 1621,4872 1621,4872 1621,4839 1621,4838 1623,4838 1624,4837 1626,4837 1628,4835 1639,4835 1640,4836 1640,4838 1640,4838 1642,4838 1643,4839 1643,4840 1643,4840 1680,4840 1681,4840 1681,4868 1682,4869 1851,4869 1852,4870 2168,4869 2170,4867 2178,4867 2178,4866 2178,4861 2180,4859 2180,4857 2181,4856 2181,4854 2182,4854 2183,4854 2183,4853 2183,4849 2185,4847 2185,4844 2186,4843 2186,4839 2188,4837 2188,4834 2192,4830 2192,4828 2192,4828 2314,4828 2316,4826 2321,4826 2323,4828 2328,4828 2329,4828 2329,4833 2329,4834 2603,4833 2605,4831 2607,4831 2608,4830 2610,4830 2611,4829 2611,4828 2611,4828 2827,4827 2828,4826 2840,4826 2842,4828 2844,4828 2846,4830 2847,4831 2847,4833 2847,4833 3147,4833 3148,4832 3148,4831 3148,4831 3149,4831 3150,4831 3150,4853 3151,4854 3162,4854 3162,4854 3162,4859 3163,4860 3358,4859 3358,4860 3358,4864 3359,4864 3361,4864 3361,4865 3361,4866 3362,4866 3363,4866 3363,4867 3363,4897 3365,4899 3365,4905 3366,4906 3366,4916 3365,4917 3365,4920 3363,4922 3363,4924 3361,4926 3361,4928 3361,4928 3360,4928 3359,4929 3359,4935 3356,4938 3355,4938 3354,4939 3354,4941 3352,4943 3350,4943 3349,4944 3349,4945 3349,4945 3343,4945 3342,4946 3342,4947 3342,4947 3338,4947 3335,4950 3335,4952 3335,4952 3333,4952 3332,4951 3251,4952 3247,4948 3245,4948 3244,4947 3007,4947 3005,4945 2689,4946 2688,4947 2685,4947 2684,4948 2683,4948 2682,4948 2682,4949 2682,4950 2503,4950 2501,4952 2380,4952 2377,4955 2376,4954 2372,4954 2370,4952 2369,4952 2368,4951 2293,4952 2291,4950 2065,4950 2064,4951 2064,4952 2064,4952 1900,4953 1899,4952 1766,4952 1765,4952 1765,4963 1765,4964 1761,4964 1760,4963 1760,4952 1760,4952 1747,4952 1746,4952 1746,4968 1746,4969 1739,4969 1738,4968 1738,4952 1738,4952 1634,4952 1632,4954 1507,4954 1506,4955 1506,4956 1505,4957 1371,4958 1370,4958 1370,4968 1370,4969 1369,4969 1368,4969 1368,4970 1368,4971"/><TextEquiv index="0"><Unicode>vive. J'avois mon Adélaïde ſous mes</Unicode></TextEquiv><TextEquiv index="1"><Unicode>vive. J'avois mon Adélaide ſous mes</Unicode></TextEquiv></TextLine><TextLine id="l31"><Coords points="2505,4994 3101,4992 3101,5111 2505,5113"/><TextEquiv index="0"><Unicode>A6</Unicode></TextEquiv><TextEquiv index="1"><Unicode>A6</Unicode></TextEquiv></TextLine><TextEquiv><Unicode/></TextEquiv></TextRegion></Page></PcGts>