4266 6032
934 274 3318 443 " ſi, par la ſuite, vous ne pourriez
943 432 3323 618 " pas avoir, par ce moyen, quelque
948 582 3325 721 " communication avec le dehors? Mais
948 737 3375 912 " en temps comme en temps. -- Ah !
945 893 3375 1068 " Monſieur, lui dis-je, je ne vois pas
950 1057 3340 1223 " comment je pourrai communiquer,
959 1214 3330 1383 " par cette invention, avec ame qui
964 1361 3339 1531 " vive. -- Je ne le vois pas bien clai-
969 1521 3342 1692 " rement non plus, me répondit-il;
972 1675 3337 1844 " mais vous pouvez avoir plus d'eſprit
967 1830 3342 2002 " que moi, & il faut ſe méfier de cet
960 1990 3335 2159 " eſprit-là. Quoi qu'il en ſoit, vous
953 2138 3346 2316 " me paroiſſez lorgner avec plaiſir cette
957 2300 3342 2469 " jeune perſonne ".  C'étoit de mon
959 2455 3344 2620 Adélaïde qu'il parloit, car elle étoit
962 2610 3342 2778 ſous nos yeux. " Oui, lui répondis-je,
957 2764 3353 2933 " elle me paroît aimable. -- Oh ! re-
960 2919 3351 3086 " prit - il, elle eſt charmante ". Le
965 3070 3363 3203 Gouverneur dit ces mots avec un tranſ-
969 3227 3354 3399 port qui me fit le conſidérer, & qui
965 3382 3354 3554 m'inſpira preſque de la jalouſie. Il me
965 3538 3358 3709 parut épris de mon Amante. " Cela eſt
967 3698 3356 3864 " aſſez naturel, me dis - je en moi-
967 3853 3353 4014 " même, j'en conviens, mais M. le
967 4008 3359 4173 " Gouverneur peut voir de près ma Maî-
971 4162 3349 4330 " treſſe, lui parler, la ſerrer dans ſes
964 4322 3347 4477 " bras, tandis que je ſuis réduit à con-
962 4481 3346 4643 " templer ſon image. -- Il n'y a que
965 4632 3353 4799 " peu de jours que nous la poſſédons,
962 4792 3353 4983 " continua le Gouverneur; & elle a
