4266 6032
928 190 3330 391 déjà fait la conquête de toute la
928 350 3318 536 maiſon & ſans doute auſſi celle du
921 530 3308 694 Oouverneur, me dis - je en moi-
925 680 3313 853 même. C'eſt une amie intime de
928 841 3315 1003 ma femme, continua-t-il, qui lui a
921 995 3313 1158 nfait ce cadeau. On nous l'a prodi-
926 1160 3320 1328 gieuſement recommandée. Elle a reçu
928 1309 3313 1487 la plus brillante éducation. Elle ar-
929 1466 3327 1632 rive d'Italie: ce ſont des malheurs
928 1628 3330 1794 nqui l'obligent de ſervir; mais nous
892 1775 3332 1932 nſommes bien loin de la regarder
928 1934 3332 2111 comme une domeſtique. En vérité
922 2092 3335 2264 j'admire ſe pouvoir de la vertu. Cette
928 2252 3346 2419 jeune perſonne m'inſpire vraiment
927 2403 3366 2573 du reſpect. Cependant je ſoupçonne
933 2561 3327 2734 qu'elle a une inclination ſecrète, une
925 2716 3316 2892 paſſion malheureuſe qui lui fait ver-
929 2880 3327 3036 ſer des larmes . .. . Tenez, voyez,
933 3027 3327 3199 elle en répand juſtement. En effet,
922 3184 3330 3346 ma chère Adélaide pleuroit dans ce
929 3337 3316 3512 moment, & paroiſſoit plongée dans
929 3495 3325 3668 une méditation mélancolique; ce qui
931 3653 3316 3817 valoit mieux que ſi elle avoit peint,
924 3812 3320 3979 comme auparavant, dans ſes yeux, la
936 3965 3325 4134 tendreſſe & l'amour; & ſi elle y avoit
929 4125 3328 4292 mis une expreſſion qui auroit pu faire
935 4286 3327 4446 foupçonner au ouverneur quelque
936 4438 3316 4604 intelligence avec moi. Bientôt il me
924 4591 3337 4763 quitta, & me laiſſa délicieuſement
948 4751 3347 4948 abîmé dans le plaiſir de contempler
