4266 6032
922 272 3327 448 ma chère Adélaide pleurant & ſou-
931 432 3328 610 pirant pour moi. Mais, ô ma chère
929 601 3325 756 namiel me dis-je en moi-même, mon
781 752 3337 919 plaiſir eſt imparfait, il faut que tu
943 902 3339 1075 le partages. Je jouis de ta vue, il
921 1050 3342 1234 faut que tu ayes auſſi le privilége de
931 1225 3182 1391 nvoir celui que tu daignes aimer.
1088 1378 3340 1535 Alors je cherchai dans ma tête, par
769 1537 3359 1702 des méditations profondes, les moyens
933 1683 3341 1858 de faire voir mon image, hors de ma
929 1839 3341 2013 priſon, à ma chère Adélaide. Cela n'é-
929 1999 3339 2170 toit pas facile. J'avois beaucoup étu-
929 2149 3423 2328 dié la dioptrique & la catoptrique; je
924 2295 3334 2474 ſentois que c'étoit déjà un très-grand
926 2462 3337 2629 effort d'avoir amené ſous mes yeux la
947 2628 3335 2785 perſpective du dehors, à travers un
857 2778 3339 2946 ſoupirail étroit & long. Il étoit beau-
799 2921 3339 3100 coup plus difficile de ramener en de-
929 3082 3337 3251 hors le ſpectacle du dedans. Les objets
929 3229 3344 3413 éclairés ſe peignent dans un aſile obſ-
928 3392 3337 3562 cur; mais ceux qui ſont enſevelis dans
952 3545 3344 3727 un aſile obſcur ne peuvent ſe peindre
940 3713 3335 3882 dans un lieu éclairé. Je conclus de cette
929 3872 3334 4035 réflexion qu'il falloit choiſir, pour mon
926 4020 3332 4199 opération, le règne de l'ombre, où le
924 4178 3337 4357 dehors ſeroit obſcur, & ma retraite
917 4355 1545 4512 éclairée.
981 4496 3361 4661 Je parvins à détacher mes deux car-
928 4647 3328 4829 reaux de vitre, pour les ouvrir & fer-
929 4816 3339 5009 mer à volonté. Celui de dehors me
