4266 6032
962 221 3354 393 donna beaucoup de peine, parce qu'il
962 381 3347 555 étoit placé très loin de moi, & que
957 535 3346 716 je n'y pouvois atteindre qu'avec l'ex-
960 689 3351 862 trémité d'une perche aſſez longue. Maî-
957 840 3339 1006 tre de ma lucarne, je vins à bout d'ar-
962 995 3351 1170 borer, en dehors, un drapeau blanc
957 1153 3341 1334 que j'eus la précaution de n'expoſer
954 1315 3336 1489 que la nuit. J'arrangeai mes verres &
955 1469 3337 1635 mes miroirs avec beaucoup de combi-
957 1624 3320 1793 r aiſons, dont je rendrai compte dans un
957 1784 3330 1949 autre Ouvrage. Je fis inſtruire mon
931 1934 3332 2076 Adélaide de l'endroit où elle devoit ſe
952 2092 3337 2261 trouver la nuit, avec un flambeau,
947 2254 3330 2424 pour éclairer ſon viſage, & une lunette
948 2403 3332 2579 d'approche pour bien diſtinguer ce qui
947 2559 3320 2728 ſe trouveroit peint ſur le drapeau. En
929 2709 3342 2891 effet, la nuit venue, & mon Adélaîde
929 2869 3327 3049 étant à ſon poſte, par l'effet de mon op-
888 3022 3325 3202 tique, ſon image, éclairée par le flam-
945 3184 3320 3360 beau, vint fe peindre ſous mes yeux;
926 3332 3323 3510 la mienne, pareillement éclairée, ſe
945 3497 3334 3662 traça ſur l'heureux drapeau, & nous
928 3647 3311 3819 jouîmes de la vue l'un de l'autre. Ohl
893 3806 3325 3973 comme nous nous parlâmes des yeux,
924 3961 3322 4132 & combien de choſes nous ſûmes nous
933 4121 3327 4292 direl Je voyois à ſouhait mon Amante.
936 4271 3325 4445 Elle avoit planté ſon flambeau dans
922 4431 3334 4601 une eſpèce de grand chandelier, & la
927 4586 3334 4758 lunette ſur un pied mobile, de ſorte
934 4745 3330 4931 qu'elle avoit les mains libres. Je pro-
