4266 6032
941 279 3341 457 fitai de cette circonſtance; je lui fis ces
950 448 3347 618 ſignes qui repréſentent des lettres, &
953 601 3339 773 avec leſquels on peut ſe parler de loin.
878 761 3351 925 Nous nous étions mille fois entretenus
950 912 3342 1083 de cette manière, qui par conſéquent
967 1063 3349 1232 nous étoit très - familière. Elle me ré-
964 1225 3354 1400 pondit; & l'on ſent combien un mot
959 1383 3353 1545 dit de choſes entre Amans. J'avois le
960 1533 3353 1707 bonheur de m'entretenir, en dépit de
964 1696 3356 1863 toute la terre, avec l'idole de mon
962 1846 3353 2019 cœur. Nous fûmes obligés d'abréger
967 2002 3373 2168 notre délicieuſe converſation, de peur
969 2159 3354 2331 d'être apperçus. Nous nous donnâmes
962 2315 3358 2488 rendez - vous pour le lendemain à pa-
934 2470 3358 2635 reille heure; & nous nous quittâmes en
964 2620 3353 2795 nous adreſſant réciproquement un bai-
969 2777 3358 2945 ſer. Je retirai mon drapeau, je fermai
943 2929 3366 3107 ma petite lucarne, & je me couchai
964 3089 3363 3263 plein de ma chère Adélaide, qui me
965 3246 3361 3430 fut preſque auſſi préſente pendant toute
974 3402 3356 3571 la nuit, que ſi je l'avois réellement
977 3562 2549 3719 tenue dans mes bras.
1115 3683 3356 3865 On me demandera comment j'avois
972 3867 3375 4044 pu me concerter avec mon Amante,
976 4012 3363 4198 pour lui faire ainſi partager le plaiſir de
969 4173 3361 4357 ces ſinguliers entretiens. Je répondrai
973 4340 3356 4509 que je l'avois fait prévenir par mon
967 4484 3363 4666 Cuichetier. Ce gros garçon s'intéreſſoit
964 4644 3358 4813 à moi: mais il étoit vraiment honnête.
953 4788 3354 4979 Où la vertu va-t-elle ſe loger? Il ne
