4266 6032
924 278 3327 454 vouloit pas ſe charger de remettre à
922 450 3330 610 mon Adélaide la moindre lettre, ni le
928 606 3315 766 moindre effet venant de ma part. Je
919 761 3402 927 ne le puis en conſcience, me diſoit-
931 924 3327 1082 il; je dois remettre au Couverneur
929 1076 3411 1238 tout ce qui vient de vous; & vous
926 1230 3335 1390 gâteriez tout ſi vous vouliez mettre
928 1388 3328 1545 ce brave Seigneur dans votre confi-
922 1547 3323 1708 ndence. Je fais même beaucoup plus
924 1701 3351 1865 que je ne dois, en rapportant de
924 1860 3318 2030 nvive voix quelques mots de votre
938 2014 3320 2171 part à votre jolie Maîtreſſe. C'é-
931 2169 3323 2331 toit donc verbalement que ce ſcrupu-
922 2324 3323 2489 leux Ceolier lui portoit mes meſſages.
924 2477 3404 2642 Pour procurer une lunette d'approche
922 2634 3325 2801 à ma chère correſpondante, je fus obligé
902 2787 3318 2954 d'en faire préfent à l'honnête commiſ-
926 2937 3323 3146 ſionnaire, en lui faiſant promettre qu'il
929 3103 3339 3264 voudroit bien la prêter à mon Amante.
914 3255 3316 3421 Il y conſentit, en me diſant: C'eſt
914 3413 3325 3582 mon bien, je puis en diſpoſer, je
928 3573 2830 3736 npuis prêter ma lunette.
1029 3717 3323 3888 C'eſt ainſi que je continuai de jouir
904 3879 3327 4043 tous les ſoirs de la converſation de ma
929 4030 3311 4199 chère Adélaide. A l'heure du rendez-vous
893 4195 3330 4362 nous touſſions réciproquement, pour
933 4346 3334 4518 nous donner le ſignal, avec un bruit
916 4501 3339 4672 inſenſible, que l'oreille ſeule des Amans
933 4663 3332 4831 pouvoit entendre. Nous vînmes à bout
940 4821 3332 5015 de nous faire une langue de ſignes li
