4266 6032
972 317 3380 496 abrégée, que nous nous expliquions,
988 487 3384 653 avec cette reſſource, auſſi promptement
981 642 3383 814 qu'avec la parole. Ohl quelles ſoirées
974 793 3380 986 délicieuſes nous paſſions enſemble, unis
974 948 1789 1113 & ſéparésl
960 1083 3373 1273 Adélaide m'apprit qu'elle avoit ci-
959 1261 3373 1429 devant tout arrangé pour notre ma-
965 1423 3371 1586 riage, avec la Princeſſe Cémelli; qu'elle
967 1578 3373 1745 m'avoit attendu en Italie pour le con-
962 1736 3371 1901 clure; que ne me voyant point arri-
964 1896 3366 2033 ver, elle avoit cru devoir venir en
953 2045 3366 2360 peaiae,s uea ſen amsie eie aount
953 2360 3361 2520 appris ma détention avec la plus vive
948 2511 3358 2676 douleur; qu'elle avoit ſur le champ ré-
864 2654 3356 2832 ſolu de s'introduire dans ma priſon;
945 2823 3358 2976 que pour en venir à bout, elle s'étoit
921 2969 3353 3139 fait recommander chaudement à la Baſ-
943 3127 3349 3289 tille par la Marquiſe de, à laquelle
871 3284 3346 3446 notre chère Princeſſe émelli l'avoit
945 3435 3346 3607 adreſſée; que, par l'entremiſe de cette
924 3590 3337 3758 dame, elle étoit entrée en qualité de
931 3746 3335 3908 Femme de chambre chez l'épouſe du
902 3903 3330 4076 Oouverneur du malheureux Château,
929 4063 3325 4233 avec l'unique but de chercher à y voir
861 4209 2083 4360 ſon tendre Amant.
914 4376 3311 4538 Je fus enchanté de l'amour que me
914 4529 3301 4696 témoignoit Adélaîde; j'appris avec ra-
907 4653 3308 4856 viſſement qu'il n'y avoit plus d'obſta-
898 4841 3299 5040 cles à notre mariage; que dis-je, plus
