4266 6032
879 247 3308 421 barbouillée, enfumée, déguiſée,
909 405 3315 577 comme vous avez vu; je me ſuis
914 542 3315 737 préſentée à la Baſtille, avec une
916 726 3318 891 nlettre de ma part. On n'a pas eu
917 881 3322 1049 nl'eſprit de me reconnoître, quoiqu'on
920 1036 3323 1205 ne m'eût pas reçue les yeux fermés,
859 1189 3322 1361 ncomme je l'avois preſcrit. Votre Pâté
928 1349 3330 1511 neſt en route; il va bientôt arriver
879 1500 3335 1676 dans ſon pays. Il ne tardera pas à
928 1652 3334 1828 voir que les morts que j'ai tués ſe
924 1816 3332 1989 portent fort bien; mais je ſaurai lui
933 1968 3337 2142 ſuſciter des obſtacles qui l'empêche-
931 2137 3342 2298 ront de revenir plutôt que nous ne
935 2284 3337 2459 nvoudrons; d'ailleurs, il ne ſera pas
934 2439 3344 2606 fâché lui - même de profiter de ſon
948 2599 3349 2764 congé. Pendant ſon abſence, nous
934 2747 3356 2924 aurons le temps de faire connoiſſance
935 2909 3356 3085 enfemble, mon cher ami, & de nous
945 3062 3349 3242 connoître même autant qu'on peut ſe
873 3233 3406 3396 connoître. Ces mots furent accom-
941 3389 3363 3556 pagnés d'un regardauquel rien ne pou-
943 3537 3358 3713 voit réſiſter, & d'un nouvel embraſſe-
919 3693 3363 3867 ent qui fut très-vif, très-expreſſif, &
934 3860 2128 4028 des plus tendres.
943 3981 3370 4185 Je ne pus m'empêcher de partager
900 4161 3370 4345 les tranſports de la belle Marquiſe; elle
936 4323 3375 4501 étoit d'une pétulence, d'une originalité
935 4482 3375 4672 charmante. Jamais femme ne fut plus
919 4635 3394 4817 agaçante & plusdangereuſe. Je lui
929 4795 3393 4967 demandai, dans le cours de la conver-
