4266 6032
955 250 3349 423 ſation, pourquoi mon Adélaide n'avoit
948 410 3346 584 pas ſu s'introduire chez moi comme
953 573 3359 737 elle, & s'il n'y auroit pas moyen de
952 721 3337 893 me procurer ſa viſite. Ohl laiſſez là
948 881 3346 1048 votre Adélaide, me dit bruſquement
938 1041 3339 1206 la Marquiſe; c'eſt une Agnès, cela
947 1196 3337 1363 eſt fait pour la vertu. Cela aime bien
947 1353 3337 1516 tendrement, bien ſagement. Cela eſt
941 1509 3341 1674 nbridé par des préjugés que cela reſ-
945 1673 3375 1832 npecte beaucoup. J'en ai eu comme
941 1825 3337 1986 elle, moi qui vous parle: deux mois
933 1982 2969 2143 nde couvent m'en ont guérie.
1086 2133 3327 2303 Il paroiſſoit en effet que ces deux
934 2295 3328 2456 mois avoient opéré complètement.
928 2451 3328 2614 Mon Adélaide n'étoit pas faite pour
931 2604 3330 2767 être l'amie d'une telle femme. Laiſſez-
926 2759 3423 2923 nvous aimer, mon cher ami, ajouta-
929 2916 3334 3084 nt-elle; votre Adélaide a pour vous
904 3076 3322 3239 l'amour du grand genre, l'amour
893 3232 3322 3399 du Roman; j'ai des ſentimens plus
888 3389 3320 3552 nhumains. Cette femme, auſſi at-
919 3542 3325 3710 trayante que ſcandaleuſe, étoit une ſy-
912 3700 3327 3865 rène; ſes deux yeux de feu lançoient
919 3858 3401 4016 des éclairs; ſon ame combuſtible ſem-
883 4015 3318 4178 bloit briller dans ſes regards & s'élan-
840 4173 3320 4338 cer vers la mienne. C'étoit la Ducheſſe
917 4326 3318 4493 de Valamos, avec je ne ſais quoi de
916 4486 3337 4661 plus gai, de plus ſpirituel, & de plus
910 4647 3327 4811 ſémillant. Eeureuſement elle ne pou-
919 4802 3330 4971 voit faire avec moi une longue ſéance,
3082 4960 3341 5116 de
