4266 6032
862 267 3275 474 de peur d'être ſurpriſe. Elle reprit ſon
886 451 3287 630 enveloppe de Cuichetier, & me quitta
895 606 3289 775 en me donnant le baiſer le plus tendre,
895 768 2573 926 & me diſant, au revoir.
926 915 3301 1091 Elle me laiſſa dans le plus grand dé-
907 1076 3316 1246 ſordre. Je m'enfermai ſur le champ dans
907 1235 3316 1405 ma chambre noire. Je ne tardai pas à
900 1390 3320 1558 y voir paroître mon Adélaide. Quelle
921 1548 3327 1719 différencel Comme l'amour eſt plus
922 1699 3318 1877 attrayant, quand il eſt honnête, quan
914 1856 3320 2033 il paroît timidement dans un œil vir-
936 2011 3373 2189 ginal, ſous la ſauve garde-de la chaſ-
931 2181 1512 2328 tetél
1082 2290 3353 2497 La Marquiſe revint les jours ſuivans,
947 2481 3325 2656 plus folle & plus paſſionnée. Elle y prit
943 2642 3327 2811 goût malgré moi. J'avoue, en rougiſ-
948 2795 3325 2964 ſant, qu'elle paroiſſoit goûter un plai-
886 2953 3334 3122 ſir ſingulier à me voir; & je confeſſe,
842 3104 3339 3287 en rougiſſant doublement, que je ne
842 3258 3344 3432 pouvois me diſpenſer de partager ſon
842 3413 3353 3584 plaiſir. Elle étoit ſi belle ... Je ne
842 3571 3358 3748 dirai pas juſqu'à quel point nous nous
843 3727 3358 3906 oubliâmes enſemble; j'en ſuis trop hon-
849 3882 3366 4058 teux. Les gens peu ſcrupuleux s'imagine-
852 4044 3370 4216 ront que je fus décidément infidèle à
854 4200 3375 4364 mon Adélaide. Les ames honnêtes au-
854 4350 3380 4536 ront peine à croire que j'aye pouſſé
857 4499 3383 4692 l'oubli de moi - même juſque-là. Quoi
864 4666 3397 4845 qu'il en ſoit, je n'eus pas, dans les
871 4821 3399 5006 bras de la Marquiſe, l'ombre d'un
874 4983 1705 5169 Tom. IIlI.
2712 4998 2957 5166 B.
