4266 6032
914 283 3323 453 une folle, quand elle voyoit, dans ma
917 443 3323 608 chambre noire, l'image d'Adélaide qui
922 603 3325 728 rêvoit amoureuſement. Ohl comme
923 757 3331 882 elle eſt bonnel diſoit cette femme
922 910 3325 1075 nſans mœurs; elle ſe contente de ſou-
928 1072 3337 1234 pirer. Elle a les honneurs de l'amour
926 1227 3330 1387 platonique; il me faut quelque choſe
922 1382 3341 1547 de plus ſubſtanciel; & mon partage
926 1536 3330 1683 eſt meilleur, ce me ſemble. Ces
929 1691 3330 1859 ſaillies, un peu ſcandaleuſes, étoient ſui-
928 1849 3334 2012 vies de démonſtrations qui annonçoient
928 2006 3337 2166 une perſonne toute différente de la pu-
934 2161 1922 2314 dique Adélaide.
1077 2312 3334 2478 Je dois cependant rendre juſtice à
928 2470 3334 2632 la Marquiſe. En lui paſſant quelque
926 2623 3337 2790 choſe de trop peu réſervé dans ſes
934 2783 3337 2942 mœurs, elle avoit d'ailleurs des vertus
936 2939 3334 3098 qui me réconcilioient avec elle. On
933 3089 3342 3253 vantoit ſa bienfaiſance. Elle ſe piquoit
929 3244 3342 3406 d'imiter Ninon de l'Enclos, & ſe van-
938 3404 3341 3597 toit, non ſans quelque fondement,
938 3554 2849 3720 d'être une honnête femme.
1089 3714 3339 3868 Un bonheur dont on rougit ne tarde
941 3872 3346 4039 pas à peſer. D'ailleurs, quel bonheur
940 4029 3344 4192 peut-on goûter dans la captivité? La
941 4188 3346 4348 mienne ſe prolongeoit trop cruellement;
947 4338 3344 4507 & le Lecteur ſûrement brûle de m'en
943 4493 3347 4665 voir ſortir, autant que je le déſirois moi-
940 4653 3351 4815 même. Je tournois toutes les reſſources
940 4797 3344 4983 de mon eſprit vers cet objet unique;
2724 4973 2977 5097 Da
