4266 6032
947 202 3354 392 Madame, ſortons, lui dit-il froide-
947 392 3351 561 nmentn. il n'y eut pas moyen de
948 535 3384 708 s'en diſpenſer. Il fallut obéir. Elle me
953 701 3378 869 lança le regard le plus tendre, & ſortit.
952 849 3347 1027 Ma porte fut refermée, & je me retrou-
919 1006 3344 1184 vai dans une priſon; car, depuis quel-
952 1163 3383 1369 ques jours, ce n'en étoit preſque plus
945 1346 1470 1440 une.
1002 1459 3370 1657 On ſent bien que mon petit Cui-
941 1624 3373 1802 cletier ne revint pas. L'ancien, le gros
940 1778 3356 1958 Pâté reparut. Il arriva poſitivement ce
936 1939 3337 2135 jour-là de ſon pays, très-fâché d'avoir
934 2090 3387 2267 fait un voyage inutile. Il entra chez
933 2253 3334 2422 moi; mais il ne parla pas. J'eus beru
931 2403 3399 2583 le queſtionner, il ne me répondit pas
866 2559 3368 2732 un mot. Il avoit ſes ordres. Ma ſoli-
910 2708 3363 2887 tude devint triſte. Je courus à ma cham-
931 2862 3332 3041 bre noire, dans l'eſpoir d'y trouver
936 3017 3328 3200 quelques conſolations; mais Adélaîde
931 3176 3332 3352 n'y parut plus. Je conçus qu'elle avoit
892 3331 3327 3507 appris ma nouvelle infidélité, & que ſon
929 3489 3327 3665 dépit contre moi s'étoit juſtement ré-
904 3648 3354 3821 veillé. Ah l m'écriai-je amèrement,
922 3793 3327 3968 nj'ai perdu mon Adélaîdel J'eus beau,
922 3956 3351 4132 les jours ſuivans, me renfermer dans
924 4111 3349 4292 ma chambre noire, cette chère perſonne
919 4266 3335 4446 ne daigna plus y reparoître. Seulement
917 4424 3323 4604 j'y voyois de temps en temps la Mar-
917 4551 3322 4764 quiſe, qui rioit comme une écervelée,
864 4733 3318 4926 ſans que ſa vue m'excitât à en faire
897 4893 1303 5019 autant.
