4266 6032
955 267 3368 434 cher.Je me levai ſubitement dès que je fus
965 424 3365 589 ſeul; je mis le mannequin dans mon lit;
950 585 3363 747 je me couvris des habillemens & du
960 737 3365 901 maſque dont je l'avois revêtu; & je
962 895 3361 1060 me jetai par terre à ſa place. Un petit
952 1050 3359 1217 fat plein de confiance dans ſes propres
955 1208 3356 1409 lumières, employé je ne ſais en quelle
950 1368 3356 1531 qualité avprès du ouverneur, fut
955 1521 3359 1686 chargé de venir examiner le manne-
957 1677 3397 1841 quin, afin de voir ſi je n'y avois point
960 1832 3353 1997 inſéré quelques lettres. Il entra d'un
950 1989 3349 2147 air dédaigneux, me vit étendu ſur le
957 2154 3346 2309 carreau, & me prenant pour ce que je
964 2303 3346 2466 voulois paroître: C'eſt donc là, dit-
962 2458 3340 2620 nil, ce fameux mannequin dont on
957 2615 3344 2802 parle tant? Il n'eſt pas très-mal fait;
885 2773 3399 2938 il imite aſſez, quoiqu'un peu gau-
895 2924 3340 3092 chement, les formes humaines. Il ſe
883 3084 3340 3247 contenta de fouiller dans mes poches,
947 3236 3337 3406 de retourner un peu mesmembres, que
948 3392 3332 3561 je laiſſai mollement à ſa diſpoſition.
948 3552 3330 3720 Bon, dit-il, cette recherche eſt inu-
928 3712 3330 3875 ntile; je ne vois pas qu'il y ait ici
928 3862 3330 4034 naucune lettre. Vous autres, vous
883 4023 3335 4190 avez toujours la manie de regarder
931 4180 3330 4347 ces priſonniers comme bien fins. Mais
934 4341 3332 4501 ncela pèſe. Vraiment, je ne croyois
931 4494 3328 4662 pas que cela fût ſi lourd.... -- Ohl
916 4649 3325 4820 oui, répartit le Cuichetier, cela pèſe
919 4806 3323 4973 nplus qu'on ne croiroit; il y a lâ-
2627 4972 2892 5129 Dl
