<?xml version="1.0" encoding="UTF-8" standalone="no"?><PcGts xmlns="http://schema.primaresearch.org/PAGE/gts/pagecontent/2017-07-15" xmlns:xsi="http://www.w3.org/2001/XMLSchema-instance" xsi:schemaLocation="http://schema.primaresearch.org/PAGE/gts/pagecontent/2017-07-15 http://schema.primaresearch.org/PAGE/gts/pagecontent/2017-07-15/pagecontent.xsd"><Metadata><Creator/><Created>2020-10-13T11:04:35</Created><LastChange>1970-01-01T00:00:00</LastChange><Comments/></Metadata><Page imageFilename="0036.png" imageHeight="6032" imageWidth="4266"><TextRegion id="r1" orientation="-0.625" type="paragraph"><Coords points="1,1 4264,1 4264,6030 1,6030"/><TextLine id="l1"><Coords points="3184,428 3183,427 3171,427 3170,427 3171,401 3170,400 2847,397 2847,397 2847,404 2846,405 2843,405 2843,405 2842,407 2842,408 2841,408 2840,408 2840,411 2840,412 2836,412 2835,412 2835,416 2835,417 2833,416 2832,417 2831,417 2830,418 2830,422 2830,422 2817,422 2816,422 2817,397 2816,396 2568,394 2568,394 2567,407 2567,408 2564,408 2563,407 2564,380 2563,380 2117,375 2117,375 2117,402 2116,403 2114,403 2113,401 2113,371 2112,371 1817,367 1815,369 1782,369 1782,370 1781,401 1781,401 1779,401 1777,403 1775,403 1774,403 1774,404 1774,405 1773,405 1772,404 1772,403 1772,403 1768,403 1766,401 1751,401 1750,400 1748,400 1748,399 1748,396 1747,396 1746,396 1746,395 1746,371 1745,371 1616,369 1614,367 1332,364 1331,363 1000,359 999,360 945,360 941,355 941,307 940,306 940,304 940,303 940,297 941,296 941,295 941,295 942,295 943,294 943,293 943,293 945,293 950,288 1035,289 1036,288 1038,288 1040,286 1042,286 1044,284 1136,285 1137,284 1145,284 1146,284 1146,275 1145,274 925,272 924,273 924,277 923,278 918,278 917,276 917,272 916,272 914,272 914,271 914,264 916,262 918,262 924,257 929,257 929,257 929,261 929,262 930,262 931,262 931,269 931,270 1238,273 1239,273 1239,253 1241,251 1241,249 1243,247 1247,247 1251,243 1263,243 1263,244 1263,246 1264,246 1344,247 1346,250 1346,252 1349,255 1349,287 1349,287 1459,288 1460,290 1529,290 1531,292 1759,295 1760,294 1760,293 1760,293 1867,294 1868,293 1868,257 1869,257 1870,257 1870,256 1870,255 1871,255 1872,255 1874,253 1879,253 1880,254 1921,255 1923,257 1968,257 1968,258 1968,262 1969,262 1970,262 1970,263 1970,267 1972,269 1972,294 1972,294 2339,298 2340,298 2340,297 2341,295 2345,295 2346,295 2346,259 2348,257 2350,257 2350,257 2350,256 2351,255 2353,255 2355,253 2357,253 2358,252 2365,252 2366,253 2368,253 2374,260 2374,270 2374,270 2419,271 2420,271 2420,283 2420,284 2443,284 2444,285 2444,299 2444,299 2693,302 2694,301 2694,286 2694,286 2701,286 2702,286 2702,269 2707,264 2926,266 2926,266 2926,264 2927,264 3058,265 3058,264 3058,263 3060,262 3065,262 3067,264 3070,264 3074,269 3074,272 3076,274 3076,278 3077,279 3077,282 3079,284 3079,296 3079,296 3243,298 3244,298 3244,307 3244,308 3321,309 3322,310 3327,310 3331,314 3333,314 3334,315 3335,315 3336,316 3337,316 3340,319 3342,319 3342,320 3342,350 3343,350 3344,350 3344,351 3344,355 3346,357 3346,358 3347,359 3347,372 3347,372 3353,372 3356,375 3356,376 3355,376 3342,376 3337,381 3335,381 3335,381 3335,383 3332,386 3329,386 3326,389 3324,389 3322,391 3320,391 3320,391 3320,395 3319,396 3312,396 3312,396 3311,426 3311,427 3190,425 3189,426 3189,428 3189,428"/><TextEquiv><Unicode/></TextEquiv><TextEquiv index="1"><Unicode>nom bizarre qu'ils me donnoient. A ces</Unicode></TextEquiv></TextLine><TextLine id="l2"><Coords points="3119,572 3119,555 3118,555 2950,553 2950,552 2950,541 2950,541 2944,541 2943,540 2943,538 2943,538 2748,536 2747,536 2747,566 2746,567 2744,567 2744,566 2744,554 2743,554 2673,553 2673,552 2673,537 2673,537 2649,536 2647,534 2585,534 2584,533 2282,529 2281,530 2229,530 2228,531 2128,530 2127,531 2009,530 2008,530 2007,530 2006,531 2004,530 2004,526 2004,525 2000,525 1999,524 1861,523 1860,523 1860,553 1858,555 1849,555 1848,556 1846,556 1846,555 1846,553 1844,551 1844,523 1844,523 1780,522 1778,524 1692,523 1691,524 1691,536 1691,536 1537,534 1536,535 1536,536 1536,536 1533,536 1531,535 1531,525 1531,524 1300,522 1299,522 1299,524 1297,526 1297,529 1297,530 1296,530 1294,532 1293,532 1292,532 1292,535 1291,536 1289,536 1287,538 1287,540 1286,541 1282,541 1280,543 1280,545 1279,546 1274,545 1273,546 1270,546 1270,546 1270,545 1269,544 1268,544 1266,542 1266,522 1266,521 1092,520 1091,520 1085,520 1084,520 1084,519 1084,518 1080,518 1078,516 943,515 940,512 941,454 942,453 944,453 945,452 945,448 945,448 950,448 952,446 973,446 975,444 978,444 979,443 1013,444 1014,443 1147,444 1149,443 1149,441 1153,437 1154,438 1162,438 1163,440 1163,442 1164,442 1355,444 1356,444 1356,415 1359,412 1361,412 1361,412 1361,411 1362,410 1363,410 1363,410 1363,408 1364,407 1366,407 1367,406 1380,407 1380,407 1380,411 1381,412 1382,412 1382,412 1382,445 1382,446 1640,448 1641,447 1735,449 1736,448 1736,439 1737,439 1739,439 1741,441 1741,446 1741,447 1915,448 1916,447 1917,448 1919,450 2105,452 2106,451 2106,415 2107,414 2107,412 2108,412 2111,412 2111,411 2111,408 2112,408 2113,408 2114,407 2126,407 2127,408 2128,408 2128,408 2128,411 2129,412 2130,412 2130,412 2130,446 2131,447 2321,449 2322,448 2360,448 2360,448 2360,422 2362,420 2362,418 2363,417 2374,417 2375,416 2379,417 2381,419 2381,421 2383,423 2383,449 2383,450 2425,450 2426,451 2426,453 2428,455 2621,457 2622,457 2622,423 2623,422 2628,422 2630,425 2630,436 2631,436 2803,438 2806,435 2806,433 2807,432 2809,432 2809,432 2809,428 2810,427 2814,427 2816,425 2816,423 2817,422 2825,422 2825,423 2825,425 2826,426 2826,437 2827,437 2939,439 2940,440 2940,457 2940,458 2944,458 2945,458 2945,461 2945,462 2947,462 2948,463 3164,465 3165,465 3165,430 3166,429 3167,429 3167,429 3167,428 3168,427 3183,427 3184,428 3189,428 3190,429 3191,429 3191,430 3191,431 3192,431 3225,432 3225,432 3225,466 3225,467 3236,467 3237,468 3253,468 3254,469 3254,471 3257,474 3265,474 3266,475 3267,475 3268,476 3268,479 3268,479 3271,479 3272,480 3272,482 3275,485 3275,488 3275,488 3339,489 3342,492 3342,494 3344,496 3344,499 3345,500 3344,508 3345,509 3345,510 3345,510 3343,510 3340,513 3316,513 3314,515 3276,514 3275,515 3275,518 3273,520 3273,522 3272,523 3272,528 3270,530 3270,532 3270,532 3269,532 3268,533 3268,536 3268,536 3266,536 3261,541 3256,541 3255,542 3251,542 3249,544 3247,544 3246,545 3246,546 3245,546 3220,546 3220,546 3220,572 3218,574 3121,573 3120,574"/><TextEquiv><Unicode/></TextEquiv><TextEquiv index="1"><Unicode>mots, le cœur me battit avec une vio-</Unicode></TextEquiv></TextLine><TextLine id="l3"><Coords points="2727,732 2723,728 2721,728 2721,728 2721,696 2721,695 2604,694 2603,693 1133,677 1132,677 1132,682 1132,683 1126,683 1125,682 1125,678 1125,678 1089,677 1087,675 999,675 996,671 944,671 943,670 937,670 934,666 934,582 931,579 930,579 929,577 929,574 930,573 944,573 945,572 945,567 946,566 951,566 954,563 2039,575 2040,574 2040,567 2041,566 2043,566 2048,561 2059,561 2063,565 2063,566 2063,566 3085,577 3088,580 3088,583 3088,583 3169,584 3171,586 3200,587 3201,587 3200,619 3201,620 3289,620 3290,621 3292,622 3293,623 3295,623 3297,625 3297,627 3300,630 3301,630 3301,630 3301,632 3303,634 3303,663 3303,664 3330,664 3336,670 3338,670 3340,672 3340,674 3342,676 3342,680 3342,680 3343,680 3344,681 3344,683 3345,684 3344,690 3342,692 3342,695 3342,695 3341,695 3339,697 3338,697 3337,698 3337,699 3337,699 3336,699 3335,699 3335,700 3335,701 3331,701 3328,704 2793,698 2792,699 2792,726 2792,726 2752,726 2751,726 2751,727 2750,728 2749,728 2749,728 2749,729 2748,730 2747,730 2747,730 2747,731 2746,732 2740,732 2739,732"/><TextEquiv><Unicode/></TextEquiv><TextEquiv index="1"><Unicode>lence &amp; avec un charme inexprimables.</Unicode></TextEquiv></TextLine><TextLine id="l4"><Coords points="1385,875 1384,874 1385,874 1387,874 1388,873 1390,873 1390,872 1390,871 1391,871 1433,871 1433,871 1434,857 1433,856 1246,854 1246,854 1246,853 1245,852 1244,852 1244,852 1244,846 1243,845 1241,845 1241,845 1241,840 1239,838 1237,838 1237,838 1237,834 1236,833 994,830 992,828 974,828 974,828 974,827 973,826 971,826 970,825 966,825 965,824 965,822 962,819 959,819 956,816 955,816 955,816 955,815 954,814 952,814 952,813 952,809 951,809 950,809 950,808 950,806 947,803 947,801 945,799 943,799 940,796 940,794 938,792 938,785 938,785 937,785 936,784 937,762 936,761 936,754 936,754 937,754 938,753 938,752 938,752 939,752 940,751 940,749 945,744 945,742 945,742 947,742 953,737 953,735 961,726 965,726 967,725 967,723 968,721 973,721 976,718 988,718 991,716 998,716 999,715 1012,716 1012,716 1012,717 1012,718 1013,718 1014,718 1014,719 1014,720 1016,720 1017,721 1023,721 1024,721 1024,722 1027,726 1029,726 1031,727 1031,729 1033,732 1035,732 1036,733 1038,733 1043,737 1043,741 1045,744 1045,749 1046,750 1046,752 1046,752 1654,759 1657,756 1657,754 1659,752 1673,752 1674,753 2102,758 2104,756 2104,747 2104,747 2105,747 2106,746 2106,745 2107,744 2107,742 2107,742 2110,742 2111,741 2111,740 2111,740 2112,740 2113,739 2113,737 2113,737 2115,737 2116,736 2116,735 2116,735 2118,735 2121,732 2151,732 2152,732 2152,728 2153,726 2156,726 2157,725 2158,725 2159,725 2159,724 2160,723 2173,723 2173,723 2173,722 2174,721 2183,721 2183,722 2183,723 2183,723 2401,726 2403,728 2404,728 2405,728 2405,731 2405,732 2888,737 2892,734 2892,733 2892,732 3150,735 3152,733 3157,733 3158,734 3158,735 3158,735 3159,735 3160,736 3160,737 3160,737 3161,737 3162,738 3162,739 3163,740 3163,742 3163,742 3183,742 3184,743 3184,773 3184,773 3216,774 3217,775 3217,778 3218,779 3313,780 3314,781 3316,781 3316,781 3316,782 3317,783 3328,783 3328,783 3328,787 3329,788 3330,788 3330,788 3330,796 3331,797 3332,797 3332,797 3332,798 3333,799 3334,799 3334,799 3334,838 3332,840 3332,844 3331,845 3327,845 3327,845 3327,849 3326,850 3325,850 3325,850 3325,853 3324,854 3323,854 3322,855 3319,855 3315,859 3313,859 3311,861 3240,860 3240,860 3239,877 3239,878 2938,875 2937,875 2937,886 2937,887 2924,887 2923,886 2924,855 2923,855 2436,849 2436,850 2436,860 2434,861 2175,858 2175,859 2174,878 2174,878 1757,874 1756,874 1756,875 1757,876 1768,876 1769,877 1769,878 1755,878 1754,879"/><TextEquiv><Unicode/></TextEquiv><TextEquiv index="1"><Unicode>On me porta en effet dans la chambre</Unicode></TextEquiv></TextLine><TextLine id="l5"><Coords points="1402,1031 1402,1030 1402,1005 1401,1005 1164,1002 1163,1001 1163,992 1163,991 1050,990 1049,989 967,988 965,986 963,986 961,984 956,984 955,984 955,982 953,979 951,979 948,976 948,972 947,971 946,971 945,970 945,969 945,969 944,969 943,968 943,967 943,967 942,967 941,966 941,957 940,956 941,945 940,944 940,943 941,942 941,939 945,935 945,931 947,929 947,928 947,928 949,928 950,927 950,926 950,926 951,926 952,926 952,924 953,923 953,921 956,917 966,917 971,912 978,912 979,912 979,872 980,871 997,871 998,871 1754,879 1755,878 2161,882 2162,881 2367,883 2367,883 2367,882 2368,881 2372,881 2373,880 2938,887 2939,888 3129,890 3131,892 3131,896 3133,898 3328,900 3328,900 3328,925 3328,926 3336,926 3337,927 3336,974 3337,974 3339,974 3339,975 3339,977 3340,978 3340,986 3341,987 3337,991 3337,996 3335,998 3335,1000 3334,1000 3334,1002 3334,1003 3333,1003 3332,1003 3332,1004 3331,1005 3330,1005 3330,1005 3330,1006 3329,1007 3328,1007 3327,1008 3326,1008 3324,1010 3192,1008 3191,1009 3182,1009 3182,1010 3182,1015 3180,1016 2422,1008 2422,1009 2422,1041 2421,1041 1954,1036 1953,1037"/><TextEquiv><Unicode/></TextEquiv><TextEquiv index="1"><Unicode>de ma bien aimée. Je fus couclié dans</Unicode></TextEquiv></TextLine><TextLine id="l6"><Coords points="1656,1193 1655,1192 1550,1191 1549,1190 1538,1189 1538,1189 1538,1187 1537,1186 1509,1186 1509,1186 1509,1185 1508,1184 1502,1184 1502,1184 1502,1183 1501,1182 1499,1182 1498,1181 1491,1181 1488,1177 1488,1175 1488,1175 1486,1175 1483,1172 1483,1170 1483,1170 1482,1170 1481,1169 1481,1153 1481,1153 1018,1148 1017,1147 1017,1146 1017,1146 1015,1146 1013,1144 941,1143 940,1142 940,1141 940,1141 939,1141 938,1140 938,1139 938,1139 937,1139 936,1138 936,1134 934,1132 936,1035 937,1034 951,1034 952,1033 1121,1035 1122,1034 1123,1034 1124,1033 1124,1031 1124,1031 1126,1031 1127,1030 1127,1029 1127,1029 1396,1032 1397,1031 2372,1042 2375,1039 2376,1039 2377,1038 2378,1038 2379,1037 2379,1036 2379,1036 2397,1036 2398,1036 2398,1037 2398,1038 2400,1038 2401,1038 2401,1039 2402,1041 2421,1041 2422,1042 2422,1044 2422,1044 3199,1053 3203,1057 3205,1057 3205,1057 3205,1071 3206,1072 3206,1090 3207,1091 3258,1091 3259,1092 3327,1093 3328,1094 3329,1094 3330,1095 3330,1097 3330,1098 3332,1098 3334,1099 3334,1130 3335,1132 3335,1141 3336,1142 3335,1155 3334,1156 3333,1156 3332,1156 3332,1159 3332,1160 3326,1160 3323,1163 3321,1163 3320,1163 3320,1164 3320,1165 3311,1165 3309,1167 3255,1166 3254,1167 2982,1164 2981,1165 2652,1162 2647,1166 2647,1169 2646,1170 2646,1172 2645,1173 2645,1174 2644,1175 2642,1175 2641,1176 2641,1178 2638,1181 2635,1181 2634,1182 2633,1182 2632,1183 2633,1183 3348,1191 3349,1192 3349,1195 3348,1195 3344,1195 3343,1196 3340,1196 3340,1196 3340,1195 3339,1194 2224,1182 2223,1182 2223,1193 2222,1194 2221,1194 2221,1194 2221,1195 2220,1196 2218,1196 2216,1198 1663,1192 1662,1193"/><TextEquiv><Unicode/></TextEquiv><TextEquiv index="1"><Unicode>le lit virginal où repoſoit, toutes les</Unicode></TextEquiv></TextLine><TextLine id="l7"><Coords points="1204,1330 1204,1329 1197,1322 1055,1320 1053,1319 1054,1313 1053,1312 1053,1301 1052,1300 943,1299 941,1296 941,1294 940,1294 938,1294 938,1293 938,1232 939,1232 940,1232 940,1231 940,1230 942,1229 948,1229 948,1228 948,1227 949,1227 958,1227 958,1227 959,1212 959,1211 1042,1212 1043,1212 1043,1202 1043,1201 1059,1201 1060,1201 1060,1171 1061,1170 3348,1195 3349,1196 3349,1199 3348,1199 1068,1174 1067,1175 1069,1177 1069,1178 1071,1180 1871,1189 1872,1190 2877,1201 2878,1202 3239,1206 3241,1208 3277,1208 3279,1210 3323,1211 3327,1214 3327,1216 3328,1217 3328,1232 3329,1233 3328,1254 3330,1256 3332,1256 3332,1256 3332,1276 3333,1277 3334,1277 3334,1278 3334,1317 3330,1320 3327,1320 3325,1322 3169,1320 3169,1321 3168,1364 3168,1364 1512,1346 1511,1347 1225,1344 1224,1344"/><TextEquiv><Unicode/></TextEquiv><TextEquiv index="1"><Unicode>nuits, l'idole de mon cœur. Ohl qu'il</Unicode></TextEquiv></TextLine><TextLine id="l8"><Coords points="2226,1511 2224,1509 1840,1505 1839,1504 1665,1502 1664,1501 1665,1467 1664,1467 1619,1466 1619,1466 1619,1465 1618,1464 1108,1459 1108,1458 1108,1457 1107,1457 1105,1457 1104,1456 940,1454 936,1449 937,1400 936,1399 936,1391 938,1389 938,1387 938,1387 947,1387 952,1382 955,1382 957,1381 957,1367 957,1366 959,1366 960,1366 960,1359 961,1358 965,1358 965,1358 965,1351 969,1347 1052,1348 1054,1346 1493,1351 1495,1348 1495,1347 1496,1347 1585,1348 1585,1347 1585,1346 1586,1346 1669,1347 1670,1346 1813,1347 1814,1348 2807,1359 2807,1359 2807,1357 2808,1356 2812,1356 2814,1354 2818,1354 2818,1354 2818,1353 2819,1352 2824,1352 2825,1353 2833,1354 2833,1354 2833,1355 2834,1356 2838,1356 2840,1358 2840,1359 2841,1360 3166,1363 3167,1364 3169,1364 3171,1366 3173,1366 3174,1368 3174,1401 3174,1401 3226,1402 3227,1402 3227,1403 3227,1404 3231,1404 3234,1407 3239,1407 3245,1413 3247,1413 3248,1414 3248,1415 3253,1421 3253,1449 3254,1449 3319,1450 3323,1454 3323,1458 3324,1459 3325,1459 3325,1459 3325,1460 3326,1461 3327,1461 3327,1461 3327,1463 3327,1464 3329,1464 3330,1464 3330,1465 3330,1466 3331,1466 3332,1466 3332,1473 3327,1478 3327,1482 3326,1483 3325,1483 3325,1483 3325,1489 3324,1490 3322,1490 3322,1490 3322,1492 3319,1495 3315,1495 3308,1502 2570,1494 2570,1494 2570,1503 2569,1504 2241,1500 2241,1501 2240,1505 2238,1507 2238,1509 2238,1509 2232,1509 2231,1509 2231,1510 2231,1511"/><TextEquiv><Unicode/></TextEquiv><TextEquiv index="1"><Unicode>m'en coûtoit pour paroître ſans vie,</Unicode></TextEquiv></TextLine><TextLine id="l9"><Coords points="2753,1672 2752,1671 2743,1671 2743,1670 2743,1629 2743,1629 2736,1629 2735,1629 2733,1629 2730,1627 2730,1625 2730,1624 2633,1623 2632,1624 2619,1624 2618,1625 2618,1626 2618,1626 2614,1626 2612,1628 2609,1628 2608,1629 2608,1665 2607,1665 2605,1665 2603,1667 2600,1667 2598,1669 2515,1668 2515,1668 2515,1626 2515,1625 2417,1624 2413,1628 2412,1627 2412,1626 2412,1626 2411,1626 2410,1625 2213,1623 2212,1624 2194,1624 2193,1623 2193,1622 2193,1622 2189,1622 2187,1620 2050,1618 2049,1619 2002,1618 2001,1619 1871,1618 1870,1619 1795,1618 1794,1619 1794,1628 1793,1629 1790,1629 1789,1629 1789,1622 1789,1621 1723,1620 1722,1621 1720,1619 1658,1619 1657,1618 1558,1617 1557,1617 1557,1618 1557,1619 1501,1618 1500,1619 1452,1618 1451,1619 1451,1647 1449,1648 1406,1648 1406,1648 1406,1649 1405,1650 1403,1650 1401,1652 1399,1650 1387,1650 1385,1647 1385,1611 1385,1611 1230,1609 1229,1610 1177,1609 1176,1610 1161,1610 1160,1611 1160,1646 1158,1647 1155,1647 1155,1647 1155,1611 1155,1610 1089,1610 1088,1610 1088,1611 1088,1612 1083,1611 1082,1612 1011,1612 1010,1612 1010,1642 1007,1645 998,1645 998,1644 998,1643 997,1643 995,1643 994,1642 990,1641 989,1640 987,1640 984,1637 984,1635 983,1634 983,1610 983,1609 969,1609 967,1607 962,1607 960,1605 958,1605 957,1604 955,1604 953,1603 953,1599 953,1598 951,1598 950,1598 950,1594 950,1593 949,1593 948,1593 948,1589 947,1587 946,1587 945,1585 945,1580 943,1578 943,1568 945,1566 945,1562 945,1562 946,1562 947,1561 947,1557 948,1556 948,1554 950,1552 952,1552 957,1547 959,1547 962,1545 962,1543 962,1542 967,1542 970,1540 994,1540 995,1540 1058,1540 1060,1538 1112,1539 1115,1536 1207,1537 1208,1536 1276,1537 1277,1536 1279,1536 1280,1534 1280,1533 1281,1533 1287,1533 1287,1532 1287,1513 1289,1511 1290,1496 1291,1495 1305,1495 1306,1495 1306,1496 1306,1497 1308,1497 1309,1497 1308,1498 1309,1499 1445,1500 1445,1501 1445,1503 1449,1506 1517,1507 1519,1510 1519,1530 1520,1530 1557,1531 1557,1531 1557,1532 1558,1533 1559,1533 1559,1533 1559,1535 1561,1537 1561,1541 1562,1542 1660,1543 1660,1542 1660,1504 1661,1504 1662,1504 1662,1503 1662,1502 1663,1502 1679,1502 1682,1505 1684,1505 1684,1506 1684,1514 1685,1514 1686,1514 1686,1515 1686,1541 1687,1541 1831,1543 1832,1542 1837,1542 1837,1541 1837,1506 1839,1505 1862,1505 1863,1506 1863,1511 1865,1514 1865,1542 1866,1542 1913,1543 1913,1543 1913,1544 1914,1545 2021,1546 2021,1545 2021,1539 2023,1538 2026,1538 2027,1539 2027,1544 2028,1545 2133,1546 2133,1545 2133,1518 2138,1513 2139,1500 2139,1500 2144,1500 2146,1502 2145,1503 2149,1507 2149,1509 2150,1509 2152,1509 2154,1511 2159,1511 2159,1512 2159,1547 2160,1547 2304,1549 2311,1542 2319,1542 2319,1542 2319,1544 2321,1546 2321,1549 2322,1551 2499,1553 2500,1552 2540,1552 2541,1552 2541,1550 2542,1549 2542,1543 2543,1542 2544,1542 2544,1542 2544,1536 2545,1535 2546,1535 2546,1535 2546,1532 2547,1531 2548,1531 2548,1531 2548,1529 2551,1526 2551,1524 2552,1523 2552,1522 2554,1521 2556,1521 2556,1520 2556,1518 2559,1516 2561,1516 2566,1511 2573,1511 2575,1509 2577,1509 2577,1508 2577,1507 2578,1507 2589,1507 2589,1507 2589,1508 2593,1512 2594,1512 2594,1512 2594,1551 2594,1552 2676,1553 2677,1552 2701,1552 2702,1553 2798,1554 2799,1554 2799,1553 2799,1552 2801,1552 2802,1552 2802,1551 2803,1550 2895,1551 2895,1551 2895,1548 2897,1546 2897,1544 2899,1542 2900,1542 2900,1542 2900,1539 2901,1538 2902,1538 2904,1536 2905,1536 2906,1535 2907,1535 2907,1535 2907,1532 2908,1531 2910,1531 2911,1530 2913,1530 2915,1528 2918,1528 2919,1527 2919,1526 2920,1526 2945,1526 2945,1526 2945,1528 2948,1531 2948,1535 2950,1537 2950,1540 2952,1542 2952,1546 2954,1548 2954,1551 2955,1552 2955,1553 2955,1554 2973,1554 2976,1557 2978,1557 2979,1558 2979,1566 2979,1566 3075,1567 3076,1567 3076,1565 3078,1562 3080,1562 3083,1559 3085,1559 3086,1559 3086,1558 3086,1557 3090,1557 3092,1555 3101,1555 3102,1554 3106,1555 3107,1554 3107,1516 3108,1516 3110,1516 3110,1515 3110,1514 3111,1514 3113,1514 3115,1512 3123,1512 3125,1514 3127,1514 3129,1516 3129,1539 3130,1540 3131,1540 3131,1540 3131,1556 3131,1557 3178,1557 3179,1558 3298,1560 3299,1559 3301,1559 3303,1557 3320,1557 3325,1562 3336,1562 3337,1563 3337,1576 3336,1577 3335,1610 3334,1611 3334,1617 3334,1617 3333,1617 3332,1618 3332,1622 3330,1623 3330,1626 3328,1629 3323,1629 3321,1631 3236,1630 3235,1631 3168,1630 3167,1631 3104,1631 3103,1631 3103,1639 3103,1640 3102,1639 3101,1640 3101,1643 3098,1645 3097,1645 3096,1644 3096,1632 3096,1631 3094,1631 3092,1629 3087,1629 3086,1628 3084,1628 3082,1626 3080,1626 3079,1626 3079,1625 3079,1624 3077,1624 3076,1624 3076,1621 3074,1619 3074,1617 3070,1613 3070,1610 3070,1609 3068,1609 3067,1609 3067,1603 3065,1601 3066,1599 3065,1598 3065,1590 3064,1589 2963,1588 2963,1588 2962,1608 2962,1609 2961,1609 2960,1609 2960,1613 2959,1614 2959,1616 2959,1617 2958,1617 2957,1617 2957,1618 2957,1619 2939,1619 2938,1619 2938,1625 2938,1626 2937,1626 2936,1626 2936,1627 2935,1629 2931,1629 2929,1631 2919,1630 2918,1631 2912,1631 2911,1630 2769,1629 2768,1629 2768,1671 2767,1672"/><TextEquiv><Unicode/></TextEquiv><TextEquiv index="1"><Unicode>quand j'étois dans le tranſport dans</Unicode></TextEquiv></TextLine><TextLine id="l10"><Coords points="3113,1830 3111,1827 3109,1827 3108,1826 3108,1825 3107,1824 3107,1791 3107,1791 2864,1788 2862,1786 2662,1784 2661,1784 2661,1816 2661,1817 2660,1817 2659,1817 2659,1818 2658,1820 2643,1819 2642,1820 2628,1820 2625,1818 2625,1786 2625,1785 2523,1784 2521,1782 2518,1782 2516,1780 2359,1778 2358,1779 2356,1779 2355,1780 2355,1781 2355,1781 2348,1781 2347,1780 2208,1779 2149,1778 2148,1779 2134,1779 2133,1778 2133,1777 2132,1776 2129,1776 2128,1775 1865,1772 1865,1773 1865,1774 1864,1774 1785,1773 1784,1774 1783,1774 1782,1775 1781,1775 1779,1777 1777,1777 1775,1779 1765,1779 1764,1778 1383,1774 1382,1773 1206,1771 1205,1772 1204,1772 1202,1774 1192,1774 1191,1773 1192,1772 1191,1772 1130,1771 1130,1771 1129,1791 1128,1793 1127,1793 1120,1786 1121,1771 1120,1771 1043,1770 1042,1769 1038,1769 1038,1768 1038,1767 1037,1767 1034,1767 1034,1766 1034,1764 1033,1764 935,1763 934,1762 933,1762 933,1761 933,1753 939,1747 940,1665 941,1664 941,1661 942,1660 947,1660 948,1659 953,1659 955,1657 980,1657 981,1657 981,1656 981,1655 982,1655 983,1655 983,1651 983,1650 985,1650 989,1646 992,1646 993,1645 995,1648 1154,1649 1155,1648 1157,1650 1166,1650 1167,1651 1167,1652 1167,1652 1171,1652 1174,1655 1176,1655 1177,1656 1177,1670 1177,1671 1400,1673 1401,1672 1436,1672 1440,1669 1440,1667 1444,1663 1444,1661 1444,1660 1446,1660 1449,1657 1451,1657 1452,1657 1452,1655 1452,1655 1460,1655 1461,1654 1461,1653 1461,1653 1476,1653 1478,1655 1482,1655 1483,1655 1483,1657 1487,1661 1486,1694 1487,1695 1634,1696 1635,1695 1643,1696 1643,1696 1643,1697 1644,1698 1646,1698 1647,1699 1654,1699 1654,1698 1655,1664 1655,1664 1659,1664 1660,1664 1659,1698 1660,1699 1838,1701 1838,1700 1839,1674 1839,1674 1845,1674 1846,1673 1846,1662 1846,1662 1847,1662 1848,1661 1848,1660 1848,1660 1850,1660 1851,1659 1851,1657 1851,1657 1853,1657 1855,1655 1953,1656 1954,1655 1954,1647 1955,1646 1958,1646 1960,1648 1960,1655 1960,1655 1989,1655 1992,1658 1992,1661 1992,1661 2027,1662 2029,1664 2032,1664 2035,1667 2036,1667 2037,1667 2037,1673 2037,1674 2194,1676 2195,1675 2195,1671 2195,1671 2199,1671 2200,1670 2200,1668 2204,1664 2204,1652 2204,1652 2206,1652 2207,1651 2207,1648 2207,1648 2209,1648 2211,1650 2213,1650 2214,1650 2214,1659 2214,1660 2228,1660 2230,1662 2232,1662 2233,1663 2233,1664 2233,1664 2234,1664 2235,1665 2236,1665 2238,1667 2238,1669 2238,1669 2239,1669 2240,1670 2240,1671 2240,1671 2241,1671 2242,1672 2242,1676 2243,1677 2243,1685 2244,1686 2243,1705 2244,1705 2399,1707 2399,1706 2400,1683 2400,1683 2507,1684 2508,1684 2508,1677 2510,1675 2510,1673 2510,1672 2511,1672 2513,1671 2513,1670 2513,1669 2514,1669 2515,1668 2528,1668 2534,1674 2534,1676 2534,1676 2535,1676 2536,1677 2536,1686 2537,1687 2536,1710 2537,1710 2741,1713 2741,1712 2742,1671 2742,1671 2752,1671 2753,1672 2768,1672 2770,1673 2770,1677 2771,1678 2771,1687 2772,1688 2771,1712 2772,1713 2813,1713 2814,1712 2826,1712 2827,1712 2831,1712 2833,1714 3064,1716 3064,1716 3064,1701 3065,1700 3065,1698 3069,1694 3069,1692 3070,1691 3072,1691 3074,1690 3074,1687 3074,1686 3078,1686 3079,1686 3079,1684 3081,1681 3186,1682 3187,1681 3188,1681 3189,1681 3189,1677 3189,1676 3191,1676 3193,1675 3193,1674 3193,1673 3207,1674 3208,1674 3208,1675 3208,1676 3210,1676 3212,1677 3212,1680 3213,1681 3212,1716 3213,1717 3282,1717 3282,1718 3282,1719 3283,1719 3285,1719 3287,1722 3287,1726 3289,1728 3289,1731 3291,1733 3291,1737 3292,1738 3335,1738 3337,1741 3337,1743 3337,1743 3338,1743 3339,1744 3339,1745 3339,1745 3341,1745 3344,1748 3344,1758 3343,1758 3339,1758 3339,1759 3339,1760 3338,1760 3328,1760 3328,1760 3328,1768 3326,1770 3295,1770 3295,1770 3295,1783 3290,1788 3284,1787 3283,1788 3257,1788 3256,1789 3159,1788 3158,1789 3158,1830 3157,1830"/><TextEquiv><Unicode/></TextEquiv><TextEquiv index="1"><Unicode>l'efferveſcencel Il eſt vrai qu'une épin-</Unicode></TextEquiv></TextLine><TextLine id="l11"><Coords points="2633,1980 2632,1980 2633,1942 2632,1941 2629,1941 2628,1940 2441,1938 2440,1939 2414,1939 2412,1937 2410,1937 2409,1936 2151,1933 2143,1933 2142,1934 2069,1933 2068,1934 1913,1933 1912,1934 1908,1933 1907,1934 1901,1934 1901,1934 1901,1933 1900,1932 1733,1931 1733,1931 1733,1937 1731,1939 1731,1941 1728,1944 1726,1944 1726,1944 1726,1946 1725,1947 1725,1948 1723,1949 1721,1949 1719,1952 1719,1954 1718,1954 1714,1954 1712,1956 1711,1956 1711,1957 1711,1958 1710,1958 1694,1958 1693,1957 1693,1956 1691,1954 1691,1932 1690,1931 1505,1929 1505,1930 1504,1959 1503,1960 1502,1960 1500,1959 1501,1930 1500,1929 1464,1929 1463,1930 1450,1929 1449,1930 1447,1930 1446,1929 1271,1928 1270,1929 1267,1929 1266,1929 1265,1929 1265,1930 1265,1935 1264,1935 1261,1935 1260,1934 1260,1930 1259,1929 1101,1928 1100,1929 1083,1928 1082,1929 1010,1929 1010,1929 1010,1936 1009,1937 1009,1939 1007,1941 1007,1943 1006,1944 1003,1944 1003,1944 1003,1946 1002,1947 1002,1949 1000,1951 1000,1953 999,1954 995,1954 993,1956 992,1956 991,1956 987,1956 986,1957 986,1958 986,1958 982,1958 980,1960 971,1960 969,1958 965,1958 964,1958 964,1957 964,1956 960,1956 958,1954 946,1954 945,1953 944,1953 938,1946 938,1944 937,1944 936,1944 936,1943 936,1939 934,1937 935,1936 935,1929 936,1928 936,1927 936,1927 937,1927 938,1926 938,1903 940,1901 940,1898 941,1897 941,1872 942,1872 943,1872 943,1871 943,1867 944,1867 946,1867 948,1865 950,1865 950,1865 951,1862 952,1861 952,1857 952,1856 954,1856 959,1851 961,1851 963,1849 965,1849 966,1848 1014,1849 1015,1848 1015,1821 1017,1819 1017,1815 1018,1815 1019,1815 1019,1814 1019,1813 1020,1813 1024,1813 1025,1812 1027,1812 1029,1810 1041,1810 1043,1813 1043,1815 1045,1817 1045,1850 1045,1850 1095,1851 1096,1851 1096,1852 1096,1853 1254,1854 1256,1853 1256,1852 1256,1851 1266,1851 1267,1850 1337,1851 1338,1852 1491,1854 1492,1853 1492,1825 1493,1824 1493,1823 1496,1820 1499,1820 1502,1818 1538,1818 1539,1817 1542,1817 1543,1816 1548,1817 1551,1820 1553,1820 1554,1821 1554,1823 1555,1824 1555,1850 1555,1851 1601,1851 1602,1852 1602,1853 1602,1853 1606,1853 1608,1855 1609,1855 1610,1856 1612,1856 1617,1861 1619,1861 1621,1863 1621,1865 1621,1865 1622,1865 1623,1866 1622,1868 1623,1868 1624,1868 1624,1869 1624,1872 1625,1872 1626,1872 1626,1873 1626,1877 1628,1879 1628,1902 1629,1902 1819,1905 1819,1904 1820,1865 1820,1865 1821,1865 1822,1864 1822,1863 1822,1863 1824,1863 1826,1861 1830,1861 1831,1860 1833,1860 1834,1859 1834,1858 1834,1858 1869,1858 1870,1858 1870,1849 1870,1848 1950,1849 1951,1848 1951,1843 1953,1841 1953,1837 1954,1836 1954,1831 1956,1830 1956,1827 1959,1824 1959,1822 1961,1820 1965,1820 1965,1820 1965,1819 1966,1818 1966,1817 1968,1815 1973,1815 1975,1813 1978,1813 1979,1812 1987,1812 1988,1813 1992,1813 1992,1814 1992,1815 1993,1815 1997,1815 2000,1818 2001,1818 2003,1821 2003,1823 2004,1825 2087,1825 2090,1828 2090,1859 2090,1859 2279,1862 2280,1861 2285,1861 2286,1860 2290,1860 2292,1858 2412,1859 2413,1858 2413,1857 2415,1856 2415,1847 2415,1846 2416,1846 2417,1846 2417,1842 2419,1840 2419,1838 2420,1836 2421,1836 2422,1836 2422,1835 2422,1834 2423,1834 2424,1834 2424,1832 2427,1829 2427,1827 2428,1825 2433,1825 2435,1824 2437,1824 2439,1822 2441,1822 2441,1822 2441,1821 2442,1820 2456,1820 2457,1821 2460,1822 2460,1822 2460,1823 2461,1824 2463,1824 2464,1825 2466,1825 2469,1828 2469,1862 2469,1863 2493,1863 2495,1865 2498,1865 2499,1866 2703,1868 2704,1868 2704,1858 2706,1856 2706,1852 2709,1848 2710,1848 2711,1848 2711,1847 2711,1846 2713,1846 2714,1846 2714,1843 2715,1841 2717,1841 2718,1841 2718,1839 2720,1836 2733,1836 2734,1836 2736,1836 2739,1838 2739,1866 2739,1867 2911,1868 2912,1867 2916,1867 2917,1866 3008,1867 3009,1866 3113,1868 3114,1867 3114,1830 3114,1830 3158,1830 3160,1832 3160,1867 3160,1867 3244,1868 3245,1869 3324,1870 3325,1870 3325,1871 3325,1872 3331,1872 3333,1874 3334,1874 3336,1876 3335,1925 3334,1926 3334,1928 3332,1930 3332,1933 3330,1935 3330,1939 3329,1939 3327,1939 3322,1944 3313,1944 3313,1944 3313,1945 3312,1946 3095,1943 3095,1944 3094,1980 3094,1980 3092,1980 3091,1980 3092,1944 3091,1943 2939,1942 2939,1942 2938,1981 2938,1982 2936,1982 2935,1981 2936,1942 2935,1942 2934,1942 2934,1942 2933,1979 2933,1980 2929,1980 2928,1979 2929,1942 2928,1942 2918,1942 2917,1943 2917,1944 2916,1944 2783,1943 2782,1944 2711,1943 2710,1944 2704,1944 2703,1943 2636,1942 2636,1943 2635,1980 2635,1980"/><TextEquiv><Unicode/></TextEquiv><TextEquiv index="1"><Unicode>gle cruelle, reſtée enfoncée au bas</Unicode></TextEquiv></TextLine><TextLine id="l12"><Coords points="3024,2141 3024,2140 3024,2127 3023,2127 2954,2126 2954,2125 2954,2121 2953,2121 2943,2121 2943,2120 2943,2105 2942,2105 2797,2103 2797,2104 2797,2109 2795,2111 2795,2119 2794,2120 2794,2122 2790,2125 2788,2125 2788,2126 2788,2128 2785,2130 2782,2130 2779,2133 2773,2133 2770,2130 2768,2130 2768,2129 2768,2100 2768,2100 2642,2099 2641,2099 2605,2099 2604,2100 2604,2114 2603,2114 2594,2114 2594,2114 2594,2120 2593,2121 2591,2121 2591,2120 2591,2102 2590,2102 2587,2102 2587,2101 2587,2100 2587,2100 2516,2099 2515,2099 2515,2097 2514,2095 2511,2095 2510,2094 2499,2094 2498,2093 2498,2092 2498,2092 2496,2092 2494,2090 2385,2089 2366,2088 2365,2089 2365,2090 2365,2090 2363,2090 2362,2091 2362,2092 2362,2092 2358,2092 2356,2094 2334,2094 2333,2095 2333,2121 2332,2121 2211,2120 2210,2121 2181,2120 2180,2121 2178,2121 2178,2121 2178,2095 2178,2094 2093,2094 2092,2093 2092,2091 2092,2091 1998,2089 1997,2088 1795,2086 1794,2087 1790,2087 1788,2089 1786,2089 1784,2088 1784,2086 1783,2084 1723,2083 1722,2084 1722,2109 1721,2109 1719,2109 1719,2110 1719,2114 1718,2114 1717,2114 1717,2115 1717,2118 1716,2118 1715,2117 1715,2084 1715,2083 1651,2083 1650,2083 1650,2087 1649,2089 1645,2089 1643,2087 1643,2086 1643,2086 1510,2084 1509,2085 1509,2102 1508,2102 1471,2102 1471,2102 1471,2123 1470,2124 1457,2124 1457,2123 1457,2083 1457,2083 1269,2081 1268,2081 1268,2112 1267,2113 1266,2113 1265,2113 1260,2113 1260,2113 1260,2080 1260,2079 1073,2077 1072,2078 1070,2078 1068,2080 1065,2080 1063,2082 997,2082 996,2082 996,2093 995,2094 993,2094 993,2093 993,2079 993,2079 989,2078 987,2076 970,2076 969,2075 965,2075 964,2075 964,2074 964,2073 949,2073 948,2073 948,2069 948,2068 946,2068 945,2067 945,2066 945,2066 944,2066 940,2062 940,2061 940,2061 939,2061 938,2060 938,2058 936,2056 937,2045 936,2044 936,2037 936,2037 937,2037 938,2036 938,2034 940,2032 940,2027 943,2024 943,2023 943,2023 944,2023 948,2020 948,2018 954,2011 956,2011 957,2011 957,2009 957,2008 958,2008 959,2008 959,1990 960,1989 970,1989 972,1987 974,1987 976,1985 976,1981 977,1980 984,1980 984,1980 984,1966 985,1965 991,1965 992,1965 993,1965 993,1964 993,1963 994,1963 1003,1963 1005,1965 1007,1965 1007,1965 1007,1982 1008,1983 1025,1983 1026,1984 1026,2005 1026,2006 1186,2008 1187,2007 1187,2006 1187,2006 1193,2006 1195,2004 1239,2004 1240,2005 1317,2006 1319,2008 1496,2010 1497,2010 1497,2002 1498,2001 1499,2001 1499,2001 1499,1997 1501,1995 1502,1995 1502,1995 1502,1983 1507,1978 1517,1978 1517,1978 1517,1972 1519,1970 1519,1968 1522,1965 1536,1965 1537,1966 1538,1966 1538,1967 1538,1968 1539,1968 1540,1968 1541,1969 1542,1970 1542,1970 1542,1981 1543,1982 1585,1982 1585,1982 1585,2004 1585,2005 1661,2006 1662,2006 1662,2007 1662,2008 1666,2008 1669,2011 1792,2012 1793,2011 1804,2011 1805,2011 1805,1976 1806,1975 1806,1973 1807,1972 1813,1972 1813,1972 1813,1971 1814,1970 1816,1970 1817,1970 1830,1970 1831,1971 1831,1972 1832,1973 1832,1974 1833,1975 1834,1975 1834,1975 1834,2009 1834,2010 1957,2011 1958,2012 2048,2013 2049,2013 2049,2007 2050,2006 2099,2007 2100,2006 2100,1986 2104,1982 2104,1980 2105,1980 2106,1980 2106,1979 2106,1978 2107,1978 2109,1978 2110,1977 2138,1977 2140,1975 2152,1975 2159,1983 2159,1985 2161,1987 2161,1992 2162,1993 2162,2014 2162,2014 2352,2016 2355,2019 2355,2020 2355,2020 2357,2020 2358,2021 2366,2021 2367,2022 2367,2024 2367,2025 2368,2025 2369,2025 2369,2026 2369,2027 2492,2028 2493,2027 2494,2027 2500,2021 2504,2021 2505,2020 2507,2020 2508,2020 2508,2019 2508,2018 2510,2018 2512,2016 2519,2016 2520,2016 2520,1976 2521,1975 2544,1975 2546,1978 2546,1980 2549,1982 2629,1983 2630,1985 2630,1995 2631,1995 2639,1995 2640,1996 2641,1996 2641,1997 2641,2020 2641,2020 2772,2022 2773,2021 2773,1994 2775,1992 2775,1990 2776,1989 2776,1988 2780,1985 2791,1985 2797,1992 2797,2020 2797,2020 2826,2021 2827,2022 2971,2023 2972,2023 2972,2007 2973,2006 2993,2006 2993,2006 2993,1995 2994,1994 3067,1995 3072,1990 3076,1990 3079,1987 3115,1988 3116,1987 3117,1987 3117,1986 3117,1985 3118,1985 3127,1985 3127,1985 3127,1986 3128,1987 3129,1987 3129,1987 3129,1989 3130,1990 3144,1990 3144,1990 3144,2023 3144,2024 3245,2025 3247,2027 3253,2027 3254,2028 3255,2028 3256,2029 3256,2030 3256,2030 3257,2030 3258,2031 3258,2032 3258,2032 3259,2032 3261,2034 3260,2074 3261,2074 3321,2075 3322,2076 3323,2076 3323,2076 3323,2077 3324,2078 3326,2078 3328,2080 3328,2082 3329,2083 3330,2083 3330,2084 3330,2088 3332,2090 3332,2092 3334,2094 3334,2107 3331,2109 3330,2109 3330,2110 3330,2112 3327,2114 3327,2115 3326,2116 3325,2116 3325,2116 3325,2118 3324,2119 3322,2119 3320,2121 3320,2122 3319,2123 3318,2123 3316,2125 3315,2125 3314,2126 3312,2126 3310,2128 3308,2128 3306,2130 3300,2130 3292,2121 3292,2106 3291,2106 3172,2104 3172,2104 3172,2103 3172,2102 3046,2101 3045,2102 3044,2102 3043,2102 3043,2140 3042,2141"/><TextEquiv><Unicode/></TextEquiv><TextEquiv index="1"><Unicode>de mon dos dans l'une des jumelles,</Unicode></TextEquiv></TextLine><TextLine id="l13"><Coords points="1186,2278 1185,2276 1182,2276 1180,2274 1175,2274 1174,2273 1174,2265 1174,2265 956,2262 955,2262 955,2260 953,2258 953,2234 953,2233 950,2233 947,2231 948,2229 947,2228 945,2228 945,2228 945,2227 944,2226 943,2226 943,2225 943,2181 943,2181 941,2181 940,2180 938,2180 937,2179 934,2176 934,2172 936,2170 936,2166 937,2166 941,2166 946,2161 951,2161 952,2160 952,2158 955,2155 955,2153 956,2152 957,2152 957,2152 957,2151 958,2150 1007,2151 1007,2150 1008,2130 1008,2130 1276,2133 1277,2132 1277,2130 1277,2130 1450,2132 1452,2130 1452,2128 1452,2128 1453,2128 1454,2127 1454,2125 1454,2125 1456,2125 1457,2124 1601,2125 1602,2125 1602,2120 1602,2119 1610,2119 1612,2121 1612,2124 1613,2125 1960,2129 1961,2128 1998,2128 1999,2128 1999,2126 1999,2125 2020,2126 2021,2125 2051,2125 2052,2126 2054,2126 2056,2128 2058,2128 2060,2130 2062,2130 2063,2131 2063,2142 2064,2143 2063,2158 2064,2158 2300,2161 2300,2161 2300,2172 2301,2173 2375,2174 2376,2175 2771,2179 2772,2178 2773,2178 2773,2177 2773,2176 2774,2176 2904,2177 2904,2177 2904,2153 2905,2152 2914,2152 2915,2151 2916,2147 2918,2145 2920,2145 2923,2142 2923,2140 2923,2140 2925,2140 2927,2138 2928,2138 2929,2137 2931,2137 2933,2135 2947,2135 2949,2137 2951,2137 2954,2140 3042,2141 3043,2142 3044,2142 3045,2142 3045,2143 3046,2145 3047,2145 3048,2145 3048,2147 3049,2148 3048,2172 3049,2173 3084,2173 3085,2174 3087,2174 3089,2177 3089,2178 3090,2178 3318,2181 3318,2181 3318,2184 3319,2185 3320,2185 3322,2187 3323,2187 3323,2187 3323,2190 3325,2192 3327,2192 3328,2193 3328,2195 3330,2198 3330,2200 3332,2202 3332,2205 3334,2207 3334,2238 3338,2242 3337,2248 3334,2251 3334,2253 3328,2259 3176,2257 3175,2258 3175,2274 3175,2274 2874,2271 2871,2269 2871,2259 2871,2258 2320,2252 2319,2252 2319,2256 2319,2257 2249,2256 2248,2257 2248,2278 2247,2279 2245,2279 2243,2281 2241,2281 2240,2282 2240,2283 2239,2283 2236,2283 2236,2284 2236,2285 2235,2285 2006,2283 2006,2283 2006,2285 2005,2286 1997,2285 1996,2284 1773,2282 1772,2281 1767,2281 1767,2280 1767,2279 1767,2279 1286,2274 1285,2274 1285,2278 1284,2279"/><TextEquiv><Unicode/></TextEquiv><TextEquiv index="1"><Unicode>tempéroit le plaiſir que me cauſoit ma</Unicode></TextEquiv></TextLine><TextLine id="l14"><Coords points="3028,2453 3027,2452 3028,2414 3027,2414 1993,2402 1993,2403 1992,2419 1992,2419 1398,2413 1398,2413 1397,2418 1397,2419 1020,2415 1019,2415 1019,2416 1019,2417 1018,2417 1017,2416 1018,2412 1017,2411 1017,2392 1016,2392 931,2391 929,2388 929,2323 932,2321 934,2321 935,2320 935,2319 935,2319 937,2319 938,2318 938,2317 938,2317 939,2317 940,2316 940,2295 941,2294 941,2292 947,2287 947,2286 948,2285 948,2284 948,2283 949,2283 950,2283 950,2281 951,2279 952,2279 953,2278 954,2278 955,2278 955,2275 956,2274 962,2274 964,2272 971,2272 974,2269 976,2269 976,2269 976,2268 977,2267 978,2267 979,2266 990,2266 991,2266 992,2267 994,2267 996,2269 1000,2269 1000,2269 1000,2270 1001,2271 1002,2271 1003,2272 2063,2283 2066,2281 2730,2288 2731,2287 2732,2288 2732,2289 2732,2290 2815,2290 2818,2293 2818,2294 2818,2294 2896,2295 2897,2296 2897,2297 2897,2297 2898,2297 2900,2299 2900,2300 2900,2300 3069,2302 3070,2303 3070,2305 3071,2306 3071,2323 3071,2323 3116,2324 3117,2324 3117,2326 3117,2327 3315,2329 3317,2331 3319,2331 3320,2331 3320,2332 3325,2338 3325,2340 3326,2341 3335,2341 3335,2342 3335,2343 3336,2343 3337,2343 3337,2344 3337,2346 3339,2348 3339,2408 3336,2410 3335,2410 3335,2411 3335,2413 3333,2414 3330,2414 3329,2415 3276,2414 3276,2415 3275,2429 3275,2429 3273,2429 3272,2429 3273,2417 3272,2416 3037,2414 3037,2414 3036,2452 3036,2453"/><TextEquiv><Unicode/></TextEquiv><TextEquiv index="1"><Unicode>ſituation. Adélade entra ſubitement</Unicode></TextEquiv></TextLine><TextLine id="l15"><Coords points="1823,2598 1823,2597 1823,2595 1822,2595 1733,2594 1732,2593 1389,2589 1389,2588 1389,2577 1388,2577 1358,2577 1358,2576 1358,2574 1357,2574 1321,2573 1321,2573 1321,2558 1320,2557 1150,2555 1150,2555 1150,2551 1150,2550 988,2548 986,2546 953,2546 951,2544 949,2544 948,2543 947,2543 945,2541 944,2541 943,2541 943,2538 943,2537 942,2537 940,2535 941,2481 941,2481 943,2481 945,2479 947,2479 949,2477 951,2477 952,2477 952,2476 952,2475 958,2475 961,2472 963,2472 964,2472 964,2471 964,2470 1009,2471 1010,2470 1010,2462 1010,2462 1056,2462 1057,2462 1057,2458 1059,2456 1392,2460 1392,2459 1392,2450 1393,2450 1411,2450 1411,2450 1411,2447 1412,2446 1493,2447 1493,2446 1493,2443 1494,2443 1729,2446 1729,2445 1729,2441 1730,2441 1734,2441 1736,2439 3228,2455 3232,2451 3261,2451 3262,2450 3264,2450 3266,2448 3268,2448 3270,2446 3280,2446 3281,2445 3292,2446 3294,2448 3297,2448 3299,2450 3303,2450 3303,2450 3303,2495 3303,2496 3313,2496 3315,2498 3319,2498 3321,2500 3322,2500 3323,2501 3332,2501 3334,2503 3334,2512 3334,2512 3341,2512 3342,2513 3342,2516 3343,2517 3342,2522 3342,2522 3341,2522 3340,2523 3340,2556 3339,2557 3339,2558 3339,2558 3330,2558 3328,2560 3328,2561 3327,2562 3327,2563 3327,2563 3326,2563 3325,2563 3325,2564 3324,2565 3323,2565 3323,2565 3323,2566 3322,2567 3321,2567 3320,2568 3315,2568 3313,2570 3313,2571 3312,2572 3310,2572 3309,2573 3012,2570 3012,2570 3012,2581 3011,2582 3010,2582 3010,2582 3010,2588 3009,2589 3009,2592 3007,2594 3007,2596 3005,2598 3005,2599 3004,2599 3002,2599 3000,2601 2998,2601 2998,2602 2998,2603 2996,2604 2462,2599 2462,2599 2462,2601 2461,2602 1847,2595 1847,2595 1847,2597 1846,2598"/><TextEquiv><Unicode/></TextEquiv><TextEquiv index="1"><Unicode>avec une compagne, avant que j'euſſe</Unicode></TextEquiv></TextLine><TextLine id="l16"><Coords points="1102,2743 1102,2742 1102,2712 1102,2712 1035,2711 1034,2711 1034,2705 1033,2703 961,2702 959,2701 959,2699 958,2697 953,2697 952,2697 952,2695 952,2694 951,2694 950,2694 950,2693 950,2692 949,2692 948,2692 948,2691 947,2689 946,2689 945,2689 946,2688 945,2687 943,2687 943,2687 943,2683 941,2680 941,2677 940,2676 940,2670 939,2670 938,2670 938,2669 938,2666 937,2666 936,2666 936,2665 936,2656 936,2656 937,2656 938,2655 938,2649 938,2649 939,2649 940,2648 940,2646 947,2640 950,2640 950,2640 950,2638 951,2637 952,2637 952,2637 952,2636 953,2635 955,2635 958,2632 960,2632 962,2630 972,2630 972,2630 972,2616 973,2615 1149,2617 1149,2617 1149,2603 1151,2601 1151,2599 1154,2597 1154,2596 1155,2594 1159,2594 1160,2594 1160,2592 1162,2589 1171,2589 1172,2589 1176,2589 1177,2589 1177,2591 1179,2593 1179,2594 1179,2595 1815,2602 1816,2601 1821,2601 1822,2600 1822,2598 1822,2598 2294,2603 2295,2602 2295,2601 2297,2599 2299,2599 2301,2597 2839,2603 2840,2602 2840,2601 2840,2601 2842,2601 2844,2599 2849,2599 2851,2601 2854,2601 2858,2605 2859,2605 2860,2605 2859,2635 2860,2636 3192,2640 3194,2642 3249,2642 3249,2643 3249,2645 3251,2647 3251,2650 3252,2650 3316,2651 3318,2653 3320,2653 3322,2656 3326,2656 3327,2657 3327,2658 3328,2659 3328,2661 3328,2661 3329,2661 3330,2662 3330,2663 3330,2663 3331,2663 3332,2664 3332,2666 3332,2666 3342,2666 3344,2668 3344,2671 3346,2673 3346,2676 3344,2677 3341,2677 3341,2678 3340,2713 3340,2713 3329,2713 3327,2715 3327,2717 3325,2718 3325,2722 3325,2723 3321,2723 3317,2727 3314,2727 3313,2728 3073,2725 3071,2727 3070,2727 3069,2728 2911,2726 2910,2727 2906,2727 2905,2728 2272,2722 2270,2723 2265,2723 2263,2721 2260,2721 2259,2720 2253,2720 2252,2719 1608,2712 1607,2713 1607,2721 1605,2723 1605,2728 1604,2729 1604,2731 1600,2735 1598,2735 1595,2737 1587,2737 1586,2735 1584,2735 1582,2733 1163,2728 1160,2725 1159,2725 1158,2725 1158,2713 1158,2712 1118,2712 1117,2712 1117,2742 1116,2743"/><TextEquiv><Unicode/></TextEquiv><TextEquiv index="1"><Unicode>eu le temps de me délivrer de cette</Unicode></TextEquiv></TextLine><TextLine id="l17"><Coords points="942,2900 941,2899 933,2899 931,2897 932,2800 931,2799 931,2787 934,2785 943,2785 945,2783 950,2783 952,2781 958,2781 958,2781 959,2765 959,2764 1093,2766 1094,2765 1094,2750 1096,2748 1096,2746 1098,2744 1100,2744 1101,2743 1675,2749 1676,2749 1676,2741 1677,2739 1682,2739 1683,2740 1683,2746 1683,2746 2948,2760 2949,2759 2966,2759 2968,2761 2970,2761 2971,2762 2971,2763 2971,2763 3198,2766 3201,2769 3203,2769 3205,2770 3205,2774 3206,2775 3206,2790 3207,2791 3206,2805 3207,2806 3270,2806 3271,2807 3273,2807 3278,2812 3279,2812 3279,2813 3279,2815 3280,2816 3282,2816 3284,2818 3284,2820 3285,2821 3285,2825 3286,2826 3295,2826 3297,2828 3333,2828 3337,2833 3337,2847 3336,2847 3335,2847 3335,2848 3335,2852 3334,2852 3329,2852 3327,2854 3287,2854 3287,2854 3287,2856 3285,2858 3285,2863 3284,2864 3284,2866 3280,2870 3279,2923 3279,2924 2516,2915 2515,2914 2331,2912 2330,2911 2210,2910 2209,2909 2202,2909 2200,2907 2200,2894 2200,2894 1087,2882 1086,2882 1086,2900 1086,2901 980,2899 979,2900"/><TextEquiv><Unicode/></TextEquiv><TextEquiv index="1"><Unicode>pointe acérée. Elle pleuroit &amp; ſanglo-</Unicode></TextEquiv></TextLine><TextLine id="l18"><Coords points="2995,3078 2994,3078 2995,3038 2994,3037 2988,3037 2988,3038 2988,3048 2987,3048 2986,3048 2986,3049 2986,3051 2985,3052 2985,3056 2983,3058 2983,3060 2982,3060 2981,3060 2981,3061 2981,3063 2979,3065 2978,3066 2975,3069 2972,3069 2971,3070 2961,3070 2960,3069 2958,3069 2957,3069 2958,3065 2956,3063 2876,3062 2876,3062 2876,3061 2873,3058 2871,3058 2871,3058 2871,3038 2870,3037 2816,3036 2814,3034 2813,3034 2812,3033 2804,3033 2804,3033 2804,3031 2803,3030 2699,3029 2699,3030 2699,3031 2698,3031 2697,3031 2697,3032 2697,3033 2696,3033 2689,3033 2688,3034 2675,3034 2674,3033 2611,3032 2611,3033 2611,3050 2608,3052 2607,3052 2606,3051 2606,3033 2605,3032 2590,3032 2589,3033 2580,3033 2579,3034 2572,3034 2571,3033 2565,3033 2564,3032 2436,3030 2436,3031 2436,3043 2435,3043 2431,3043 2431,3043 2431,3034 2430,3033 2407,3033 2407,3032 2407,3031 2406,3031 2398,3031 2397,3030 2354,3029 2354,3030 2353,3064 2353,3064 2328,3064 2327,3065 2327,3070 2327,3070 2310,3070 2309,3069 2309,3064 2309,3064 2261,3063 2260,3063 2261,3017 2260,3016 2193,3016 2192,3017 2192,3021 2191,3022 2190,3022 2190,3022 2190,3023 2189,3024 2188,3024 2188,3024 2188,3026 2187,3027 2186,3027 2184,3029 2183,3029 2183,3029 2183,3030 2182,3031 2178,3031 2177,3029 2176,3029 2175,3028 2107,3028 2106,3027 2094,3027 2093,3026 2092,3026 2092,3025 2092,3024 2091,3024 2090,3024 2089,3023 1974,3021 1974,3022 1973,3065 1973,3065 1966,3065 1965,3065 1965,3064 1965,3063 1902,3062 1901,3062 1901,3061 1901,3060 1892,3060 1890,3058 1886,3058 1886,3058 1886,3055 1884,3053 1884,3051 1883,3050 1882,3050 1882,3050 1882,3047 1881,3046 1880,3046 1880,3046 1880,3042 1879,3041 1879,3025 1878,3024 1817,3024 1816,3023 1739,3022 1650,3021 1649,3022 1643,3022 1643,3021 1643,3020 1642,3020 1573,3019 1572,3018 1504,3017 1504,3018 1504,3034 1502,3036 1502,3038 1501,3038 1497,3038 1497,3038 1497,3036 1493,3032 1493,3018 1492,3017 1433,3016 1432,3018 1432,3020 1429,3022 1423,3022 1420,3019 1415,3019 1413,3017 1401,3017 1395,3010 1395,3006 1395,3006 1317,3005 1316,3005 1316,3004 1315,3002 1202,3001 1201,3001 1201,3002 1199,3004 1199,3006 1198,3007 1198,3009 1198,3010 1197,3010 1196,3010 1196,3011 1195,3012 1191,3012 1189,3014 1187,3014 1186,3015 1156,3014 1155,3015 1154,3015 1152,3017 1134,3017 1133,3016 1038,3015 1038,3016 1038,3017 1037,3017 979,3016 978,3017 962,3017 962,3018 962,3043 961,3043 952,3043 950,3041 950,3013 949,3012 948,3012 948,3012 948,3008 948,3007 946,3007 945,3007 945,3005 943,3003 944,2963 943,2962 935,2962 933,2960 931,2960 929,2957 929,2945 929,2945 935,2945 937,2943 954,2943 959,2939 959,2937 962,2933 983,2933 984,2933 984,2924 984,2923 985,2923 986,2922 987,2923 988,2922 990,2923 990,2940 990,2941 1071,2941 1072,2941 1072,2913 1073,2912 1074,2912 1074,2912 1074,2910 1076,2908 1076,2906 1079,2904 1080,2904 1083,2901 1086,2901 1087,2902 1089,2902 1091,2904 1096,2904 1096,2904 1096,2906 1097,2907 1098,2907 1098,2907 1098,2908 1099,2909 1100,2909 1100,2909 1100,2923 1100,2924 1133,2924 1134,2925 1134,2929 1134,2929 1139,2929 1141,2931 1143,2931 1144,2932 1144,2934 1146,2936 1146,2943 1146,2943 1162,2943 1165,2946 1164,2977 1165,2977 1258,2978 1258,2978 1258,2967 1260,2965 1261,2962 1262,2961 1262,2960 1263,2959 1263,2957 1268,2952 1270,2952 1272,2950 1274,2950 1276,2948 1277,2948 1278,2947 1286,2947 1287,2948 1386,2949 1387,2948 1387,2945 1387,2945 1415,2945 1416,2945 1416,2915 1417,2914 1419,2914 1419,2914 1419,2911 1421,2909 1435,2909 1435,2909 1435,2905 1440,2900 1442,2900 1445,2897 1536,2898 1537,2897 1614,2898 1614,2898 1614,2894 1615,2893 1616,2893 1617,2892 1619,2892 1620,2893 1622,2893 1622,2894 1622,2896 1624,2898 1624,2903 1625,2903 1636,2904 1638,2906 1638,2908 1639,2909 1641,2909 1641,2908 1641,2888 1642,2888 1646,2888 1647,2889 1647,2908 1648,2909 1720,2909 1721,2909 1734,2909 1734,2908 1734,2907 1735,2907 1736,2907 1736,2906 1736,2904 1737,2904 1781,2904 1784,2908 1784,2909 1785,2909 1787,2909 1789,2912 1789,2914 1790,2914 1791,2914 1791,2915 1791,2949 1791,2949 1902,2950 1905,2948 1909,2948 1910,2947 2022,2948 2023,2947 2027,2947 2028,2946 2028,2945 2028,2945 2089,2946 2090,2945 2090,2944 2094,2940 2170,2940 2171,2940 2171,2919 2173,2917 2173,2915 2178,2910 2186,2911 2187,2910 2224,2910 2224,2910 2224,2960 2224,2961 2273,2962 2275,2960 2277,2960 2278,2959 2279,2958 2279,2956 2280,2955 2285,2955 2288,2952 2290,2952 2292,2950 2306,2950 2307,2949 2307,2912 2308,2912 2309,2912 2310,2911 2330,2911 2331,2912 2332,2912 2333,2913 2417,2914 2417,2914 2417,2913 2418,2912 2420,2912 2422,2910 2431,2910 2432,2909 2441,2909 2446,2914 2531,2915 2534,2919 2534,2921 2535,2921 2536,2921 2536,2922 2536,2926 2537,2927 2537,2946 2537,2946 2578,2947 2580,2948 2580,2949 2580,2950 2581,2950 2582,2950 2582,2959 2582,2960 2664,2961 2665,2960 2670,2960 2671,2959 2673,2959 2675,2957 2713,2957 2714,2957 2714,2929 2714,2928 2715,2928 2716,2928 2716,2926 2718,2924 2718,2922 2721,2919 2728,2919 2729,2919 2730,2919 2732,2917 2778,2917 2778,2918 2778,2919 2779,2919 2780,2919 2780,2920 2780,2929 2782,2931 2782,2958 2782,2958 2841,2959 2845,2962 2845,2964 2846,2966 2848,2966 2849,2966 2849,2970 2851,2972 2850,2973 2851,2974 2852,2974 2852,2974 2852,3006 2853,3007 2956,3008 2956,3007 2957,2966 2957,2966 2959,2966 2960,2966 2960,2931 2962,2929 2962,2925 2963,2924 2966,2924 2967,2923 2968,2923 2970,2921 3000,2921 3000,2921 3000,2920 3001,2919 3003,2919 3004,2919 3012,2919 3012,2919 3012,2920 3013,2921 3014,2921 3014,2921 3014,2922 3016,2924 3019,2924 3019,2924 3019,2927 3020,2928 3021,2928 3021,2928 3022,2929 3022,2930 3022,2931 3026,2931 3031,2935 3031,2963 3031,2964 3104,2965 3105,2964 3107,2964 3109,2962 3138,2962 3140,2960 3192,2961 3193,2960 3198,2960 3199,2959 3252,2959 3253,2959 3253,2929 3254,2928 3254,2926 3257,2923 3280,2924 3280,2924 3280,2959 3280,2960 3330,2960 3337,2967 3337,2969 3337,2969 3338,2969 3339,2970 3339,2974 3340,2975 3339,3005 3342,3008 3342,3022 3339,3025 3339,3027 3337,3029 3337,3031 3336,3031 3335,3031 3335,3032 3335,3033 3334,3033 3330,3033 3327,3036 3325,3036 3325,3037 3325,3038 3324,3038 3306,3038 3305,3037 3268,3036 3268,3037 3267,3077 3267,3077 3261,3077 3260,3077 3261,3037 3260,3036 3141,3035 3140,3036 3139,3036 3139,3036 3139,3037 3138,3038 3077,3037 3076,3038 3011,3038 3011,3038 3010,3078 3010,3079"/><TextEquiv><Unicode/></TextEquiv><TextEquiv index="1"><Unicode>toit. Ahl l'ingratl diſoit-elle, j'avois</Unicode></TextEquiv></TextLine><TextLine id="l19"><Coords points="971,3212 971,3212 971,3161 971,3160 944,3160 943,3160 943,3159 943,3158 937,3158 936,3157 936,3156 936,3156 932,3156 931,3155 931,3151 931,3151 930,3151 929,3150 930,3145 929,3144 929,3111 933,3107 936,3107 938,3105 954,3105 955,3105 955,3080 956,3079 958,3079 960,3077 1528,3083 1528,3083 1528,3070 1529,3069 1566,3070 1566,3069 1566,3064 1567,3064 1581,3064 1581,3063 1581,3062 1582,3062 1583,3062 1583,3062 1583,3061 1586,3058 1640,3059 1641,3058 1641,3055 1641,3055 1645,3055 1647,3057 2286,3064 2286,3064 2286,3066 2287,3067 3269,3077 3271,3079 3273,3079 3275,3082 3275,3114 3275,3114 3331,3115 3332,3116 3332,3117 3334,3119 3336,3119 3339,3122 3339,3157 3340,3158 3339,3160 3342,3163 3342,3170 3340,3172 3338,3172 3337,3173 3337,3177 3337,3177 3335,3177 3330,3182 3328,3182 3323,3187 3280,3187 3279,3187 3279,3189 3278,3191 3277,3190 3276,3191 3273,3191 3271,3193 3176,3192 3175,3193 3175,3233 3174,3233 2934,3231 2934,3231 2934,3232 2933,3233 2541,3228 2540,3229"/><TextEquiv><Unicode/></TextEquiv><TextEquiv index="1"><Unicode>ntout oublié. Que dis-je? j'avois pris</Unicode></TextEquiv></TextLine><TextLine id="l20"><Coords points="961,3372 959,3371 959,3342 953,3336 954,3329 952,3327 938,3327 938,3326 938,3325 937,3325 935,3325 935,3324 935,3322 934,3322 932,3322 931,3320 931,3280 932,3280 936,3280 936,3279 936,3267 938,3266 940,3266 941,3265 943,3265 943,3265 943,3264 944,3263 945,3263 945,3263 945,3261 946,3260 954,3260 954,3260 955,3216 955,3215 959,3215 961,3213 970,3213 971,3212 975,3212 976,3211 1274,3215 1275,3214 1275,3193 1277,3192 1352,3192 1354,3191 1361,3191 1361,3191 1361,3200 1363,3203 1370,3203 1372,3205 1376,3205 1377,3206 1379,3206 1380,3206 1380,3207 1380,3208 1384,3208 1387,3210 1387,3212 1389,3214 1389,3215 1389,3216 1532,3217 1533,3218 1539,3219 1540,3219 1540,3222 1543,3225 1543,3227 1544,3229 1560,3229 1561,3229 1560,3257 1561,3258 1891,3261 1891,3261 1891,3250 1892,3249 1892,3244 1893,3243 1894,3240 1894,3239 1895,3239 1896,3239 1896,3235 1898,3233 1898,3231 1899,3230 1899,3228 1899,3227 1900,3227 1901,3227 1901,3225 1902,3224 1902,3223 1902,3223 2020,3224 2021,3225 2022,3225 2023,3225 2023,3227 2025,3230 2059,3230 2061,3232 2061,3239 2061,3239 2065,3239 2066,3240 2065,3262 2066,3262 2362,3266 2362,3265 2362,3249 2363,3249 2512,3250 2512,3250 2513,3230 2513,3229 2515,3229 2516,3228 2520,3228 2521,3229 2541,3229 2543,3231 2542,3265 2543,3265 2595,3266 2597,3268 2599,3268 2600,3269 2911,3273 2911,3272 2912,3239 2912,3239 2913,3239 2914,3238 2914,3234 2914,3234 2916,3234 2917,3233 3123,3235 3124,3234 3128,3234 3129,3233 3174,3233 3175,3234 3175,3235 3177,3237 3176,3272 3177,3272 3230,3273 3231,3274 3314,3275 3319,3280 3321,3280 3323,3282 3325,3282 3325,3283 3325,3284 3326,3284 3328,3284 3330,3287 3330,3335 3332,3337 3332,3341 3333,3342 3332,3347 3332,3347 3330,3347 3328,3349 3293,3349 3292,3349 3292,3372 3292,3373 3290,3373 3289,3372 3289,3356 3289,3356 3035,3353 3034,3353 3034,3374 3034,3375 2638,3371 2637,3371 2637,3372 2637,3373 2635,3373 2634,3373 2561,3373 2560,3373 2560,3381 2560,3382 2557,3382 2556,3381 2330,3378 2329,3378 2329,3375 2329,3374 2224,3373 2223,3372 2066,3370 2064,3368 2017,3368 2016,3367 2016,3340 2016,3340 1782,3337 1781,3338 1781,3375 1781,3375 1698,3374 1697,3373 1510,3371 1367,3370 1366,3371 1188,3369 1187,3369 1187,3370 1187,3371 1018,3369 1017,3370 1016,3370 1015,3370 1015,3371 1015,3372 967,3371 966,3372"/><TextEquiv><Unicode/></TextEquiv><TextEquiv index="1"><Unicode>plaiſir à me faire une douce illuſion</Unicode></TextEquiv></TextLine><TextLine id="l21"><Coords points="1698,3532 1697,3532 1697,3530 1697,3529 1488,3527 1487,3526 1441,3525 1440,3524 1118,3521 1117,3522 967,3520 966,3521 963,3521 962,3521 962,3520 962,3519 961,3519 960,3518 958,3518 957,3518 958,3512 957,3511 957,3472 956,3471 933,3471 929,3466 927,3466 926,3465 926,3463 924,3461 925,3420 925,3420 926,3420 928,3418 947,3418 949,3416 959,3416 960,3416 960,3373 961,3372 1003,3373 1004,3372 1184,3374 1184,3373 1184,3371 1185,3371 1282,3372 1282,3371 1282,3370 1284,3368 1284,3356 1285,3355 1285,3353 1287,3352 1290,3352 1292,3354 1292,3356 1294,3358 1294,3362 1295,3363 1313,3363 1315,3365 1316,3365 1317,3366 1319,3366 1322,3369 1487,3371 1488,3372 1863,3376 1863,3376 1863,3374 1864,3373 1874,3373 1874,3373 1874,3367 1875,3366 1875,3359 1876,3358 1877,3358 1877,3358 1877,3350 1878,3349 1884,3349 1884,3349 1884,3343 1885,3342 1899,3342 1900,3343 1904,3344 1904,3344 1904,3353 1905,3354 1906,3354 1906,3354 1906,3356 1908,3358 1913,3358 1913,3358 1913,3370 1914,3371 1916,3371 1917,3372 1917,3375 1918,3376 2346,3380 2348,3378 2356,3378 2357,3379 2647,3383 2648,3382 2649,3382 2649,3381 2649,3380 2650,3380 2652,3380 2654,3378 2664,3378 2670,3384 2670,3385 2670,3386 2927,3389 2928,3389 2928,3393 2928,3394 2990,3394 2991,3395 2991,3418 2991,3418 3114,3420 3115,3420 3115,3425 3115,3426 3143,3426 3144,3427 3144,3428 3144,3428 3147,3428 3148,3429 3272,3430 3274,3432 3276,3433 3280,3437 3280,3439 3281,3440 3282,3440 3282,3440 3282,3444 3284,3446 3284,3449 3285,3450 3327,3450 3329,3452 3330,3452 3330,3453 3330,3454 3331,3454 3332,3454 3332,3455 3332,3456 3333,3456 3334,3456 3334,3457 3334,3461 3335,3462 3335,3469 3332,3472 3332,3473 3332,3473 3331,3473 3328,3476 3290,3476 3289,3476 3289,3496 3288,3497 3286,3497 3281,3502 3275,3501 3274,3502 3259,3502 3259,3503 3258,3547 3258,3547 3252,3547 3251,3547 3251,3526 3251,3525 2959,3522 2958,3523 2908,3522 2908,3523 2907,3524 2906,3525 2817,3525 2816,3525 2816,3542 2816,3542 2814,3542 2813,3542 2813,3530 2813,3529 2420,3525 2419,3526 2419,3527 2418,3528 2234,3526 2233,3527 2233,3531 2233,3531 2068,3529 2067,3530 2064,3530 2063,3530 2063,3529 2063,3528 1744,3525 1743,3525 1743,3532 1743,3533"/><TextEquiv><Unicode/></TextEquiv><TextEquiv index="1"><Unicode>en ſa faveur; j'avois rêvé, dans la com-</Unicode></TextEquiv></TextLine><TextLine id="l22"><Coords points="2644,3700 2644,3699 2644,3678 2643,3678 2520,3676 2518,3678 2507,3678 2505,3676 2503,3676 2503,3676 2503,3675 2502,3674 2501,3674 2501,3674 2501,3657 2501,3656 2432,3655 2286,3654 2285,3654 2285,3681 2278,3688 2269,3688 2269,3687 2269,3672 2268,3672 2106,3670 2106,3670 2106,3683 2104,3685 2103,3685 2102,3683 2102,3680 2101,3680 1961,3678 1961,3679 1961,3690 1960,3690 1958,3690 1957,3689 1834,3688 1833,3689 1734,3688 1734,3687 1734,3668 1733,3668 1586,3666 1586,3667 1586,3676 1583,3678 1469,3677 1469,3677 1469,3682 1468,3683 1466,3683 1465,3684 1461,3684 1461,3684 1461,3685 1460,3686 1102,3682 1101,3683 1087,3683 1086,3682 1084,3682 1084,3681 1084,3658 1083,3658 951,3656 950,3658 950,3659 949,3659 947,3657 945,3657 945,3657 945,3641 945,3640 926,3640 924,3638 925,3637 926,3588 926,3588 927,3588 928,3587 928,3578 928,3578 944,3578 945,3578 945,3575 945,3574 958,3574 959,3574 959,3550 960,3549 960,3545 962,3543 962,3522 963,3521 1105,3523 1106,3522 1153,3522 1154,3521 1327,3523 1327,3523 1328,3507 1330,3505 1330,3503 1330,3502 1360,3503 1361,3502 1362,3502 1363,3501 1363,3497 1364,3496 1364,3493 1365,3492 1369,3492 1370,3492 1370,3496 1370,3497 1374,3497 1375,3497 1375,3501 1377,3503 1376,3524 1377,3525 1450,3526 1451,3527 1533,3527 1533,3528 1533,3530 1534,3531 1743,3533 1743,3533 1743,3572 1743,3573 1890,3574 1891,3573 1894,3573 1896,3571 1899,3571 1900,3571 1905,3571 1907,3573 2085,3575 2086,3574 2092,3574 2093,3575 2203,3576 2204,3576 2204,3577 2204,3578 2372,3580 2373,3579 2444,3579 2445,3578 2448,3578 2449,3577 2452,3578 2453,3579 2456,3579 2458,3580 2458,3582 2458,3583 2459,3583 2460,3583 2459,3620 2460,3621 2606,3622 2606,3622 2606,3615 2607,3614 2608,3612 2610,3610 2610,3606 2613,3603 2613,3601 2613,3600 2614,3600 2615,3600 2615,3596 2616,3595 2616,3593 2618,3590 2622,3590 2627,3585 2630,3585 2632,3584 2632,3581 2633,3580 2633,3579 2633,3579 2673,3579 2675,3581 2710,3581 2711,3582 2861,3584 2862,3583 2862,3553 2864,3552 2864,3550 2866,3548 2869,3548 2870,3547 2881,3547 2882,3548 2889,3548 2890,3550 2890,3554 2891,3554 3015,3556 3015,3555 3015,3554 3016,3554 3017,3554 3017,3553 3017,3552 3018,3552 3019,3552 3019,3551 3019,3549 3020,3549 3022,3549 3022,3548 3022,3547 3023,3547 3024,3547 3024,3546 3024,3545 3025,3545 3026,3545 3026,3544 3026,3543 3027,3543 3031,3543 3032,3542 3034,3542 3034,3541 3034,3540 3035,3540 3048,3540 3050,3542 3053,3542 3054,3543 3058,3543 3060,3546 3060,3548 3062,3550 3062,3573 3062,3573 3081,3573 3083,3575 3083,3583 3083,3583 3241,3585 3242,3585 3242,3555 3243,3554 3244,3554 3244,3554 3244,3550 3246,3548 3249,3548 3250,3547 3261,3547 3263,3549 3265,3549 3265,3550 3265,3552 3267,3554 3267,3557 3268,3558 3268,3585 3268,3585 3311,3586 3313,3588 3317,3588 3318,3588 3318,3589 3318,3590 3320,3590 3323,3593 3323,3595 3323,3595 3326,3595 3327,3596 3326,3621 3327,3622 3327,3628 3328,3629 3328,3630 3330,3632 3330,3646 3328,3648 3328,3650 3325,3653 3325,3655 3323,3657 3321,3657 3318,3660 3314,3660 3313,3660 3313,3661 3313,3662 3292,3662 3291,3661 3133,3659 3132,3660 3090,3659 3086,3662 3078,3662 3076,3665 3076,3667 3075,3667 3043,3667 3043,3667 3043,3668 3042,3669 3040,3669 3040,3668 3040,3663 3039,3663 2885,3661 2885,3662 2885,3670 2883,3672 2883,3683 2882,3683 2880,3683 2880,3684 2880,3687 2878,3688 2876,3688 2876,3689 2876,3691 2873,3693 2871,3693 2871,3694 2871,3695 2870,3695 2868,3695 2867,3696 2861,3696 2860,3695 2858,3695 2856,3693 2854,3693 2854,3692 2854,3670 2853,3670 2701,3668 2701,3669 2701,3689 2698,3691 2687,3691 2687,3692 2687,3696 2685,3697 2670,3697 2670,3697 2670,3699 2669,3700"/><TextEquiv><Unicode/></TextEquiv><TextEquiv index="1"><Unicode>plaiſance de mon cœur, que je ſerois</Unicode></TextEquiv></TextLine><TextLine id="l23"><Coords points="1887,3847 1887,3847 1887,3846 1886,3845 1581,3842 1581,3842 1581,3839 1580,3838 1250,3834 1249,3834 1249,3833 1249,3832 1214,3832 1213,3832 1213,3831 1213,3830 1018,3828 1017,3827 1018,3787 1017,3787 938,3786 938,3786 938,3785 937,3784 935,3784 932,3781 930,3781 928,3778 928,3776 927,3776 925,3776 924,3774 924,3745 922,3743 922,3732 924,3730 924,3726 927,3724 933,3724 933,3723 934,3694 938,3691 938,3689 938,3688 1083,3690 1084,3689 1084,3682 1084,3682 1498,3686 1499,3686 1499,3672 1499,3671 1533,3672 1535,3673 1535,3676 1535,3677 1548,3677 1550,3679 1552,3679 1553,3680 3264,3698 3265,3699 3265,3700 3265,3700 3269,3700 3271,3702 3274,3702 3275,3703 3275,3706 3275,3707 3276,3707 3277,3708 3278,3708 3279,3709 3279,3766 3279,3767 3334,3767 3335,3768 3335,3770 3335,3770 3337,3770 3339,3772 3339,3780 3337,3782 3337,3784 3334,3787 3334,3790 3332,3791 3288,3791 3288,3791 3287,3814 3285,3817 3274,3817 3273,3817 3182,3816 3181,3817 3125,3817 3123,3819 3108,3819 3107,3820 2985,3818 2984,3819 2724,3817 2723,3817 2721,3817 2719,3819 2707,3819 2706,3820 2706,3837 2705,3838 2067,3831 2066,3832 2066,3843 2065,3843 2047,3843 2047,3844 2047,3849 2046,3849"/><TextEquiv><Unicode/></TextEquiv><TextEquiv index="1"><Unicode>héureuſe entre les bras de cet infi-</Unicode></TextEquiv></TextLine><TextLine id="l24"><Coords points="1628,4027 1626,4024 1626,4023 1625,4023 1622,4023 1622,4022 1622,4021 1621,4020 1621,4014 1621,4013 1601,4013 1600,4013 1600,4012 1600,4011 1594,4011 1593,4011 1593,4007 1593,4006 1460,4005 1459,4004 1459,4003 1459,4003 1124,3999 1123,3998 1093,3998 1092,3997 1092,3973 1092,3973 1019,3972 1017,3969 1017,3959 1016,3959 926,3958 926,3957 926,3891 929,3888 929,3886 932,3884 946,3884 946,3884 947,3868 948,3867 948,3863 950,3861 950,3859 950,3858 951,3858 952,3858 952,3854 952,3853 1016,3854 1017,3853 1017,3828 1018,3828 1125,3829 1127,3827 1130,3827 1130,3828 1130,3831 1131,3831 1215,3832 1215,3833 1215,3834 1216,3834 1255,3834 1255,3835 1255,3838 1255,3838 1587,3842 1588,3843 1609,3843 1610,3844 2047,3849 2049,3851 2049,3857 2049,3857 3007,3868 3009,3869 3008,3895 3009,3896 3304,3899 3304,3899 3304,3900 3305,3901 3311,3901 3313,3903 3315,3903 3316,3904 3321,3904 3323,3907 3323,3909 3325,3910 3328,3910 3329,3911 3330,3911 3330,3912 3330,3915 3331,3915 3332,3915 3332,3916 3332,3930 3330,3932 3330,3956 3328,3958 3328,3961 3327,3962 3327,3963 3326,3963 3325,3963 3325,3964 3325,3966 3324,3966 3322,3966 3322,3967 3322,3969 3318,3972 3316,3972 3315,3973 3315,3975 3313,3977 3247,3976 3246,3977 3176,3976 3176,3977 3175,4008 3174,4009 3174,4011 3174,4011 3173,4011 3172,4012 3172,4013 3172,4013 2786,4009 2785,4010 2785,4012 2785,4012 2022,4004 2021,4004 2021,4005 2021,4006 2017,4006 2016,4007 1646,4003 1645,4003 1645,4022 1644,4023 1642,4023 1638,4027"/><TextEquiv><Unicode/></TextEquiv><TextEquiv index="1"><Unicode>dèle; &amp; je vois, avec amertume, que</Unicode></TextEquiv></TextLine><TextLine id="l25"><Coords points="988,4152 987,4151 977,4150 976,4149 974,4149 974,4149 974,4148 973,4147 950,4147 950,4147 950,4146 949,4145 948,4145 948,4145 948,4143 947,4142 947,4112 946,4111 931,4111 931,4110 931,4108 926,4103 926,4101 924,4099 924,4094 926,4092 926,4090 927,4089 928,4054 933,4049 935,4049 936,4049 936,4045 936,4044 938,4044 940,4042 971,4042 972,4042 972,4040 972,4039 980,4039 981,4039 1076,4040 1077,4039 1078,4039 1079,4038 1079,4008 1081,4006 1081,4003 1082,4003 1083,4003 1085,4001 1087,4001 1089,3999 1091,3999 1092,3998 1743,4005 1743,4004 1743,4003 1744,4003 1746,4003 1746,4002 1746,3999 1747,3999 1750,3999 1750,3998 1750,3997 1751,3997 1753,3997 1758,3992 1782,3992 1787,3997 2699,4007 2700,4006 2706,4006 2706,4007 2706,4008 2707,4008 2711,4008 2711,4009 2711,4010 2712,4010 2940,4013 2940,4013 2940,4014 2941,4015 2941,4016 2943,4018 2945,4018 2945,4018 2945,4022 2946,4023 2948,4023 2950,4025 2950,4026 2951,4027 3265,4030 3267,4032 3275,4033 3277,4034 3277,4038 3277,4039 3279,4039 3280,4039 3280,4041 3280,4042 3281,4042 3282,4042 3282,4048 3282,4049 3283,4049 3284,4049 3284,4051 3284,4052 3323,4052 3325,4054 3327,4054 3328,4055 3327,4107 3330,4110 3330,4111 3331,4111 3332,4111 3332,4112 3332,4117 3330,4119 3330,4121 3324,4126 3317,4126 3315,4128 3313,4128 3313,4128 3313,4130 3311,4132 3271,4131 3270,4132 3268,4132 3263,4137 3254,4137 3253,4138 3165,4137 3163,4140 3163,4142 3162,4143 3162,4145 3161,4145 3160,4145 3160,4146 3160,4147 3159,4147 3157,4147 3156,4149 3156,4150 3155,4151 3155,4152 3154,4152 3152,4152 3147,4157 2516,4150 2516,4151 2515,4167 2515,4167 2495,4167 2494,4167 2494,4165 2494,4164 1649,4155 1649,4155 1649,4158 1648,4159"/><TextEquiv><Unicode/></TextEquiv><TextEquiv index="1"><Unicode>nje me ſuis bercée d'une chimère, &amp;</Unicode></TextEquiv></TextLine><TextLine id="l26"><Coords points="1074,4309 1073,4308 957,4306 957,4306 957,4268 957,4267 908,4267 905,4264 905,4258 909,4255 921,4255 921,4254 922,4230 922,4230 923,4230 924,4229 924,4208 926,4206 926,4204 926,4204 928,4204 933,4200 936,4200 937,4199 947,4199 947,4199 947,4169 948,4168 1043,4169 1046,4166 1164,4168 1165,4166 1165,4164 1166,4164 1167,4164 1169,4162 1279,4163 1280,4162 1347,4163 1347,4162 1347,4159 1348,4159 1349,4159 1349,4158 1349,4157 1350,4157 1352,4157 1353,4156 1354,4156 1355,4155 1360,4155 1361,4154 1529,4155 1530,4155 1530,4154 1532,4152 1541,4152 1542,4151 1542,4150 1542,4150 1546,4150 1547,4149 1601,4149 1602,4150 1602,4152 1604,4154 1604,4156 1605,4157 1624,4158 1625,4159 1650,4159 1650,4159 1650,4160 1651,4161 1652,4161 1652,4161 1652,4196 1653,4197 1957,4200 1957,4200 1958,4155 1960,4152 1964,4152 1965,4152 1965,4150 1965,4149 2025,4150 2027,4151 2027,4156 2027,4157 2047,4157 2050,4160 2049,4180 2050,4180 2338,4183 2338,4183 2338,4182 2339,4181 2340,4181 2341,4180 2341,4179 2342,4178 2343,4178 2343,4178 2343,4177 2344,4176 2345,4176 2345,4176 2345,4174 2346,4173 2350,4173 2350,4173 2350,4172 2351,4171 2354,4171 2355,4171 2494,4172 2494,4172 2494,4168 2495,4167 2516,4167 2517,4169 2517,4173 2520,4176 2520,4178 2521,4178 2522,4178 2522,4179 2522,4181 2524,4183 2524,4188 2525,4189 2525,4198 2526,4198 2754,4201 2754,4200 2754,4194 2756,4192 2756,4190 2759,4187 2759,4183 2760,4183 2761,4183 2761,4182 2761,4178 2764,4175 2764,4173 2765,4173 2768,4173 2768,4173 2768,4170 2769,4169 2770,4169 2771,4168 2771,4167 2772,4166 2774,4166 2776,4164 2778,4164 2778,4165 2778,4166 2779,4166 2781,4166 2783,4168 2785,4168 2785,4169 2785,4173 2786,4173 2787,4173 2787,4174 2787,4175 2788,4176 2788,4177 2790,4178 3108,4182 3108,4181 3108,4175 3113,4171 3115,4171 3117,4169 3119,4169 3120,4168 3132,4168 3133,4169 3134,4169 3134,4170 3134,4173 3135,4173 3137,4173 3138,4175 3138,4210 3139,4210 3321,4212 3322,4214 3329,4214 3330,4215 3330,4216 3330,4216 3333,4216 3334,4217 3334,4219 3335,4220 3335,4257 3335,4257 3337,4257 3338,4258 3337,4260 3339,4262 3339,4272 3337,4274 3337,4281 3337,4281 3333,4281 3332,4282 3332,4283 3332,4283 3331,4283 3328,4286 3325,4286 3323,4288 3321,4288 3319,4290 3269,4289 3268,4290 3243,4290 3241,4292 3132,4291 3131,4292 2941,4290 2940,4290 2940,4304 2939,4305 2938,4305 2938,4305 2938,4306 2937,4307 2869,4306 2869,4307 2869,4309 2868,4309 2859,4309 2859,4309 2859,4307 2858,4306 2809,4305 2809,4305 2809,4299 2809,4298 2663,4297 2659,4293 2430,4290 2429,4291 2429,4295 2429,4295 2422,4295 2420,4294 2420,4292 2420,4291 2418,4291 2417,4291 2417,4287 2417,4286 2399,4286 2398,4285 2086,4282 2085,4282 2085,4308 2084,4309 2080,4309 2079,4310 2079,4311 2078,4311 1934,4310 1934,4310 1934,4311 1933,4312 1930,4312 1930,4312 1930,4315 1929,4316 1928,4316 1926,4314 1925,4314 1924,4313 1858,4312 1858,4312 1858,4279 1858,4278 1532,4275 1531,4275 1531,4310 1530,4311 1306,4308 1306,4309 1306,4310 1305,4310 1079,4308 1078,4309"/><TextEquiv><Unicode/></TextEquiv><TextEquiv index="1"><Unicode>que je ſuis condammée à traîner dans</Unicode></TextEquiv></TextLine><TextLine id="l27"><Coords points="1613,4472 1612,4472 1612,4463 1612,4462 1376,4460 1375,4460 1375,4469 1375,4470 1173,4468 1172,4467 1099,4466 1098,4465 994,4464 993,4463 969,4462 965,4459 965,4458 965,4457 950,4457 948,4456 949,4418 948,4417 931,4417 931,4416 931,4403 930,4403 929,4403 929,4402 929,4393 926,4391 924,4391 924,4390 924,4376 925,4376 931,4376 931,4375 931,4360 932,4360 933,4360 935,4358 940,4358 941,4357 943,4357 943,4357 943,4356 944,4355 947,4355 947,4355 948,4336 952,4332 952,4318 953,4317 953,4314 955,4312 955,4308 955,4307 956,4307 957,4306 965,4306 966,4307 1078,4309 1079,4309 1079,4310 1079,4311 1296,4313 1297,4312 1297,4310 1297,4310 1369,4311 1370,4310 1370,4307 1370,4307 1399,4307 1401,4309 1626,4312 1629,4309 1629,4307 1629,4307 1707,4307 1708,4307 1708,4303 1708,4302 1709,4302 1710,4302 1710,4294 1711,4293 1712,4293 1712,4293 1712,4292 1714,4291 1719,4291 1719,4290 1719,4286 1720,4286 1723,4286 1724,4287 1724,4311 1724,4312 1738,4312 1739,4312 1739,4316 1739,4317 1740,4317 1741,4317 1741,4321 1741,4322 1953,4324 1955,4326 1957,4326 1958,4327 1958,4328 1958,4328 1959,4328 1960,4329 1959,4352 1960,4352 1997,4353 1997,4353 1997,4354 1998,4355 1999,4355 1999,4355 1999,4357 2000,4358 2273,4361 2273,4360 2274,4330 2276,4328 2278,4328 2279,4327 2279,4326 2279,4326 2280,4326 2281,4325 2281,4324 2281,4324 2282,4324 2283,4323 2283,4322 2283,4322 2338,4322 2340,4324 2340,4326 2340,4326 2488,4328 2493,4333 2495,4333 2496,4334 2496,4338 2496,4338 2497,4338 2498,4339 2498,4345 2499,4346 2498,4362 2499,4362 2740,4365 2740,4364 2740,4359 2742,4357 2742,4348 2744,4347 2744,4343 2745,4342 2745,4340 2745,4340 2746,4340 2747,4339 2747,4338 2747,4338 2748,4338 2749,4337 2749,4336 2749,4336 2750,4336 2751,4335 2751,4333 2752,4332 2752,4330 2756,4326 2756,4324 2758,4322 2760,4322 2761,4321 2765,4321 2766,4320 2766,4319 2766,4319 2777,4319 2778,4320 2979,4322 2983,4326 2983,4328 2983,4328 2985,4328 2986,4329 2986,4332 2986,4332 3028,4333 3029,4333 3028,4367 3029,4368 3237,4370 3238,4369 3301,4370 3302,4369 3318,4369 3320,4371 3322,4371 3323,4373 3323,4374 3324,4374 3330,4374 3332,4376 3334,4376 3334,4377 3334,4379 3335,4380 3335,4432 3334,4433 3334,4435 3332,4436 3330,4436 3330,4437 3330,4439 3327,4441 3323,4441 3319,4445 3317,4445 3316,4446 3311,4446 3309,4448 3190,4447 3189,4447 3189,4461 3189,4462 3080,4460 3079,4461 3079,4462 3079,4462 3044,4462 3043,4463 3043,4474 3043,4474 3041,4474 3040,4473 3040,4463 3040,4463 2825,4461 2824,4461 2824,4473 2824,4474 2674,4472 2673,4472 2673,4473 2673,4474 2671,4474 2670,4473 2670,4470 2670,4470 2446,4468 2445,4468 2445,4469 2444,4470 2443,4470 2443,4447 2443,4446 2143,4443 2142,4444 2142,4462 2142,4462 2103,4462 2102,4462 2102,4471 2102,4472 1912,4470 1911,4470 1911,4471 1911,4472 1902,4472 1901,4472 1901,4475 1901,4476"/><TextEquiv><Unicode/></TextEquiv><TextEquiv index="1"><Unicode>àune ſolitûde étemnelle le reſte de mes</Unicode></TextEquiv></TextLine><TextLine id="l28"><Coords points="1433,4660 1430,4658 1430,4657 1430,4656 1414,4656 1413,4656 1413,4643 1413,4642 1407,4642 1406,4642 1406,4633 1406,4632 1402,4632 1401,4632 1401,4630 1399,4628 1399,4626 1399,4625 1202,4623 1201,4623 1201,4641 1201,4642 1199,4642 1197,4644 1140,4643 1139,4644 1137,4644 1135,4646 1118,4646 1117,4647 1096,4647 1094,4649 1089,4649 1086,4646 1086,4620 1086,4620 944,4618 943,4618 944,4612 943,4611 943,4571 942,4570 929,4570 929,4569 929,4567 928,4566 928,4544 928,4544 906,4544 905,4543 905,4540 907,4539 924,4539 924,4538 924,4529 925,4529 926,4529 926,4528 926,4525 927,4525 928,4525 928,4524 929,4519 930,4518 932,4518 934,4516 935,4516 935,4514 935,4513 946,4513 947,4513 947,4478 947,4477 992,4478 993,4477 993,4464 994,4464 1002,4464 1003,4465 1186,4467 1187,4468 1404,4470 1404,4470 1404,4456 1405,4455 1442,4456 1443,4455 1445,4455 1447,4453 1454,4453 1454,4453 1454,4470 1455,4471 1901,4476 1902,4477 1954,4477 1954,4478 1954,4497 1954,4497 2232,4500 2233,4500 2233,4482 2236,4479 2238,4479 2238,4479 2238,4470 2241,4467 2255,4467 2257,4465 2257,4459 2258,4458 2269,4459 2269,4458 2269,4457 2270,4457 2346,4457 2346,4458 2346,4472 2347,4472 2518,4474 2518,4475 2518,4477 2519,4477 2522,4477 2522,4478 2522,4479 2523,4479 2525,4479 2525,4480 2525,4481 2526,4481 2592,4482 2594,4485 2696,4486 2697,4487 2697,4503 2697,4503 2954,4506 2955,4506 2955,4494 2955,4493 3011,4494 3014,4491 3014,4489 3016,4487 3018,4487 3024,4482 3031,4482 3032,4481 3036,4481 3036,4480 3036,4479 3037,4479 3046,4479 3048,4481 3050,4481 3051,4482 3054,4482 3058,4487 3058,4489 3058,4489 3059,4489 3060,4490 3060,4517 3060,4517 3129,4518 3131,4520 3160,4520 3162,4522 3295,4524 3296,4524 3296,4526 3296,4527 3308,4527 3310,4529 3315,4529 3318,4532 3319,4532 3321,4534 3323,4534 3323,4535 3323,4537 3326,4539 3328,4539 3328,4540 3328,4544 3329,4544 3330,4544 3330,4545 3330,4549 3332,4551 3332,4585 3330,4587 3330,4591 3329,4591 3328,4591 3327,4593 3327,4594 3326,4594 3325,4594 3325,4595 3325,4596 3324,4596 3323,4596 3323,4597 3323,4598 3321,4599 3320,4599 3320,4600 3320,4601 3319,4601 3311,4601 3311,4601 3311,4602 3310,4603 3308,4603 3307,4604 3296,4604 3295,4605 3285,4605 3285,4605 3284,4634 3284,4635 3118,4633 3117,4633 3117,4638 3117,4639 3018,4638 3017,4639 2994,4638 2993,4639 2912,4639 2911,4639 2911,4642 2911,4643 2877,4642 2876,4641 2810,4640 2807,4638 2807,4624 2807,4623 2610,4621 2609,4622 2449,4621 2448,4621 2448,4624 2448,4625 2408,4624 2407,4625 2407,4637 2407,4637 2399,4637 2398,4637 2398,4628 2398,4627 2108,4624 2107,4624 2107,4626 2107,4627 2105,4627 2103,4629 2101,4629 2100,4630 2067,4629 2064,4632 2057,4632 2056,4631 1789,4628 1788,4629 1788,4634 1788,4634 1646,4633 1645,4633 1645,4636 1645,4637 1644,4637 1643,4637 1643,4638 1643,4639 1641,4639 1639,4641 1445,4639 1444,4639 1444,4658 1442,4661"/><TextEquiv><Unicode/></TextEquiv><TextEquiv index="1"><Unicode>jours languiſſaus. a chère perſonne</Unicode></TextEquiv></TextLine><TextLine id="l29"><Coords points="1391,4802 1390,4802 1391,4798 1390,4797 1382,4797 1380,4795 1377,4795 1376,4793 1376,4787 1375,4787 1294,4786 1293,4785 1270,4785 1269,4784 1218,4783 1218,4783 1218,4781 1217,4780 976,4777 975,4776 960,4776 960,4776 960,4762 959,4761 936,4761 936,4761 936,4760 935,4759 935,4752 934,4751 934,4733 933,4732 933,4731 933,4730 931,4730 929,4728 929,4725 928,4724 929,4688 931,4686 931,4663 931,4663 933,4663 937,4659 939,4659 941,4658 943,4658 943,4658 943,4619 944,4618 1072,4620 1072,4620 1072,4621 1073,4622 1330,4624 1330,4625 1330,4629 1331,4629 2369,4641 2369,4640 2369,4637 2370,4637 2537,4639 2539,4636 2539,4634 2540,4634 2542,4634 2544,4632 2692,4633 2693,4632 2701,4632 2701,4633 2701,4634 2702,4634 2704,4634 2708,4638 3179,4644 3179,4644 3179,4645 3180,4646 3183,4649 3184,4649 3184,4649 3184,4651 3186,4653 3186,4674 3186,4675 3231,4675 3236,4680 3236,4684 3237,4685 3250,4685 3251,4686 3251,4689 3251,4689 3252,4689 3254,4691 3254,4695 3255,4696 3254,4720 3255,4720 3281,4721 3282,4722 3282,4724 3283,4725 3316,4725 3319,4728 3321,4728 3323,4730 3327,4730 3327,4731 3327,4733 3330,4736 3330,4737 3331,4737 3332,4737 3335,4741 3335,4742 3336,4742 3337,4742 3337,4743 3337,4745 3339,4747 3339,4755 3335,4759 3335,4761 3332,4764 3332,4766 3331,4766 3330,4766 3330,4767 3330,4768 3329,4768 3328,4768 3328,4769 3328,4775 3326,4776 3319,4776 3316,4780 3316,4782 3315,4782 3232,4781 3232,4782 3232,4788 3230,4789 3120,4788 3120,4788 3120,4791 3119,4792 3117,4790 2402,4782 2402,4783 2402,4794 2401,4794 2325,4793 2324,4794 2056,4791 2055,4792 1822,4790 1822,4790 1822,4791 1821,4792 1815,4792 1815,4792 1815,4793 1814,4794 1628,4792 1626,4794 1617,4793 1617,4794 1617,4795 1614,4797 1476,4796 1475,4797 1435,4797 1434,4797 1393,4797 1393,4798 1392,4802 1392,4802"/><TextEquiv><Unicode/></TextEquiv><TextEquiv index="1"><Unicode>ſe jeta . genoux au pied de ſon lit,</Unicode></TextEquiv></TextLine><TextLine id="l30"><Coords points="1017,4960 1017,4959 1017,4958 1016,4958 967,4957 967,4957 967,4927 967,4926 965,4926 964,4926 964,4924 962,4921 946,4921 945,4921 945,4917 945,4916 941,4916 940,4916 940,4908 940,4907 930,4907 929,4906 929,4892 928,4891 928,4890 928,4890 927,4890 926,4889 927,4886 924,4883 924,4875 926,4873 926,4818 929,4815 929,4813 930,4813 942,4813 942,4813 942,4797 942,4796 848,4795 847,4794 847,4791 847,4790 942,4791 943,4791 943,4788 948,4782 952,4782 953,4782 953,4780 956,4776 975,4776 976,4777 1001,4778 1002,4778 1002,4779 1003,4781 1005,4781 1007,4782 1007,4784 1007,4785 1269,4788 1270,4787 1270,4785 1270,4785 1272,4785 1273,4786 1330,4786 1331,4787 1520,4789 1521,4790 1962,4795 1963,4795 1963,4793 1963,4792 1965,4792 1966,4791 2056,4792 2058,4794 2058,4800 2058,4800 2171,4802 2172,4802 2171,4820 2172,4821 2395,4823 2395,4822 2396,4794 2396,4794 2493,4795 2494,4796 2907,4801 2908,4800 2923,4800 2924,4799 2925,4799 2926,4798 2926,4797 2926,4797 2927,4797 2928,4796 2928,4795 2928,4795 2930,4795 2931,4794 3068,4795 3069,4794 3072,4794 3074,4792 3084,4792 3085,4792 3088,4792 3091,4794 3091,4798 3091,4799 3092,4799 3093,4799 3093,4800 3093,4801 3215,4802 3217,4803 3216,4833 3217,4834 3278,4835 3281,4838 3288,4838 3294,4844 3294,4846 3295,4847 3297,4847 3299,4849 3301,4849 3301,4849 3301,4868 3301,4869 3318,4869 3320,4871 3320,4878 3322,4880 3326,4880 3332,4886 3332,4888 3335,4891 3335,4895 3335,4895 3339,4895 3340,4896 3340,4899 3341,4900 3340,4907 3341,4908 3337,4912 3335,4912 3331,4916 3329,4916 3327,4918 3327,4920 3326,4921 3164,4919 3163,4920 3163,4921 3163,4921 3121,4921 3120,4921 3120,4925 3120,4926 3085,4926 3084,4926 3084,4928 3084,4928 2932,4927 2931,4927 2931,4928 2929,4931 2853,4930 2852,4931 2814,4931 2813,4931 2813,4933 2812,4935 2810,4935 2809,4935 2807,4935 2806,4935 2806,4933 2806,4932 2524,4929 2522,4931 2522,4940 2522,4940 2468,4940 2463,4944 2463,4946 2462,4947 2458,4947 2457,4948 2455,4948 2455,4948 2455,4949 2454,4950 2453,4950 2453,4950 2453,4951 2452,4952 2200,4949 2199,4950 2194,4950 2192,4952 2175,4952 2173,4950 1679,4944 1678,4945 1525,4943 1523,4945 1406,4944 1405,4945 1404,4945 1404,4946 1404,4947 1403,4947 1402,4947 1402,4948 1402,4954 1401,4954 1292,4953 1292,4953 1292,4954 1291,4955 1201,4954 1198,4957 1149,4956 1148,4957 1026,4956 1025,4957 1021,4957 1018,4960"/><TextEquiv><Unicode/></TextEquiv><TextEquiv index="1"><Unicode>ſans s'appercevoir que j'étois dedans.</Unicode></TextEquiv></TextLine><TextEquiv><Unicode/></TextEquiv></TextRegion></Page></PcGts>