4266 6032
912 263 3341 451 ſouffert une nuit auſſi délicieuſe que
910 427 3339 606 chaſte; & voilà qu'on m'enlève pour
871 596 3315 758 me placer dans celui d'une dévote. On
874 752 3378 918 m'y traîna en effet; on me jeta d'abord
904 905 3311 1079 ſur le ventre, & j'eus le malheur que
910 1069 3315 1234 des poliſſons s'amusèrent à claquer la
818 1232 3315 1389 partie éminente où l'épingle étoit en-
902 1382 3313 1548 foncée: d'où l'on peut juger de la dou-
909 1542 3316 1703 leur que me cauſoit chacune des cla-
902 1693 3323 1862 ques. Je ne ſais pas comment mon ſang
902 1849 3325 2019 ne me trahiſſoit point en coulant de
922 2006 3330 2169 mes bleſſures. Enfin, je fus couché
926 2161 2699 2328 dans le lit, & laiſſé ſeul.
1082 2305 3325 2483 ientôt la dévote entra pour fe cou-
931 2477 3325 2642 cher. Sur ce nom de dévote, je m'é-
926 2632 3315 2797 tois figuré que c'étoit une vieille fée
900 2788 3339 2955 ſèche & laide; &, d'après cette idée,
919 2948 3322 3108 je n'étois point flatté de me trouver
928 3101 3330 3269 dans ſon lit. Je fus agréablement dé-
921 3260 3318 3423 trompé, quand je vis que c'étoit une
919 3394 3332 3736 ien louue. le narumndébis ulle s
900 3724 3320 3893 muſeroit long-temps à faire ſes prières;
900 3884 3329 4047 elles furent au contraire d'une brièvete
916 4039 3316 4209 ſurprenante; & un gros quart-d'heure
921 4197 3328 4365 fut employé, par la béate, à chercher
919 4352 3322 4521 ſes puces. Je n'oſe mettre ſous les yeux
931 4508 3337 4677 du Lecteur tous les charmes qu'elle
891 4666 3323 4834 mit ſous les miens pendant cette re-
907 4818 3346 5020 cherche, ni lui rendre compte de l'im-
