4266 6032
1776 999 2384 1160 E
913 1255 3319 1504 L'AVENTURIERFRANÇOIS.
1092 1766 3283 1947 LIVRE SECOND.
924 2033 3320 2286 OJu devois-je me réfugier, dans une
926 2278 3318 2450 ſi pénible circonſtance? Sije vais chez
933 2436 3320 2600 nmon père, me diſois-je, on ne tar-
929 2591 3322 2756 dera pas à m'y trouver. Je cours
928 2744 3316 2910 au haſard, je traverſe le pont Marie
934 2897 3320 3068 & l'iſſe Saint-Louis; je gagne bientôt
934 3050 3349 3223 le chemin de Villejuif, & je ſuis la
934 3210 3349 3379 grande route qui conduit à Lyon; ce qui
934 3358 3320 3547 m'inſpira l'idée de me ſauver en Italie,
934 3521 3328 3691 pour m'y réunir à mon Amante, qui
936 3672 3325 3848 étoit pourtant à Paris. Je me doutois
938 3827 3330 4005 bien que mon ſignalement ne tarderoit
933 3988 3330 4317 ioi done fe dénulit re tousi
929 4297 3327 4482 Villejuif, dans une auberge, une fille
934 4457 3328 4624 que je connoiſſois aſſez particulière-
931 4610 3325 4778 ment. Je lui propoſai de changer d'ha-
934 4766 3327 4952 bits avec elle. Nous payâmes notre
