4266 6032
938 216 3322 398 mon déguiſement, on m'auroit ſûre-
945 387 3320 556 ment reconnu. Quoi qu'il en ſoit, mon
948 536 3316 716 brave Militaire me conduiſit dans un
950 694 3319 870 hôtel, où il me préſenta à une très-
924 844 3311 1195 anie nan ponte luat ue ſa uutiien
952 1163 3311 1352 reçu par cette Dame. Je crus voir que
950 1308 3311 1490 ma phyſionomie faiſoit ſur elle une
952 1469 3308 1654 douce impreſſion, & j'apperçus dans
948 1623 3307 1807 ſon accueil plus que de la politeſſe. On
948 1781 3304 1971 me fit beaucoup parler pendant le ſou-
955 1961 3301 2136 per; on reconnut, par ma converſation,
955 2095 3298 2283 que j'avois beaucoup voyagé. Ma foi,
950 2250 3302 2426 ma petite couſine, dit le Militaire à
931 2403 3296 2573 la Dame, vous partez ſeule avec une
945 2553 3294 2733 Femme de chambre pour toute com-
948 2718 3294 2883 pagnie; vous allez faire une aſſez
945 2869 3301 3042 nlongue route, & vous vous trouve-
950 3027 3296 3213 nrez fort embarraſſée, parce que vous
943 3182 3302 3368 nn'avez jamais voyagé; il vous fau-
945 3327 3294 3523 ndroit un homme pour vous conduire:
934 3500 3280 3694 nvous n'en avez point; mais voilà
943 3641 3294 3846 Mademoiſelle en me montrant qui
941 3806 3297 4002 va en Italie, qui ſait ce que c'eſt
936 3956 3294 4147 que de courir le monde, & qui, à
933 4106 3292 4296 ſon petit air réſolu, fait reconnoître
936 4276 3296 4457 que sûrement elle ne ſera pas em-
936 4415 3295 4627 barraſſée pour vous ſervir. d'écuyer.
923 4575 3299 4758 Qu'elle s'habille en homme, ou du
907 4721 3306 4963 nmoins, en amazone; je vous jurt
