4266 6032
960 288 3361 459 nqu'elle fera ſa figure, & qu'elle en
952 448 3366 613 impoſera,. Je ſouris de ce propos.
952 603 3377 768 La Dame m'obſerva fort attentivement,
952 763 3368 923 & d'un air qui annonçoit de l'intérêt:
964 916 3328 1077 cSi Mademoiſelle, dit-elle, veut bien
948 1076 3328 1242 nme confier où elle va, je pourrai
948 1232 3325 1397 npeut-être l'y conduire. -- Je vais,
952 1389 3325 1552 nlui répondis-je, rejoindre une tendre
952 1545 3318 1693 namie nommée la Princeſſe émelli,
948 1700 3318 1863 nqui eſt actuellement à Milan. -- Oh?
945 1856 3328 2006 nohl nous la connoiſſons beaucoup,
945 2011 3322 2173 s'écria l'Officier; elle a logé chez
940 2166 3311 2330 Madame à Paris, il y a un an, pen-
936 2324 3310 2484 dant le voyage qu'elle a fait dans
929 2481 3313 2641 notre Capitale. -- Bon, reprit Ma-
931 2635 3303 2798 dame d'Amainville, car tel étoit le
924 2790 3306 2954 nnom de cette jolie perſonne, je ſuis
922 2948 3306 3111 ncharmée de cette circonſtance, pour
928 3110 3309 3265 pouvoir vous emmener avec moi,
924 3260 3296 3428 nſans manquer aux lois de la prudence;
917 3413 3296 3581 ncar enfin, Mademoiſelle, pardonnez-
919 3574 3303 3743 moi cette remarque, je n'ai pas l'hon-
921 3729 3292 3895 nneur de vous connoître, & vous pa-
921 3884 3298 4016 nroiſſez décidément vouloir reſter in-
916 4039 3285 4204 nconnue. Or vous ſentez le danger
919 4199 3284 4363 nqu'il peut y avoir de ſe charger,
912 4353 3359 4513 nſans connoiſſance de cauſe, d'une
916 4510 3322 4671 perſonne de notre ſexe fur - tout,
916 4665 3339 4830 ndont la réputation eſt ſi délicate;
905 4818 3292 4971 mais vous connoiſſez une Dame reſ-
