4266 6032
926 292 3336 485 npectable, dont le nom doit vous
936 452 3337 652 ſervir de recommandation & de paſſe-
941 609 3342 811 port; d'ailleurs, la candeur & l'hon-
938 763 3335 972 nnêteté ſe peignent ſur votre viſage.
940 914 3338 1128 Je répondis comme je le devois à un
943 1081 3347 1264 compliment ſi flatteur. L'Officier revint
940 1241 3336 1430 au projet de me déguiſer en homme,
883 1391 3331 1572 ou du moins en amazone; mais ſous ce
912 1541 3330 1753 coſtume je craignois de reſſembler trop
952 1700 3373 1900 à mon ſignalemeut. Mon déguiſement
950 1855 3330 2064 n'en eût pas été un; & l'on ſent qu'il
947 2010 3327 2206 eût pu m'être funeſte. Je dis d'un ton
945 2160 3330 2368 réſolu que je n'étois pas obligée d'être
943 2314 3332 2525 habillée en homme pour me faire reſ-
957 2482 3337 2663 pecter. Ohl je le crois, dit en riant
957 2635 2890 2826 l'Officier,. Et il m'embraſſa.
976 2785 3334 2981 Bientôt nous prîmes congé de lui. Il
955 2960 3335 3145 me recommanda fort chaudement à ſa
950 3103 3332 3294 couſine; & dès qu'il fut parti:; Ma
953 3254 3334 3457 foi, dis-je à cette belle Dame, nous
955 3414 3328 3605 n'avons que deux heures à dormir,
955 3574 3332 3758 qu'eſt-il beſoin de nous mettre au
959 3724 3332 3915 lit, pour être obligées de nous re-
959 3879 3330 4078 lever & de nous rhabiller preſque
948 4039 3332 4243 nauſſi-tôt? Si vous m'en croyez nous
950 4204 3333 4395 partirons ſur le champ. -- Mais la
940 4358 3329 4552 nnuit dit la Dame d'un ton crain-
912 4508 3331 4706 tif.... - Ohl fiez-vous à moi, lui
876 4670 3335 4863 répondisje , je ne vous laiſſerai pas
936 4822 3349 5019 inſulter Moncoumge lui en inſpira.
