4266 6032
955 335 3356 536 nous nous ſouhaitâmes réciproquement
964 505 1623 644 le bon ſoir.
1079 654 3370 830 Je puis aſſurer, avec la plus grande
917 809 3370 980 ſincérité, que je ne déſirois aucune-
964 971 3370 1140 ment la faveur dont m'honoroit Made-
922 1125 3370 1287 moiſelle Adélaîde. Elle me mettoit dans
967 1286 3346 1454 un véritable embarras. Il ne falloit
967 1446 3344 1604 me trahir. Je me rappelois que mon
967 1602 3368 1770 père, au même âge que moi cet âge
965 1760 3361 1922 eſt bien impérieux, s'étoit trouvé dans
957 1913 3366 2083 une pareille circonſtance, & qu'il avoit
917 2071 3370 2269 été maître de lui - même. J'entrevoyois
914 2223 3370 2427 beaucoup de difficulé pour être maître
924 2379 3370 2548 de moi a ce point-là, d'autant plus que
945 2541 3370 2699 la demoſſelle, très - innocemment ſans
921 2696 3370 2856 doute, ſe colla contre moi, & me ſerra
976 2849 3370 3013 dans ſes bras. eureuſement elle ne tarda
926 3012 3370 3198 pas à s'endormir; & que n'en puis-je
948 3170 1743 3310 faire autantl
1081 3316 3370 3485 Je reſtai long-temps occupé à rêver
907 3475 3370 3649 à ma ſituation, au danger que je cou-
912 3631 3370 3796 rois, à mon père dont je n'avois pu
950 3788 3370 3964 prendre congé, auquel je n'oſois méme
914 3948 3366 4117 écrire, de peur que ma lettre intercep-
921 4101 3368 4266 tée ne trahît ma route, à ma chère Adé
917 4260 3370 4436 laide que je laiſſois irriteé contre moi,
922 4412 3370 4591 que je n'avois pu entretenir avant de
905 4572 3370 4747 partir. Je m'endormis fort tard en pen-
900 4723 3371 4906 ſant à cette chère perſonne. Elle me ſui
