4266 6032
888 187 3349 381 vit dans mon ſommeil. Je la vis pendant
888 358 3347 525 toute la nuit en rêve. Elle vouloit me
888 511 3341 683 fuir; je m'écriois ſans ceſſe: O ma chère
888 664 3340 840 Adélaidenl Je la ſaiſis dans mes bras;
888 824 3341 1003 elle parut me preſſer dans les ſiens avec
888 979 3345 1160 une ardeur que je ne lui avois jamais
888 1141 3335 1329 connue. Alors, je l'avouerai, mon rêve
888 1294 3330 1480 fut moins chaſte que ceux que m'inſpi-
890 1450 3325 1635 roit ordinairement cette beauté virgi-
890 1609 3330 1793 nale. J'en étois ſurpris, & j'en rougiſ-
890 1762 3332 1940 ſois moi-même, quoiqu'en dormant. Il
890 1915 3322 2107 me ſembloit qu'elle m'appeloit ſon cher
888 2073 3323 2259 Lafleur, nom qui me paroiſſoit igno-
888 2223 3330 2402 ble, & tout à fait étranger dans ſa bou-
888 2381 3325 2577 che. Je lui répondois cependant tou-
892 2543 3320 2739 jouns tendrement, & continuois de l'ap-
888 2697 3316 2878 peler Ma chère Adélaide. Je la
888 2853 3313 3181 ouaie qui matimiet le mae t'atuit
888 3163 3308 3342 étouffé dans ſes ſinguliers embraſſemens.
888 3301 3315 3512 Enfin, pour me jeter dans la confuſion,
888 3474 3299 3658 il me ſembla que nous avions des té-
888 3631 3294 3827 moins qui éclatoient de rire. En effet,
888 3788 3327 3984 je fus éveillé par de bruyans éclats.
888 3949 3294 4149 J'ouvre les yeux; je me vois preſſé
888 4101 3285 4295 réellement, non pas, il eſt vrai, entre
888 4252 3289 4458 les bras de mon amante Adélaide, mais
888 4403 3285 4620 dans ceux de ma compagne de lit, dé-
888 4564 3278 4784 corée du même nom, qui, quoiqu'en
