4266 6032
862 381 3320 570 compagnel que je vous trouve heu-
922 547 3342 716 nreuſe de n'être pas liée comme moi
926 704 3327 872 par des vœuxl & que j'envie en ſe-
916 864 3337 1033 ncret votre ſort -- Ahl ma chère
938 1026 3327 1188 ncompagne, lui répondis-je d'un ton
931 1177 3335 1341 attendri, vous avez aimé, je le vois.
943 1330 3370 1504 n-- En avez - vous fait autant, reprit-
945 1484 3337 1619 nelle d'une voix timide? A ces
943 1643 3337 1958 nai omeur a on macen, ui
943 1956 3320 2122 nrepartis-je. -- Que je ſuis charmée,
912 2113 3323 2277 nme répliqua-t-elle, de vous voir cette
952 2262 3339 2421 conformité avec moi, ma chère amie?
936 2408 3341 2584 Et en me difant ces mots elle me ſerroit
957 2565 3339 2743 de plus près, & m'accabloit de ſes chaſtes
957 2723 3354 2898 baiſers, que je ne luirendois qu'en trem-
959 2878 3328 3055 blant. Moi, garçon très-vivant, je me
960 3048 3339 3206 trouvois ferré par une jeune Religieuſe
962 3201 3361 3366 contre ſon cœur palpitant. Lecteurs,
962 3358 3332 3521 mettez-vous à ma place, aucun ne re-
950 3500 3334 3674 fuſera ſans doute cette ſituation; mais,
959 3661 3383 3858 ô vous qui êtes hommes d'honneur,
960 3810 2438 3972 fentez mon embarrasl
1105 3966 3341 4145 A la ſin nous vînmes cependant à
962 4120 3346 4304 bout de nous endormir; & ſa maudite
898 4276 3361 4460 fituation amena le malheureux ſonge. Je
969 4441 3373 4617 rêvois que mon Adélaide avoit pris le
941 4594 3344 4774 voile. Ah l'Chevalier, me diſoit-elle,
967 4754 3373 4935 ofezvous être ſi preſſant? Ne voyez-
