4266 6032
926 317 3320 489 vous pas la ſituation où je ſuis, &
874 475 3311 648 le danger que je cours? ... Ah cruel
922 634 3315 803 nm'y ſerois-je attendue? Abuſes-tu de
928 790 3308 955 ma foibleſſe? ...v. L'infortunée me
921 943 3323 1110 réſiſtoit, l'obſtacle irritoit mes déſirs.
929 1108 3311 1268 Ahl cruelle Adélaîde, m'écriai-je,
926 1261 3325 1428 ntu va être punie de tes refus, de tes
924 1423 3316 1579 nrigueurs; tu céderas à ton vain-
929 1576 3315 1738 nqueurn. Ma victime vouloit ſe ré-
933 1727 3328 1898 crier, & paroiſſoit réellement vertueuſe.
934 1882 3325 2056 Sa vertu agoniſante lui ſit pouſſer un
938 2044 3327 2207 cri perçant. Nous ne tardons pas à nous
938 2197 3332 2363 éveiller mutueliement. Ahl ma chère
936 2355 3328 2518 amie, me dit ma compagne, que je
933 2506 3373 2668 nſors d'un rêve cruell que je fuis char-
943 2663 3337 2824 nmée de me retrouver entre les bras
938 2818 3332 2986 d'une perſonne de mon ſexe Ce-
938 2974 3328 3142 pendant nous appercevons Madame d'A-
941 3129 3342 3298 mainville & la Directrice qui nous obſer-
938 3287 3353 3457 voient. Ma compagne plonge la tête dans
917 3437 3341 3611 le lit. uD'où venez-vous donc, mes en-
947 3600 3345 3762 fans, nous dit la Directrice? -- Ah
947 3753 3352 3951 Madame, pardonnez, répondit la
945 3915 3354 4084 jeune Religieuſe toute troublée, je
948 4070 3346 4231 me trouvois dans un grand embar-
952 4230 3357 4407 nras. La ſage Minerve ne voulut pas
945 4371 3363 4551 pouſſer les queſtions plus loin. Elle me
907 4537 3387 4709 fit ſigne de l'œil de ne rien dire de plus,
947 4699 3361 4880 &m'examina en filence. Elle parut fâchée
