4266 6032
909 266 3301 485 d'appercevoir, dans un coin, la maligne
909 469 3370 632 Femme de chambre qui nous lorgnoit
902 627 3306 795 d'un œil perçant, & rioit ſous cape. La
907 776 3308 950 jeune Religieuſe oſa montrer enfin ſa
919 940 3316 1101 tête hors du lit. Ahl ma chère mère,
914 1096 3320 1259 dit-elle, j'ai rêvé le cruel Chevalier;
919 1249 3323 1412 & en me ſerrant dans ſes bras, il me
921 1411 3325 1569 prenoit pour ma rivale, l'indigne
921 1564 2028 1688 Adélaiden.
1067 1715 3320 1879 A ces mots, la Femme de chambre
928 1868 3323 2035 Adélaide leva la tête, & ne put ſe ca-
929 2028 3332 2191 cher qu'il étoit queſtion d'une autre
938 2185 3318 2349 Adélaide qu'elle. La Directrice dit à ma
943 2340 3339 2502 compagne en l'embraſſant: Ma chère
940 2491 3322 2657 enfant, l'ancienne paſſion ſubſiſte tou-
941 2649 3339 2811 jours; le cœur n'eſt pas guéri.
940 2791 3344 2970 Elle fit ſigne à Madame d'Amainville,
935 2964 3346 3124 qui paroiſſoit vouloir parler, de ne pas
950 3112 3322 3277 inſiſter ſur cette ſcène, pour ne pas faire
940 3272 3351 3434 jaſer la Femme de chambre. Nous nous
907 3428 3353 3594 levâmes en filence, & nous montâmes
952 3583 3353 3748 en voiture: nous parlâmes peu ſur la
902 3739 3351 3908 route. Cependant la Demoiſelle Adé-
950 3894 3358 4058 laide obſerva que c'étoit toujours ſon
831 4063 3341 4223 nom qui prévalcit, & que je ne répé-
934 4216 2025 4379 tois que celi-là.
940 4362 3356 4532 Enfin à la dernière nuit que nous de-
907 4524 3363 4692 vions coucher en route, on ne voulut
840 4656 3363 4894 plu m'abandonner la jeune Religieuſe;
