4266 6032
904 353 3316 537 vraiſemblables; ainſi, l'abſurdité appa-
912 525 3342 704 rente de cette aventure doit être un ga-
917 683 2039 843 rant de ſa réalité.
1033 781 3285 998 Je m'attendois à trouver la Direc-
922 990 3289 1161 trice taciturne, ou du moins auſtère &
922 1149 3368 1312 laconique dans les propos, froide & ré-
926 1304 3294 1468 ſervée dans ſes manières. Rien de plus
931 1464 3292 1625 éloigné de ſon caractère. Elle avoit un
838 1614 3380 1778 caquet inépuiſable. Ma chère enfant,
934 1774 3299 1936 me dit-elle, je vous prive d'une com-
950 1930 3285 2097 pagnie plus agréable que la mienne;
947 2083 3306 2240 mais j'ai tant de plaiſir à me voir avec
948 2236 3306 2402 nvous, vous m'avez inſpiré tant d'a-
950 2391 3312 2551 mitié, que vous y devez être un peu
953 2546 3320 2709 ſenſible. Et la Béate accompagnoit
955 2699 3342 2866 ces complimens e careſſes & d'embraſ-
960 2852 3336 3017 ſemens, qu'elle paroiſſoit me prodiguer
965 3007 3332 3186 de tout ſon cœur & ſans y entendre
957 3174 1615 3330 malice.
976 3306 3330 3490 Je répondois le plus poliment que
971 3479 3327 3643 je pouvois à ſes amitiés, & je cher-
971 3628 3354 3799 chois à m'y ſouſtraire; cependant, à
837 3782 3334 3956 mon grand étonnement, je m'en ſen-
969 3935 3336 4117 tois ému, & je me gardois bien d'en
972 4095 3363 4271 témoigner rien. Je ſoubaitai décidément
971 4255 3359 4426 le bon ſoir à ma compagne; je feignis
974 4410 3356 4576 de dormir; & bientôt je dormis en
972 4564 3354 4736 effet. Mais le cruel Morphée vint en-
967 4720 3361 4899 core me pérſécuter par des fonges. Ce
