<?xml version="1.0" encoding="UTF-8" standalone="no"?><PcGts xmlns="http://schema.primaresearch.org/PAGE/gts/pagecontent/2017-07-15" xmlns:xsi="http://www.w3.org/2001/XMLSchema-instance" xsi:schemaLocation="http://schema.primaresearch.org/PAGE/gts/pagecontent/2017-07-15 http://schema.primaresearch.org/PAGE/gts/pagecontent/2017-07-15/pagecontent.xsd"><Metadata><Creator/><Created>2020-10-14T09:53:25</Created><LastChange>1970-01-01T00:00:00</LastChange><Comments/></Metadata><Page imageFilename="0068.png" imageHeight="6032" imageWidth="4266"><TextRegion id="r1" orientation="0.0" type="paragraph"><Coords points="1,1 4264,1 4264,6030 1,6030"/><TextLine id="l1"><Coords points="1128,454 1127,454 1127,421 1127,420 1033,420 1031,419 1031,418 1031,417 1030,417 1029,417 1029,416 1029,415 932,415 929,412 927,412 926,412 926,361 926,360 925,360 924,360 924,353 926,351 926,349 927,348 928,348 928,348 928,346 929,345 958,345 960,343 965,343 967,341 1124,341 1124,341 1124,315 1125,314 1125,310 1127,308 1127,305 1131,301 1131,299 1132,298 1134,298 1141,291 1144,291 1144,292 1144,293 1145,293 1156,293 1159,296 1161,296 1163,298 1166,298 1167,300 1167,303 1168,304 1168,326 1169,326 1416,326 1416,326 1416,308 1417,307 1419,307 1419,307 1419,305 1422,302 1437,302 1438,304 1438,323 1440,325 1440,334 1441,334 1870,334 1871,333 1873,333 1875,331 2009,331 2013,327 2013,325 2014,324 2014,321 2016,319 2016,310 2018,308 2018,306 2019,305 2020,305 2020,305 2020,304 2021,303 2023,303 2024,302 2123,302 2123,302 2123,296 2126,293 2126,291 2127,290 2133,290 2133,290 2133,289 2134,288 2142,288 2142,289 2142,290 2143,290 2145,290 2145,291 2145,294 2148,296 2329,296 2330,295 2419,295 2419,295 2419,294 2420,293 2422,293 2422,293 2422,291 2423,290 2425,290 2427,288 2430,288 2432,286 2434,286 2434,287 2434,288 2435,288 2436,288 2436,289 2436,291 2439,294 2439,308 2441,310 2441,319 2442,319 2443,319 2443,320 2443,334 2444,334 2677,334 2678,333 2823,333 2823,333 2823,301 2826,298 2828,298 2830,296 2836,296 2838,298 2841,298 2842,300 2842,302 2844,303 2845,303 2845,304 2845,333 2846,333 3043,333 3043,333 3043,322 3046,319 3046,315 3047,314 3048,314 3048,314 3048,312 3050,310 3050,306 3052,304 3052,303 3053,302 3053,298 3058,293 3067,293 3067,294 3067,295 3068,295 3249,295 3249,296 3249,298 3250,298 3252,298 3253,300 3253,365 3254,365 3277,365 3277,366 3277,381 3278,381 3311,381 3311,382 3311,388 3310,389 3310,411 3308,413 3308,422 3308,422 3307,422 3306,423 3306,427 3304,429 3304,431 3303,432 3299,432 3293,438 3286,438 3285,439 3284,438 3282,438 3280,436 3278,436 3277,436 3277,413 3277,412 3066,412 3065,413 3065,420 3064,421 3064,427 3064,427 2980,427 2979,428 2979,429 2979,429 2973,429 2972,430 2972,443 2972,443 2968,443 2967,444 2967,448 2967,448 2674,448 2673,449 2673,452 2673,452 2659,452 2658,452 2658,449 2658,448 2611,448 2610,448 2610,447 2610,446 2605,446 2604,446 2604,445 2604,444 2599,444 2598,443 2597,443 2596,443 2596,430 2596,429 2428,429 2427,429 2427,421 2427,420 2218,420 2217,421 2217,441 2217,441 2215,441 2214,441 2214,416 2214,415 2045,415 2044,415 2044,409 2044,408 1868,408 1867,409 1867,410 1867,410 1811,410 1809,412 1806,412 1805,413 1805,417 1805,417 1787,417 1786,417 1786,415 1786,414 1653,414 1652,414 1652,411 1652,410 1366,410 1365,411 1365,445 1362,448 1350,448 1349,448 1349,446 1346,443 1346,439 1344,437 1344,423 1344,422 1343,422 1342,422 1342,420 1342,419 1142,419 1141,420 1141,454 1141,454"/><TextEquiv><Unicode/></TextEquiv><TextEquiv index="1"><Unicode>ne fut plus mon Adélaîde que je rêvai,</Unicode></TextEquiv></TextLine><TextLine id="l2"><Coords points="3142,608 3141,608 3141,593 3141,592 2888,592 2887,593 2887,594 2886,595 2886,598 2885,599 2867,599 2866,599 2866,587 2866,586 2735,586 2733,585 2733,581 2733,580 2726,580 2725,580 2725,573 2725,572 2428,572 2427,573 2311,573 2310,574 2310,579 2310,579 2306,579 2305,580 2305,582 2305,582 2244,582 2243,583 2243,598 2243,598 1978,598 1977,599 1977,606 1977,606 1976,606 1975,607 1972,607 1970,606 1970,574 1970,573 1689,573 1688,574 1688,592 1688,592 1513,592 1512,593 1512,594 1509,597 1509,599 1509,599 1505,599 1504,600 1504,601 1504,601 1503,601 1502,602 1502,603 1502,603 1498,603 1497,604 1476,604 1475,603 1473,603 1471,601 1462,601 1457,596 1455,596 1454,596 1454,595 1454,594 1453,594 1452,594 1452,592 1450,590 1450,571 1450,570 1022,570 1020,572 1016,572 1015,573 955,573 954,574 954,576 953,577 952,577 952,576 952,575 942,575 941,575 941,574 941,573 939,573 938,572 929,572 928,572 928,570 926,567 924,567 921,565 921,563 920,561 918,561 917,561 917,559 915,556 913,556 912,556 912,554 910,552 910,530 911,529 912,529 912,529 912,521 913,520 914,520 914,520 914,516 917,513 917,511 918,510 920,510 925,505 929,505 929,505 929,504 930,503 931,503 931,503 931,502 932,501 933,501 935,499 1002,499 1003,498 1091,498 1091,498 1091,495 1092,494 1094,494 1096,492 1096,485 1097,484 1098,484 1098,484 1098,476 1099,475 1100,475 1103,472 1103,471 1104,470 1105,470 1105,470 1105,468 1106,467 1106,465 1108,463 1110,463 1110,463 1110,459 1111,458 1125,458 1125,458 1125,456 1126,455 1127,455 1128,454 1141,454 1141,455 1141,456 1142,456 1326,456 1328,458 1330,458 1330,459 1330,460 1331,460 1332,460 1332,461 1332,489 1333,489 1824,489 1824,489 1824,449 1825,448 1827,448 1827,448 1827,447 1828,446 1884,446 1884,447 1884,448 1885,448 1889,448 1891,450 2066,450 2067,451 2376,451 2376,451 2376,449 2377,448 2396,448 2396,449 2396,451 2397,451 2398,451 2398,452 2398,453 2399,453 2401,453 2402,455 2402,489 2403,489 2646,489 2646,489 2646,471 2649,468 2649,465 2651,463 2653,463 2653,463 2653,461 2656,458 2656,456 2658,454 2658,453 2659,452 2673,452 2673,453 2673,454 2675,456 2675,458 2676,458 2716,458 2716,459 2716,489 2717,489 2945,489 2945,489 2945,454 2946,453 2981,453 2981,453 2981,452 2982,451 2984,451 2985,450 2996,450 2998,448 3014,448 3014,449 3014,450 3016,451 3017,451 3017,452 3017,453 3018,453 3020,453 3022,455 3024,455 3024,456 3024,468 3025,468 3089,468 3089,469 3089,491 3090,491 3174,491 3174,492 3174,493 3175,493 3181,493 3182,494 3211,494 3213,496 3270,496 3270,497 3270,498 3271,498 3280,498 3282,501 3282,503 3283,503 3285,503 3287,505 3291,505 3291,506 3291,510 3294,513 3294,520 3295,520 3296,520 3296,521 3296,542 3297,543 3297,555 3296,556 3296,558 3296,558 3295,558 3294,559 3294,561 3292,563 3292,565 3287,570 3287,572 3287,572 3281,572 3280,573 3276,573 3275,574 3275,575 3275,575 3151,575 3150,576 3150,608 3150,608"/><TextEquiv><Unicode/></TextEquiv><TextEquiv index="1"><Unicode>ce fut la grave Religieuſe même. Je me</Unicode></TextEquiv></TextLine><TextLine id="l3"><Coords points="2982,764 2981,764 2981,762 2981,761 2545,761 2544,761 2544,758 2544,757 2542,757 2541,757 2541,731 2541,730 1492,730 1398,730 1397,731 1397,756 1397,756 1396,756 1394,758 1394,759 1394,759 1393,759 1392,760 1392,761 1392,761 1388,761 1386,763 1383,763 1382,764 1381,764 1378,761 1371,761 1368,759 1368,731 1368,730 998,730 996,728 939,728 937,726 918,726 914,723 914,667 914,666 913,666 912,666 912,664 913,663 914,663 914,663 914,657 916,655 916,653 918,651 919,651 919,651 919,650 920,649 921,649 921,649 921,648 923,646 924,646 924,646 924,645 925,644 926,644 926,644 926,640 928,638 928,636 929,635 929,633 930,632 931,632 931,632 931,630 933,628 933,624 934,623 936,623 938,621 938,619 939,618 943,618 945,616 945,614 946,613 952,613 952,613 952,612 953,611 957,611 959,609 960,609 961,608 1589,608 1591,606 1622,606 1622,606 1622,604 1623,603 1624,603 1624,603 1624,602 1625,601 1641,601 1643,603 2785,603 2785,603 2785,600 2786,599 2790,599 2790,600 2790,601 2791,601 2793,601 2795,603 2881,603 2882,604 2999,604 3000,606 3000,608 3001,608 3153,608 3153,609 3153,611 3156,614 3156,616 3157,616 3159,616 3160,618 3160,621 3162,623 3162,625 3165,628 3165,630 3166,630 3168,630 3169,632 3169,634 3174,639 3174,642 3175,643 3175,649 3176,649 3235,649 3238,652 3283,652 3287,657 3287,659 3288,659 3302,659 3303,661 3303,664 3301,666 3301,712 3299,714 3299,716 3297,718 3297,721 3297,721 3295,721 3294,722 3294,723 3294,723 3292,723 3290,725 3283,725 3281,727 3278,727 3277,728 3092,728 3091,729 3091,759 3089,761 3089,763 3089,763 3085,763 3084,764"/><TextEquiv><Unicode/></TextEquiv><TextEquiv index="1"><Unicode>ſentois preſſé dans ſes bras. Ahl père</Unicode></TextEquiv></TextLine><TextLine id="l4"><Coords points="2491,923 2490,922 2277,922 2276,922 2276,920 2276,919 2158,919 2157,919 2157,910 2157,909 1531,909 1529,907 1526,907 1524,906 1524,905 1524,904 1523,904 1521,903 1521,888 1521,887 1104,887 1103,886 1102,886 1101,886 1101,884 1101,883 1068,883 1067,883 1067,882 1067,881 1066,881 1063,878 1056,878 1055,878 1055,877 1055,876 1054,876 1053,876 1053,874 1051,872 1051,870 1051,869 949,869 948,868 912,868 909,866 909,865 909,864 908,864 907,864 907,863 907,862 906,862 905,862 905,853 906,852 909,852 909,852 909,851 910,850 912,850 912,850 912,828 914,826 914,824 919,819 1057,819 1057,819 1057,788 1058,787 1058,785 1062,781 1062,779 1064,777 1064,776 1065,775 1070,775 1072,773 1072,772 1073,771 1075,771 1077,769 1086,769 1087,768 1089,768 1089,768 1089,767 1090,766 1676,766 1676,766 1676,765 1677,764 1679,764 1684,759 1801,759 1803,761 1805,761 1805,762 1805,763 1806,763 2618,763 2619,764 2998,764 2998,765 2998,769 3000,771 3000,795 3001,795 3039,795 3045,802 3045,806 3046,806 3260,806 3261,807 3290,807 3292,809 3342,809 3342,810 3342,811 3342,811 3311,811 3310,812 3310,818 3308,820 3308,872 3306,874 3306,876 3304,878 3304,879 3303,880 3303,881 3303,881 3293,881 3292,882 3292,885 3292,885 3262,885 3261,886 3214,886 3213,887 3213,904 3213,904 2831,904 2830,905 2830,907 2830,907 2586,907 2585,908 2585,919 2585,919 2507,919 2506,920 2506,921 2506,921 2497,921 2495,923"/><TextEquiv><Unicode/></TextEquiv><TextEquiv index="1"><Unicode>nSamuel, diſoit - elle, qui auroit cru</Unicode></TextEquiv></TextLine><TextLine id="l5"><Coords points="2712,1072 2711,1072 2711,1070 2711,1069 2435,1069 2434,1069 2434,1068 2434,1067 2423,1067 2422,1067 2422,1061 2422,1060 2316,1060 2315,1060 2315,1044 2315,1043 2205,1043 2203,1041 2162,1041 2161,1041 2161,1040 2161,1039 1766,1039 1765,1040 1765,1046 1765,1046 1763,1046 1762,1046 1762,1042 1762,1041 1615,1041 1613,1039 1163,1039 1162,1040 1162,1041 1162,1041 982,1041 981,1042 981,1043 981,1043 980,1043 979,1043 979,1042 977,1040 977,1034 977,1033 919,1033 917,1032 917,1006 916,1005 916,1003 914,1001 914,989 916,987 916,982 917,981 917,977 918,976 919,976 919,976 919,975 920,974 1069,974 1069,974 1069,972 1070,971 1075,971 1079,967 1081,967 1083,965 1089,965 1090,964 1146,964 1146,964 1146,963 1147,962 1192,962 1192,962 1192,936 1195,933 1197,933 1204,926 1407,926 1407,926 1407,923 1409,921 1409,920 1410,919 1411,919 1411,919 1411,918 1412,917 1413,917 1414,916 1423,916 1430,924 1430,936 1431,936 1903,936 1904,935 1918,935 1919,934 2040,934 2040,934 2040,929 2041,928 2042,928 2042,928 2042,924 2044,922 2046,922 2047,921 2047,920 2048,919 2049,919 2049,919 2049,918 2050,917 2133,917 2133,917 2133,915 2134,914 2135,914 2135,914 2135,913 2136,912 2141,912 2143,914 2690,914 2692,912 2700,912 2704,916 2708,916 2708,917 2708,921 2709,922 2709,924 2710,924 2711,924 2711,925 2711,959 2712,959 3218,959 3218,959 3218,952 3220,950 3220,948 3223,945 3223,943 3226,940 3228,940 3229,939 3229,936 3230,935 3230,934 3231,933 3234,933 3234,933 3234,932 3238,928 3249,928 3249,929 3249,979 3250,979 3313,979 3313,980 3313,981 3313,981 3312,981 3311,982 3311,1002 3310,1003 3310,1004 3304,1010 3249,1010 3248,1011 3248,1025 3246,1027 3246,1029 3246,1029 3245,1029 3244,1030 3244,1031 3242,1033 3240,1033 3235,1038 3130,1038 3128,1040 3116,1040 3115,1041 3010,1041 3009,1042 3009,1044 3005,1048 3005,1051 2998,1058 2995,1058 2993,1060 2991,1060 2989,1062 2987,1062 2984,1065 2722,1065 2721,1066 2721,1069 2718,1072"/><TextEquiv><Unicode/></TextEquiv><TextEquiv index="1"><Unicode>cela de vous? Finiſſez - donc, mé-</Unicode></TextEquiv></TextLine><TextLine id="l6"><Coords points="2050,1234 2049,1234 2049,1233 2049,1232 2047,1232 2044,1230 2044,1225 2042,1223 2042,1204 2042,1203 1768,1203 1767,1203 1767,1200 1767,1199 1101,1199 1100,1200 1100,1201 1100,1201 1096,1201 1094,1200 1094,1199 1094,1198 1091,1198 1086,1193 1084,1193 1077,1186 960,1186 957,1184 957,1183 957,1182 920,1182 917,1180 917,1178 917,1177 915,1177 914,1177 914,1146 912,1144 912,1139 914,1137 914,1133 915,1132 916,1132 917,1131 922,1131 924,1129 1080,1129 1084,1125 1091,1125 1091,1125 1091,1123 1092,1122 1094,1122 1096,1120 1098,1120 1099,1119 1134,1119 1134,1119 1134,1082 1136,1080 1136,1078 1137,1077 1139,1077 1140,1076 1142,1076 1144,1074 1146,1074 1146,1074 1146,1073 1147,1072 1149,1072 1151,1074 1153,1074 1155,1076 1156,1076 1156,1077 1156,1080 1158,1082 1158,1112 1159,1112 1717,1112 1717,1112 1717,1106 1720,1103 1720,1101 1721,1100 1723,1100 1724,1099 1724,1097 1725,1096 1726,1096 1726,1096 1726,1095 1728,1093 1729,1093 1729,1093 1729,1092 1730,1091 1731,1091 1731,1091 1731,1090 1732,1089 1734,1089 1739,1084 1744,1084 1746,1082 1748,1082 1749,1081 1751,1081 1753,1079 1762,1079 1762,1079 1762,1078 1763,1077 1765,1077 1768,1074 1779,1074 1781,1076 2312,1076 2312,1076 2312,1073 2313,1072 2315,1072 2315,1073 2315,1084 2316,1084 2706,1084 2706,1085 2706,1086 2707,1086 2709,1086 2709,1087 2709,1089 2710,1089 2711,1089 2711,1090 2711,1093 2712,1093 2713,1093 2713,1094 2713,1108 2714,1108 3019,1108 3019,1109 3019,1113 3020,1113 3022,1113 3022,1114 3022,1115 3023,1115 3185,1115 3187,1117 3272,1117 3272,1118 3272,1119 3273,1119 3282,1119 3282,1120 3282,1122 3283,1122 3284,1122 3284,1123 3284,1124 3285,1124 3287,1124 3291,1129 3291,1132 3292,1133 3292,1139 3293,1139 3294,1139 3294,1140 3294,1172 3295,1172 3299,1172 3299,1173 3299,1175 3300,1175 3302,1175 3303,1177 3303,1187 3303,1187 3302,1187 3301,1188 3301,1191 3301,1191 3297,1191 3294,1194 3290,1194 3289,1195 3289,1196 3289,1196 3058,1196 3056,1198 2984,1198 2983,1199 2983,1211 2982,1212 2980,1212 2979,1213 2975,1213 2974,1214 2974,1218 2974,1218 2929,1218 2928,1219 2928,1220 2928,1220 2925,1220 2924,1221 2924,1222 2921,1225 2908,1225 2907,1226 2907,1227 2907,1227 2905,1227 2903,1229 2901,1229 2900,1230 2897,1230 2895,1232 2884,1232 2883,1232 2883,1230 2883,1229 2635,1229 2634,1229 2634,1200 2634,1199 2069,1199 2068,1200 2068,1234 2068,1234"/><TextEquiv><Unicode/></TextEquiv><TextEquiv index="1"><Unicode>nchant.... Cruel.... ménagez ma</Unicode></TextEquiv></TextLine><TextLine id="l7"><Coords points="1814,1390 1812,1389 1812,1359 1812,1358 1732,1358 1731,1358 1731,1357 1731,1356 1178,1356 1177,1356 1177,1353 1177,1352 1089,1352 1088,1352 1088,1351 1084,1347 1084,1343 1082,1340 970,1340 969,1339 934,1339 933,1339 933,1338 933,1337 932,1337 931,1337 931,1336 931,1335 929,1335 928,1335 928,1332 926,1330 926,1321 928,1319 928,1286 929,1285 931,1285 932,1284 936,1284 936,1284 936,1283 937,1282 1089,1282 1091,1280 1091,1276 1092,1275 1093,1275 1093,1275 1093,1264 1094,1263 1094,1256 1096,1254 1096,1249 1100,1245 1100,1243 1101,1242 1103,1242 1103,1242 1103,1233 1104,1232 1502,1232 1504,1230 1509,1230 1510,1229 1758,1229 1759,1230 2625,1230 2625,1231 2625,1232 2626,1232 2628,1232 2629,1234 2629,1239 2630,1240 2630,1246 2631,1246 2941,1246 2942,1248 2942,1251 2943,1252 2943,1272 2944,1272 3022,1272 3023,1273 3092,1273 3095,1277 3095,1279 3097,1280 3098,1280 3098,1281 3098,1283 3100,1285 3100,1313 3101,1313 3294,1313 3299,1318 3302,1318 3304,1320 3309,1320 3310,1322 3310,1326 3308,1328 3308,1337 3308,1337 3307,1337 3306,1338 3306,1345 3304,1347 3304,1349 3304,1349 3300,1349 3299,1350 3299,1351 3299,1351 3298,1351 3297,1352 3296,1352 3294,1354 3292,1354 3290,1356 3097,1356 3096,1357 3096,1366 3096,1366 2535,1366 2534,1367 2534,1382 2534,1382 2463,1382 2462,1383 2274,1383 2273,1384 2273,1388 2272,1389 1942,1389 1941,1390"/><TextEquiv><Unicode/></TextEquiv><TextEquiv index="1"><Unicode>nfoibleſſe. ... Nous nous damnons....</Unicode></TextEquiv></TextLine><TextLine id="l8"><Coords points="3173,1547 3172,1546 1440,1546 1439,1546 1439,1508 1439,1507 1298,1507 1297,1506 1184,1506 1182,1504 1180,1504 1179,1504 1179,1503 1179,1502 1178,1502 1176,1500 1077,1500 1076,1499 1074,1499 1072,1497 1070,1497 1068,1495 927,1495 924,1492 922,1492 921,1492 921,1488 919,1486 919,1455 917,1453 917,1452 919,1450 921,1450 921,1450 921,1448 924,1445 928,1445 928,1445 928,1443 929,1442 957,1442 957,1442 957,1441 958,1440 1094,1440 1094,1440 1094,1438 1095,1437 1096,1437 1096,1437 1096,1433 1098,1431 1098,1429 1099,1428 1100,1428 1100,1428 1100,1424 1103,1421 1103,1417 1104,1416 1105,1416 1105,1416 1105,1414 1106,1413 1106,1409 1108,1407 1108,1404 1110,1402 1110,1398 1111,1397 1112,1397 1112,1397 1112,1396 1114,1394 1115,1394 1115,1394 1115,1393 1116,1392 1636,1392 1638,1390 1659,1390 1660,1389 2623,1389 2624,1390 3158,1390 3158,1391 3158,1392 3159,1392 3160,1392 3160,1393 3160,1395 3161,1395 3163,1395 3163,1396 3163,1398 3167,1402 3167,1406 3168,1406 3170,1406 3172,1409 3172,1411 3173,1411 3174,1411 3174,1412 3174,1414 3175,1415 3175,1422 3177,1424 3177,1428 3178,1428 3240,1428 3242,1430 3284,1430 3285,1431 3288,1431 3289,1432 3294,1432 3294,1433 3294,1435 3295,1435 3296,1435 3296,1436 3296,1437 3298,1438 3299,1438 3299,1439 3299,1442 3300,1442 3304,1442 3305,1443 3307,1443 3308,1445 3306,1447 3306,1488 3304,1490 3304,1493 3304,1493 3303,1493 3301,1495 3301,1498 3300,1499 3298,1499 3297,1500 3295,1500 3294,1501 3294,1504 3294,1504 3187,1504 3186,1505 3186,1547 3186,1547"/><TextEquiv><Unicode/></TextEquiv><TextEquiv index="1"><Unicode>nArrête. Je m'éveille. La bonne mère</Unicode></TextEquiv></TextLine><TextLine id="l9"><Coords points="2356,1703 2355,1702 2346,1702 2345,1702 2345,1701 2345,1700 2344,1700 2343,1700 2343,1699 2343,1698 2342,1698 2341,1698 2341,1685 2341,1684 2251,1684 2250,1684 2250,1665 2250,1664 2217,1664 2216,1665 2216,1691 2216,1691 2214,1691 2213,1692 2212,1693 2212,1695 2212,1695 2210,1694 2210,1692 2209,1691 2209,1665 2209,1664 1945,1664 1944,1665 1938,1665 1937,1664 1933,1664 1932,1664 1932,1663 1932,1662 1907,1662 1809,1662 1808,1663 1808,1664 1808,1664 1794,1664 1793,1664 1793,1663 1793,1662 1789,1662 1787,1660 1782,1660 1779,1657 1722,1657 1721,1658 1721,1702 1721,1702 1712,1702 1711,1702 1711,1658 1711,1657 1663,1657 1661,1659 1613,1659 1612,1660 1608,1660 1607,1661 1607,1662 1607,1662 1493,1662 1491,1660 1395,1660 1394,1661 1394,1663 1393,1664 1343,1664 1341,1666 1340,1665 1335,1665 1334,1664 1182,1664 1180,1662 1178,1662 1177,1662 1177,1660 1177,1659 1082,1659 1081,1660 1080,1660 1079,1661 1079,1662 1079,1662 1070,1662 1068,1664 1067,1664 1067,1663 1067,1662 1060,1662 1058,1660 932,1660 931,1661 931,1662 931,1662 925,1662 924,1662 924,1660 922,1658 922,1656 921,1655 921,1648 922,1647 922,1595 926,1591 928,1591 931,1588 934,1588 936,1586 955,1586 956,1585 972,1585 973,1586 1170,1586 1170,1586 1170,1584 1171,1583 1182,1583 1184,1586 1184,1588 1185,1588 1187,1588 1187,1589 1187,1590 1188,1590 1307,1590 1309,1588 1375,1588 1375,1588 1375,1587 1376,1586 1380,1586 1381,1585 1433,1585 1433,1585 1433,1557 1435,1555 1435,1550 1437,1548 1438,1548 1438,1548 1438,1547 1439,1546 1453,1546 1457,1551 1457,1553 1459,1555 1459,1562 1461,1564 1461,1585 1462,1585 1489,1585 1493,1581 1498,1581 1499,1583 1499,1585 1501,1586 1502,1586 1502,1587 1502,1590 1503,1590 1600,1590 1600,1590 1600,1589 1601,1588 1605,1588 1607,1586 1688,1586 1689,1585 1693,1585 1693,1586 1693,1587 1694,1587 1788,1587 1789,1586 1839,1586 1839,1586 1839,1582 1840,1581 1841,1581 1841,1581 1841,1572 1843,1570 1843,1567 1844,1566 1844,1564 1853,1555 1855,1555 1856,1554 1858,1554 1858,1554 1858,1553 1859,1552 1860,1552 1860,1552 1860,1551 1861,1550 1862,1550 1862,1550 1862,1541 1863,1540 1901,1540 1901,1540 1901,1539 1902,1538 1916,1538 1918,1540 1923,1540 1926,1543 1928,1543 1929,1545 1929,1549 1930,1550 1930,1588 1931,1588 1990,1588 1993,1585 1998,1585 2000,1583 2004,1583 2006,1586 2006,1588 2008,1590 2008,1591 2009,1591 2113,1591 2114,1590 2169,1590 2171,1588 2224,1588 2226,1586 2229,1586 2230,1585 2236,1585 2237,1586 2241,1586 2243,1588 2341,1588 2344,1585 2381,1585 2382,1586 2506,1586 2507,1585 2554,1585 2556,1583 2570,1583 2570,1583 2570,1581 2572,1579 2599,1579 2600,1578 2606,1578 2606,1579 2606,1585 2607,1585 2740,1585 2741,1586 2743,1586 2744,1588 2744,1590 2745,1590 2747,1590 2747,1591 2747,1595 2748,1595 2749,1595 2749,1596 2749,1598 2751,1600 2751,1626 2752,1626 2850,1626 2850,1626 2850,1552 2852,1550 2852,1548 2853,1547 2860,1547 2862,1545 2922,1545 2924,1547 3002,1547 3003,1548 3004,1548 3005,1550 3005,1552 3006,1552 3007,1552 3007,1553 3007,1588 3008,1588 3129,1588 3129,1588 3129,1587 3130,1586 3136,1586 3137,1585 3139,1585 3139,1585 3139,1584 3140,1583 3167,1583 3167,1583 3167,1551 3171,1547 3187,1547 3190,1550 3258,1550 3258,1551 3258,1552 3261,1555 3261,1602 3262,1602 3308,1602 3308,1603 3308,1607 3310,1609 3310,1610 3311,1611 3311,1624 3310,1625 3310,1627 3309,1628 3307,1628 3306,1629 3297,1629 3296,1630 3296,1631 3296,1631 3262,1631 3261,1632 3261,1648 3254,1655 3249,1655 3247,1657 3245,1657 3243,1659 3240,1659 3239,1660 3226,1660 3225,1659 3068,1659 3065,1662 3061,1662 3060,1663 3060,1664 3060,1664 3046,1664 3045,1664 3045,1662 3044,1660 3039,1660 3038,1659 2903,1659 2902,1660 2781,1660 2780,1661 2780,1662 2780,1662 2769,1662 2767,1660 2668,1660 2666,1662 2578,1662 2577,1663 2577,1696 2575,1698 2569,1698 2568,1699 2568,1702 2568,1702 2556,1702 2554,1700 2552,1700 2551,1700 2551,1698 2549,1696 2549,1660 2549,1659 2380,1659 2379,1660 2379,1662 2379,1662 2370,1662 2369,1663 2369,1700 2369,1700 2368,1700 2366,1702 2365,1702 2364,1703"/><TextEquiv><Unicode/></TextEquiv><TextEquiv index="1"><Unicode>me tenoit en effet ces propos. Elle s'é-</Unicode></TextEquiv></TextLine><TextLine id="l10"><Coords points="2516,1853 2515,1853 2515,1852 2515,1851 2506,1851 2504,1849 2500,1849 2498,1848 2498,1846 2498,1845 2497,1844 2495,1844 2494,1844 2494,1830 2493,1829 2493,1818 2493,1817 2282,1817 2281,1818 2173,1818 2172,1819 2170,1819 2169,1820 2005,1820 2004,1821 2004,1824 2003,1825 2003,1828 2001,1830 2001,1832 2001,1832 2000,1832 1999,1833 1999,1837 1999,1837 1997,1837 1994,1840 1994,1841 1994,1841 1993,1841 1992,1842 1992,1843 1992,1843 1984,1843 1982,1841 1973,1841 1970,1839 1970,1837 1968,1834 1883,1834 1882,1834 1882,1820 1880,1817 1760,1817 1759,1816 1601,1816 1600,1817 1599,1817 1597,1819 1343,1819 1342,1820 1328,1820 1326,1822 1323,1822 1320,1819 1205,1819 1204,1818 1046,1818 1045,1819 1041,1819 1040,1820 1040,1821 1039,1822 1037,1820 987,1820 986,1821 986,1848 986,1848 975,1848 974,1848 974,1821 974,1820 963,1820 962,1820 962,1818 960,1815 956,1815 955,1815 955,1813 952,1810 952,1806 952,1805 951,1805 950,1805 950,1801 948,1799 948,1797 945,1794 945,1791 943,1789 943,1785 941,1783 941,1782 940,1781 940,1780 940,1779 939,1779 938,1779 938,1775 936,1773 936,1771 935,1769 933,1769 931,1768 931,1766 931,1765 930,1765 929,1765 929,1763 928,1762 928,1760 926,1758 926,1756 926,1755 925,1755 924,1755 924,1747 924,1746 891,1746 890,1745 888,1745 886,1744 886,1742 885,1741 885,1732 885,1731 877,1731 876,1731 876,1725 877,1724 878,1724 878,1724 878,1723 881,1720 886,1720 886,1721 886,1722 887,1722 890,1722 890,1723 890,1731 891,1731 892,1731 892,1732 892,1734 893,1735 893,1738 894,1738 959,1738 960,1739 1077,1739 1077,1739 1077,1710 1079,1708 1079,1706 1080,1705 1081,1705 1081,1705 1081,1704 1082,1703 1127,1703 1129,1701 1130,1702 1138,1702 1139,1703 1141,1703 1141,1704 1141,1705 1142,1705 1179,1705 1179,1706 1179,1741 1180,1741 1368,1741 1368,1741 1368,1713 1370,1711 1370,1709 1372,1707 1381,1707 1383,1705 1428,1705 1428,1706 1428,1708 1432,1712 1432,1732 1433,1733 1433,1743 1434,1743 1607,1743 1607,1743 1607,1742 1608,1741 1695,1741 1695,1741 1695,1727 1696,1726 1696,1724 1698,1722 1698,1718 1699,1717 1700,1717 1700,1717 1700,1715 1703,1712 1703,1710 1707,1706 1707,1704 1708,1703 1710,1703 1711,1702 1720,1702 1721,1703 1724,1703 1724,1704 1724,1712 1725,1712 1726,1712 1726,1713 1726,1717 1731,1722 1731,1727 1734,1730 1734,1743 1735,1743 1889,1743 1889,1743 1889,1742 1890,1741 1894,1741 1894,1742 1894,1743 1895,1743 1896,1743 1897,1744 1900,1744 1902,1746 1904,1746 1905,1748 1905,1750 1906,1750 2066,1750 2066,1750 2066,1737 2067,1736 2068,1736 2068,1736 2068,1732 2070,1730 2070,1727 2071,1726 2071,1722 2073,1720 2073,1716 2074,1715 2076,1715 2079,1712 2080,1712 2080,1712 2080,1711 2081,1710 2083,1710 2088,1705 2092,1705 2092,1705 2092,1704 2093,1703 2094,1703 2095,1702 2095,1701 2096,1700 2114,1700 2114,1700 2114,1699 2115,1698 2116,1698 2116,1699 2116,1701 2118,1702 2119,1702 2120,1703 2122,1703 2125,1707 2125,1708 2126,1708 2127,1708 2128,1710 2128,1736 2129,1736 2167,1736 2168,1738 2168,1739 2169,1739 2171,1739 2171,1740 2171,1743 2172,1743 2236,1743 2237,1744 2415,1744 2416,1743 2418,1743 2419,1742 2419,1728 2420,1727 2420,1724 2422,1722 2422,1717 2424,1715 2424,1713 2427,1710 2427,1708 2428,1707 2430,1707 2434,1703 2436,1703 2437,1702 2439,1702 2439,1702 2439,1700 2443,1696 2444,1696 2445,1695 2446,1695 2446,1695 2446,1694 2447,1693 2448,1693 2448,1693 2448,1692 2449,1691 2451,1691 2453,1689 2458,1689 2459,1688 2467,1688 2468,1689 2473,1689 2474,1691 2474,1693 2477,1695 2481,1695 2481,1696 2481,1743 2482,1743 2678,1743 2680,1741 2776,1741 2778,1739 2787,1739 2788,1738 2790,1738 2790,1738 2790,1737 2791,1736 2795,1736 2795,1736 2795,1701 2796,1700 2797,1700 2797,1700 2797,1699 2798,1698 2816,1698 2816,1699 2816,1700 2817,1700 2818,1700 2818,1701 2818,1703 2819,1704 2819,1710 2820,1710 2821,1710 2821,1711 2821,1736 2822,1736 2823,1736 2823,1737 2823,1741 2824,1741 3022,1741 3025,1738 3080,1738 3082,1736 3086,1736 3086,1736 3086,1735 3087,1734 3117,1734 3117,1734 3117,1728 3118,1727 3120,1727 3123,1724 3125,1724 3129,1720 3134,1720 3135,1719 3146,1719 3146,1719 3146,1717 3148,1715 3148,1706 3154,1700 3165,1700 3170,1705 3172,1705 3172,1706 3172,1734 3173,1734 3249,1734 3249,1735 3249,1787 3250,1787 3302,1787 3303,1789 3303,1791 3306,1794 3306,1796 3307,1796 3318,1796 3318,1797 3318,1813 3319,1813 3328,1813 3330,1816 3330,1817 3330,1817 3311,1817 3309,1819 3309,1820 3308,1821 3308,1823 3304,1827 3304,1829 3304,1829 3302,1829 3301,1830 3301,1832 3297,1836 3275,1836 3273,1835 3273,1816 3273,1815 2993,1815 2991,1817 2979,1817 2978,1818 2977,1818 2976,1817 2679,1817 2677,1819 2562,1819 2561,1820 2561,1834 2560,1835 2560,1839 2560,1839 2559,1839 2558,1840 2558,1841 2558,1841 2557,1841 2556,1842 2556,1843 2556,1843 2555,1843 2554,1844 2546,1844 2544,1846 2544,1848 2543,1849 2542,1849 2541,1850 2541,1853 2541,1853"/><TextEquiv><Unicode/></TextEquiv><TextEquiv index="1"><Unicode>veilla elle-même, fit un ſigne de croix,</Unicode></TextEquiv></TextLine><TextLine id="l11"><Coords points="1087,2015 1087,1983 1087,1982 996,1982 995,1982 995,1979 995,1978 956,1978 955,1977 950,1977 948,1975 941,1975 940,1975 940,1973 939,1972 938,1970 936,1970 935,1970 935,1968 933,1965 931,1965 929,1964 929,1962 928,1961 928,1956 926,1954 926,1940 928,1938 928,1931 929,1930 929,1928 930,1927 931,1927 931,1927 931,1926 932,1925 933,1925 933,1925 933,1924 934,1923 934,1889 936,1887 936,1885 937,1884 938,1884 938,1884 938,1883 939,1882 940,1882 940,1882 940,1880 943,1877 960,1877 960,1877 960,1873 961,1872 1141,1872 1141,1872 1141,1859 1144,1856 1665,1856 1668,1853 2398,1853 2398,1853 2398,1852 2399,1851 2905,1851 2907,1849 2913,1849 2916,1853 2916,1855 2917,1856 2917,1858 2918,1858 3142,1858 3144,1860 3148,1860 3150,1863 3150,1865 3151,1865 3277,1865 3277,1866 3277,1867 3278,1867 3280,1867 3281,1868 3283,1868 3287,1872 3291,1872 3291,1873 3291,1874 3293,1875 3294,1875 3294,1876 3294,1877 3295,1877 3296,1877 3296,1878 3296,1880 3298,1881 3301,1881 3301,1882 3301,1885 3303,1886 3304,1886 3304,1887 3304,1890 3306,1892 3306,1894 3307,1894 3316,1894 3316,1895 3316,1904 3316,1904 3315,1904 3313,1906 3309,1906 3308,1907 3308,1911 3306,1913 3306,1916 3305,1917 3304,1917 3303,1918 3302,1918 3301,1919 3301,1921 3300,1922 3297,1922 3296,1923 3296,1959 3292,1963 3292,1965 3292,1965 3214,1965 3213,1966 3208,1966 3206,1968 3204,1968 3203,1969 3203,1970 3203,1970 3201,1970 3199,1972 3183,1972 3182,1973 3182,1994 3182,1994 3180,1994 3179,1995 3179,2002 3179,2002 3172,2002 3171,2003 3142,2003 3141,2004 3134,2004 3132,2006 2501,2006 2500,2007 2500,2013 2500,2013 2320,2013 2319,2014 2317,2014 2316,2013 1999,2013 1998,2012 1228,2012 1227,2012 1227,1983 1227,1982 1099,1982 1098,1983 1098,2014 1098,2014 1092,2014 1091,2014 1091,1983 1091,1982 1089,1982 1088,1983 1088,2015 1088,2015"/><TextEquiv><Unicode/></TextEquiv><TextEquiv index="1"><Unicode>&amp; dit: Ahl mon Jéſusl où ſuis-je?</Unicode></TextEquiv></TextLine><TextLine id="l12"><Coords points="1871,2171 1870,2171 1870,2139 1870,2138 1783,2138 1782,2138 1782,2133 1782,2132 1774,2132 1773,2131 1666,2131 1665,2131 1665,2129 1665,2128 1457,2128 1455,2126 1245,2126 1244,2127 1244,2128 1244,2128 1221,2128 1220,2129 1220,2130 1220,2130 1140,2130 1139,2131 1139,2135 1139,2135 1130,2135 1129,2136 1129,2168 1129,2168 1117,2168 1116,2168 1116,2136 1116,2135 1106,2135 1105,2136 1105,2147 1105,2147 1104,2147 1103,2148 1103,2149 1103,2149 1102,2149 1101,2150 1101,2152 1101,2152 1099,2152 1098,2153 1098,2154 1098,2154 1097,2154 1094,2157 1080,2157 1079,2157 1079,2143 1080,2142 1081,2142 1081,2142 1081,2127 1081,2126 932,2126 931,2126 931,2122 931,2121 930,2121 929,2121 929,2120 928,2119 928,2112 929,2111 929,2075 931,2073 931,2071 936,2066 936,2064 937,2063 964,2063 964,2063 964,2055 967,2052 1084,2052 1084,2052 1084,2019 1085,2018 1086,2018 1086,2018 1086,2016 1087,2015 1090,2015 1091,2014 1117,2014 1120,2011 1130,2011 1131,2012 1234,2012 1237,2015 1239,2015 1239,2016 1241,2018 1241,2020 1242,2021 1242,2051 1243,2051 1447,2051 1447,2051 1447,2036 1448,2035 1449,2035 1449,2035 1449,2034 1450,2033 1452,2033 1457,2028 1457,2026 1458,2025 1461,2025 1461,2025 1461,2024 1464,2021 1466,2021 1467,2020 1546,2020 1548,2018 1548,2015 1550,2013 1555,2013 1557,2011 1564,2011 1564,2012 1564,2013 1565,2013 1695,2013 1695,2014 1695,2054 1696,2054 1901,2054 1901,2054 1901,2052 1909,2044 1968,2044 1972,2049 1972,2056 1973,2056 1980,2056 1981,2057 2135,2057 2135,2057 2135,2016 2138,2013 2140,2013 2140,2013 2140,2012 2141,2011 2142,2011 2142,2011 2142,2010 2143,2009 2145,2009 2146,2008 2156,2008 2157,2010 2157,2012 2159,2014 2159,2016 2161,2018 2161,2039 2162,2040 2162,2052 2163,2052 2316,2052 2316,2052 2316,2015 2317,2014 2470,2014 2471,2013 2641,2013 2641,2013 2641,2012 2642,2011 2656,2011 2656,2012 2656,2014 2659,2016 2661,2016 2661,2017 2661,2040 2662,2040 2735,2040 2735,2041 2735,2042 2736,2042 2737,2042 2737,2043 2737,2049 2738,2049 2828,2049 2828,2050 2828,2052 2831,2055 2831,2056 2832,2056 2840,2056 2840,2056 2840,2029 2841,2028 2843,2028 2843,2029 2843,2056 2844,2056 3072,2056 3072,2056 3072,2021 3076,2017 3076,2016 3077,2015 3077,2014 3078,2013 3082,2013 3084,2011 3144,2011 3146,2009 3182,2009 3182,2010 3182,2011 3183,2011 3192,2011 3193,2013 3193,2047 3194,2047 3299,2047 3299,2048 3299,2050 3304,2055 3304,2078 3305,2078 3321,2078 3322,2080 3322,2083 3321,2084 3321,2099 3321,2099 3309,2099 3308,2100 3308,2107 3306,2109 3306,2111 3306,2111 3305,2111 3304,2112 3304,2113 3303,2114 3303,2115 3299,2119 3294,2119 3290,2123 3288,2123 3287,2124 3287,2125 3287,2125 3281,2125 3280,2126 3249,2126 3248,2127 3248,2128 3248,2128 3178,2128 3177,2129 3177,2143 3175,2145 3168,2145 3167,2145 3167,2131 3167,2130 2953,2130 2952,2131 2952,2152 2952,2152 2941,2152 2940,2152 2940,2143 2940,2142 2851,2142 2850,2143 2850,2161 2850,2161 2848,2161 2847,2161 2847,2143 2847,2142 2784,2142 2783,2143 2783,2154 2783,2154 2779,2154 2778,2155 2778,2156 2778,2156 2700,2156 2699,2157 2699,2159 2699,2159 2698,2159 2697,2159 2697,2158 2697,2157 2519,2157 2518,2158 2518,2159 2518,2159 2516,2159 2515,2160 2515,2161 2515,2161 2432,2161 2431,2162 2431,2164 2431,2164 2268,2164 2267,2165 2267,2168 2267,2168 2263,2168 2262,2169 2165,2169 2164,2169 2164,2143 2164,2142 1998,2142 1997,2143 1997,2163 1997,2163 1881,2163 1880,2164 1880,2169 1879,2170 1879,2171 1879,2171"/><TextEquiv><Unicode/></TextEquiv><TextEquiv index="1"><Unicode>j'ai mérité cette humiliation. Nos</Unicode></TextEquiv></TextLine><TextLine id="l13"><Coords points="1524,2328 1523,2328 1523,2327 1523,2326 1521,2326 1517,2322 1515,2322 1514,2322 1514,2317 1514,2316 981,2316 979,2315 979,2286 979,2285 957,2285 955,2283 951,2283 950,2283 950,2282 950,2281 949,2281 948,2281 948,2280 948,2279 942,2279 941,2279 941,2277 940,2276 940,2272 940,2271 939,2271 938,2271 938,2238 933,2233 933,2231 933,2230 931,2230 929,2229 929,2219 931,2217 931,2215 932,2214 936,2214 940,2210 940,2208 941,2207 943,2207 948,2202 950,2202 950,2202 950,2201 951,2200 952,2200 952,2200 952,2198 953,2197 1112,2197 1112,2197 1112,2174 1115,2171 1115,2169 1116,2168 3257,2168 3259,2166 3261,2166 3266,2161 3273,2161 3275,2159 3282,2159 3282,2160 3282,2161 3283,2161 3287,2161 3287,2162 3287,2164 3288,2164 3289,2164 3289,2165 3289,2166 3290,2166 3291,2166 3291,2167 3291,2226 3292,2226 3311,2226 3313,2229 3313,2231 3315,2233 3315,2241 3313,2243 3313,2245 3313,2245 3312,2245 3311,2246 3311,2247 3311,2247 3305,2247 3303,2249 3303,2250 3303,2250 3273,2250 3272,2251 3272,2274 3272,2274 3271,2274 3270,2275 3270,2277 3268,2279 3265,2279 3263,2281 3161,2281 3160,2282 3160,2298 3160,2298 3085,2298 3084,2299 3084,2305 3084,2305 2951,2305 2950,2306 2950,2307 2950,2307 2936,2307 2934,2309 2746,2309 2745,2310 2611,2310 2609,2312 2604,2312 2603,2313 2603,2327 2603,2327 2590,2327 2589,2328"/><TextEquiv><Unicode/></TextEquiv><TextEquiv index="1"><Unicode>trois compagnes de voyage étoient raſ-</Unicode></TextEquiv></TextLine><TextLine id="l14"><Coords points="1102,2480 1101,2480 1101,2470 1101,2469 982,2469 981,2469 981,2449 981,2448 979,2448 978,2448 978,2442 978,2441 936,2441 934,2439 932,2439 927,2434 925,2434 924,2434 924,2423 925,2422 926,2422 928,2420 928,2368 933,2363 933,2354 934,2353 935,2353 936,2352 936,2350 938,2348 938,2346 941,2343 941,2339 942,2338 943,2338 943,2338 943,2337 944,2336 945,2336 945,2336 945,2332 946,2331 948,2331 948,2331 948,2329 951,2326 955,2326 955,2326 955,2325 956,2324 957,2324 957,2324 957,2323 958,2322 960,2322 961,2321 1166,2321 1168,2319 1168,2320 1168,2322 1169,2322 1170,2322 1170,2323 1170,2324 1171,2324 1247,2324 1252,2329 1319,2329 1323,2333 1325,2333 1325,2334 1325,2336 1327,2338 1327,2343 1328,2343 1691,2343 1691,2343 1691,2332 1692,2331 1693,2331 1693,2331 1693,2329 1694,2328 1706,2328 1707,2327 2011,2327 2012,2326 2013,2326 2013,2326 2013,2323 2014,2322 2015,2322 2016,2321 2113,2321 2113,2322 2113,2325 2114,2326 2114,2362 2115,2362 2542,2362 2542,2362 2542,2336 2544,2334 2544,2331 2546,2329 2548,2329 2549,2328 2589,2328 2590,2327 2770,2327 2771,2326 2783,2326 2783,2326 2783,2325 2784,2324 2799,2324 2799,2324 2799,2323 2800,2322 2842,2322 2842,2322 2842,2318 2843,2317 2847,2317 2847,2317 2847,2313 2847,2312 2743,2312 2741,2311 2742,2310 2868,2310 2869,2309 2876,2309 2876,2310 2876,2324 2877,2324 3192,2324 3194,2326 3196,2326 3197,2327 3198,2329 3198,2331 3203,2336 3203,2339 3205,2341 3205,2358 3206,2358 3236,2358 3238,2360 3242,2360 3246,2364 3248,2364 3248,2365 3248,2367 3253,2372 3253,2374 3255,2376 3255,2379 3256,2380 3256,2381 3257,2381 3304,2381 3306,2383 3308,2383 3308,2384 3308,2399 3306,2401 3306,2403 3301,2408 3266,2408 3265,2409 3265,2429 3265,2429 3264,2429 3263,2430 3263,2431 3263,2431 3262,2431 3261,2432 3261,2434 3261,2434 3233,2434 3232,2435 3232,2436 3232,2436 3145,2436 3144,2437 3144,2455 3144,2455 3011,2455 3010,2456 3010,2458 3010,2458 2994,2458 2993,2459 2993,2472 2993,2472 2989,2472 2988,2472 2988,2468 2988,2467 2593,2467 2592,2468 2592,2469 2592,2469 2306,2469 2305,2470 2305,2477 2305,2477 2301,2477 2300,2478 2300,2479 2300,2479 2298,2479 2296,2477 2219,2477 2218,2476 2112,2476 2111,2476 2111,2446 2111,2445 2030,2445 2028,2443 1730,2443 1729,2443 1729,2442 1727,2439 1376,2439 1375,2440 1375,2441 1375,2441 1373,2441 1371,2443 1173,2443 1172,2444 1172,2448 1172,2448 1170,2448 1168,2450 1118,2450 1117,2451 1117,2480 1117,2480"/><TextEquiv><Unicode/></TextEquiv><TextEquiv index="1"><Unicode>ſemblées autour de notre lit. Elles n'a-</Unicode></TextEquiv></TextLine><TextLine id="l15"><Coords points="2143,2637 2142,2637 2142,2635 2142,2634 1081,2634 1080,2634 1080,2605 1080,2604 973,2604 971,2603 971,2601 969,2599 969,2590 969,2589 968,2589 967,2589 967,2587 965,2584 963,2584 962,2584 962,2581 962,2580 961,2580 960,2580 960,2578 959,2577 959,2575 957,2573 957,2570 955,2568 955,2562 955,2561 954,2561 953,2561 953,2559 950,2556 950,2554 948,2552 948,2549 947,2548 947,2546 946,2544 942,2544 941,2544 941,2543 941,2542 940,2541 939,2541 938,2541 938,2540 938,2539 937,2539 936,2539 936,2537 935,2536 935,2530 935,2529 934,2529 933,2529 933,2526 934,2525 935,2525 936,2524 936,2523 937,2522 939,2522 941,2520 943,2520 945,2518 967,2518 967,2518 967,2492 968,2491 1098,2491 1098,2491 1098,2483 1099,2482 1100,2482 1102,2480 1538,2480 1539,2479 2111,2479 2111,2479 2111,2477 2112,2476 2116,2476 2116,2477 2116,2479 2117,2479 2298,2479 2298,2480 2298,2487 2299,2487 2638,2487 2640,2489 2642,2489 2642,2490 2642,2491 2643,2491 2646,2491 2646,2492 2646,2494 2649,2496 3091,2496 3091,2497 3091,2515 3092,2515 3261,2515 3263,2517 3266,2517 3267,2519 3267,2537 3268,2537 3311,2537 3311,2538 3311,2539 3312,2539 3313,2539 3313,2540 3313,2541 3314,2541 3316,2541 3318,2544 3318,2547 3320,2548 3322,2548 3322,2549 3322,2556 3322,2556 3321,2556 3320,2557 3320,2558 3320,2558 3319,2558 3318,2559 3318,2561 3318,2561 3315,2561 3311,2565 3297,2565 3296,2566 3291,2566 3290,2567 3274,2567 3273,2568 3273,2582 3270,2585 3270,2587 3268,2589 3256,2589 3254,2591 3192,2591 3191,2592 3191,2597 3190,2598 3118,2598 3117,2599 3117,2616 3117,2616 2636,2616 2635,2617 2521,2617 2520,2618 2520,2622 2520,2622 2519,2622 2518,2623 2518,2628 2517,2629 2292,2629 2291,2630 2198,2630 2197,2631 2197,2635 2197,2635 2149,2635 2147,2637"/><TextEquiv><Unicode/></TextEquiv><TextEquiv index="1"><Unicode>voient point rêvé; &amp; comme nous cou-</Unicode></TextEquiv></TextLine><TextLine id="l16"><Coords points="1478,2791 1477,2791 1477,2767 1477,2766 1276,2766 1275,2767 1275,2790 1275,2790 1271,2790 1270,2790 1270,2753 1270,2752 991,2752 990,2753 990,2777 989,2778 987,2778 986,2778 986,2777 986,2776 972,2776 971,2775 970,2775 969,2775 969,2752 969,2751 962,2751 960,2749 951,2749 950,2749 950,2747 949,2745 941,2745 940,2745 940,2743 940,2742 939,2742 938,2742 938,2741 938,2740 937,2740 935,2739 935,2737 931,2733 931,2729 931,2728 930,2728 929,2728 929,2694 933,2690 933,2688 934,2687 936,2687 940,2683 943,2683 947,2679 947,2678 948,2677 949,2677 951,2675 955,2675 955,2675 955,2674 956,2673 979,2673 979,2673 979,2649 981,2647 996,2647 996,2647 996,2637 997,2636 998,2635 1000,2635 1007,2628 1015,2628 1016,2627 1027,2627 1028,2628 1030,2628 1031,2630 1031,2634 1032,2634 1094,2634 1095,2635 1096,2635 1096,2636 1096,2637 1097,2637 1098,2637 1098,2638 1098,2639 1099,2639 1101,2639 1101,2640 1101,2673 1102,2673 1382,2673 1382,2673 1382,2672 1383,2671 1385,2671 1390,2666 1397,2666 1398,2665 1401,2665 1401,2666 1401,2668 1402,2668 1595,2668 1595,2668 1595,2667 1596,2666 1608,2666 1610,2668 1856,2668 1856,2668 1856,2637 1865,2628 1876,2628 1877,2630 1877,2632 1878,2632 1879,2632 1879,2633 1879,2634 1880,2635 1880,2669 1883,2671 2152,2671 2152,2671 2152,2645 2153,2644 2154,2644 2154,2644 2154,2643 2155,2642 2156,2642 2157,2641 2158,2641 2160,2639 2174,2639 2177,2642 2179,2642 2180,2644 2180,2646 2183,2649 2183,2671 2184,2671 2410,2671 2410,2671 2410,2666 2411,2665 2439,2665 2439,2665 2439,2664 2440,2663 2441,2663 2441,2663 2441,2662 2442,2661 2443,2661 2443,2661 2443,2657 2444,2656 2444,2653 2446,2651 2446,2650 2447,2649 2448,2649 2448,2649 2448,2647 2449,2646 2451,2646 2451,2646 2451,2644 2455,2640 2455,2638 2458,2635 2460,2635 2461,2634 2466,2634 2468,2632 2469,2632 2469,2633 2469,2634 2470,2634 2472,2634 2472,2635 2472,2639 2473,2639 2474,2639 2475,2641 2475,2643 2477,2645 2477,2649 2478,2649 2479,2649 2479,2650 2479,2654 2481,2656 2481,2673 2482,2673 2535,2673 2537,2675 2749,2675 2749,2675 2749,2674 2750,2673 2794,2673 2794,2673 2794,2635 2795,2634 2795,2633 2796,2632 2802,2632 2807,2627 2818,2627 2818,2628 2818,2632 2819,2633 2819,2640 2821,2642 2821,2668 2822,2668 3045,2668 3045,2668 3045,2638 3046,2637 3046,2635 3047,2634 3048,2634 3048,2634 3048,2631 3049,2630 3050,2630 3050,2630 3050,2623 3053,2620 3055,2620 3055,2621 3055,2625 3056,2625 3067,2625 3067,2626 3067,2627 3068,2627 3070,2627 3070,2628 3070,2631 3072,2633 3072,2663 3073,2663 3081,2663 3081,2664 3081,2665 3082,2665 3083,2665 3084,2666 3111,2666 3112,2668 3112,2671 3113,2671 3219,2671 3221,2673 3227,2673 3227,2674 3227,2675 3228,2675 3229,2675 3229,2676 3229,2678 3232,2681 3232,2683 3234,2685 3234,2687 3236,2689 3236,2696 3237,2697 3237,2714 3238,2714 3304,2714 3304,2715 3304,2716 3305,2716 3328,2716 3330,2719 3330,2725 3330,2725 3329,2725 3328,2726 3328,2728 3327,2729 3327,2738 3325,2740 3325,2742 3325,2742 3323,2742 3322,2743 3322,2746 3321,2747 3319,2747 3318,2748 3318,2752 3316,2754 3316,2756 3313,2759 3313,2761 3313,2761 3312,2761 3311,2762 3311,2763 3311,2763 3310,2763 3309,2764 3308,2764 3306,2766 3306,2768 3306,2768 3305,2768 3303,2770 3293,2770 3292,2771 3292,2775 3292,2775 3109,2775 3108,2776 3108,2778 3108,2778 3103,2778 3100,2775 2983,2775 2982,2776 2982,2789 2982,2789 2981,2789 2980,2789 2980,2776 2980,2775 2962,2775 2960,2773 2958,2773 2957,2773 2957,2764 2957,2763 2738,2763 2737,2764 2737,2774 2736,2775 2660,2775 2659,2776 2624,2776 2623,2777 2623,2778 2623,2778 2492,2778 2491,2779 2491,2780 2491,2780 2447,2780 2444,2783 2248,2783 2247,2784 2247,2785 2247,2785 2246,2785 2242,2789 2239,2789 2238,2788 2165,2788 2164,2787 2069,2787 2068,2787 2068,2755 2068,2754 1840,2754 1839,2755 1839,2788 1839,2788 1661,2788 1659,2790 1491,2790 1490,2791"/><TextEquiv><Unicode/></TextEquiv><TextEquiv index="1"><Unicode>chions toutes dans la même chambre,</Unicode></TextEquiv></TextLine><TextLine id="l17"><Coords points="2246,2948 2245,2948 2245,2946 2245,2945 2225,2945 2224,2945 2224,2937 2224,2936 2095,2936 2094,2936 2094,2924 2094,2923 1898,2923 1896,2921 1458,2921 1457,2921 1457,2915 1457,2914 967,2914 964,2912 964,2905 964,2904 950,2904 948,2902 944,2902 943,2902 943,2901 943,2900 941,2900 936,2896 936,2894 935,2893 935,2890 933,2888 933,2884 933,2883 932,2883 931,2883 931,2879 929,2877 929,2867 928,2866 928,2860 929,2859 929,2854 931,2852 931,2845 935,2841 935,2839 937,2837 941,2837 941,2837 941,2835 943,2833 948,2833 948,2833 948,2831 949,2830 951,2830 953,2828 995,2828 995,2828 995,2803 996,2802 996,2799 1000,2795 1005,2795 1005,2795 1005,2793 1006,2792 1008,2792 1010,2790 1659,2790 1660,2789 1832,2789 1833,2788 2300,2788 2300,2788 2300,2784 2301,2783 2305,2783 2305,2784 2305,2788 2306,2788 2308,2788 2309,2790 2309,2794 2310,2794 2365,2794 2366,2795 2979,2795 2979,2795 2979,2790 2980,2789 3133,2789 3137,2785 3141,2785 3141,2785 3141,2784 3142,2783 3143,2783 3144,2782 3144,2782 3144,2781 3145,2780 3146,2780 3146,2780 3146,2779 3147,2778 3175,2778 3177,2780 3179,2780 3179,2781 3179,2783 3180,2783 3182,2783 3182,2784 3182,2785 3183,2785 3184,2785 3184,2786 3184,2788 3186,2790 3186,2826 3187,2826 3213,2826 3213,2827 3213,2828 3214,2828 3244,2828 3246,2830 3248,2830 3249,2832 3249,2833 3250,2833 3251,2833 3251,2834 3251,2842 3252,2842 3253,2842 3253,2843 3253,2847 3257,2850 3306,2850 3306,2851 3306,2852 3307,2852 3309,2852 3311,2855 3311,2864 3310,2865 3310,2867 3309,2868 3307,2868 3304,2871 3302,2871 3300,2873 3259,2873 3258,2874 3258,2895 3258,2895 3257,2895 3256,2896 3256,2898 3254,2900 3204,2900 3203,2901 3203,2902 3203,2902 3178,2902 3177,2903 3177,2905 3177,2905 3171,2905 3170,2906 3170,2909 3170,2909 3158,2909 3157,2910 3157,2918 3155,2920 3155,2922 3154,2923 3151,2923 3150,2924 3150,2926 3150,2926 3054,2926 3053,2927 3053,2928 3053,2928 2889,2928 2888,2929 2888,2935 2888,2935 2686,2935 2685,2936 2685,2938 2685,2938 2652,2938 2651,2939 2651,2940 2651,2940 2642,2940 2641,2941 2633,2941 2632,2942 2291,2942 2290,2943 2251,2943 2250,2944 2250,2948 2250,2948"/><TextEquiv><Unicode/></TextEquiv><TextEquiv index="1"><Unicode>elles avoient été réveillées par nos ſin-</Unicode></TextEquiv></TextLine><TextLine id="l18"><Coords points="2927,3284 2926,3284 2926,3283 2926,3282 2925,3282 2924,3282 2924,3281 2921,3278 2921,3258 2921,3257 2807,3257 2806,3257 2806,3242 2806,3241 2208,3241 2207,3242 2207,3251 2207,3251 2203,3251 2202,3251 2202,3225 2202,3224 1848,3224 1846,3223 1846,3221 1846,3220 1792,3220 1790,3218 1460,3218 1459,3217 936,3217 933,3215 933,3214 933,3213 930,3213 929,3213 929,3209 928,3208 928,3206 926,3204 926,3202 927,3201 928,3201 928,3201 928,3142 929,3141 929,3062 933,3058 933,3032 934,3031 934,3002 936,3000 936,2998 938,2996 938,2993 943,2988 950,2988 950,2988 950,2987 951,2986 952,2986 952,2986 952,2985 953,2984 959,2984 960,2983 1005,2983 1005,2983 1005,2982 1006,2981 1007,2981 1007,2981 1007,2980 1008,2979 1076,2979 1076,2979 1076,2948 1077,2947 1078,2947 1080,2945 1082,2945 1084,2943 1141,2943 1141,2944 1141,2945 1142,2945 1146,2945 1146,2946 1146,2950 1147,2950 1148,2950 1148,2951 1148,2978 1149,2978 1603,2978 1603,2978 1603,2968 1605,2966 1617,2966 1617,2966 1617,2962 1619,2960 1619,2958 1620,2957 1621,2957 1621,2957 1621,2953 1622,2952 1624,2952 1624,2952 1624,2951 1625,2950 1626,2950 1626,2950 1626,2949 1627,2948 1628,2948 1628,2948 1628,2946 1631,2943 1633,2943 1636,2940 1638,2940 1638,2940 1638,2939 1639,2938 1645,2938 1645,2938 1645,2937 1646,2936 1655,2936 1655,2937 1655,2938 1656,2938 1677,2938 1680,2941 1684,2941 1684,2942 1684,2948 1685,2948 2589,2948 2590,2947 2599,2947 2599,2947 2599,2946 2600,2945 2606,2945 2606,2945 2606,2944 2607,2943 2840,2943 2842,2941 2993,2941 2994,2940 3012,2940 3013,2941 3025,2941 3027,2943 3185,2943 3187,2946 3187,2948 3188,2948 3190,2948 3193,2952 3193,2955 3194,2956 3194,2984 3195,2984 3247,2984 3249,2986 3251,2986 3251,2987 3251,2988 3252,2988 3256,2988 3256,2989 3256,2993 3257,2993 3259,2993 3260,2994 3260,2995 3260,2997 3262,2998 3263,2998 3263,2999 3263,3000 3264,3000 3265,3000 3265,3001 3265,3002 3266,3002 3320,3002 3320,3003 3318,3005 3318,3014 3318,3014 3317,3014 3316,3015 3316,3175 3315,3176 3315,3177 3315,3177 3312,3177 3311,3178 3311,3179 3311,3179 3309,3179 3308,3180 3308,3182 3308,3182 3302,3182 3301,3183 3301,3230 3300,3231 3197,3231 3196,3232 3196,3234 3196,3234 3092,3234 3090,3236 3087,3236 3086,3237 3086,3241 3086,3241 3070,3241 3069,3242 2986,3242 2985,3243 2966,3243 2965,3244 2965,3246 2965,3246 2956,3246 2955,3247 2955,3249 2954,3250 2954,3252 2953,3253 2951,3253 2950,3254 2950,3265 2950,3265 2949,3265 2948,3266 2948,3268 2947,3269 2947,3273 2947,3273 2946,3273 2945,3274 2945,3278 2944,3279 2942,3279 2941,3280 2941,3282 2941,3282 2939,3282 2938,3283 2938,3284 2938,3284"/><TextEquiv><Unicode/></TextEquiv><TextEquiv index="1"><Unicode>tiutſie uvenriaitl mai entspao</Unicode></TextEquiv></TextLine><TextLine id="l19"><Coords points="2370,3414 2369,3414 2369,3410 2369,3409 2224,3409 2223,3409 2223,3406 2222,3404 1977,3404 1930,3404 1929,3405 1929,3407 1928,3408 1873,3408 1872,3409 1799,3409 1798,3410 1761,3410 1760,3411 1715,3411 1714,3412 1664,3412 1663,3413 1605,3413 1604,3414 1555,3414 1554,3413 1520,3413 1519,3413 1519,3405 1517,3403 1517,3398 1515,3395 1331,3395 1330,3396 1330,3399 1330,3399 1328,3399 1327,3399 1327,3390 1327,3389 1292,3389 1290,3387 1102,3387 1101,3388 1101,3409 1099,3411 1097,3411 1096,3412 1089,3412 1088,3412 1088,3388 1088,3387 986,3387 984,3386 984,3384 983,3383 983,3374 983,3373 953,3373 952,3373 952,3371 952,3370 943,3370 941,3368 937,3368 936,3368 936,3366 935,3365 935,3359 934,3358 934,3307 933,3306 933,3297 934,3296 936,3296 936,3296 936,3295 937,3294 938,3294 938,3294 938,3293 939,3292 940,3292 941,3291 941,3285 942,3284 943,3284 943,3284 943,3276 944,3275 945,3275 945,3275 945,3273 947,3271 947,3267 949,3265 950,3265 950,3265 950,3264 951,3263 952,3263 952,3263 952,3262 953,3261 954,3261 954,3261 954,3259 955,3258 955,3256 957,3254 971,3254 972,3253 974,3253 974,3253 974,3252 975,3251 984,3251 986,3253 988,3253 989,3254 992,3254 994,3256 1075,3256 1077,3258 1079,3258 1082,3262 1082,3266 1083,3266 1188,3266 1189,3268 1189,3284 1190,3284 1399,3284 1399,3284 1399,3261 1400,3260 1402,3260 1402,3260 1402,3258 1407,3253 1409,3253 1409,3253 1409,3252 1410,3251 1425,3251 1425,3251 1425,3249 1426,3248 1432,3248 1432,3249 1432,3253 1433,3253 1435,3253 1435,3254 1435,3294 1436,3294 1629,3294 1631,3292 1631,3290 1632,3289 1691,3289 1691,3289 1691,3282 1693,3280 1693,3278 1694,3277 1696,3277 1696,3277 1696,3273 1697,3272 1698,3272 1698,3272 1698,3271 1699,3270 1700,3270 1700,3270 1700,3269 1701,3268 1704,3265 1705,3265 1705,3265 1705,3262 1706,3261 1712,3261 1713,3260 1901,3260 1901,3260 1901,3259 1902,3258 1913,3258 1913,3258 1913,3257 1914,3256 1918,3256 1920,3254 1926,3254 1928,3256 1954,3256 1955,3257 2139,3257 2140,3256 2167,3256 2169,3258 2173,3258 2173,3259 2173,3260 2174,3260 2204,3260 2207,3264 2207,3265 2208,3265 2211,3265 2211,3266 2211,3267 2212,3268 2212,3270 2213,3270 2219,3270 2219,3271 2219,3273 2221,3275 2221,3277 2222,3277 2223,3277 2223,3278 2223,3280 2224,3280 2243,3280 2243,3281 2243,3294 2244,3294 2269,3294 2269,3295 2269,3296 2270,3296 2553,3296 2553,3296 2553,3286 2554,3285 2554,3282 2556,3280 2556,3276 2557,3275 2558,3275 2558,3275 2558,3273 2560,3271 2560,3269 2563,3266 2563,3264 2564,3263 2566,3263 2571,3258 2575,3258 2579,3254 2580,3254 2581,3253 2589,3253 2589,3253 2589,3252 2590,3251 2604,3251 2604,3252 2604,3256 2605,3256 2606,3256 2606,3257 2606,3296 2607,3296 2800,3296 2800,3296 2800,3266 2801,3265 2802,3265 2802,3265 2802,3263 2804,3261 2804,3259 2806,3257 2833,3257 2833,3258 2833,3287 2834,3287 2993,3287 2993,3288 2993,3292 2994,3292 3084,3292 3084,3293 3084,3294 3085,3294 3306,3294 3306,3295 3306,3296 3307,3296 3313,3296 3313,3297 3313,3299 3318,3304 3318,3344 3319,3344 3320,3344 3320,3345 3320,3350 3318,3352 3318,3356 3313,3361 3312,3361 3311,3362 3311,3363 3311,3363 3309,3363 3304,3368 3238,3368 3237,3369 3237,3370 3237,3370 3197,3370 3196,3371 3196,3383 3195,3384 3194,3384 3193,3385 3193,3386 3192,3387 3097,3387 3096,3388 3096,3396 3096,3396 3075,3396 3074,3397 3074,3412 3074,3412 3059,3412 3058,3411 3054,3411 3053,3411 3053,3405 3053,3404 2901,3404 2900,3404 2900,3403 2900,3402 2607,3402 2606,3403 2606,3406 2606,3406 2542,3406 2541,3407 2541,3412 2541,3412 2523,3412 2522,3413 2380,3413 2379,3414"/><TextEquiv><Unicode/></TextEquiv><TextEquiv index="1"><Unicode>ſoit enchantée. La Dame ſouriort avec</Unicode></TextEquiv></TextLine><TextLine id="l20"><Coords points="1747,3571 1746,3571 1746,3568 1746,3567 1336,3567 1335,3567 1335,3565 1335,3564 1292,3564 1290,3562 1276,3562 1275,3561 1273,3561 1272,3561 1272,3560 1272,3559 994,3559 993,3559 993,3558 993,3557 992,3557 991,3557 991,3555 991,3554 986,3554 984,3553 984,3526 984,3525 957,3525 955,3523 945,3523 943,3521 941,3521 940,3521 940,3457 941,3456 941,3454 945,3450 1081,3450 1081,3450 1081,3438 1082,3437 1084,3437 1084,3437 1084,3435 1088,3431 1088,3413 1089,3412 1789,3412 1789,3412 1789,3411 1790,3410 1867,3410 1868,3409 1898,3409 1899,3408 2089,3408 2090,3407 2393,3407 2393,3407 2393,3400 2395,3398 2395,3395 2396,3394 2434,3394 2434,3395 2434,3397 2435,3397 2436,3397 2436,3398 2436,3407 2437,3407 2746,3407 2747,3409 2747,3411 2748,3411 3187,3411 3189,3413 3194,3413 3196,3416 3196,3418 3197,3418 3198,3418 3198,3419 3198,3450 3199,3450 3252,3450 3254,3452 3259,3452 3261,3454 3263,3454 3267,3459 3267,3461 3268,3462 3268,3466 3269,3466 3270,3466 3270,3467 3270,3471 3271,3471 3321,3471 3322,3473 3322,3476 3323,3477 3323,3488 3319,3492 3304,3492 3302,3494 3298,3494 3297,3495 3276,3495 3275,3496 3275,3517 3271,3521 3269,3521 3268,3522 3268,3524 3268,3524 3259,3524 3258,3525 3197,3525 3196,3526 3125,3526 3124,3527 3124,3528 3124,3528 3051,3528 3049,3530 3018,3530 3017,3531 3017,3549 3017,3549 2962,3549 2961,3550 2961,3566 2961,3566 2447,3566 2446,3567 2131,3567 2130,3568 2130,3571 2130,3571"/><TextEquiv><Unicode/></TextEquiv><TextEquiv index="1"><Unicode>ménagement, &amp;, ſe taiſoit d'un air in-</Unicode></TextEquiv></TextLine><TextLine id="l21"><Coords points="2265,3725 2264,3725 2264,3724 2262,3721 1754,3721 1752,3723 1749,3723 1748,3723 1748,3721 1748,3720 1503,3720 1502,3720 1502,3710 1502,3709 1188,3709 1183,3714 1180,3714 1179,3715 1177,3715 1175,3717 1163,3717 1161,3719 1154,3719 1153,3719 1153,3718 1153,3717 1147,3717 1144,3714 1139,3714 1134,3709 1131,3709 1129,3708 1129,3706 1129,3705 1128,3705 1127,3705 1127,3703 1125,3701 1125,3684 1125,3683 962,3683 957,3678 955,3678 949,3672 948,3672 947,3671 946,3671 945,3671 945,3670 945,3669 944,3669 943,3669 943,3668 943,3667 942,3667 941,3667 941,3666 940,3665 940,3663 940,3662 939,3662 938,3662 938,3660 936,3658 936,3656 934,3654 934,3628 936,3626 938,3626 938,3626 938,3624 940,3622 941,3622 942,3621 943,3621 943,3621 943,3620 944,3619 945,3619 945,3619 945,3617 952,3610 953,3610 954,3609 955,3609 955,3609 955,3608 956,3607 960,3607 962,3605 976,3605 976,3605 976,3567 982,3561 988,3561 989,3562 994,3562 996,3564 998,3564 998,3565 998,3567 999,3567 1560,3567 1560,3568 1560,3571 1561,3571 1844,3571 1846,3569 1865,3569 1867,3567 1892,3567 1894,3570 1894,3571 1895,3571 1896,3571 1896,3572 1896,3573 1897,3573 1910,3573 1910,3574 1910,3607 1911,3607 2195,3607 2195,3607 2195,3600 2197,3598 2197,3593 2200,3590 2200,3584 2201,3583 2204,3583 2204,3583 2204,3575 2205,3574 2205,3571 2209,3567 2209,3565 2210,3564 2343,3564 2343,3565 2343,3566 2344,3566 2630,3566 2630,3566 2630,3565 2631,3564 2637,3564 2637,3565 2637,3566 2638,3566 2640,3566 2641,3568 2641,3571 2642,3572 2642,3576 2643,3576 2947,3576 2947,3576 2947,3572 2948,3571 2948,3567 2949,3566 3103,3566 3103,3566 3103,3565 3104,3564 3106,3564 3108,3562 3118,3562 3120,3564 3125,3564 3126,3566 3126,3569 3127,3570 3127,3600 3128,3600 3325,3600 3325,3601 3325,3602 3325,3602 3321,3602 3320,3603 3320,3662 3320,3662 3319,3662 3318,3663 3318,3667 3315,3670 3315,3672 3315,3672 3313,3672 3311,3674 3311,3676 3311,3676 3307,3676 3305,3678 3254,3678 3253,3679 3216,3679 3215,3680 3215,3681 3215,3681 3159,3681 3158,3682 3158,3683 3158,3683 3126,3683 3125,3684 3125,3702 3122,3705 3122,3707 3122,3707 2934,3707 2932,3709 2774,3709 2773,3710 2659,3710 2658,3711 2658,3717 2658,3717 2456,3717 2455,3718 2455,3720 2454,3721 2318,3721 2317,3722 2315,3722 2314,3723 2314,3724 2314,3724 2267,3724 2266,3725"/><TextEquiv><Unicode/></TextEquiv><TextEquiv index="1"><Unicode>dulgent. La maligne Adélaide étoit dans</Unicode></TextEquiv></TextLine><TextLine id="l22"><Coords points="1830,3882 1829,3882 1829,3880 1829,3879 1827,3879 1825,3878 1825,3838 1825,3837 1719,3837 1717,3839 1716,3839 1715,3840 1715,3858 1715,3858 1711,3858 1710,3858 1710,3854 1710,3853 1639,3853 1638,3853 1638,3842 1638,3841 1512,3841 1511,3842 1511,3846 1511,3846 1507,3846 1505,3845 1505,3842 1505,3841 1317,3841 1316,3842 1316,3844 1316,3844 1309,3844 1308,3845 1308,3851 1308,3851 1307,3851 1306,3852 1306,3856 1306,3856 1304,3856 1303,3857 1303,3863 1303,3863 1300,3863 1297,3861 1297,3854 1297,3853 1192,3853 1191,3853 1191,3839 1191,3838 1188,3838 1186,3836 1022,3836 1021,3837 1015,3837 1014,3838 1014,3839 1014,3839 996,3839 995,3840 995,3863 995,3863 980,3863 978,3862 978,3856 977,3855 977,3833 977,3832 942,3832 940,3831 940,3830 940,3829 939,3829 938,3829 938,3825 936,3823 937,3822 938,3822 938,3822 938,3735 939,3734 940,3734 943,3731 943,3730 944,3729 948,3729 953,3724 974,3724 974,3725 974,3762 975,3762 1165,3762 1165,3762 1165,3761 1166,3760 1237,3760 1237,3760 1237,3729 1239,3727 1297,3727 1298,3726 1300,3726 1302,3724 1359,3724 1361,3722 1364,3722 1366,3720 1397,3720 1398,3719 1407,3719 1409,3717 1413,3717 1413,3717 1413,3715 1414,3714 1420,3714 1421,3715 1424,3715 1426,3717 1428,3717 1428,3718 1428,3719 1429,3719 1430,3719 1433,3722 1435,3722 1435,3723 1435,3763 1436,3763 1450,3763 1451,3764 1574,3764 1574,3764 1574,3732 1575,3731 1581,3731 1581,3732 1581,3741 1582,3741 1607,3741 1607,3742 1607,3746 1609,3748 1609,3750 1610,3750 1614,3750 1614,3751 1614,3753 1616,3755 1616,3762 1617,3762 1741,3762 1741,3762 1741,3760 1743,3758 1743,3754 1746,3751 1748,3751 1748,3751 1748,3724 1749,3723 1808,3723 1809,3722 1994,3722 1994,3722 1994,3719 1995,3718 1999,3718 2000,3719 2013,3719 2014,3720 2020,3720 2020,3721 2020,3727 2021,3727 2035,3727 2035,3728 2035,3729 2036,3729 2038,3729 2039,3731 2039,3733 2040,3734 2040,3749 2042,3751 2042,3763 2043,3763 2202,3763 2203,3762 2205,3762 2207,3760 2264,3760 2264,3760 2264,3726 2265,3725 2265,3726 2265,3733 2266,3733 2389,3733 2391,3731 2405,3731 2407,3734 2407,3736 2408,3737 2408,3741 2409,3741 2420,3741 2420,3742 2420,3744 2422,3745 2424,3745 2424,3746 2424,3765 2425,3765 2565,3765 2568,3762 2568,3760 2570,3758 2570,3749 2571,3748 2572,3748 2572,3748 2572,3744 2573,3743 2573,3739 2574,3738 2575,3738 2575,3738 2575,3737 2576,3736 2577,3736 2577,3736 2577,3734 2580,3731 2580,3729 2582,3727 2584,3727 2589,3722 2596,3722 2596,3722 2596,3720 2597,3719 2615,3719 2616,3720 2619,3720 2622,3724 2622,3726 2623,3727 2623,3753 2624,3753 2749,3753 2749,3753 2749,3735 2750,3734 2751,3734 2752,3733 2752,3731 2756,3727 2764,3727 2764,3727 2764,3725 2765,3724 2773,3724 2773,3725 2773,3726 2774,3726 2776,3726 2776,3727 2776,3730 2778,3731 2788,3731 2788,3732 2788,3753 2789,3753 2852,3753 2852,3754 2852,3769 2853,3769 2862,3769 2862,3770 2862,3798 2863,3798 2986,3798 2986,3798 2986,3796 2988,3794 2988,3790 2989,3789 2991,3789 2991,3789 2991,3786 2993,3784 2993,3756 2994,3755 2995,3755 2995,3755 2995,3747 2997,3745 2998,3745 2998,3745 2998,3744 2999,3743 3001,3743 3003,3741 3005,3741 3005,3741 3005,3739 3008,3736 3015,3736 3017,3734 3022,3734 3022,3735 3022,3736 3023,3736 3031,3736 3031,3737 3031,3738 3032,3738 3033,3738 3034,3740 3034,3741 3035,3741 3038,3741 3038,3742 3038,3744 3039,3744 3201,3744 3201,3744 3201,3724 3206,3719 3209,3719 3211,3717 3215,3717 3215,3717 3215,3716 3216,3715 3218,3715 3218,3716 3218,3717 3219,3717 3220,3717 3220,3718 3220,3719 3221,3719 3222,3719 3223,3720 3257,3720 3259,3722 3261,3722 3261,3723 3261,3725 3265,3729 3265,3731 3267,3733 3267,3755 3268,3755 3323,3755 3323,3756 3323,3817 3324,3817 3325,3817 3325,3818 3325,3877 3326,3877 3327,3877 3327,3878 3327,3879 3327,3879 3322,3879 3321,3879 3321,3838 3321,3837 3033,3837 3031,3839 3027,3839 3026,3840 3026,3841 3026,3841 3011,3841 3010,3842 3010,3860 3010,3860 3008,3860 3005,3863 3005,3865 3005,3865 2927,3865 2926,3866 2926,3870 2926,3870 2924,3870 2923,3870 2923,3869 2923,3868 2773,3868 2771,3870 2699,3870 2697,3872 2593,3872 2592,3873 2592,3874 2591,3875 2589,3875 2587,3877 2578,3877 2577,3877 2577,3842 2577,3841 2568,3841 2566,3839 2435,3839 2434,3840 2434,3853 2434,3853 2402,3853 2401,3854 2401,3858 2401,3858 2334,3858 2333,3859 2333,3863 2333,3863 2331,3863 2329,3865 2329,3866 2329,3866 2322,3866 2321,3865 2207,3865 2204,3863 2204,3861 2204,3860 2079,3860 2078,3861 2078,3863 2078,3863 2076,3863 2075,3864 2075,3869 2075,3869 1969,3869 1968,3870 1968,3872 1968,3872 1967,3872 1966,3873 1966,3875 1966,3875 1963,3873 1963,3859 1963,3858 1962,3858 1961,3858 1961,3845 1961,3844 1931,3844 1930,3843 1897,3843 1896,3843 1896,3842 1896,3841 1882,3841 1880,3839 1878,3839 1876,3837 1835,3837 1834,3838 1834,3879 1834,3879 1833,3879 1831,3881 1831,3882 1831,3882"/><TextEquiv><Unicode/></TextEquiv><TextEquiv index="1"><Unicode>le raviſſement. Elle parla ſeule, &amp; dit</Unicode></TextEquiv></TextLine><TextLine id="l23"><Coords points="2758,4047 2757,4047 2757,4045 2757,4044 2752,4044 2751,4044 2751,4043 2751,4042 2571,4042 2570,4042 2570,4040 2568,4038 2568,4036 2567,4035 2567,4009 2567,4008 2444,4008 2443,4008 2443,4007 2443,4006 2442,4006 2441,4006 2441,4005 2441,4004 2229,4004 2228,4003 2224,4003 2223,4003 2223,4002 2223,4001 2222,4001 2221,4001 2221,4000 2221,3999 1893,3999 1892,4000 1892,4025 1892,4025 1887,4025 1886,4025 1886,4014 1886,4013 1625,4013 1624,4013 1624,4009 1624,4008 1615,4008 1614,4008 1614,4006 1613,4004 1611,4004 1610,4003 1603,4003 1602,4003 1602,4002 1602,4001 1514,4001 1512,3999 1355,3999 1354,3999 1354,3998 1354,3997 1352,3997 1351,3996 1267,3996 1266,3997 1266,4036 1266,4036 1259,4036 1258,4036 1258,3997 1258,3996 999,3996 998,3997 992,3997 991,3998 991,3999 988,4002 988,4004 986,4006 986,4011 986,4011 985,4011 984,4011 984,3995 984,3994 967,3994 965,3992 958,3992 957,3991 878,3991 876,3990 876,3988 877,3987 936,3987 936,3987 936,3951 938,3949 938,3944 940,3942 940,3940 941,3939 941,3934 950,3925 952,3925 952,3925 952,3924 954,3922 955,3922 955,3922 955,3921 956,3920 958,3920 960,3918 965,3918 966,3917 1090,3917 1091,3916 1091,3914 1092,3913 1093,3913 1093,3913 1093,3912 1094,3911 1096,3911 1097,3910 1296,3910 1296,3910 1296,3909 1297,3908 1297,3904 1298,3903 1299,3903 1299,3903 1299,3902 1300,3901 1301,3901 1301,3901 1301,3899 1303,3897 1303,3893 1305,3891 1306,3891 1306,3891 1306,3889 1309,3886 1311,3886 1311,3886 1311,3885 1312,3884 1313,3884 1313,3884 1313,3882 1315,3880 1318,3880 1318,3880 1318,3878 1319,3877 1321,3877 1323,3875 1332,3875 1333,3874 1344,3874 1345,3875 1349,3875 1349,3876 1349,3880 1351,3882 1351,3887 1352,3887 1550,3887 1550,3888 1550,3890 1554,3894 1554,3911 1555,3911 1737,3911 1738,3913 1738,3918 1739,3918 2066,3918 2066,3918 2066,3916 2067,3915 2068,3915 2068,3915 2068,3912 2069,3911 2070,3911 2070,3911 2070,3870 2071,3869 2207,3869 2207,3869 2207,3866 2208,3865 2222,3865 2223,3866 2329,3866 2329,3867 2329,3886 2330,3886 2649,3886 2649,3886 2649,3883 2650,3882 2651,3882 2653,3880 2654,3880 2655,3879 2665,3879 2666,3881 2666,3882 2667,3882 2977,3882 2978,3884 2978,3903 2979,3903 2991,3903 2991,3904 2991,3917 2992,3917 3289,3917 3289,3917 3289,3887 3292,3884 3294,3884 3294,3884 3294,3883 3295,3882 3297,3882 3299,3880 3301,3880 3302,3879 3327,3879 3327,3880 3327,3883 3326,3884 3324,3884 3323,3885 3323,3987 3323,3987 3321,3987 3319,3989 3280,3989 3279,3990 3279,3992 3279,3992 3276,3992 3275,3993 3275,3994 3275,3994 3273,3994 3268,3999 3066,3999 3065,4000 3065,4004 3065,4004 3063,4004 3062,4005 3062,4006 3062,4006 3061,4006 3060,4007 3060,4008 3060,4008 3059,4008 3058,4009 3058,4011 3057,4012 3057,4016 3057,4016 3040,4016 3039,4017 3039,4018 3039,4018 3037,4018 3036,4019 3036,4020 3036,4020 2769,4020 2768,4021 2768,4040 2766,4042 2766,4047 2766,4047"/><TextEquiv><Unicode/></TextEquiv><TextEquiv index="1"><Unicode>entre ſes dents; C'eſt le père Samuel</Unicode></TextEquiv></TextLine><TextLine id="l24"><Coords points="1871,4195 1870,4194 1612,4194 1611,4194 1611,4192 1611,4191 1154,4191 1153,4190 1143,4190 1142,4189 1104,4189 1103,4189 1103,4157 1103,4156 979,4156 977,4155 977,4138 977,4137 946,4137 945,4137 945,4136 945,4135 944,4135 943,4135 943,4134 943,4133 942,4133 940,4132 940,4097 938,4095 938,4088 941,4085 941,4083 942,4082 943,4082 943,4082 943,4081 944,4080 991,4080 991,4080 991,4076 992,4075 1249,4075 1249,4075 1249,4042 1251,4040 1251,4038 1252,4037 1258,4037 1259,4036 1418,4036 1419,4035 1445,4035 1447,4037 1449,4037 1449,4038 1449,4040 1450,4040 1569,4040 1569,4041 1569,4044 1570,4044 1571,4044 1571,4045 1571,4051 1572,4051 1583,4051 1583,4052 1583,4066 1584,4066 1729,4066 1729,4067 1729,4068 1730,4068 1731,4068 1731,4069 1731,4070 1732,4070 2066,4070 2066,4071 2066,4073 2067,4073 2068,4073 2068,4074 2068,4076 2070,4078 2070,4085 2071,4085 2081,4085 2083,4087 2085,4087 2085,4088 2085,4090 2088,4092 2190,4092 2190,4093 2190,4123 2191,4123 2216,4123 2216,4124 2216,4125 2217,4125 2219,4125 2221,4128 2221,4130 2222,4130 2324,4130 2326,4133 2326,4138 2327,4138 2494,4138 2494,4139 2494,4144 2494,4144 2490,4144 2489,4145 2458,4145 2457,4146 2457,4181 2457,4181 2456,4181 2455,4182 2455,4183 2455,4183 2300,4183 2299,4184 2299,4194 2299,4194 1885,4194 1884,4195"/><TextEquiv><Unicode/></TextEquiv><TextEquiv index="1"><Unicode>qui eſt le tenantn.</Unicode></TextEquiv></TextLine><TextLine id="l25"><Coords points="2590,4355 2589,4355 2589,4353 2589,4352 1849,4352 1848,4352 1848,4344 1848,4343 1768,4343 1765,4341 1765,4327 1765,4326 1680,4326 1679,4326 1679,4320 1677,4318 1677,4313 1677,4312 985,4312 984,4312 984,4309 986,4307 1163,4307 1163,4307 1163,4305 1163,4304 1105,4304 1103,4302 1099,4302 1098,4302 1098,4301 1098,4300 1096,4300 1091,4296 1091,4289 1092,4288 1093,4288 1093,4288 1093,4287 1094,4286 1096,4286 1096,4286 1096,4196 1097,4195 1098,4195 1098,4195 1098,4193 1101,4190 1103,4190 1104,4189 1112,4189 1113,4190 1970,4190 1970,4190 1970,4189 1971,4188 1972,4188 1972,4188 1972,4186 1973,4185 2561,4185 2561,4185 2561,4181 2562,4180 2570,4180 2570,4181 2570,4185 2571,4185 2572,4185 2573,4186 2576,4186 2577,4188 2577,4214 2578,4214 2678,4214 2680,4216 2682,4216 2684,4219 2684,4222 2683,4223 2578,4223 2577,4224 2577,4229 2578,4229 3335,4229 3335,4230 3335,4231 3335,4231 3328,4231 3327,4232 3327,4253 3325,4255 3316,4255 3315,4256 3315,4301 3314,4302 3312,4302 3310,4304 3307,4304 3306,4305 3302,4305 3301,4306 3301,4307 3301,4307 3273,4307 3272,4308 3272,4319 3272,4319 3226,4319 3225,4320 3225,4321 3225,4321 3185,4321 3184,4322 3184,4326 3184,4326 3183,4326 3182,4327 3182,4329 3182,4329 3170,4329 3168,4331 3022,4331 3020,4333 2841,4333 2840,4334 2840,4350 2840,4350 2833,4350 2832,4351 2748,4351 2747,4352 2599,4352 2598,4353 2598,4355 2598,4355"/><TextEquiv><Unicode/></TextEquiv><TextEquiv index="1"><Unicode>Pour moi, je fouriois ſans prononcer</Unicode></TextEquiv></TextLine><TextLine id="l26"><Coords points="2490,4511 2489,4511 2489,4509 2489,4508 1917,4508 1916,4508 1916,4502 1916,4501 1823,4501 1822,4500 1100,4500 1098,4499 1098,4497 1098,4496 1097,4496 1096,4496 1096,4477 1096,4476 990,4476 988,4475 988,4473 988,4472 987,4472 986,4472 986,4463 986,4462 963,4462 962,4462 962,4459 962,4458 961,4458 959,4457 959,4456 959,4455 958,4455 957,4455 957,4454 957,4453 956,4453 955,4453 955,4452 955,4451 953,4451 952,4451 952,4444 952,4443 951,4443 950,4443 950,4406 947,4403 947,4401 947,4400 946,4400 945,4400 945,4391 947,4389 947,4385 948,4384 1036,4384 1037,4383 1400,4383 1404,4379 1645,4379 1645,4379 1645,4375 1648,4372 1648,4368 1649,4367 1652,4367 1652,4367 1652,4366 1654,4364 1656,4364 1658,4362 1822,4362 1822,4362 1822,4360 1824,4358 1824,4356 1827,4353 1848,4353 1849,4352 2172,4352 2174,4350 2943,4350 2943,4350 2943,4348 2945,4346 2954,4346 2955,4345 3249,4345 3251,4348 3251,4350 3252,4350 3253,4350 3253,4351 3253,4352 3255,4354 3255,4365 3256,4366 3256,4389 3257,4389 3310,4389 3312,4391 3313,4391 3313,4392 3313,4393 3314,4393 3315,4393 3315,4394 3315,4395 3316,4395 3318,4395 3320,4398 3320,4400 3321,4400 3323,4400 3323,4401 3323,4406 3327,4410 3327,4420 3328,4420 3336,4420 3337,4422 3337,4431 3337,4431 3333,4431 3332,4432 3332,4434 3328,4438 3328,4441 3327,4442 3327,4449 3325,4451 3325,4455 3325,4455 3324,4455 3323,4456 3323,4457 3323,4457 3321,4457 3320,4458 3318,4460 3318,4462 3318,4462 3314,4462 3313,4463 3309,4463 3308,4464 3308,4465 3308,4465 3306,4465 3304,4467 3231,4467 3230,4468 3230,4469 3230,4469 3228,4469 3227,4470 3178,4470 3177,4471 3177,4472 3175,4474 3175,4475 3174,4476 3135,4476 3134,4477 3134,4491 3135,4491 3418,4491 3418,4492 3418,4494 3421,4497 3421,4501 3421,4501 3108,4501 3107,4502 3107,4506 3107,4506 2726,4506 2725,4507 2725,4508 2725,4508 2506,4508 2505,4509 2505,4511 2505,4511"/><TextEquiv><Unicode/></TextEquiv><TextEquiv index="1"><Unicode>un mot, &amp; je m'habillois. Adélaîde</Unicode></TextEquiv></TextLine><TextLine id="l27"><Coords points="1894,4664 1893,4664 1893,4661 1893,4660 1604,4660 1603,4660 1603,4643 1603,4642 1348,4642 1347,4643 1347,4644 1347,4644 1345,4644 1344,4644 1344,4628 1344,4627 1312,4627 1311,4627 1311,4623 1311,4622 1135,4622 1134,4623 1134,4629 1134,4629 1132,4629 1131,4630 1010,4630 1009,4631 1009,4641 1007,4643 1007,4644 1007,4644 987,4644 986,4644 986,4616 986,4615 975,4615 974,4615 974,4614 974,4613 972,4613 970,4611 967,4611 966,4610 965,4610 964,4610 964,4608 962,4606 962,4563 962,4562 959,4562 957,4560 955,4560 950,4556 950,4545 951,4544 953,4544 954,4543 967,4543 967,4543 967,4542 968,4541 970,4541 972,4539 972,4537 973,4536 974,4536 974,4536 974,4533 975,4532 977,4532 979,4530 1093,4530 1093,4530 1093,4509 1094,4508 1098,4508 1098,4509 1098,4534 1099,4534 1389,4534 1389,4534 1389,4514 1391,4512 1393,4512 1397,4508 1400,4508 1402,4506 1406,4506 1406,4506 1406,4504 1407,4503 1409,4503 1409,4504 1409,4508 1410,4508 1414,4508 1414,4509 1414,4513 1415,4513 1416,4513 1416,4514 1416,4544 1417,4544 1597,4544 1597,4544 1597,4509 1598,4508 1600,4508 1600,4509 1600,4544 1601,4544 1784,4544 1784,4544 1784,4516 1785,4515 1786,4515 1786,4515 1786,4511 1787,4510 1916,4510 1916,4510 1916,4509 1917,4508 2037,4508 2040,4505 2045,4505 2047,4503 2057,4503 2059,4506 2059,4508 2060,4508 2066,4508 2066,4509 2066,4551 2067,4551 2269,4551 2272,4548 2274,4548 2274,4549 2274,4551 2275,4551 2395,4551 2395,4551 2395,4528 2396,4527 2446,4527 2446,4527 2446,4509 2447,4508 2450,4508 2450,4508 2450,4507 2451,4506 2461,4506 2463,4508 2465,4508 2465,4509 2465,4511 2466,4511 2505,4511 2506,4512 2508,4512 2513,4518 2513,4548 2514,4548 2702,4548 2702,4548 2702,4513 2704,4511 2704,4509 2705,4508 2862,4508 2862,4508 2862,4506 2863,4505 2866,4505 2866,4506 2866,4510 2867,4510 2874,4510 2876,4512 2878,4512 2881,4516 2881,4518 2883,4520 2883,4522 2884,4522 2885,4522 2885,4523 2885,4525 2886,4526 2886,4541 2887,4541 3091,4541 3091,4541 3091,4515 3093,4513 3093,4509 3094,4508 3096,4508 3098,4506 3187,4506 3187,4507 3187,4508 3188,4508 3189,4508 3189,4509 3189,4511 3193,4515 3193,4517 3194,4518 3194,4520 3195,4520 3196,4520 3196,4521 3196,4542 3197,4542 3234,4542 3235,4543 3244,4543 3245,4544 3318,4544 3318,4545 3318,4546 3319,4546 3320,4546 3320,4547 3320,4548 3321,4548 3322,4548 3323,4550 3323,4551 3324,4551 3325,4551 3325,4552 3325,4568 3326,4568 3340,4568 3340,4569 3340,4586 3341,4586 3344,4586 3344,4587 3344,4590 3342,4592 3342,4596 3342,4596 3336,4596 3335,4597 3335,4598 3334,4599 3334,4640 3333,4641 3231,4641 3230,4642 3229,4641 2992,4641 2991,4642 2991,4644 2990,4645 2990,4647 2990,4647 2985,4647 2984,4646 2982,4646 2981,4646 2981,4645 2981,4644 2980,4644 2979,4644 2979,4643 2979,4642 2758,4642 2757,4643 2757,4651 2757,4651 2753,4651 2752,4652 2752,4653 2752,4653 2750,4653 2749,4653 2749,4652 2749,4651 2440,4651 2439,4651 2439,4647 2437,4645 2437,4636 2437,4635 2248,4635 2247,4636 2247,4656 2247,4656 2246,4656 2245,4657 2245,4659 2241,4663 2238,4663 2236,4662 2236,4647 2236,4646 2131,4646 2130,4646 2130,4631 2130,4630 2115,4630 2114,4630 2114,4628 2114,4627 1905,4627 1904,4628 1904,4664 1904,4664"/><TextEquiv><Unicode/></TextEquiv><TextEquiv index="1"><Unicode>trouva le moyen de me dire à l'oreille:</Unicode></TextEquiv></TextLine><TextLine id="l28"><Coords points="2325,4821 2322,4819 2322,4817 2321,4816 2321,4814 2319,4812 2319,4807 2317,4804 1902,4804 1899,4807 1899,4811 1899,4811 1895,4811 1893,4813 1889,4813 1887,4811 1880,4811 1879,4811 1879,4809 1877,4806 1784,4806 1782,4804 1780,4804 1779,4804 1779,4803 1779,4802 1777,4802 1774,4800 1774,4784 1774,4783 1720,4783 1719,4783 1719,4781 1719,4780 1263,4780 1261,4778 1257,4778 1255,4776 1252,4776 1251,4775 1246,4775 1244,4773 1108,4773 1106,4771 1101,4771 1100,4770 1098,4770 1096,4768 1092,4768 1091,4768 1091,4757 1091,4756 965,4756 964,4756 964,4755 964,4754 960,4754 957,4751 955,4751 953,4750 953,4748 952,4746 950,4746 948,4745 948,4741 947,4740 947,4737 945,4735 945,4726 945,4725 944,4725 943,4725 943,4723 945,4721 945,4719 948,4716 948,4714 949,4713 950,4713 950,4713 950,4712 951,4711 952,4711 952,4711 952,4710 953,4709 959,4709 960,4708 962,4708 962,4708 962,4707 963,4706 977,4706 979,4704 1091,4704 1091,4704 1091,4695 1091,4694 1042,4694 1041,4694 1041,4690 1044,4687 1106,4687 1106,4687 1106,4665 1108,4663 1108,4661 1110,4659 1181,4659 1182,4658 1194,4658 1195,4659 1483,4659 1488,4654 1497,4654 1498,4653 1500,4653 1501,4654 1503,4654 1506,4658 1506,4659 1507,4659 1508,4659 1509,4660 1614,4660 1615,4661 1687,4661 1688,4663 1688,4664 1689,4664 1905,4664 1908,4668 1908,4701 1909,4701 1961,4701 1961,4702 1961,4704 1962,4704 1963,4704 1963,4705 1963,4706 1964,4706 2223,4706 2223,4706 2223,4705 2224,4704 2274,4704 2274,4704 2274,4699 2276,4697 2432,4697 2432,4697 2432,4677 2439,4670 2441,4670 2441,4670 2441,4669 2442,4668 2455,4668 2455,4669 2455,4673 2457,4675 2457,4677 2460,4680 2460,4682 2461,4682 2575,4682 2575,4683 2575,4684 2575,4684 2461,4684 2460,4685 2460,4704 2461,4704 2723,4704 2725,4702 2783,4702 2784,4701 2785,4701 2785,4701 2785,4698 2786,4697 2787,4697 2788,4696 2788,4692 2790,4690 3009,4690 3010,4689 3010,4687 3012,4685 3012,4681 3013,4680 3014,4680 3014,4680 3014,4679 3015,4678 3015,4677 3017,4675 3017,4673 3020,4670 3022,4670 3022,4670 3022,4668 3025,4665 3029,4665 3029,4665 3029,4663 3033,4659 3036,4659 3037,4658 3039,4658 3041,4656 3046,4656 3048,4658 3050,4658 3051,4659 3056,4659 3056,4660 3058,4662 3058,4664 3060,4666 3060,4671 3061,4671 3173,4671 3174,4673 3174,4697 3175,4697 3182,4697 3182,4698 3182,4699 3183,4699 3184,4699 3184,4700 3184,4702 3185,4702 3228,4702 3229,4704 3229,4706 3230,4706 3234,4706 3234,4707 3234,4709 3237,4712 3237,4716 3238,4716 3239,4716 3239,4717 3239,4735 3240,4735 3321,4735 3321,4736 3321,4740 3322,4740 3332,4740 3332,4741 3332,4745 3333,4745 3335,4745 3335,4746 3335,4787 3336,4787 3340,4787 3341,4788 3342,4788 3342,4789 3342,4790 3342,4790 3314,4790 3313,4791 3313,4792 3313,4792 3311,4792 3309,4794 3309,4795 3308,4796 3308,4797 3308,4797 3306,4797 3304,4799 3302,4799 3300,4801 3298,4801 3297,4802 3290,4802 3289,4803 3289,4804 3289,4804 3287,4804 3285,4802 2917,4802 2916,4803 2916,4807 2916,4807 2910,4807 2909,4808 2909,4811 2909,4811 2712,4811 2710,4813 2614,4813 2613,4814 2613,4816 2613,4816 2501,4816 2499,4818 2329,4818 2328,4819 2328,4820 2327,4821"/><TextEquiv><Unicode/></TextEquiv><TextEquiv index="1"><Unicode>Mon drôle, je connois votre ſexe,</Unicode></TextEquiv></TextLine><TextEquiv><Unicode/></TextEquiv></TextRegion></Page></PcGts>