4266 6032
959 288 3356 460 nvous mériteriez que je parlaſſe; cela
965 446 3351 620 dépendra de votre conduite. Je
966 603 3359 780 n'avois pas, dans ma bourſe, de quoi
940 759 3356 932 faire taire cette indiſcrète; je lui don-
966 917 3347 1085 nai un baiſer qui me parut la flatter
969 1074 3349 1242 autant qu'un préſent pécuniaire. J'étois
964 1232 3346 1397 fort embarraſſé. Les trois Dames, en ſi-
965 1382 3346 1552 lence, me conſidéroient d'un œil fort
964 1542 3347 1706 attentif. Elles paroiſſoient ſe douter de
965 1700 3340 1862 quelque choſe; & chaque fois que nos
955 1851 3340 2019 regards ſe rencontroient, elles rougiſ-
957 2009 3334 2170 ſoient. Au reſte, elles n'avoient rien à
959 2164 3339 2326 ſe reprochenmutuellement. Mais il étoit
960 2322 1856 2481 temps d'arriver.
917 2474 3342 2792 os eomtiaimne o lteigietes
953 2790 3342 2947 leur Couvent. Nous les quittâmes avec
965 2943 3332 3103 un regret touchant, & leurs yeux ti-
953 3089 3330 3259 mides ſemblèrent me demander le ſe-
957 3253 3325 3412 cret. Madame d'Amainville voulut bien
952 3410 3334 3571 me mener ſur le champ au palais où
948 3561 3327 3712 réſidoit la Princeſſe Oémelli, & ſe hâta
950 3719 3322 3880 de me quitter, en me donnant pour-
947 3870 3334 4041 tant ſon adreſſe, & en recevant de
943 4030 3339 4196 moi un chaſte baiſer, avec un atten-
940 4187 3316 4353 driſſement qui lui fit verſer des lar-
938 4341 3318 4507 mes. Je fus ſenſible à cette ſéparation
934 4503 3323 4665 touchante. Mon cœur parla plus que
931 4635 3313 4823 mes lèvres, pour remercier cette gé-
