<?xml version="1.0" encoding="UTF-8" standalone="no"?><PcGts xmlns="http://schema.primaresearch.org/PAGE/gts/pagecontent/2017-07-15" xmlns:xsi="http://www.w3.org/2001/XMLSchema-instance" xsi:schemaLocation="http://schema.primaresearch.org/PAGE/gts/pagecontent/2017-07-15 http://schema.primaresearch.org/PAGE/gts/pagecontent/2017-07-15/pagecontent.xsd"><Metadata><Creator/><Created>2020-10-14T09:55:22</Created><LastChange>1970-01-01T00:00:00</LastChange><Comments/></Metadata><Page imageFilename="0072.png" imageHeight="6032" imageWidth="4266"><TextRegion id="r1" orientation="0.0" type="paragraph"><Coords points="1,1 4264,1 4264,6030 1,6030"/><TextLine id="l1"><Coords points="3276,426 3275,425 3223,425 3222,425 3222,423 3222,422 3011,422 3010,422 3010,421 3010,420 2839,420 2838,420 2838,416 2838,415 2715,415 2714,415 2714,413 2714,412 2276,412 2272,409 2272,408 2272,407 2147,407 2145,406 2145,404 2145,403 958,403 957,403 957,398 955,396 955,378 955,377 951,377 948,375 948,374 950,372 974,372 976,370 977,370 977,370 977,276 981,272 988,272 989,271 1053,271 1053,271 1053,270 1054,269 1528,269 1528,269 1528,267 1529,266 1531,266 1531,266 1531,265 1532,264 1534,264 1536,262 1751,262 1754,259 2005,259 2007,257 2910,257 2911,259 2911,262 2912,262 3230,262 3237,270 3237,271 3238,271 3309,271 3310,272 3312,272 3313,274 3313,277 3315,279 3315,305 3316,305 3354,305 3354,306 3354,312 3355,312 3356,312 3356,313 3356,319 3357,319 3370,319 3370,320 3370,324 3371,325 3371,376 3372,376 3373,376 3373,377 3373,386 3374,386 3385,386 3385,387 3385,391 3385,391 3364,391 3363,392 3363,393 3363,393 3360,393 3359,394 3359,395 3359,395 3307,395 3306,396 3306,413 3304,415 3304,426 3304,426"/><TextEquiv><Unicode/></TextEquiv><TextEquiv index="1"><Unicode>Femme de chambre qui me connoiſſoit</Unicode></TextEquiv></TextLine><TextLine id="l2"><Coords points="2903,580 2902,580 2902,554 2902,553 1185,553 1184,553 1184,552 1184,551 1182,551 1180,550 1180,547 1180,546 1005,546 1000,541 996,541 995,541 995,540 995,539 994,539 993,539 993,538 993,537 992,537 988,534 988,532 987,530 977,530 976,530 976,526 977,525 981,525 981,525 981,502 982,501 983,501 983,501 983,499 984,498 984,496 986,494 986,490 987,489 988,489 990,487 990,485 993,482 993,480 995,478 995,476 997,474 1001,474 1003,472 1056,472 1058,470 1060,470 1062,468 1137,468 1137,468 1137,467 1142,462 1266,462 1266,462 1266,439 1267,438 1269,438 1270,437 1270,436 951,436 950,436 950,435 950,434 949,434 948,434 948,432 949,431 1271,431 1272,430 1272,428 1273,427 1337,427 1337,427 1337,421 1338,420 2444,420 2445,419 2446,419 2446,419 2446,418 2447,417 2501,417 2503,419 2505,419 2506,420 2842,420 2842,421 2842,422 2843,422 3048,422 3048,423 3048,425 3049,425 3250,425 3251,426 3304,426 3304,427 3304,468 3305,468 3386,468 3387,470 3387,525 3388,525 3393,525 3394,527 3394,528 3393,529 3324,529 3323,530 3323,541 3323,541 3321,541 3320,542 3320,544 3320,544 2917,544 2916,545 2916,580 2916,580"/><TextEquiv><Unicode/></TextEquiv><TextEquiv index="1"><Unicode>entra dans ce moment. Elle me recon-</Unicode></TextEquiv></TextLine><TextLine id="l3"><Coords points="3167,739 3166,738 3130,738 3129,738 3129,703 3129,702 2903,702 2902,703 2902,736 2902,736 2891,736 2890,736 2890,731 2890,730 2662,730 2661,731 2661,732 2661,732 2654,732 2653,733 2650,733 2649,733 2649,732 2649,731 2519,731 2518,731 2518,726 2518,725 2449,725 2448,725 2448,702 2448,701 2114,701 2113,702 2113,732 2113,732 2071,732 2069,730 1925,730 1923,728 1790,728 1788,726 1466,726 1465,727 1434,727 1433,728 1431,726 1412,726 1411,725 1405,725 1404,725 1404,722 1404,721 1403,721 1402,721 1402,719 1402,718 1360,718 1359,718 1359,717 1359,716 1206,716 1203,714 1203,702 1203,701 979,701 974,697 974,692 976,690 976,686 977,685 977,645 978,644 978,635 979,634 979,633 980,632 984,632 988,628 1057,628 1058,627 1139,627 1139,627 1139,626 1140,625 1141,625 1141,625 1141,624 1142,623 1144,623 1144,623 1144,620 1146,618 1156,618 1156,619 1156,625 1157,625 1383,625 1383,625 1383,594 1385,592 1389,592 1389,592 1389,590 1392,587 1433,587 1436,584 1444,584 1445,586 1445,587 1446,587 1449,587 1449,588 1449,618 1450,618 1812,618 1812,618 1812,616 1813,615 1813,613 1815,611 1815,604 1817,602 1817,599 1818,598 1818,594 1820,592 1820,588 1821,587 1824,587 1824,587 1824,585 1827,582 1827,580 1830,577 1834,577 1834,577 1834,576 1835,575 1836,575 1836,575 1836,574 1838,572 1849,572 1851,570 1858,570 1860,572 1863,572 1865,575 1865,577 1866,577 1867,577 1867,578 1867,579 1868,580 1868,608 1869,608 2016,608 2018,611 2018,615 2019,615 2411,615 2413,613 2432,613 2434,615 2438,615 2439,616 2523,616 2525,618 2739,618 2739,618 2739,583 2740,582 2742,582 2742,582 2742,581 2743,580 2754,580 2755,579 2771,579 2772,580 2996,580 2999,577 3001,577 3002,576 3002,573 3003,572 3005,572 3005,573 3005,575 3006,575 3008,575 3010,577 3027,577 3029,580 3029,582 3030,582 3032,582 3034,585 3034,596 3035,596 3119,596 3119,597 3119,623 3120,623 3127,623 3127,624 3127,625 3128,625 3227,625 3227,626 3227,627 3228,627 3296,627 3297,628 3304,628 3304,629 3304,630 3305,630 3306,630 3306,631 3306,633 3307,633 3308,634 3310,634 3310,635 3310,637 3311,638 3311,651 3312,651 3363,651 3366,655 3366,657 3368,659 3368,665 3369,665 3401,665 3401,666 3401,669 3400,670 3369,670 3366,673 3366,675 3366,675 3340,675 3339,676 3317,676 3316,677 3316,701 3316,701 3297,701 3296,702 3296,721 3296,721 3183,721 3182,722 3182,739 3182,739"/><TextEquiv><Unicode/></TextEquiv><TextEquiv index="1"><Unicode>nut; elle me ſauta au cou. Laiſſez en-</Unicode></TextEquiv></TextLine><TextLine id="l4"><Coords points="2277,891 2276,891 2276,872 2276,871 2059,871 2052,865 2052,853 2052,852 1631,852 1629,854 1544,854 1543,855 1543,857 1543,857 1271,857 1270,858 1270,864 1270,864 1266,864 1265,864 1265,862 1263,860 1263,857 1262,855 1149,855 1148,854 1146,854 1142,850 1140,850 1139,850 1139,846 1139,845 975,845 972,843 972,841 971,840 971,807 969,805 969,800 971,798 971,796 975,792 979,792 979,792 979,791 980,790 1103,790 1103,790 1103,774 1104,773 1447,773 1447,773 1447,743 1448,742 1450,742 1452,740 1454,740 1454,740 1454,733 1455,732 2219,732 2219,732 2219,729 2220,728 2229,728 2231,726 2251,726 2253,728 2260,728 2260,729 2260,731 2261,731 2522,731 2522,732 2522,733 2523,733 2609,733 2612,736 3036,736 3037,735 3038,735 3038,735 3038,734 3039,733 3044,733 3046,735 3051,735 3053,737 3275,737 3276,738 3290,738 3294,742 3299,742 3301,745 3301,783 3302,783 3314,783 3316,786 3316,788 3317,788 3321,788 3323,790 3325,790 3325,791 3325,792 3326,792 3327,792 3327,793 3327,795 3328,796 3328,798 3330,800 3330,804 3331,804 3332,804 3332,805 3332,824 3333,824 3353,824 3355,826 3357,826 3361,831 3361,836 3363,838 3363,848 3361,850 3361,855 3357,859 3352,859 3351,860 3351,862 3351,862 3350,862 3349,861 3302,861 3301,861 3301,860 3301,859 3297,859 3294,856 3107,856 3105,854 3030,854 3029,854 3029,851 3029,850 2664,850 2663,851 2663,855 2662,856 2574,856 2573,857 2573,888 2573,888 2288,888 2287,889 2287,890 2287,890 2286,890 2285,891"/><TextEquiv><Unicode/></TextEquiv><TextEquiv index="1"><Unicode>trer Monſieur, dit - elle au Suiſſe.</Unicode></TextEquiv></TextLine><TextLine id="l5"><Coords points="2250,1036 2248,1034 2246,1034 2245,1034 2245,1032 2245,1031 2236,1031 2235,1031 2235,1029 2235,1028 2234,1027 2232,1027 2231,1027 2231,1008 2231,1007 2112,1007 2111,1008 2084,1008 2083,1009 2083,1034 2081,1036 2074,1036 2073,1036 2073,1035 2073,1034 2072,1034 2069,1031 2024,1031 2023,1031 2023,1030 2023,1029 2022,1029 2021,1029 2021,1006 2021,1005 2007,1005 2005,1003 2004,1003 2003,1002 2002,1002 2001,1002 2001,1001 2001,1000 1999,1000 1996,998 1996,996 1996,995 1914,995 1913,996 1913,1000 1913,1000 1911,1000 1906,1005 1765,1005 1763,1007 1709,1007 1708,1008 1708,1009 1708,1009 1701,1009 1698,1012 1696,1010 1691,1010 1688,1007 1684,1007 1682,1005 1603,1005 1602,1006 1602,1008 1602,1008 1580,1008 1579,1009 1575,1009 1574,1010 1479,1010 1478,1011 1478,1012 1478,1012 1476,1012 1474,1014 1473,1014 1473,1013 1473,1012 1471,1012 1469,1010 1309,1010 1303,1005 1303,985 1303,984 1180,984 1179,985 1179,994 1178,995 1175,995 1172,993 1172,985 1172,984 1046,984 1045,985 1045,987 1041,991 1041,995 1041,995 1039,995 1034,1000 1030,1000 1029,1001 1029,1002 1029,1002 1027,1002 1026,1003 1018,1003 1017,1002 1015,1002 1014,1002 1014,1001 1014,1000 977,1000 975,999 971,995 971,965 971,964 970,964 969,964 969,955 971,953 971,951 974,948 978,948 979,947 988,947 989,948 993,948 993,949 993,950 994,950 1031,950 1031,951 1031,952 1032,952 1034,952 1035,953 1039,953 1041,956 1041,958 1044,960 1124,960 1125,959 1309,959 1309,959 1309,898 1310,897 1319,897 1321,895 1323,895 1327,891 1331,891 1332,892 1421,892 1422,891 1425,895 1425,897 1428,900 1428,936 1429,936 1519,936 1521,934 1593,934 1593,934 1593,927 1594,926 1595,926 1595,926 1595,913 1596,912 1597,912 1597,912 1597,908 1598,907 1598,903 1599,902 1600,902 1600,902 1600,901 1601,900 1602,900 1602,900 1602,898 1603,897 1605,897 1605,897 1605,896 1606,895 1607,895 1607,895 1607,893 1608,892 1615,892 1616,891 1616,889 1619,886 1629,886 1630,885 1636,885 1637,886 1651,886 1653,889 1653,891 1655,893 1655,933 1656,933 1773,933 1775,931 1844,931 1846,929 1887,929 1887,929 1887,898 1888,897 1889,897 1889,897 1889,893 1890,892 1892,892 1894,890 1894,889 1895,888 1904,888 1908,892 1910,892 1910,893 1910,897 1911,898 1911,980 1912,980 1991,980 1992,979 1992,977 1993,976 1994,976 1994,976 1994,941 1997,938 1999,938 1999,938 1999,937 2000,936 2001,936 2001,936 2001,934 2002,933 2006,933 2006,933 2006,932 2007,931 2009,931 2011,929 2045,929 2045,929 2045,924 2047,922 2047,895 2051,891 2052,892 2064,892 2064,893 2064,894 2066,895 2136,895 2138,897 2143,897 2144,899 2144,931 2145,931 2250,931 2252,929 2272,929 2272,929 2272,895 2276,891 2285,891 2286,890 2290,890 2290,891 2290,892 2291,892 2293,892 2295,895 2295,900 2297,902 2297,928 2298,928 2348,928 2353,933 2355,933 2355,934 2355,936 2359,939 2395,939 2395,939 2395,908 2396,907 2398,907 2398,908 2398,912 2399,912 2412,912 2412,913 2412,936 2413,936 2439,936 2439,936 2439,934 2440,933 2442,933 2444,931 2448,931 2448,931 2448,929 2449,928 2451,928 2451,928 2451,926 2455,922 2455,920 2458,917 2465,917 2465,918 2465,919 2466,919 2467,919 2467,920 2467,922 2469,924 2469,931 2472,933 2556,933 2556,933 2556,893 2557,892 2559,892 2561,890 2563,890 2563,890 2563,889 2564,888 2573,888 2575,890 2577,890 2579,892 2618,892 2620,895 2620,902 2621,902 2622,902 2622,903 2622,933 2623,933 2706,933 2706,933 2706,932 2708,930 2708,929 2709,928 2711,928 2711,928 2711,925 2712,924 2713,924 2716,921 2739,921 2739,921 2739,908 2740,907 2742,907 2742,908 2742,909 2743,909 2744,909 2744,910 2744,929 2745,929 2786,929 2788,931 2841,931 2843,933 2922,933 2923,932 2923,930 2925,928 2927,928 2928,927 2928,927 2928,925 2931,922 2935,922 2936,924 2936,927 2938,929 2938,938 2939,938 3020,938 3025,933 3032,933 3033,932 3033,920 3038,915 3038,913 3039,912 3041,912 3041,912 3041,910 3042,909 3043,909 3043,909 3043,908 3044,907 3046,907 3046,907 3046,905 3049,902 3050,902 3050,902 3050,901 3051,900 3053,900 3055,898 3068,898 3074,905 3074,907 3075,907 3077,907 3079,910 3079,912 3080,912 3089,912 3089,913 3089,933 3090,933 3162,933 3162,934 3162,935 3163,935 3165,935 3166,936 3227,936 3227,937 3227,938 3228,938 3299,938 3299,939 3299,943 3300,943 3301,943 3301,944 3301,955 3302,955 3321,955 3323,957 3330,957 3332,959 3358,959 3359,961 3359,963 3361,965 3361,969 3362,969 3363,969 3363,970 3363,986 3363,986 3362,986 3361,987 3361,989 3360,990 3357,990 3356,991 3285,991 3284,992 3284,1008 3280,1012 3231,1012 3230,1013 3230,1015 3230,1015 3226,1015 3225,1014 3215,1014 3211,1010 3104,1010 3103,1011 3103,1012 3103,1012 3046,1012 3045,1013 3045,1015 3045,1015 3042,1015 3041,1015 3041,1011 3041,1010 2863,1010 2862,1011 2862,1012 2862,1012 2859,1009 2854,1009 2852,1007 2726,1007 2725,1007 2725,1006 2725,1005 2712,1005 2711,1005 2711,1003 2711,1002 2709,1002 2708,1001 2629,1001 2627,1003 2627,1005 2627,1005 2556,1005 2555,1004 2535,1004 2476,1004 2475,1005 2468,1005 2466,1003 2456,1003 2453,1000 2451,1000 2450,999 2371,999 2369,1001 2369,1003 2369,1003 2367,1003 2365,1005 2265,1005 2264,1006 2264,1008 2263,1009 2256,1009 2255,1010 2255,1036 2255,1036"/><TextEquiv><Unicode/></TextEquiv><TextEquiv index="1"><Unicode>-- Monſieurl s'écria-t-il tout émer-</Unicode></TextEquiv></TextLine><TextLine id="l6"><Coords points="1431,1211 1430,1210 1322,1210 1321,1210 1321,1171 1321,1170 1156,1170 1155,1170 1155,1168 1155,1167 1154,1167 1153,1167 1153,1166 1153,1165 1151,1165 1149,1164 1149,1161 1148,1160 1148,1159 1148,1158 972,1158 969,1155 967,1155 965,1154 965,1123 962,1120 962,1115 964,1113 964,1109 965,1108 967,1108 969,1106 974,1106 975,1105 1119,1105 1119,1105 1119,1099 1120,1098 1168,1098 1170,1096 1177,1096 1179,1094 1227,1094 1228,1093 1266,1093 1266,1093 1266,1058 1267,1057 1269,1057 1270,1056 1270,1054 1271,1053 1272,1053 1272,1053 1272,1052 1273,1051 2109,1051 2112,1048 2713,1048 2713,1048 2713,1047 2714,1046 2718,1046 2719,1045 2968,1045 2969,1044 2969,1042 2970,1041 2996,1041 2998,1043 3000,1043 3005,1048 3130,1048 3132,1050 3325,1050 3326,1051 3329,1051 3337,1060 3337,1062 3338,1062 3340,1062 3340,1063 3340,1065 3341,1065 3342,1065 3342,1066 3342,1098 3343,1098 3347,1098 3349,1100 3351,1100 3352,1101 3354,1101 3354,1102 3354,1103 3355,1103 3356,1103 3356,1104 3356,1105 3357,1105 3358,1105 3358,1106 3358,1164 3355,1167 3354,1167 3353,1168 3352,1168 3351,1169 3351,1170 3351,1170 3350,1170 3349,1171 3349,1172 3349,1172 3097,1172 3096,1173 3096,1181 3096,1181 3095,1181 3093,1180 3093,1171 3093,1170 1811,1170 1810,1171 1810,1201 1810,1201 1809,1201 1808,1202 1808,1203 1806,1205 1806,1206 1806,1206 1778,1206 1777,1207 1615,1207 1614,1208 1614,1210 1614,1210 1453,1210 1452,1211"/><TextEquiv><Unicode/></TextEquiv><TextEquiv index="1"><Unicode>nveillé; que voulez-vous dire? Il eſt</Unicode></TextEquiv></TextLine><TextLine id="l7"><Coords points="3266,1368 3265,1368 3265,1360 3265,1359 2853,1359 2852,1358 2850,1358 2849,1358 2849,1357 2849,1356 2454,1356 2453,1356 2453,1355 2453,1354 2452,1354 2451,1354 2451,1353 2450,1352 2450,1328 2450,1327 2408,1327 2407,1327 2407,1326 2407,1325 1749,1325 1748,1326 1748,1337 1748,1337 1747,1337 1746,1338 1746,1346 1745,1347 1745,1350 1744,1351 1742,1351 1741,1352 1741,1354 1739,1356 1735,1356 1734,1357 1734,1358 1734,1358 1489,1358 1488,1359 1479,1359 1478,1360 1478,1361 1478,1361 1250,1361 1249,1362 1249,1366 1249,1366 1242,1366 1241,1366 1241,1352 1241,1351 1135,1351 1134,1351 1134,1329 1134,1328 970,1328 965,1324 965,1321 965,1320 943,1320 940,1318 940,1314 941,1313 941,1308 943,1306 946,1306 948,1304 967,1304 967,1304 967,1280 969,1278 969,1268 971,1266 971,1264 972,1263 974,1263 974,1263 974,1261 975,1260 1108,1260 1108,1260 1108,1259 1109,1258 1111,1258 1112,1257 1112,1255 1114,1253 1165,1253 1165,1253 1165,1252 1166,1251 1168,1251 1168,1251 1168,1239 1170,1237 1203,1237 1203,1237 1203,1219 1204,1218 1205,1218 1207,1216 1310,1216 1311,1215 1311,1213 1313,1211 1316,1211 1317,1210 1730,1210 1732,1208 1772,1208 1773,1207 2082,1207 2083,1206 2204,1206 2207,1203 2364,1203 2364,1204 2364,1205 2365,1205 2367,1205 2368,1206 2370,1206 2372,1209 2372,1211 2374,1213 2374,1215 2375,1215 2376,1215 2377,1216 3057,1216 3057,1216 3057,1207 3058,1206 3060,1206 3061,1205 3063,1205 3067,1201 3079,1201 3079,1202 3079,1203 3080,1203 3081,1203 3081,1204 3081,1213 3082,1213 3151,1213 3153,1215 3155,1215 3155,1216 3155,1217 3156,1217 3158,1217 3158,1218 3158,1221 3160,1223 3160,1230 3161,1230 3163,1230 3163,1231 3163,1232 3164,1232 3237,1232 3237,1233 3237,1237 3238,1237 3311,1237 3311,1238 3311,1253 3312,1253 3340,1253 3342,1256 3342,1258 3343,1258 3344,1258 3344,1259 3344,1261 3346,1263 3346,1304 3347,1304 3349,1304 3349,1305 3349,1306 3350,1306 3351,1306 3351,1307 3351,1309 3353,1311 3353,1319 3352,1320 3350,1320 3349,1321 3349,1323 3347,1325 3314,1325 3313,1326 3313,1333 3311,1335 3309,1335 3308,1336 3308,1337 3308,1337 3307,1337 3306,1338 3306,1340 3304,1342 3304,1344 3304,1344 3278,1344 3277,1345 3277,1368 3277,1368"/><TextEquiv><Unicode/></TextEquiv><TextEquiv index="1"><Unicode>vrai que je ne lui ai pas regardé au</Unicode></TextEquiv></TextLine><TextLine id="l8"><Coords points="3092,1520 3091,1520 3091,1484 3091,1483 3030,1483 3029,1483 3029,1481 3029,1480 2831,1480 2830,1480 2830,1479 2830,1478 2736,1478 2735,1478 2735,1477 2735,1476 2726,1476 2725,1475 2488,1475 2487,1476 2387,1476 2386,1477 2386,1516 2386,1516 2384,1516 2381,1514 2381,1479 2381,1478 2248,1478 2246,1476 2244,1476 2243,1475 1990,1475 1989,1476 1989,1479 1987,1481 1987,1485 1987,1485 1986,1485 1985,1486 1985,1488 1985,1488 1983,1490 1981,1490 1980,1491 1980,1492 1980,1492 1979,1492 1977,1494 1977,1495 1977,1495 1969,1495 1968,1496 1968,1497 1968,1497 1967,1497 1966,1498 1966,1499 1966,1499 1959,1499 1958,1499 1958,1498 1958,1497 1957,1497 1956,1497 1956,1496 1956,1495 1954,1495 1953,1495 1953,1481 1953,1480 1780,1480 1779,1481 1779,1485 1779,1485 1777,1485 1775,1484 1775,1482 1775,1481 1768,1481 1765,1478 1694,1478 1693,1478 1693,1477 1693,1476 1692,1476 1691,1475 1683,1475 1682,1476 1682,1520 1682,1520 1672,1520 1671,1520 1671,1476 1671,1475 1512,1475 1511,1476 1395,1476 1394,1477 1394,1479 1392,1481 1390,1481 1388,1483 1386,1483 1385,1484 1385,1485 1385,1485 1380,1485 1378,1483 1376,1483 1374,1481 1188,1481 1187,1480 1076,1480 1006,1480 1005,1481 1005,1483 1005,1483 998,1483 996,1485 991,1485 989,1483 987,1483 986,1483 986,1482 986,1481 984,1481 983,1480 979,1480 978,1480 978,1478 976,1475 974,1475 971,1473 971,1471 970,1469 966,1469 964,1468 964,1467 964,1466 963,1466 962,1466 962,1465 962,1464 961,1464 960,1464 960,1428 962,1426 962,1419 963,1418 967,1418 967,1418 967,1417 968,1416 1113,1416 1113,1416 1113,1411 1117,1407 1119,1407 1119,1407 1119,1405 1122,1402 1122,1397 1124,1395 1124,1393 1125,1392 1125,1388 1126,1387 1127,1387 1127,1387 1127,1383 1129,1381 1129,1379 1130,1378 1132,1378 1134,1376 1136,1376 1136,1376 1136,1374 1140,1370 1142,1370 1146,1366 1149,1366 1151,1364 1153,1364 1154,1363 1172,1363 1175,1366 1249,1366 1249,1367 1249,1406 1250,1406 1289,1406 1290,1407 1336,1407 1338,1409 1342,1409 1342,1410 1342,1411 1343,1411 1345,1411 1347,1413 1352,1413 1352,1414 1352,1415 1356,1419 1356,1454 1357,1454 1509,1454 1509,1454 1509,1434 1510,1433 1511,1433 1511,1433 1511,1372 1512,1371 1512,1369 1513,1368 1514,1368 1514,1368 1514,1367 1515,1366 1577,1366 1579,1369 1579,1371 1580,1371 1581,1371 1581,1372 1581,1394 1582,1394 1700,1394 1700,1395 1700,1397 1703,1399 1851,1399 1851,1400 1851,1402 1854,1404 1892,1404 1894,1407 1894,1444 1895,1444 2088,1444 2088,1444 2088,1368 2090,1366 2090,1362 2091,1361 2097,1361 2099,1359 2174,1359 2175,1358 2199,1358 2200,1359 2203,1359 2205,1361 2210,1361 2211,1363 2211,1366 2212,1367 2212,1401 2213,1401 2376,1401 2376,1401 2376,1395 2377,1394 2377,1387 2381,1383 2381,1376 2383,1374 2383,1372 2386,1369 2386,1367 2387,1366 2389,1366 2389,1366 2389,1364 2390,1363 2391,1363 2391,1363 2391,1362 2392,1361 2394,1361 2395,1360 2395,1357 2396,1356 2401,1356 2403,1354 2405,1354 2408,1351 2431,1351 2434,1354 2436,1354 2436,1355 2436,1356 2437,1356 2438,1356 2438,1357 2438,1359 2439,1360 2439,1401 2440,1401 2486,1401 2487,1402 2732,1402 2732,1402 2732,1367 2733,1366 2735,1366 2740,1361 2766,1361 2766,1362 2766,1363 2767,1363 2768,1363 2769,1364 2962,1364 2965,1361 2983,1361 2983,1362 2983,1363 2985,1365 2985,1368 2986,1368 3050,1368 3050,1369 3050,1404 3051,1404 3113,1404 3115,1406 3260,1406 3260,1406 3260,1378 3261,1377 3261,1373 3263,1371 3263,1369 3264,1368 3278,1368 3282,1373 3282,1375 3283,1375 3284,1375 3284,1376 3284,1433 3285,1433 3352,1433 3357,1438 3359,1438 3359,1439 3359,1449 3358,1450 3358,1452 3358,1452 3357,1452 3356,1453 3356,1454 3356,1454 3293,1454 3292,1455 3292,1480 3292,1480 3218,1480 3217,1481 3114,1481 3113,1482 3113,1500 3113,1500 3101,1500 3100,1501 3100,1520 3100,1520"/><TextEquiv><Unicode/></TextEquiv><TextEquiv index="1"><Unicode>uſexe. Entrez, Monſieur Mademoi-</Unicode></TextEquiv></TextLine><TextLine id="l9"><Coords points="1519,1676 1514,1672 1514,1666 1514,1665 1400,1665 1399,1665 1399,1663 1399,1662 1398,1662 1397,1662 1397,1644 1397,1643 1323,1643 1321,1641 1314,1641 1313,1640 1161,1640 1160,1640 1160,1639 1160,1638 1115,1638 1113,1636 1111,1636 1110,1635 1107,1635 1105,1633 1104,1633 1103,1633 1103,1627 1103,1626 965,1626 964,1626 964,1625 964,1624 958,1624 957,1624 957,1606 958,1605 959,1605 960,1604 960,1579 961,1578 967,1578 967,1578 967,1577 968,1576 969,1576 969,1576 969,1575 970,1574 1105,1574 1105,1574 1105,1563 1108,1560 1110,1560 1112,1558 1112,1556 1113,1555 1113,1548 1114,1547 1115,1547 1115,1547 1115,1543 1117,1541 1117,1539 1120,1536 1120,1534 1121,1533 1124,1533 1124,1533 1124,1532 1125,1531 1129,1531 1129,1531 1129,1529 1132,1526 1132,1524 1133,1523 1137,1523 1139,1521 1148,1521 1148,1521 1148,1520 1149,1519 1727,1519 1729,1517 1731,1517 1732,1516 1737,1516 1739,1514 1741,1514 1743,1512 1754,1512 1758,1516 1760,1516 1761,1517 2139,1517 2141,1519 2143,1519 2144,1520 3100,1520 3101,1522 3101,1524 3102,1524 3338,1524 3340,1526 3344,1526 3344,1527 3344,1531 3346,1533 3346,1603 3347,1603 3355,1603 3358,1607 3358,1612 3358,1612 3354,1612 3353,1613 3353,1635 3351,1637 3351,1638 3351,1638 3350,1638 3349,1639 3349,1640 3349,1640 3309,1640 3308,1641 3308,1670 3307,1671 3306,1671 3304,1670 3304,1641 3304,1640 1814,1640 1813,1641 1813,1667 1809,1671 1541,1671 1540,1672 1540,1676 1540,1676"/><TextEquiv><Unicode/></TextEquiv><TextEquiv index="1"><Unicode>ſelle, puiſqu'on le veut. Je montai</Unicode></TextEquiv></TextLine><TextLine id="l10"><Coords points="1194,1837 1193,1837 1193,1816 1193,1815 1125,1815 1124,1815 1124,1801 1124,1800 1055,1800 1053,1798 1001,1798 1000,1798 1000,1797 1000,1796 967,1796 964,1794 964,1791 963,1789 961,1789 959,1788 959,1787 959,1786 958,1786 957,1786 957,1785 957,1784 956,1784 955,1784 955,1737 956,1736 957,1736 957,1736 957,1734 960,1731 960,1729 962,1727 965,1727 966,1726 968,1726 972,1722 1275,1722 1275,1722 1275,1691 1277,1689 1279,1689 1280,1688 1280,1687 1281,1686 1284,1686 1284,1686 1284,1685 1285,1684 1423,1684 1426,1681 1431,1681 1433,1679 1481,1679 1483,1677 1978,1677 1978,1677 1978,1676 1983,1671 1988,1671 1990,1669 2221,1669 2223,1671 2470,1671 2470,1672 2470,1676 2471,1676 3101,1676 3104,1679 3105,1679 3105,1680 3105,1681 3106,1681 3108,1681 3108,1682 3108,1686 3109,1686 3110,1686 3110,1687 3110,1707 3110,1707 3109,1707 3108,1708 3108,1719 3109,1719 3223,1719 3224,1720 3226,1720 3228,1722 3326,1722 3328,1724 3332,1724 3332,1725 3332,1726 3333,1726 3334,1726 3335,1727 3338,1727 3339,1729 3339,1731 3341,1732 3343,1732 3344,1734 3344,1738 3345,1738 3346,1738 3346,1739 3346,1780 3344,1782 3344,1784 3344,1784 3343,1784 3342,1785 3342,1786 3341,1787 3341,1790 3337,1794 3335,1794 3332,1797 3332,1798 3332,1798 3082,1798 3081,1799 3082,1799 3348,1799 3349,1801 3349,1803 3349,1803 3020,1803 3019,1804 3019,1805 3020,1805 3113,1805 3113,1806 3113,1809 3115,1811 3115,1813 3115,1813 2535,1813 2534,1814 2534,1831 2534,1831 2310,1831 2309,1832 1206,1832 1205,1833 1205,1837 1205,1837"/><TextEquiv><Unicode/></TextEquiv><TextEquiv index="1"><Unicode>avec la Femme de chambre. Ahl me</Unicode></TextEquiv></TextLine><TextLine id="l11"><Coords points="2872,1994 2871,1994 2871,1993 2871,1992 2870,1992 2869,1991 2854,1991 2852,1989 2850,1989 2847,1987 2847,1955 2847,1954 2513,1954 2512,1955 2512,1966 2512,1966 2511,1966 2510,1967 2499,1967 2498,1968 2498,1982 2498,1982 2495,1982 2494,1982 2494,1955 2494,1954 2318,1954 2317,1954 2317,1950 2317,1949 2050,1949 1973,1949 1972,1950 1972,1990 1972,1990 1962,1990 1961,1990 1961,1986 1961,1985 1721,1985 1719,1984 1719,1983 1719,1982 1718,1982 1717,1982 1717,1979 1717,1978 1565,1978 1562,1976 1562,1955 1562,1954 1242,1954 1241,1955 1241,1975 1241,1975 1209,1975 1208,1976 1208,1994 1208,1994 1202,1994 1201,1994 1201,1955 1201,1954 1171,1954 1170,1953 1167,1953 1165,1951 1134,1951 1132,1949 1123,1949 1118,1944 996,1944 991,1939 951,1939 950,1939 950,1938 950,1937 949,1937 948,1937 948,1928 949,1927 952,1927 952,1927 952,1893 954,1891 1112,1891 1112,1891 1112,1888 1113,1887 1115,1887 1116,1886 1117,1885 1117,1883 1118,1882 1122,1882 1125,1879 1127,1879 1127,1879 1127,1878 1128,1877 1148,1877 1148,1877 1148,1837 1149,1836 1154,1836 1156,1834 1163,1834 1166,1837 1469,1837 1469,1838 1469,1839 1470,1839 1473,1839 1473,1840 1473,1875 1474,1875 1990,1875 1992,1873 2001,1873 2002,1872 2102,1872 2102,1872 2102,1833 2103,1832 2460,1832 2461,1831 2752,1831 2753,1830 2758,1830 2759,1829 2764,1829 2765,1830 2768,1830 2769,1831 2770,1831 2770,1832 2770,1834 2773,1837 2773,1841 2774,1841 2775,1841 2775,1842 2775,1844 2776,1845 2776,1846 2777,1846 3316,1846 3316,1846 3316,1842 3317,1841 3318,1841 3318,1841 3318,1837 3319,1836 3330,1836 3332,1839 3332,1841 3333,1841 3335,1841 3335,1842 3335,1933 3337,1935 3337,1944 3337,1944 3336,1944 3335,1945 3335,1947 3333,1949 3233,1949 3232,1950 3232,1954 3232,1954 3197,1954 3196,1955 3196,1968 3196,1968 3127,1968 3126,1969 3126,1991 3126,1991 2874,1991 2873,1992 2873,1994 2873,1994"/><TextEquiv><Unicode/></TextEquiv><TextEquiv index="1"><Unicode>dit-elle, que vous arrivez à propos</Unicode></TextEquiv></TextLine><TextLine id="l12"><Coords points="3116,2147 3115,2146 1651,2146 1650,2145 1646,2145 1645,2145 1645,2136 1645,2135 1417,2135 1416,2135 1416,2121 1416,2120 1013,2120 1012,2119 1009,2119 1008,2119 1008,2102 1008,2101 1002,2101 1000,2099 960,2099 958,2097 956,2097 955,2097 955,2096 955,2095 953,2095 950,2093 950,2091 950,2090 949,2090 948,2090 948,2050 949,2049 950,2049 950,2049 950,2048 951,2047 955,2047 957,2045 959,2045 960,2044 1110,2044 1110,2044 1110,2021 1112,2019 1112,2014 1113,2013 1113,2011 1119,2005 1119,2003 1120,2002 1120,2001 939,2001 938,2001 938,1997 939,1996 1199,1996 1199,1996 1199,1995 1200,1994 1958,1994 1958,1994 1958,1993 1961,1990 2469,1990 2470,1989 2470,1988 2471,1987 2570,1987 2570,1987 2570,1986 2571,1985 2575,1985 2576,1984 2587,1984 2588,1985 2590,1985 2591,1987 2591,1991 2592,1991 3127,1991 3128,1992 3129,1992 3129,1993 3129,2002 3130,2002 3236,2002 3238,2004 3261,2004 3263,2006 3287,2006 3289,2008 3291,2008 3291,2009 3291,2016 3292,2017 3292,2032 3293,2032 3299,2032 3301,2035 3301,2037 3302,2037 3320,2037 3322,2039 3323,2039 3324,2040 3359,2040 3359,2041 3359,2047 3359,2047 3343,2047 3342,2048 3342,2075 3342,2075 3341,2075 3340,2076 3339,2076 3337,2078 3288,2078 3287,2079 3287,2106 3287,2106 3286,2106 3285,2107 3261,2107 3260,2108 3260,2131 3259,2132 3254,2132 3253,2133 3130,2133 3129,2134 3129,2143 3128,2144 3123,2144 3122,2145 3122,2147 3122,2147"/><TextEquiv><Unicode/></TextEquiv><TextEquiv index="1"><Unicode>Si vous pouviez empêcher une hor-</Unicode></TextEquiv></TextLine><TextLine id="l13"><Coords points="3037,2302 3036,2302 3036,2301 3036,2300 2831,2300 2830,2300 2830,2296 2830,2295 1930,2295 1928,2293 1794,2293 1793,2293 1793,2290 1793,2289 1226,2289 1225,2288 1223,2288 1222,2288 1222,2284 1222,2283 1103,2283 1101,2282 1101,2262 1101,2261 1100,2261 1096,2257 998,2257 996,2255 953,2255 952,2254 945,2254 943,2253 943,2250 941,2248 941,2246 940,2245 940,2186 940,2185 929,2185 926,2183 926,2177 927,2176 1137,2176 1139,2174 1139,2172 1140,2171 1155,2171 1155,2171 1155,2160 1156,2159 1156,2157 1158,2155 1158,2152 1160,2150 1162,2150 1163,2149 1198,2149 1198,2149 1198,2148 1201,2145 2718,2145 2718,2145 2718,2144 2719,2143 2756,2143 2757,2142 2785,2142 2785,2142 2785,2141 2786,2140 2845,2140 2848,2143 2989,2143 2991,2145 2993,2145 2993,2146 2993,2147 2994,2147 3122,2147 3122,2148 3122,2150 3123,2150 3323,2150 3323,2151 3323,2153 3325,2154 3327,2154 3327,2155 3327,2156 3329,2157 3330,2157 3330,2158 3330,2173 3330,2173 3329,2173 3328,2174 3328,2192 3327,2193 3327,2253 3325,2255 3325,2257 3325,2257 3324,2257 3323,2258 3323,2259 3322,2260 3316,2260 3315,2261 3230,2261 3229,2262 3221,2262 3220,2263 3220,2264 3220,2264 3039,2264 3038,2265 3038,2302 3038,2302"/><TextEquiv><Unicode/></TextEquiv><TextEquiv index="1"><Unicode>rible ſottiſe que va faire Madamel</Unicode></TextEquiv></TextLine><TextLine id="l14"><Coords points="3288,2464 3287,2464 3287,2462 3287,2461 939,2461 938,2462 938,2463 938,2463 930,2463 929,2463 929,2461 930,2460 3021,2460 3021,2460 3021,2458 3021,2457 2130,2457 2128,2456 2128,2454 2128,2453 1298,2453 1297,2453 1297,2442 1297,2441 1183,2441 1182,2441 1182,2420 1182,2419 1160,2419 1158,2417 1111,2417 1110,2417 1110,2416 1110,2415 1108,2415 1107,2414 952,2414 950,2413 950,2361 951,2360 952,2360 954,2358 955,2358 956,2357 1108,2357 1108,2357 1108,2308 1109,2307 1110,2307 1110,2307 1110,2306 1111,2305 1112,2305 1112,2305 1112,2304 1114,2302 1226,2302 1226,2302 1226,2290 1227,2289 1230,2289 1230,2290 1230,2295 1231,2295 2393,2295 2395,2297 2524,2297 2525,2298 2527,2298 2527,2299 2527,2300 2528,2300 2977,2300 2979,2302 3038,2302 3038,2303 3038,2305 3039,2305 3079,2305 3079,2306 3079,2310 3080,2310 3287,2310 3287,2311 3287,2334 3288,2334 3295,2334 3296,2336 3296,2345 3297,2345 3313,2345 3314,2346 3319,2346 3325,2352 3330,2352 3330,2353 3330,2355 3331,2355 3332,2355 3332,2356 3332,2357 3333,2357 3335,2357 3335,2358 3335,2362 3336,2362 3337,2362 3337,2363 3337,2401 3335,2403 3335,2408 3335,2408 3333,2408 3332,2409 3332,2412 3332,2412 3331,2412 3329,2414 3328,2414 3327,2415 3326,2415 3325,2416 3325,2417 3325,2417 3324,2417 3323,2418 3323,2419 3323,2419 3319,2419 3318,2420 3315,2420 3313,2422 3292,2422 3291,2423 3291,2464 3291,2464"/><TextEquiv><Unicode/></TextEquiv><TextEquiv index="1"><Unicode>Mais il eſt bien tard. Au reſte, ce</Unicode></TextEquiv></TextLine><TextLine id="l15"><Coords points="1097,2621 1096,2621 1096,2594 1096,2593 1071,2593 1069,2592 1069,2569 1069,2568 944,2568 941,2566 941,2564 940,2563 940,2561 940,2560 939,2560 938,2560 938,2523 940,2521 940,2519 942,2517 943,2517 943,2517 943,2515 947,2511 1076,2511 1076,2511 1076,2494 1078,2492 1101,2492 1101,2492 1101,2470 1101,2469 933,2469 931,2468 931,2465 930,2464 931,2463 1175,2463 1175,2463 1175,2451 1176,2450 1178,2450 1179,2449 1179,2447 1180,2446 1182,2446 1182,2447 1182,2449 1184,2450 2549,2450 2550,2451 2552,2451 2554,2453 2685,2453 2687,2455 2694,2455 2696,2458 2696,2460 2697,2460 2916,2460 2917,2461 3033,2461 3035,2463 3037,2463 3038,2464 3291,2464 3291,2465 3291,2512 3292,2513 3292,2515 3293,2515 3294,2515 3294,2516 3294,2522 3295,2522 3332,2522 3332,2523 3332,2527 3334,2529 3334,2547 3333,2548 3329,2548 3328,2549 3293,2549 3292,2550 3292,2570 3289,2573 3187,2573 3186,2574 3186,2575 3186,2575 3185,2575 3184,2576 3184,2577 3184,2577 3125,2577 3123,2579 2949,2579 2948,2580 2948,2603 2948,2603 2490,2603 2489,2604 2489,2606 2489,2606 2217,2606 2216,2607 2216,2615 2216,2615 1656,2615 1655,2616 1655,2617 1655,2617 1650,2617 1649,2618 1386,2618 1385,2619 1385,2621 1385,2621"/><TextEquiv><Unicode/></TextEquiv><TextEquiv index="1"><Unicode>n'eſt pas ſa faute; c'eſt ſa famille con-</Unicode></TextEquiv></TextLine><TextLine id="l16"><Coords points="1830,2775 1829,2774 1520,2774 1334,2774 1333,2775 1332,2775 1330,2774 1330,2772 1330,2771 1089,2771 1088,2770 1086,2770 1084,2769 1084,2728 1084,2727 954,2727 952,2725 950,2725 948,2723 944,2723 943,2723 943,2722 943,2721 942,2721 941,2721 941,2719 940,2718 940,2709 941,2708 941,2680 944,2677 948,2677 948,2677 948,2676 949,2675 950,2675 950,2675 950,2674 951,2673 1077,2673 1077,2673 1077,2663 1079,2661 1089,2661 1089,2661 1089,2647 1090,2646 1091,2646 1091,2646 1091,2630 1093,2628 1093,2626 1094,2625 1094,2623 1095,2622 1096,2622 1097,2621 1638,2621 1638,2621 1638,2619 1639,2618 1649,2618 1650,2617 1655,2617 1656,2618 2014,2618 2015,2617 2015,2616 2016,2615 2024,2615 2026,2613 2030,2613 2030,2613 2030,2612 2031,2611 2032,2611 2032,2611 2032,2609 2033,2608 2035,2608 2037,2611 2037,2613 2040,2615 2446,2615 2446,2615 2446,2614 2447,2613 2456,2613 2458,2611 2474,2611 2475,2610 2518,2610 2519,2611 2523,2611 2525,2613 2554,2613 2556,2615 2663,2615 2663,2616 2663,2654 2664,2654 2993,2654 2993,2654 2993,2638 2994,2637 3074,2637 3074,2637 3074,2621 3075,2620 3077,2620 3077,2621 3077,2625 3078,2625 3079,2625 3079,2626 3079,2639 3080,2639 3117,2639 3117,2640 3117,2647 3118,2647 3175,2647 3175,2648 3175,2656 3176,2656 3325,2656 3325,2657 3325,2658 3326,2658 3327,2658 3327,2659 3327,2661 3328,2662 3328,2698 3330,2700 3330,2702 3332,2704 3332,2725 3333,2725 3397,2725 3397,2726 3397,2728 3397,2728 3316,2728 3312,2732 3182,2732 3181,2733 2937,2733 2936,2734 2936,2742 2936,2742 2659,2742 2658,2743 2658,2773 2658,2773 2655,2773 2654,2773 2654,2765 2654,2764 2597,2764 2596,2763 2594,2763 2592,2761 2590,2761 2589,2761 2589,2760 2589,2759 2583,2759 2575,2752 2575,2748 2573,2746 2573,2734 2573,2733 2117,2733 2116,2734 2116,2768 2116,2768 1851,2768 1848,2771 1847,2771 1846,2772 1846,2773 1846,2773 1845,2773 1844,2774 1844,2775 1844,2775"/><TextEquiv><Unicode/></TextEquiv><TextEquiv index="1"><Unicode>jurée qui l'y force. Figurez - vous</Unicode></TextEquiv></TextLine><TextLine id="l17"><Coords points="1230,2934 1229,2934 1229,2925 1229,2924 1145,2924 1143,2923 1143,2922 1143,2921 1142,2921 1141,2921 1141,2887 1141,2886 1140,2886 1139,2885 996,2885 994,2883 939,2883 938,2883 938,2881 934,2877 934,2853 934,2852 918,2852 917,2852 917,2851 916,2850 916,2848 917,2847 935,2847 935,2847 935,2832 938,2829 938,2827 939,2826 947,2826 949,2824 1117,2824 1125,2816 1161,2816 1163,2814 1191,2814 1191,2814 1191,2808 1191,2807 1078,2807 1077,2807 1077,2805 1078,2804 1191,2804 1191,2804 1191,2801 1192,2800 1196,2800 1196,2800 1196,2798 1197,2797 1206,2797 1208,2795 1208,2786 1209,2785 1256,2785 1256,2785 1256,2783 1259,2780 1261,2780 1263,2778 1409,2778 1411,2776 1419,2776 1423,2780 1578,2780 1578,2780 1578,2775 1579,2774 1581,2774 1581,2775 1581,2780 1582,2780 2160,2780 2161,2779 2161,2776 2162,2775 2164,2775 2164,2775 2164,2774 2165,2773 2166,2773 2166,2773 2166,2772 2167,2771 2168,2771 2168,2771 2168,2770 2169,2769 2176,2769 2176,2769 2176,2767 2177,2766 2178,2766 2178,2766 2178,2765 2179,2764 2214,2764 2214,2765 2214,2769 2215,2769 3107,2769 3109,2771 3110,2771 3110,2772 3110,2773 3111,2773 3112,2773 3112,2774 3112,2775 3113,2775 3287,2775 3288,2776 3290,2776 3291,2778 3291,2800 3292,2800 3305,2800 3306,2802 3306,2804 3307,2804 3308,2804 3308,2805 3308,2816 3309,2816 3325,2816 3325,2817 3325,2871 3326,2871 3327,2871 3327,2872 3327,2884 3323,2888 3314,2888 3313,2889 3313,2890 3313,2890 3128,2890 3127,2891 3127,2928 3126,2929 3125,2929 3124,2930 2901,2930 2900,2931 2896,2931 2895,2931 2895,2930 2895,2929 2394,2929 2393,2928 1927,2928 1925,2926 1916,2926 1914,2924 1912,2924 1911,2924 1911,2920 1911,2919 1878,2919 1877,2919 1877,2912 1877,2911 1242,2911 1241,2912 1241,2934 1241,2934"/><TextEquiv><Unicode/></TextEquiv><TextEquiv index="1"><Unicode>nqu'elle va épouſer, dans l'inſtant</Unicode></TextEquiv></TextLine><TextLine id="l18"><Coords points="2127,3092 2126,3091 1283,3091 1282,3091 1282,3070 1282,3069 1008,3069 1007,3069 1007,3068 1007,3067 1006,3067 1005,3067 1005,3041 1005,3040 985,3040 983,3038 941,3038 938,3036 938,3034 936,3032 936,3028 936,3027 934,3027 933,3027 933,2998 933,2997 919,2997 917,2996 917,2989 918,2988 938,2988 938,2988 938,2987 939,2986 1093,2986 1093,2986 1093,2982 1096,2979 1098,2979 1099,2978 1101,2978 1101,2978 1101,2977 1102,2976 1123,2976 1125,2974 1127,2974 1129,2972 1139,2972 1139,2972 1139,2957 1141,2955 1143,2955 1144,2954 1144,2953 1145,2952 1218,2952 1222,2948 1222,2946 1223,2945 1223,2943 1226,2940 1227,2940 1227,2940 1227,2936 1229,2934 1650,2934 1655,2929 1684,2929 1685,2928 1864,2928 1866,2926 1875,2926 1877,2924 1889,2924 1889,2925 1889,2929 1890,2929 2420,2929 2420,2930 2420,2931 2421,2931 2900,2931 2900,2932 2900,2935 2901,2935 3285,2935 3285,2936 3285,2971 3286,2971 3304,2971 3307,2974 3309,2974 3311,2976 3315,2976 3315,2977 3315,2978 3316,2979 3316,2981 3317,2981 3320,2981 3320,2982 3320,2986 3321,2986 3323,2986 3323,2987 3323,2991 3325,2993 3325,3022 3327,3024 3327,3030 3325,3032 3325,3034 3323,3036 3323,3038 3323,3038 3321,3038 3320,3039 3320,3041 3320,3041 3319,3041 3318,3042 3318,3043 3318,3043 3317,3043 3316,3044 3316,3046 3315,3047 3315,3048 3315,3048 3307,3048 3306,3049 3306,3050 3306,3050 3013,3050 3012,3051 3012,3089 3012,3089 2323,3089 2322,3090 2138,3090 2137,3091 2136,3091 2135,3092"/><TextEquiv><Unicode/></TextEquiv><TextEquiv index="1"><Unicode>même, l'indigne Spinacuta, votre</Unicode></TextEquiv></TextLine><TextLine id="l19"><Coords points="3259,3247 3258,3247 3258,3244 3258,3243 1023,3243 917,3243 916,3244 916,3247 916,3247 908,3247 907,3247 907,3235 908,3234 931,3234 931,3234 931,3180 933,3178 933,3147 935,3145 935,3144 936,3143 936,3142 937,3141 1072,3141 1072,3141 1072,3113 1073,3112 1077,3112 1077,3112 1077,3111 1078,3110 1081,3110 1081,3110 1081,3101 1082,3100 1423,3100 1423,3100 1423,3096 1425,3094 1487,3094 1488,3093 1490,3093 1490,3093 1490,3092 1491,3091 1975,3091 1975,3091 1975,3090 1976,3089 2326,3089 2327,3088 2333,3088 2333,3088 2333,3082 2335,3080 2336,3080 2338,3078 2339,3078 2340,3077 2340,3078 2340,3084 2341,3084 2578,3084 2579,3086 2579,3089 2580,3089 3183,3089 3184,3091 3184,3093 3185,3093 3186,3093 3186,3094 3186,3095 3187,3095 3189,3095 3189,3096 3189,3099 3191,3101 3191,3127 3192,3127 3237,3127 3237,3128 3237,3129 3238,3129 3242,3129 3244,3131 3249,3131 3254,3136 3258,3136 3258,3137 3258,3139 3261,3141 3280,3141 3280,3142 3280,3146 3281,3146 3283,3146 3284,3148 3284,3151 3285,3151 3289,3151 3289,3152 3289,3175 3290,3175 3316,3175 3316,3176 3316,3177 3317,3177 3320,3177 3320,3178 3320,3182 3322,3184 3322,3186 3323,3187 3323,3192 3325,3194 3325,3203 3325,3203 3324,3203 3323,3204 3323,3208 3322,3209 3322,3212 3320,3214 3320,3215 3320,3215 3319,3215 3316,3218 3313,3218 3307,3224 3305,3224 3304,3225 3302,3225 3301,3226 3301,3227 3301,3227 3271,3227 3270,3228 3270,3246 3270,3246 3266,3246 3265,3247"/><TextEquiv><Unicode/></TextEquiv><TextEquiv index="1"><Unicode>éternel ennemi. -- Ellel m'écriai-je,</Unicode></TextEquiv></TextLine><TextLine id="l20"><Coords points="3278,3421 3275,3419 3275,3410 3275,3409 3066,3409 3065,3409 3065,3407 3065,3406 3039,3406 3038,3406 3038,3405 3038,3404 2750,3404 2749,3403 2709,3403 2708,3402 1070,3402 1069,3402 1069,3383 1069,3382 1000,3382 998,3381 998,3379 998,3378 942,3378 940,3377 940,3351 939,3349 937,3349 936,3349 936,3348 936,3347 934,3347 931,3345 931,3343 931,3342 929,3342 928,3342 928,3302 929,3301 931,3301 931,3301 931,3300 932,3299 933,3299 935,3297 936,3297 937,3296 1069,3296 1069,3296 1069,3288 1070,3287 1076,3287 1076,3287 1076,3278 1077,3277 1108,3277 1108,3277 1108,3276 1109,3275 1110,3275 1110,3275 1110,3271 1112,3269 1112,3266 1113,3265 1115,3265 1115,3265 1115,3264 1116,3263 1117,3263 1117,3263 1117,3257 1119,3255 1119,3254 1120,3253 1120,3252 1121,3251 1124,3251 1124,3251 1124,3250 1124,3249 908,3249 907,3249 907,3248 908,3247 1124,3247 1124,3247 1124,3245 1125,3244 1206,3244 1206,3244 1206,3240 1207,3239 1234,3239 1234,3239 1234,3237 1236,3235 2091,3235 2091,3236 2091,3239 2092,3239 3089,3239 3091,3241 3100,3241 3101,3242 3305,3242 3307,3244 3311,3244 3311,3245 3311,3247 3313,3249 3313,3351 3313,3351 3312,3351 3310,3353 3310,3355 3307,3358 3283,3358 3282,3359 3282,3421 3282,3421"/><TextEquiv><Unicode/></TextEquiv><TextEquiv index="1"><Unicode>ô Dieul épouſer un pareil monſtrel</Unicode></TextEquiv></TextLine><TextLine id="l21"><Coords points="908,3571 907,3571 907,3426 908,3425 1067,3425 1067,3425 1067,3417 1068,3416 1070,3416 1070,3416 1070,3403 1071,3402 1277,3402 1280,3399 1349,3399 1349,3399 1349,3389 1350,3388 1353,3388 1354,3387 1356,3387 1356,3388 1356,3389 1357,3389 1361,3389 1362,3390 1505,3390 1505,3391 1505,3395 1506,3395 1599,3395 1600,3396 2075,3396 2076,3397 2340,3397 2340,3398 2340,3400 2341,3400 2526,3400 2528,3402 2673,3402 2674,3403 2718,3403 2719,3404 2754,3404 2754,3405 2754,3406 2755,3406 2759,3406 2759,3407 2759,3409 2760,3409 2761,3409 2761,3410 2761,3445 2762,3445 2860,3445 2861,3447 2861,3450 2859,3452 2803,3452 2802,3453 2802,3519 2802,3519 2764,3519 2763,3520 2763,3529 2762,3530 2760,3530 2758,3532 2758,3551 2757,3552 2309,3552 2308,3553 2071,3553 2070,3554 1728,3554 1727,3555 1673,3555 1672,3556 1083,3556 1082,3557 1082,3559 1082,3559 915,3559 914,3560 914,3571 914,3571"/><TextEquiv><Unicode/></TextEquiv><TextEquiv index="1"><Unicode>c'eſt le Ciel qui m'envoie.</Unicode></TextEquiv></TextLine><TextLine id="l22"><Coords points="1207,3716 1206,3716 1206,3679 1206,3678 1096,3678 1094,3676 1092,3676 1091,3676 1091,3675 1091,3674 1089,3674 1087,3672 1082,3672 1081,3672 1081,3670 1081,3669 1080,3669 1079,3669 1079,3668 1079,3667 1078,3667 1077,3667 1077,3648 1078,3647 1079,3647 1079,3647 1079,3586 1079,3585 914,3585 912,3584 912,3581 912,3580 909,3580 907,3579 907,3572 908,3571 1079,3571 1079,3571 1079,3560 1080,3559 1581,3559 1581,3559 1581,3558 1582,3557 1583,3557 1585,3555 1590,3555 1591,3554 2299,3554 2300,3553 2534,3553 2534,3553 2534,3550 2535,3549 2537,3549 2538,3548 3125,3548 3125,3548 3125,3525 3127,3523 3134,3523 3134,3524 3134,3557 3135,3557 3209,3557 3211,3559 3213,3559 3213,3560 3213,3564 3214,3564 3215,3564 3215,3565 3215,3569 3216,3569 3266,3569 3266,3570 3266,3597 3267,3597 3268,3597 3271,3600 3277,3600 3277,3601 3277,3603 3280,3606 3280,3607 3281,3607 3282,3607 3282,3608 3282,3610 3284,3612 3284,3640 3285,3640 3308,3640 3308,3641 3308,3643 3310,3645 3310,3647 3311,3647 3315,3647 3318,3651 3318,3660 3315,3663 3315,3667 3315,3667 3311,3667 3306,3672 3266,3672 3265,3673 3265,3674 3265,3674 3264,3674 3263,3675 3263,3676 3263,3676 3106,3676 3104,3678 2772,3678 2771,3679 2771,3695 2771,3695 2750,3695 2749,3696 2749,3703 2749,3703 2644,3703 2643,3704 2643,3709 2643,3709 2326,3709 2325,3710 2325,3711 2325,3711 2280,3711 2279,3712 2057,3712 2055,3714 1212,3714 1211,3715 1211,3716 1211,3716"/><TextEquiv><Unicode/></TextEquiv><TextEquiv index="1"><Unicode>J'entre. La compagnie étoit à table.</Unicode></TextEquiv></TextLine><TextLine id="l23"><Coords points="1212,3875 1210,3874 1210,3869 1210,3868 1077,3868 1076,3868 1076,3856 1076,3855 957,3855 955,3854 955,3840 955,3839 936,3839 934,3837 929,3837 928,3836 927,3836 926,3836 926,3835 926,3834 925,3834 924,3834 924,3833 922,3831 922,3768 922,3767 917,3767 916,3767 916,3749 916,3748 912,3748 910,3747 910,3746 910,3745 909,3745 907,3744 907,3742 907,3741 905,3741 904,3741 904,3735 905,3734 907,3734 907,3734 907,3730 908,3729 926,3729 926,3729 926,3727 929,3724 933,3724 933,3724 933,3723 934,3722 935,3722 935,3722 935,3720 936,3719 1206,3719 1206,3719 1206,3717 1207,3716 1211,3716 1211,3717 1211,3719 1212,3719 1629,3719 1629,3719 1629,3717 1632,3714 1962,3714 1965,3711 1965,3709 1966,3708 1979,3708 1980,3710 1980,3711 1981,3711 2464,3711 2465,3710 2506,3710 2508,3708 2513,3708 2514,3707 2520,3707 2521,3708 2523,3708 2524,3709 2644,3709 2645,3710 2647,3710 2649,3712 2651,3712 2651,3713 2651,3714 2652,3714 2859,3714 2860,3715 3006,3715 3008,3717 3017,3717 3020,3720 3116,3720 3117,3722 3117,3724 3118,3724 3275,3724 3277,3727 3277,3760 3279,3762 3279,3775 3280,3775 3317,3775 3320,3779 3320,3786 3322,3788 3322,3795 3320,3797 3320,3798 3320,3798 3274,3798 3273,3799 3273,3817 3272,3818 3272,3822 3272,3822 3264,3822 3263,3823 3263,3827 3263,3827 3261,3827 3257,3831 3252,3831 3251,3832 3159,3832 3158,3833 3158,3848 3158,3848 3157,3848 3156,3849 3156,3850 3156,3850 3070,3850 3069,3851 3069,3853 3069,3853 3066,3853 3065,3854 3065,3858 3065,3858 3063,3856 3053,3856 3052,3855 3050,3855 3048,3854 3048,3849 3048,3848 2679,3848 2678,3849 2678,3870 2678,3870 2643,3870 2642,3871 2384,3871 2383,3870 1948,3870 1947,3871 1634,3871 1633,3871 1633,3864 1633,3863 1295,3863 1294,3864 1294,3868 1294,3868 1288,3868 1287,3869 1287,3874 1287,3874 1221,3874 1220,3875"/><TextEquiv><Unicode/></TextEquiv><TextEquiv index="1"><Unicode>Je la trouvai nombreuſe &amp; brillante, oc-</Unicode></TextEquiv></TextLine><TextLine id="l24"><Coords points="1080,4032 1079,4032 1079,4031 1079,4030 1070,4030 1068,4028 1066,4028 1065,4028 1065,3992 1065,3991 950,3991 948,3989 944,3989 943,3989 943,3988 943,3987 937,3987 936,3987 936,3986 935,3984 934,3984 933,3984 933,3983 933,3982 931,3982 929,3981 929,3979 928,3977 927,3977 926,3977 926,3973 922,3969 922,3966 921,3965 921,3940 922,3939 922,3937 924,3935 924,3932 926,3930 928,3930 928,3930 928,3926 929,3925 931,3925 936,3920 938,3920 938,3920 938,3919 939,3918 941,3918 942,3917 946,3917 948,3915 948,3896 950,3894 1175,3894 1175,3894 1175,3892 1176,3891 1177,3891 1177,3891 1177,3890 1178,3889 1179,3889 1179,3889 1179,3888 1180,3887 1180,3886 1182,3884 1185,3884 1187,3882 1270,3882 1270,3882 1270,3880 1272,3878 1272,3876 1274,3874 1341,3874 1343,3872 1347,3872 1349,3870 1650,3870 1650,3870 1650,3864 1651,3863 2140,3863 2140,3863 2140,3859 2141,3858 2145,3858 2145,3859 2145,3863 2146,3863 2152,3863 2152,3864 2152,3865 2153,3865 2824,3865 2827,3868 3030,3868 3031,3870 3031,3872 3032,3872 3100,3872 3100,3873 3100,3874 3101,3874 3108,3874 3109,3875 3110,3875 3110,3876 3110,3879 3111,3879 3120,3879 3121,3880 3123,3880 3124,3882 3124,3889 3125,3889 3268,3889 3268,3890 3268,3906 3269,3906 3314,3906 3315,3908 3315,3911 3316,3912 3316,3973 3315,3974 3315,3976 3314,3977 3312,3977 3310,3979 3310,3981 3309,3982 3300,3982 3299,3983 3299,3985 3297,3987 3269,3987 3268,3988 3268,4004 3268,4004 3034,4004 3033,4005 3033,4017 3031,4019 3031,4020 3031,4020 2425,4020 2424,4021 2424,4028 2424,4028 1099,4028 1098,4029 1098,4030 1098,4030 1097,4030 1096,4031 1096,4032 1096,4032"/><TextEquiv><Unicode/></TextEquiv><TextEquiv index="1"><Unicode>cupée ſérieuſement des graves fonctions</Unicode></TextEquiv></TextLine><TextLine id="l25"><Coords points="1427,4190 1426,4190 1426,4164 1426,4163 1358,4163 1356,4162 1356,4153 1356,4152 1300,4152 1298,4150 1297,4150 1296,4149 957,4149 955,4147 946,4147 944,4145 941,4145 938,4142 934,4142 933,4142 933,4141 933,4140 932,4140 931,4140 931,4136 929,4134 929,4133 928,4132 928,4130 924,4126 924,4124 922,4122 922,4113 924,4111 924,4097 926,4095 926,4093 929,4090 929,4087 931,4085 938,4085 938,4085 938,4081 941,4078 941,4076 942,4075 948,4075 950,4073 953,4073 955,4071 962,4071 962,4071 962,4030 964,4028 2002,4028 2003,4027 2005,4027 2007,4025 3051,4025 3054,4028 3058,4028 3060,4031 3060,4033 3062,4035 3062,4039 3063,4039 3270,4039 3272,4042 3272,4046 3273,4047 3273,4068 3274,4068 3297,4068 3299,4070 3301,4070 3302,4071 3304,4071 3304,4072 3304,4073 3305,4073 3308,4073 3308,4074 3308,4075 3309,4076 3309,4077 3311,4079 3311,4080 3312,4080 3313,4080 3313,4081 3313,4083 3316,4086 3316,4102 3317,4102 3318,4102 3318,4103 3318,4106 3318,4106 3317,4106 3316,4107 3316,4130 3314,4132 3312,4132 3311,4133 3311,4135 3309,4137 3307,4137 3304,4140 3302,4140 3301,4141 3301,4142 3301,4142 3300,4142 3297,4145 3295,4145 3294,4146 3294,4147 3294,4147 3132,4147 3131,4148 3131,4160 3130,4161 2131,4161 2130,4162 2130,4172 2129,4173 2127,4173 2126,4174 2126,4176 2124,4178 2109,4178 2107,4180 1580,4180 1579,4181 1579,4183 1579,4183 1440,4183 1439,4184 1439,4190 1439,4190"/><TextEquiv><Unicode/></TextEquiv><TextEquiv index="1"><Unicode>d'un feſtin magniſique. La Princeſſe me</Unicode></TextEquiv></TextLine><TextLine id="l26"><Coords points="2634,4344 2633,4344 2633,4339 2633,4338 2098,4338 2097,4338 2097,4329 2097,4328 1221,4328 1220,4329 1220,4331 1218,4333 1213,4333 1210,4331 1210,4310 1210,4309 1010,4309 1008,4307 931,4307 928,4304 924,4304 921,4302 921,4294 924,4291 924,4239 925,4238 926,4238 929,4235 932,4235 934,4233 940,4233 940,4233 940,4232 941,4231 1002,4231 1004,4229 1125,4229 1125,4229 1125,4214 1127,4212 1413,4212 1413,4212 1413,4210 1414,4209 1414,4205 1415,4204 1416,4204 1416,4204 1416,4203 1416,4202 918,4202 917,4202 917,4200 918,4199 1419,4199 1421,4197 1421,4195 1423,4193 1425,4193 1425,4193 1425,4191 1426,4190 1579,4190 1581,4188 1633,4188 1634,4187 1634,4185 1636,4183 1638,4183 1638,4183 1638,4182 1639,4181 1641,4181 1642,4180 1660,4180 1663,4183 2587,4183 2590,4180 2604,4180 2605,4181 2607,4181 2609,4183 2988,4183 2988,4184 2988,4185 2989,4185 2991,4185 2993,4187 2995,4187 2996,4188 2998,4188 2998,4189 2998,4192 2999,4192 3260,4192 3261,4194 3261,4195 3262,4195 3263,4195 3263,4196 3263,4238 3264,4238 3266,4238 3266,4239 3266,4245 3267,4245 3297,4245 3299,4247 3309,4247 3310,4248 3312,4248 3313,4250 3313,4252 3313,4252 3312,4252 3311,4253 3311,4259 3310,4260 3310,4263 3307,4266 3302,4266 3301,4267 3261,4267 3260,4268 3260,4289 3258,4291 3258,4295 3258,4295 3257,4295 3256,4296 3256,4297 3256,4297 3250,4297 3249,4298 3249,4300 3247,4302 3156,4302 3155,4303 3155,4310 3155,4310 3104,4310 3103,4311 3103,4341 3103,4341 3099,4341 3098,4342 3098,4343 3098,4343 2638,4343 2637,4344"/><TextEquiv><Unicode/></TextEquiv><TextEquiv index="1"><Unicode>reconnoît, ſe lève avec tranſport, ſe pré-</Unicode></TextEquiv></TextLine><TextLine id="l27"><Coords points="1195,4504 1194,4503 1039,4503 1038,4503 1038,4501 1036,4498 1006,4498 1005,4498 1005,4497 1005,4496 987,4496 986,4496 986,4495 986,4494 922,4494 921,4493 893,4493 892,4493 892,4488 893,4487 895,4487 895,4487 895,4360 897,4358 996,4358 996,4358 996,4357 1000,4353 1000,4351 1003,4348 1370,4348 1370,4348 1370,4346 1371,4345 1374,4345 1376,4343 1400,4343 1401,4345 1401,4365 1402,4365 1414,4365 1414,4366 1414,4371 1415,4371 1749,4371 1751,4369 1820,4369 1820,4369 1820,4358 1821,4357 1949,4357 1949,4357 1949,4350 1953,4346 1953,4344 1954,4343 1956,4343 1961,4338 1971,4338 1972,4340 1972,4343 1973,4344 1973,4365 1974,4365 2324,4365 2328,4361 2328,4360 2329,4359 2330,4359 2331,4358 2331,4354 2332,4353 2336,4353 2338,4351 2338,4349 2339,4348 2343,4348 2348,4343 2350,4343 2350,4343 2350,4342 2351,4341 2360,4341 2360,4341 2360,4339 2361,4338 2444,4338 2446,4341 2446,4343 2447,4343 2633,4343 2634,4344 2637,4344 2638,4345 2639,4345 2642,4348 2644,4348 2644,4349 2644,4353 2645,4353 3000,4353 3005,4348 3017,4348 3017,4349 3017,4351 3021,4355 3021,4357 3022,4358 3022,4371 3023,4371 3248,4371 3248,4372 3248,4383 3249,4383 3289,4383 3290,4384 3295,4384 3296,4386 3296,4389 3297,4389 3300,4389 3303,4393 3303,4395 3304,4395 3306,4395 3306,4396 3306,4426 3307,4426 3308,4426 3308,4427 3308,4458 3309,4458 3311,4458 3311,4459 3311,4460 3311,4460 3281,4460 3280,4461 3280,4462 3280,4462 3178,4462 3177,4463 3177,4470 3177,4470 3101,4470 3100,4471 3100,4472 3100,4472 3056,4472 3055,4473 3055,4499 3055,4499 2867,4499 2866,4498 2719,4498 2718,4498 2718,4485 2718,4484 2358,4484 2357,4485 2357,4487 2357,4487 2232,4487 2231,4488 2231,4496 2231,4496 2151,4496 2150,4497 2033,4497 2032,4497 2032,4489 2032,4488 1896,4488 1894,4486 1562,4486 1561,4487 1561,4490 1560,4491 1556,4491 1555,4492 1555,4493 1555,4493 1453,4493 1452,4494 1452,4503 1452,4503 1197,4503 1196,4504"/><TextEquiv><Unicode/></TextEquiv><TextEquiv index="1"><Unicode>cipite dans mes bras. Chéri, ce jeune</Unicode></TextEquiv></TextLine><TextLine id="l28"><Coords points="1494,4659 1493,4658 1421,4658 1420,4657 1013,4657 1012,4657 1012,4650 1012,4649 937,4649 936,4649 936,4633 936,4632 896,4632 895,4632 895,4631 895,4630 894,4630 893,4630 893,4628 891,4626 892,4625 892,4623 893,4622 910,4622 910,4622 910,4608 914,4604 914,4504 915,4503 919,4503 924,4498 2032,4498 2033,4497 2221,4497 2222,4496 2343,4496 2343,4496 2343,4490 2344,4489 2350,4489 2352,4487 2401,4487 2403,4490 2403,4491 2404,4491 3289,4491 3289,4492 3289,4493 3290,4493 3291,4493 3291,4494 3291,4498 3292,4499 3292,4513 3293,4513 3300,4513 3301,4515 3301,4520 3303,4522 3303,4567 3304,4568 3304,4575 3303,4576 3303,4578 3301,4580 3296,4580 3294,4582 3290,4582 3289,4583 3289,4652 3289,4652 3287,4652 3286,4653 3070,4653 3069,4654 3069,4657 3069,4657 3065,4657 3064,4658 2992,4658 2991,4659"/><TextEquiv><Unicode/></TextEquiv><TextEquiv index="1"><Unicode>homme que je trouvois ſi délicat, ſi reſ-</Unicode></TextEquiv></TextLine><TextLine id="l29"><Coords points="1254,4818 1253,4818 1253,4817 1253,4816 1252,4816 1251,4816 1251,4815 1251,4814 1250,4814 1249,4814 1249,4810 1249,4809 1176,4809 1175,4809 1175,4800 1175,4799 932,4799 931,4798 930,4798 929,4798 929,4793 928,4792 928,4779 928,4778 922,4778 920,4776 913,4776 910,4774 910,4709 911,4708 912,4708 912,4708 912,4707 913,4706 914,4706 914,4706 914,4705 915,4704 917,4704 917,4704 917,4668 919,4666 936,4666 939,4663 945,4663 945,4663 945,4662 946,4661 947,4661 947,4661 947,4660 949,4658 1012,4658 1013,4657 1389,4657 1390,4658 1873,4658 1875,4656 1911,4656 1911,4656 1911,4651 1915,4647 1958,4647 1958,4647 1958,4646 1959,4645 2008,4645 2008,4645 2008,4638 2009,4637 2021,4637 2021,4637 2021,4634 2023,4632 2030,4632 2032,4635 2032,4637 2033,4638 2033,4642 2034,4642 2116,4642 2116,4643 2116,4644 2117,4644 2118,4644 2119,4645 2212,4645 2213,4646 2223,4646 2224,4647 2382,4647 2387,4652 2390,4652 2391,4654 2391,4655 2392,4655 2568,4655 2568,4656 2568,4658 2569,4658 3064,4658 3065,4657 3213,4657 3213,4657 3213,4656 3215,4654 3286,4654 3286,4654 3286,4653 3287,4652 3288,4652 3288,4653 3288,4682 3289,4682 3308,4682 3308,4683 3308,4740 3310,4742 3310,4748 3308,4750 3308,4755 3307,4756 3305,4756 3304,4757 3304,4758 3303,4759 3303,4760 3302,4761 3300,4761 3299,4762 3299,4764 3297,4766 3239,4766 3237,4768 3233,4768 3231,4770 3207,4770 3206,4771 3206,4776 3206,4776 3192,4776 3191,4777 3191,4783 3191,4783 3101,4783 3100,4784 3100,4810 3097,4813 3090,4813 3089,4814 3082,4814 3081,4813 3074,4813 3072,4812 3072,4810 3069,4807 3069,4796 3069,4795 2752,4795 2751,4796 2751,4809 2751,4809 2748,4809 2747,4810 2747,4811 2744,4814 2734,4814 2733,4814 2733,4813 2733,4812 2662,4812 2661,4812 2661,4810 2661,4809 2659,4809 2658,4809 2658,4798 2658,4797 2334,4797 2333,4798 2333,4805 2331,4807 2244,4807 2243,4808 2243,4811 2243,4811 2239,4811 2238,4810 2103,4810 2102,4809 1745,4809 1744,4810 1448,4810 1447,4811 1447,4815 1447,4815 1264,4815 1263,4816 1263,4818 1263,4818"/><TextEquiv><Unicode/></TextEquiv><TextEquiv index="1"><Unicode>ſemblant à mon Adélaide, étoit auprès</Unicode></TextEquiv></TextLine><TextLine id="l30"><Coords points="1759,4988 1758,4988 1758,4937 1758,4936 1632,4936 1631,4935 1410,4935 1409,4936 1326,4936 1325,4937 1325,4938 1325,4938 1324,4938 1323,4939 1323,4940 1323,4940 1319,4940 1317,4942 1313,4942 1311,4940 1002,4940 994,4940 992,4942 991,4942 990,4943 984,4943 983,4942 947,4942 943,4938 941,4938 939,4936 934,4936 929,4931 925,4931 924,4931 924,4927 922,4925 922,4922 922,4921 920,4921 919,4921 919,4919 916,4916 916,4845 916,4844 897,4844 893,4841 893,4839 893,4838 891,4838 890,4838 890,4836 890,4835 889,4835 888,4835 888,4834 888,4833 887,4833 886,4833 886,4830 888,4828 921,4828 921,4828 921,4802 923,4800 929,4800 929,4800 929,4799 930,4798 931,4798 932,4799 936,4799 936,4800 936,4802 937,4802 969,4802 969,4803 969,4807 971,4809 971,4811 972,4811 1082,4811 1083,4813 1083,4818 1084,4818 1433,4818 1433,4818 1433,4816 1434,4815 1470,4815 1473,4812 1476,4812 1476,4812 1476,4810 1477,4809 1488,4809 1489,4810 1927,4810 1928,4809 1930,4809 1931,4810 2119,4810 2120,4811 2364,4811 2364,4811 2364,4803 2365,4802 2541,4802 2541,4802 2541,4798 2542,4797 2543,4797 2544,4796 2544,4797 2544,4798 2546,4800 2546,4807 2547,4807 2564,4807 2567,4811 2567,4812 2568,4812 2700,4812 2702,4814 2742,4814 2742,4815 2742,4816 2743,4816 2893,4816 2893,4817 2893,4818 2894,4818 2997,4818 2997,4819 2997,4825 2998,4825 3244,4825 3245,4826 3251,4826 3251,4827 3251,4828 3252,4828 3254,4828 3255,4830 3255,4869 3256,4869 3304,4869 3306,4872 3306,4873 3307,4873 3308,4873 3308,4874 3308,4890 3308,4890 3307,4890 3306,4891 3306,4893 3306,4893 3304,4893 3302,4895 3257,4895 3256,4896 3256,4921 3255,4922 3255,4925 3254,4926 3218,4926 3216,4928 3144,4928 3143,4929 3143,4936 3143,4936 2979,4936 2978,4937 2978,4948 2976,4950 2975,4950 2974,4951 2974,4952 2971,4955 2970,4955 2969,4956 2969,4957 2969,4957 2968,4957 2967,4958 2967,4960 2966,4961 2964,4959 2962,4959 2960,4957 2941,4957 2940,4957 2940,4939 2940,4938 2683,4938 2682,4939 2682,4941 2681,4942 2680,4942 2678,4941 2678,4939 2678,4938 2578,4938 2576,4936 2574,4936 2573,4935 2339,4935 2338,4936 2334,4936 2333,4937 2333,4938 2333,4938 2329,4938 2327,4936 1899,4936 1898,4937 1898,4956 1897,4957 1766,4957 1765,4958 1765,4988 1765,4988"/><TextEquiv><Unicode/></TextEquiv><TextEquiv index="1"><Unicode>d'elle en habit militaire. Il'ſe lève, man-</Unicode></TextEquiv></TextLine><TextEquiv><Unicode/></TextEquiv></TextRegion></Page></PcGts>