4266 6032
904 367 3423 545 que de ſe trouver mal. Je le ſoutiens con-
871 531 3299 699 tre mon cœur & je l'embraſſe, tandis
878 680 3298 856 que la Princeſſe me preſſe dans ſes bras.
916 845 3299 1014 Tout le monde paroît ſurpris. On me
916 996 3308 1168 regarde, on reſte dans un étonnement
922 1159 3310 1330 muet. Le noir Spinacuta rougit, pâlit.
919 1311 3315 1480 uQue veut dire ceci? s'écrie le mal-
921 1469 3315 1638 heureux. A la vue de mon dégui-
885 1628 3318 1815 ſement, je crus m'apperçevoir que la
933 1780 3325 1952 Princeſſe fit une réflexion tacite, & prit
898 1934 3323 2102 un parti ſecret: ce fut ſans doute celui
909 2094 3426 2260 de ſuppoſer que j'étois vraiment une
936 2250 3418 2414 femme. Puiſque je ne puis avoir le
934 2403 3322 2570 frère, dit - elle, qu'au moins j'aye la
941 2554 3323 2747 ſœur. Méchantel & vous avez laiſſé
941 2707 2630 2873 votre frère à la Baſtillel
928 2857 3316 3045 Je compris qu'elle parloit ainſi pour
912 3021 3328 3187 donner le change à mon ennemi. J'en-
904 3182 3330 3354 trai dans ſes vues. Eélasl Madame,
910 3342 3323 3509 nrépondis-je, que n'ai-je pas fait? il a
914 3492 3427 3667 de puiſſans ennemis; il faudroit de
945 3647 3334 3825 fortes ſollicitations de la part de per-
948 3801 3335 3980 ſonnes de grande conſidération, pour
855 3960 3332 4135 ncontrébalancer le parti qui l'écraſe.
941 4121 3337 4295 -- Ahl s'écria Spinacuta, j'y vole
922 4274 3339 4451 du pied des Autels. Nous allons dans
935 4436 3369 4607 ce moment à l'égliſe; je m'ariacherai
938 4584 3335 4764 ſoudain, s'il le faut, des bras d'une
849 4745 3341 4943 épouſe adorée, pour aller ſecourir
945 4906 3344 5096 mon ami, mon ſauveur. ... Mais,
