4266 6032
922 231 3340 410 Madame, ajouta-t il tout bas en s'ap-
928 376 3385 720 uons vonulen vou auiet om puet a
878 711 3385 882 mes dépens; c'eſt-là le cher Catau-
931 869 3315 1027 din lui-même déguiſé en fille. -- Vous
928 1026 3310 1192 ndevez bien ſavoir que ce n'eſt pas lui,
878 1186 3313 1357 répliqua ma bienfaitrice. Vous entre-
878 1339 3377 1501 tenez à ſon ſujet une correſpondance
941 1483 3318 1666 exacte; & s'il étoit ſorti de la Baſtille,
879 1650 3318 1817 non vous l'auroit mandé. -- Il eſt vrai,
941 1805 3318 1981 répondit - il, que, pour ſolliciter en
948 1963 3385 2128 ſa faveur, j'écris fort ſouventn. En
953 2118 3323 2288 ma faveurl le traîtrel c'étoit bien
938 2271 3334 2469 contre moi qu'il ne ceſſoit de ſolli
879 2447 1390 2573 citer.
890 2573 3320 2755 La Princeſſe me dit tout bas: Savez
952 2740 3335 2913 nvous pourquoi vous avez été enfer-
917 2900 3334 3070 mé? Confiez-le moi. -- C'eſt, lui ré-
914 3062 3338 3227 pondis-je, ſur les imputations calom-
950 3215 3363 3384 nnieuſes de ce ſcélérat. Je l'ai reconnu,
952 3370 3342 3538 à n'en pouvoir douter, dans les in-
940 3521 3332 3693 terrogatoires que j'ai ſubis. J'ai vu
897 3681 3358 3855 pluſieurs de ſes lettres entre les mains
899 3836 3341 4010 du Magiſtrat qui m'interrogeoit; &
904 3992 3340 4163 j'ai eu l'adreſſe d'en lire une bonne
902 4149 3346 4319 partie, où j'étois peint des couleurs
965 4303 3342 4474 les plus atroces. -- Ahl le monſtre
922 4462 3349 4630 s'écria ma bienfaitrice indignée, &
910 4616 3380 4786 il vouloit nous faire accroire qu'il
909 4768 3385 4973 s'employoit pour vous, qu'il étoit
2694 4927 3365 5098 pénétré
