4266 6032
953 267 3275 457 Il n'y a pas moyen de réſiſter au digne
905 417 3280 598 Eſculape. On met la Princeſſe au lit,
905 585 3279 730 on envoie remercier les Oens d'E-
910 737 3289 911 gliſe. Le deuil eſt ſubſtitué au brillant
917 893 3282 1072 de la fête. Chacun ſe retire doucement,
919 1056 3285 1230 en témoignant la plus grande conſter-
921 1211 3298 1397 nation. Spinacuta frémiſſoit, grinçoit
922 1366 3296 1555 des dents, ſe jetoit à genoux auprès
922 1525 3304 1713 du lit, proteſtoit qu'il ne quitteroit
921 1677 3284 1856 pas ſa chère Amante, dût-il mourir à
928 1836 3313 2025 ſes pieds. Il me lançoit de temps ent
907 1990 3291 2169 temps des regards indécis, mais fou-
933 2149 3291 2322 droyans. Il ſe mordit la langue de ma-
936 2302 3299 2493 nière à ſe mettre la bouche en ſang.
931 2460 3294 2649 Enfin, l'infaillible Docteur décida que
934 2615 3298 2801 Madame avoit beſoin de repos. Il nous
936 2769 3297 2952 fit tous ſortir. Spinacuta feignit de s'é-
936 2935 3301 3110 vanouir, & ſe laiſſa emporter. Nous ren-
938 3081 3322 3267 trâmes Chéri & moi, nous congédiâmes
941 3237 3308 3466 l'llſuulape, & nous reſtâmes avec l'ado-
940 3392 2119 3576 rable Princeſſe.
995 3558 3324 3753 Je ſuis fort embarraſſée, nous dit-
940 3713 3353 3901 elle; j'ai fait là une cruelle ſottiſe.
945 3865 3330 4071 nEt comment puis - je reprocher aux
947 4033 3339 4220 autres len leurs, quand j'en commets
945 4187 3339 4374 une ſi palpable? Cependant je vous
912 4343 3339 4547 en dois, à vous, Monſieur le Roi
900 4487 3351 4694 des infidèles; je ſais de vos fredai-
898 4649 3344 4852 nes n. J l'interrompis: eMa noble
898 4795 3347 5016 amis, lui dis-je, je ſuis coupable ſans
2370 5007 3232 5148 Da
