4266 6032
1038 283 3409 458 doute; mais qu'eſt devenue ma chère
1034 441 3408 613 Adélaide? ... -- Je la crois en route,
1020 604 3401 797 répondit - elle, pour revenir nous
1010 761 2002 913 njoindren.
1050 912 3392 1091 Je regardai le jeune Chéri; il paroiſ-
1007 1069 3387 1225 ſoit vivement affecté de notre conver-
1001 1227 3412 1394 ſation. Je ne pouvois revenir de ma ſur-
998 1385 3408 1545 priſe. Je lui trouvois exactement les
995 1544 3373 1703 mêmes traits que la vue de mon Adé-
988 1696 3397 1859 laide m'avoit offerts dernièrement. Il eſt
981 1858 3359 2022 vrai que je n'avois apperçu cette chère
974 2009 3385 2183 perſonne que dans ma lanterne magi-
962 2166 3383 2334 que. D'ailleurs mon Adélaide étoit à
964 2326 3377 2486 Paris, ou du moins en route; & le jeune
959 2479 3370 2649 Chéri ſe trouvoit à Milan: mais il pa-
959 2639 3335 2823 roiſſoit fatigué; & n'étoit-il point arri-
950 2795 2322 2917 vant comme moi?
1113 2932 3363 3120 Quoi qu'il en ſoit, reprit la Prin-
938 3108 3358 3274 nceſſe, il faut tâcher d'employer tous
940 3265 3351 3433 nles moyem poſſibles pour prévenir le
929 3420 3347 3585 malhonnête homme. Il a ſans doute
928 3578 3310 3746 chercher à ous perdre. Nous parle-
924 3736 3342 3903 rons de cela demain plus amplement;
916 3889 3330 4063 le plus preſſé pour vous, à préſent,
910 4051 3315 4216 eſt de ſouper & de vous coucher.
910 4209 3287 4377 ous devez avoir beſoin de repos.
902 4367 3287 4531 nJ'en ai autant beſoin qué vous, quoi-
818 4524 3341 4685 que je ne ſois pas auſſi malade que
818 4678 3303 4844 njlai affecté de l'être. Bon doir, mon
888 4835 3296 5036 zcher Chevalier, nous ſommestous
