4266 6032
947 291 3325 470 bien embarraſſés: mais la nuit porte
947 453 3327 647 nconſeil. Je vous recommande au jeune
948 627 1793 779 Chéri.
945 752 3332 933 Cet aimable enfant eut ſoin de me
948 924 3320 1093 faire ſouper; mais il me parla peu. Je
940 1077 3318 1251 le voyois plongé dans une profonde
948 1232 3316 1408 rêverie. Il me conduiſit dans ma cham-
945 1390 3310 1561 bre à coucher, & prit congé de moi
940 1550 3308 1718 en ſoupirant. Je fus attendri, & glacé
952 1698 3313 1872 en même temps, d'un ſi froid accueil de
938 1860 3306 2033 la part d'un ami comme Chéri. Je re-
941 2016 3306 2186 marquai auſſi que la Princeſſe ne m'a-
933 2174 3303 2339 voit point demandé comment j'étois
937 2326 3306 2492 ſorti de la Baſtille; ce qui me faiſoit
938 2481 3303 2674 ſoupçonner qu'elle en étoit inſtruite:
938 2650 1997 2806 mais par qui?
943 2764 3301 2956 Je me couchai ſeul, & je n'en rêvai
936 2950 3292 3115 pas moins; mais mon ſonge fut tout
938 3108 3315 3278 autre que ceux des nuits précédentes.
919 3261 3306 3433 Je n'avois pas d'objet auprès de moi
929 3420 3301 3740 auit aaae, ſis naetiſe an
910 3724 3287 3915 tée, Adélaîde s'enfermant dans un cloî-
929 3894 2580 4062 tre pour punir un infidèle.
931 4039 3287 4215 Je me levai le lendemain de grand
934 4197 3292 4375 matin; mais j'appris que Chéri étoit déjà
898 4357 3291 4531 parti pour je ne ſais quel voyage. Je fus
910 4504 3291 4687 mortifié de me voir ainſi négligé. J'at-
917 4668 3280 4874 tendois des conſolations de la part de ce
898 4829 1964 4998 jeune homme.
