4266 6032
907 241 3303 420 ramaſſer dans ſa voiture. Il étoit avec
909 400 3304 562 une très - belle femme qui me parut ſa
910 558 3304 726 Maîtreſſe, & qui me fit, comme lui,
919 711 3311 881 des amitiés exceſſives, m'invitant beau-
921 864 3303 1044 coup à regarder ſa maiſon comme la
921 1026 3310 1188 mienne; & me témoignant le plus grand
902 1184 3310 1318 déſir de ſe lier intimement avec moi.
926 1335 3301 1501 Le méchant Comte me faiſoit les plus
931 1490 3356 1656 tendres inſtances pour que je daignaſſe
936 1646 3352 1814 accepter les invitations de ſa belle Dame.
938 1796 3316 1967 J'entrevis ſon deſſein; il penſoit que je
936 1951 3316 2127 me trahirois auprès de cette Dalila, &
941 2113 3314 2274 qu'elle découvriroit aiſément le ſecret
941 2266 3303 2434 de mon ſexe. Tu mériterois bien, me
940 2422 3340 2588 diſois-je en moi-même, que je dé-
941 2579 3303 2739 couvriſſe mon ſexe à ta Maîtreſſe, en
941 2738 3303 2900 lui faiſant commettre avec moi une
941 2892 3311 3058 infidélité, dont nous ririons enſemble
940 3046 3310 3214 à tes dépens. Je me débarraſſai, le
922 3198 3328 3371 plus promptement que je pus, du cou-
953 3347 3322 3527 ple impoſteur. Je n'avois pas eu lieu d'eſ-
945 3516 3313 3683 timer la Maîtreſſe de Spinacuta; mais à
898 3672 3311 3843 mon âge, ſa beauté ne pouvoit manquer
945 3824 2195 3999 de parler à mes ſens.
986 3954 3327 4149 Le lendemain matin j'apperçus, dans
945 4133 3315 4338 notre cour, une eſpèce de porte - faix
940 4297 3320 4468 qui faiſoit ſa toilette; c'eſt-a-dire, qui
943 4451 3318 4625 atrangeoit ſon ajuſtement de crocheteur.
936 4606 3310 4783 Je le reconnus pour l'indigne Spinacuta.
938 4756 3349 4943 Il poſa ſur ſa tête une fauſſe chevelure
2310 4931 2919 5079 D
