4266 6032
948 270 3335 441 étendue, par la raiſon que tous les en-
952 429 3339 621 droits où l'on pouvoit ſe mettre à l'abri
948 596 3337 768 étoient occupés par des jeunes gens qui
950 754 3334 924 ne vouloient pas ſouffrir auprès d'eux
952 912 3341 1083 un malotru comme lui. Au contraire,
941 1069 3337 1237 ces jeunes laquais, pour le punir d'avoir
948 1222 3328 1394 voulu faire le hargneux, s'amuſoient à
947 1376 3323 1556 le jeter ſous les gouttières, & ſe le ren-
950 1542 3330 1710 voyer les uns aux autres à coups de
916 1691 3330 2006 blen le uiſat naquint,ui deinuau
952 2011 3330 2181 core plus funeſte; car quelqu'un ayant
953 2161 3327 2336 profité de l'orage pour vider, par la
931 2315 3327 2491 fenêtre, un vaſe dont on ne peut pré-
943 2465 3323 2650 ſenter le nom ni même l'idée, il en re-
917 2630 3329 2990 lerendite pu éſetpeiſmnae u'u
950 2940 1791 3100 pût imaginer.
1113 3096 3318 3275 Il étoit trop ſale pour qu'il fût poſ-
931 3244 3328 3394 ſible de lui remettre le fardeau ſur ſes
926 3411 3328 3580 épaules. Sa Maîtreſſe me prêta ſa voi-
926 3569 3322 3742 ture, dans laquelle j'emportai ma mar-
931 3719 3323 3904 chandiſe. J'ordonnai au dégoûtant per-
948 3874 3330 4060 ſonnage de me rejoindre à l'hôtel de la
952 4033 3332 4222 Princeſſe Cémelli. J'y arrivai bientôt; je
948 4199 3325 4366 prévins toute la maiſon de recevoir,
950 4356 3318 4522 comme il le méritoit, le vil garnement
952 4508 3325 4691 qui venoit à pas lents. Il ne tarda pas
955 4662 3330 4834 à paroître. Jamais gueux n'offrit un al-
902 4812 3334 5035 pect ſi ſoulevant. La valetaille lui jeta
