4266 6032
943 376 3313 544 le prioit, s'il découvroit ce fugitif, de
945 539 3308 700 faire ſes efforts pour qu'il fût arreté. Le
940 697 3308 855 ſcélévat ſe hâta de montrer cette lettre
945 852 3315 1013 au ouverneur de Milan, qui crut que
953 1007 3315 1170 les égards dus à la Cour de France l'o-
950 1160 3311 1322 bligeoient à voler au devant de ſes dé-
953 1316 3310 1476 ſirs, en s'aſſurant de ma perſonne. L'or-
952 1474 3313 1636 dre fut expédié pour m'arrêter, & un
955 1634 3322 1793 ami de la Princeſſe nous en donna l'avis,
952 1786 3313 1947 qui nous jeta dans le plus grand trou-
950 1944 3318 2101 ble. La Princeſſe ne ſe trouvoit pas
953 2097 3322 2258 moins embarraſſée que moi; elle étoit
945 2250 3327 2413 perſécutée pour terminer le mariage dif-
950 2410 3322 2569 féré par ſon accident imprévu. L'indigne
945 2567 3330 2720 Spinacuta vint nous voir dans cette cir-
947 2720 3298 2881 conſtance. Il me dit qu'il me connoiſſoit,
938 2876 3327 3039 que j'étois un homme, & que je lui ferois
933 3031 3332 3188 raiſon de ma conduite à ſon égard. A ces
938 3187 3325 3350 mts, l'inſolent, enhardi par l'habit de
933 3339 3337 3499 femme que je portois, levala maincomme
959 3500 3327 3661 pour me donner un ſoufflet. Je le pré-
933 3655 3335 3816 vins, & lui en appliquai un terrible.
960 3806 3325 3974 iens, malheureux, lui dis-je, me
953 3965 3327 4109 rendre raiſon de tes inſultes. Nous
928 4119 3339 4281 deſcendons enſemble. Je reçois dans le
910 4280 3351 4442 moment une lettre que je n'ai pas le
912 4432 3341 4594 temps de lire. Nous vîmes à la porte
919 4584 3340 4751 une eſcouade de Sbirres. Meſſieurs,
914 4744 3346 4908 leur dit Spinacuta, ſaiſiſſez ce co-
919 4902 3342 5100 quinn. J'étois en déshabillé de moul-
