4266 6032
874 303 3256 471 ſeline, avec un léger ſoupçon de rouge.
890 463 3239 628 Les Sbirres paroiſſoient embarraſſés; je
892 623 3251 773 me crus arrêté dans ce moment, & un
895 775 3251 948 violent accès de douleur ſerra mon
902 926 3310 1100 cœur effrayé. Mais le chef de l'eſcouade,
909 1088 3270 1265 mettant au malheureux Spinacuta la
910 1242 3387 1382 main ſur le collet: C'eſt vous même,
898 1394 3280 1559 dit-il, que j'arrête de la part de l'Em-
916 1545 3282 1726 npereurn. Spinacuta pâlit: on ſe ſai-
881 1707 3313 1872 ſit de ſa perſonne, on l'enleve, & je
931 1871 1799 2002 reſte immobile.
881 2017 3301 2192 Cependant je lis ma lettre, qui étoit
942 2175 3299 2348 du Miniſtre d'Etat de France, qui m'ap-
869 2334 3310 2503 prend qu'on a reconnu mon innocence,
928 2481 3311 2659 que l'ordre de mon élargiſſement eſt
954 2640 3341 2812 donné; que mon aucuſateur, ayant mis
862 2790 3315 2966 en jeu, par ſes calomnies, diverſes Puiſ-
958 2948 3370 3124 ſances reſpectables, méritoit un châti-
961 3105 3328 3278 ment exemplaire; & que je ne tarde-
922 3263 3334 3435 rois pas à être vengé. Je vis alors la
965 3414 3337 3583 cauſe de l'empriſonnement du déteſta-
943 3572 3347 3774 ble Comte; & j'appris qu'il étoit en-
912 3727 3351 3901 voyé garrotté à Naples, ſa Patrie. La
905 3879 3361 4060 Princeſſe ſe vit tirée d'embarras, auſſi
984 4035 3371 4214 bien que moi, par cette heureuſe aven-
990 4193 3359 4359 ture. Elle ſe leva ſur le champ; car elle
869 4355 3378 4531 avoit gardé le lit depuis mon arrivée,
883 4504 3378 4683 pour jouer la malade. SonMédecin paroiſ-
943 4666 3385 4838 ſoit déſeſpéré de ce qu'elle ne l'étoit pas
862 4816 3399 5015 réellement. Nous célebrâmes dès le ſoir
