4266 6032
928 265 3351 443 Cette noble amie ſe trouva beaucoup
940 437 3306 602 mieux; mais ſa convaleſcence fut lon-
933 594 3306 754 gue. Je la conjurai à genoux de m'ap-
928 752 3318 916 prendre où étoit mon Amante, & de
928 904 3310 1065 me permettre de voler à ſon ſecours.
934 1060 3304 1220 Il n'en eſt pas beſoin, dit-elle; cette
938 1217 3320 1377 chère Adélaide arrive demain, elle
945 1373 3327 1528 eſt beaucoup mieux,. En effet, elle
948 1530 3377 1690 arriva foible & pâle, mais plus tou-
945 1686 3311 1847 chante peut-être, dans cet état, par une
943 1842 3318 2000 tendre langueur. Je voulus me jeter à
948 1994 3346 2157 ſes pieds. Elle parut vouloit m'éviter; une
952 2154 3322 2324 rougeur preſque imperceptible colora
943 2300 3322 2467 cependant ſes joues quand elle m'apper-
948 2456 3322 2622 çut. Elle reçut mon compliment avec
943 2615 3339 2780 politeſſe; mais elle ſe déroba ſans pi-
940 2769 3328 2919 tié à mes embraſſemens. Je fus affligé
940 2923 3328 3110 juſqu'au fond du cœur d'une ſi cruelle
941 3091 1779 3247 réception.
941 3237 3334 3403 Pendant pluſieurs jours Adélaide ne
936 3389 3328 3559 parut point à la table de la Princeſſe,
945 3554 3337 3716 nimême dans ſes appartemens, au moins
948 3702 3327 3873 tandis que j'y étois. Quand je l'apper-
935 3868 3359 4032 cevois quelquefois de loin, elle me pa-
941 4020 3328 4187 roiſſoit plongée dans une ſombre rêve-
936 4174 3334 4343 rie. Ma bienfaitrice auſſi, de ſon côté,
928 4324 3339 4534 devenoit rêveuſe, & ſoupiroit ſans ceſſe.
898 4467 3325 4657 Je ne comprenois-rien cette mélan-
904 4627 3335 4813 colle répandue autour de moi. Je crai-
862 4780 3401 4985 ois quelle ne me gagnât. Ma douleur
