4266 6032
957 271 3332 449 le jour où mon bonheur ſeroit pour ja-
964 432 3339 599 mais aſſuré au pied des Autels. Je m'en-
931 591 3334 756 fuis précipitamment chez moi; je me
959 745 3337 939 mis au lit, & je m'endormis dans les
964 905 2580 1069 ſonges les plus rians.
1105 1060 3334 1224 Le lendemain matin, je crus qu'il ne
959 1215 3332 1380 me convenoit plus de me dénaturer &
957 1370 3335 1531 de m'avilir ſous les ſots vêtemens de
957 1524 3335 1692 femme. Pour rendre heureuſe mon Adé-
953 1684 3335 1841 lade, je devois être un homme, & j'en
938 1839 3332 2003 pris l'habit. Je deſcendis chez la Prin-
953 1994 3356 2158 ceſſe; une de ſes Femmes me dit qu'elle
952 2150 3356 2309 n'avoit pu ſe refuſer aux inſtances d'une
943 2302 3341 2469 Dame de la plus haute conſidération, qui
936 2462 3373 2623 étoit venue, de grand matin, l'enlever
917 2615 3337 2781 à la campagne avec Adélaîde. J'appris,
953 2759 3353 2938 en frémiſſant, qu'elles devoient y paſſer
952 2929 3339 3087 quelques jours. Mon bonheur m'en pa-
950 3081 3339 3248 rut différé pour des ſiècles. Je traînai
948 3237 3335 3402 mon ennui dans toute la ville pendant
953 3395 3347 3560 trois jours mortels, déſeſpéré d'ignorer
952 3550 3351 3718 le lieu fortuné qu'honoroient de leur pré-
892 3708 3346 3874 ſence les deux amies de mon cœur, &
950 3865 3339 4047 furieux de ne pouvoir, pour cette rai-
953 4020 2785 4185 ſon, les y aller rejoindre.
990 4164 3346 4343 Enfin, j'appris le troiſième ſoirqu'elles
947 4334 3349 4497 étoient de retour. Je volai à l'apparte-
950 4477 3342 4680 ment de la Princeſſe pour voir les deux
945 4639 3340 4811 beautés; mais, au lieu de m'ouvrir la
933 4795 3359 5002 porte à deux battans, on me fit des
