4266 6032
953 274 3332 458 d'avoir reſpecté ces Dames tant que
948 443 3315 613 j'avois été éveillé. Voilà, Monſieur,
947 603 3316 766 ajoutai-je, l'aventure telle qu'elle eſt,
945 756 3320 926 voyez s'il eſt poſſible qu'en dormant
948 912 3316 1079 j'aye pu opérer avec tant de juſteſſe,
943 1070 3316 1231 a& mettre, ſans le ſavoir, dans un ſi
948 1225 3320 1397 grand embarras, des infortunées qui
947 1382 3115 1547 ndevoient être ſacrées pour moi.
1000 1538 3318 1707 Le Oouverneur parut frappé de ma
947 1695 3318 1863 candeur: il ne ſavoit quoi me répon-
948 1847 3320 2022 dre. Je n'y comprends rien, me dit-il;
943 2008 3322 2178 voilà une choſe bon abſurde & bien
941 2164 3323 2335 invraiſemblable. Je n'y comprenois
943 2314 3325 2489 pas plus que lui; & vous, Lecteurs,
943 2477 3327 2641 vous y attendiez-vous? Pouvois-je être
940 2632 3323 2806 coupable de cette manière? Etoit-il poſ-
941 2781 3325 2959 ſible que j'euſſe fait, en dormant, tant
943 2940 3325 3120 d'ouvrage ſans m'en être apperçu? Car
938 3099 3353 3270 enfin, j'ai dit la pure vérité. YI a-t-il
893 3249 3354 3420 exemple d'une pareille venture? On a
934 3413 3354 3589 bien entendu parler d'un père qui fut
943 3567 3330 3739 enivré par ſes deux filles, & qui les
941 3720 3335 3902 féconda en dormant; mais ce fait eſt
943 3879 3334 4058 puiſé dans une ſource ſacrée que je ne
909 4041 3328 4215 puis citer ici: c'eſt une matière de foi
916 4193 3337 4370 étrangère à notre diſcuſſion. Pour moi
945 4343 3337 4524 je n'étois pas-ivre;& l'on m'accuſoit
950 4508 3337 4683 d'avoir fait le double travail de ce
952 4662 3339 4844 père endonmi. Commen celapé voit-il
950 4821 3354 5012 être? Ces Dames n'avoient - elles pas
