4266 6032
917 352 3291 522 d'autres agens qu'elles vouloient ca-
924 514 3296 692 cher, en rejetant ſur moi toute la faute?
924 671 3298 849 Quoi qu'il en ſoit, je me trouvois plus
931 824 3296 1006 embarraſſé que le Couverneur. Il faut
931 981 3301 1160 pourtant, dit - il, tirer d'embarras,
929 1137 3282 1308 ſur-tout ces pauvres Religieuſes; car
934 1292 3306 1457 nenfin on veut les punir ſévèrementn.
935 1450 3299 1624 Jépondis que je ne connoiſſois pas
942 1609 3313 1777 dautre expédient de ma part, que de
941 1765 3310 1937 raconter à leur Supérieure le fait tel
947 1918 3316 2085 qu'il étoit; que mon récit s'accorderoit
950 2075 3308 2244 ſans doute avec le leur, & que ce récit
952 2233 3308 2396 devoit ſuffire pour conſtater leur lnno-
952 2389 3313 2549 cence & la mienne. Le Couverneur me
951 2540 3323 2705 congédia, avec injonction de me pré-
957 2694 3320 2868 ſenter toutes les fois que j'en ſerois
957 2868 1315 3016 requis.
1084 3007 3323 3179 Je me retirai l'amertume dans le cœur.
961 3162 3325 3336 Quoi lme diſois-je, les malheureuſes
959 3318 3325 3491 bpunes fortunes me perſécutent à ce
957 3478 3325 3646 point lElles me rendent coupable en
962 3633 3332 3791 dorant, ſans aucune participation
963 3782 3332 3961 de la part de ma volontél C'eſt-là ſans
961 3942 3337 4080 doute le motif de la nouvelle colère
962 4094 3340 4243 ndont n'accablent la Princeſſe Cémelli
959 4264 2524 4426 & mon Adélaiden.
962 4407 3339 4591 J'eſpérois pouvoir me juſtifier; mais
957 4568 3344 4883 uns auure cote Mhidane d'amnainite,
953 4873 3346 5053 laſſe de ſon veuvage, & charmée du
