4266 6032
929 297 3334 489 me vois auſſi rigoureuſement puni,
940 465 3359 628 quand je ſuis parfaitement nocent,
941 622 3373 791 que lorſque j'étois coupable. Ah
934 782 3373 946 Madame, dites-moi, je vous prie, où
934 938 3323 1101 eſt cette chere & cruelle perſonne,
940 1088 3323 1265 pour que je vole à ſes pieds, & que
938 1258 3322 1420 je m'y juſtifie. -- Je ne puis abſolu-
940 1411 3322 1578 ment vous le dire, reprit la Prin-
943 1573 3322 1733 ceſſe d'un ton décidé, qui me plongea
943 1727 3322 1891 dans le déſeſpoirn. Elle vit mes ſouſ-
943 1885 3368 2048 frances. Elle me plaignit. L'intérêt le
943 2042 3366 2362 e melaruis amais vue ſ'unadle am
959 2359 3375 2527 égard. Ses regards annonçoient, j'o-
950 2517 3375 2692 ſerois preſque dire, de l'amour. Ce-
953 2673 3322 2852 pendant elle me perçoit le cœur. uJe
953 2831 3318 3012 ne comprends plus votre Adélaide,
955 2986 3320 3155 me diſoit-elle; je ſuis ſûre qu'elle n'a
962 3146 3320 3316 pas donné ſon cœur à aucun aute
959 3303 3356 3482 homme; cependant, elle me paroit
964 3457 3354 3631 changée à voture égard. Je ſerois ten-
965 3619 3316 3779 tée de croire qu'elle cherche des pré-
893 3775 3321 3952 textes pour vous fuir & renoncer
962 3934 3318 4099 à vous. -- O Dieul m'écriai-je dou-
972 4090 3349 4261 loureuſement, Adélaide ne m'aime
974 4250 3349 4429 plusl voilà le demnier coup. Sa co-
967 4400 3349 4585 lere étoit affreuſe, mais ſon indiffé-
931 4558 3340 4743 rence eſt mortelle. Que dis-je ſon
965 4723 3339 4894 indifférence ? Elle me hait peut-êtren.
969 4883 3351 5081 La Princeſſe pleura long temps aver
