4266 6032
976 283 3349 482 A ces mots, elle monta ſur ſon Tri
914 481 3349 654 bunal, & dit aux deux Sœurs, que leur
921 640 3349 800 innocence ayant paru préſumable aux
916 793 3337 962 yeux des Vénérables, quelles que puſ-
919 957 3339 1141 ſent être leurs fautes, elle leur pardon-
932 1116 1429 1231 noit.
986 1265 3294 1432 Elles vinrent toutes deux ſe proſter-
926 1425 3344 1589 ner aux pieds de l'indulgente Prieure,
929 1583 3346 1904 fnle daigna lteut domnt le uaiſet
934 1896 3347 2061 paix, & d'un ſigne abſolu les congé-
936 2040 3347 2216 dia bénignement. Les deux Nones
943 2212 3349 2372 juſtifiées ſe retirerent, en me lançant
943 2362 3349 2527 un regard qui annoncoit le déſir
948 2524 3349 2682 qu'elles auroient eu de reſter avec moi,
953 2677 3325 2845 & le regret de me perdre. La Prieure
952 2831 3306 3000 me regarda auſſi d'un œil aſſez particu-
955 2991 3325 3155 lier, qui ſembloit dire: Le benêtl
959 3141 3330 3311 voyez, que ne s'adreſſoit- il à la
959 3297 3332 3465 Prieuren? Je pris congé de l'au-
960 3463 3332 3628 guſte compagnie; & je me vis, avec
967 3597 3349 3786 plaiſir, ſéparé de deux femmes qui
972 3774 3341 3969 m'avoient fait cependant une douce
991 3937 1719 4100 impreſſion.
1012 4073 3334 4250 Ce n'étoit pas tout. J'avois encore
979 4228 3349 4406 eux beautés ſur les bras. L'une des
988 4396 3337 4568 deux m'embarraſſoit par ſon crédit. On
991 4539 3349 4723 conçoit que c'étoit la Maîtreſſe. I
986 4690 3347 4882 Soubrette Adélaîe ſe vantoit auſſi d'a-
991 4864 3349 5068 voir de fortes protections, & de me
