4266 6032
916 338 3301 516 ritables daignerent me rapporter ces
928 506 3301 685 propos. J'en étois affligé. Je ne pou-
914 659 3301 830 vois ſupporter l'idée de paſſer pour
917 819 3303 980 un homme ſans honneur, & je voulus
914 977 3301 1144 abſolument me laver d'une pareille im-
917 1144 1684 1309 putation.
914 1223 3304 1457 J'écrivis à la Dame offenſée une
943 1450 3304 1616 lettre qui, ayant l'éloquence du cœur,
950 1605 3306 1779 étoit touchante & perſuaſive. J'appris
953 1763 3303 1927 que cette miſſive fit ſur elle une -
952 1918 3306 2240 tſtitatint de pauitaun peloie ui
929 2224 3301 2393 avoient du crédit ſur ſon eſprit, & la
922 2381 3304 2552 recommandation de la Princeſſe Cé-
917 2537 3306 2711 melli, qui lui répondit de mes ſenti-
959 2694 3306 2864 mens & de mon honneur. Enfin, elle
959 2857 3301 3020 conſentit à me voir. Elle étoit conva-
959 3010 3306 3177 leſcente, & plongée dans une douce
959 3170 3310 3334 langueur. En entrant, elle vit dans mes
957 3321 3308 3491 regards un tendre intérêt qui parut la
957 3480 3308 3649 flatter. Son courroux, preſque dès l'a-
957 3634 3308 3811 bord, expira dans ſes yeux. Elle me
928 3788 3306 3963 laiſſa aſſeoir auprès d'elle ſur un ſo-
952 3946 3314 4122 pha, & même prendre ſa main, qu'elle
917 4113 3304 4282 ne ſongea point à retirer des miennes.
917 4262 3316 4439 Je plaidai ma cauſe avec chaleur. Je
953 4417 3315 4591 déduiſis à ma belle ennemie les raiſons
929 4577 3306 4752 les plus ſontes, pour lui prouver mon
952 4727 3318 4909 mnocence. J'y joignis des careſſes in-
945 4885 3320 5074 nocentes & reſpectueuſes. Je la ſerai
