4266 6032
936 319 3297 488 Quoi qu'il en ſoit, cette chere Dame,
928 481 3291 646 qui m'avoit regardé comme un mal-
921 637 3292 800 heureux, pour un accident, fruit ino-
924 788 3296 962 piné de nos ſonges mutuels, où ma
926 948 3292 1109 volonté n'étoit point répréhenſible, me
928 1108 3301 1266 regarda comme un très-honnête hom-
934 1260 3298 1420 me, quand je lui eus manqué bien déci-
935 1417 3292 1576 dément & les yeux ouverts; & je n'eus
938 1575 3297 1758 pas d'autre voie pour lui prouver mon
940 1732 3304 1884 mnocence, que de devenir bien cou-
940 1886 3311 2052 pable. Je fus très-honteux de cette nou-
936 2035 3303 2202 velle faute; mais il en réſulta un nou-
936 2197 3306 2359 vel inconvénient. Ma complice, plus
938 2354 3308 2515 contente de moi, n'en déſira que plus
936 2511 3313 2668 vivement de m'avoir pour époux. Je
940 2666 3313 2828 lui proteſtai que j'avois des engage-
926 2816 3315 2982 mens antérieurs; la Princeſſe le lui
936 2976 3320 3134 proteſta de même, & une Médiatrice
931 3129 3322 3294 d'une ſi haute conſidération lui fit en-
929 3284 3320 3451 tendre raiſon. Cependant lapetite Dame
924 3433 3334 3608 ſe plaignit à elle du nouveau grief
922 3597 3330 3762 qu'elléavoit contre moi, & d'une faute
938 3757 3325 3919 qu'elle nuroit dû taire, parce qu'elle lui
943 3906 3328 4077 étoit commune avec moi. La Princeſſe
928 4068 3325 4235 vint à bout de lui faire comprendre,
921 4229 3322 4395 que, pour ſon honneur, elle devoit en-
917 4383 3325 4570 ſevelirtous ces petuts ſcandales dans le
916 4536 2303 4703 filence & l'oubli.
907 4680 3323 4861 LaPrinceſſe me parla de ma nouvelle
909 4855 3320 5034 caravane, dont je rougis beaucoup.
