4266 6032
948 252 3347 419 Elle me promit bien de la cacher à mon
945 417 3344 577 Adélaide, mais j'appris que cette chere
945 572 3341 891 is omneunr; dl' l ſui ſeéile qie
945 886 3337 1050 n'étois pas digne d'elle. Lecteurs, le
948 1039 1781 1206 croyez-vous?
1100 1201 3334 1366 Je fis, à peu près dans le même
945 1351 3335 1520 temps, deux connoiſſances qui cher-
948 1513 3339 1676 cherent à me procurer des diſſipations;
943 1671 3332 1834 & l'on va juger ſi ces deux nouveaux
948 1825 3342 2003 amis avoient l'étiquette des miniſtres
936 1980 3339 2145 du plaiſir. L'un étoit un Médecin, l'au-
935 2135 3340 2302 tre un Abbé. Le premier avoit ſoigné
938 2293 3344 2457 la Princeſſe Oémelli dans ſa grande
936 2455 3340 2615 maladie; depuis quelque temps je me
934 2608 3327 2780 plaignois beaucoup à lui de ma ſanté.
962 2764 3334 2926 Toute votre maladie n'eſt que de
947 2924 3334 3083 l'ennui, me diſoit-il, je vous en pro-
943 3077 3332 3242 curerai la guériſon. Il vous faut une
943 3236 3330 3399 ndiſſipation honnête, & des objets
917 3394 3332 3554 nouveaux qui parlent à votre imagi-
934 3543 3334 3709 nation, & vous retirent de l'eſpèce
922 3703 3327 3867 de croupiſſement où je vous vois
931 3863 3296 4028 nplongé. J'entreprends cette curen.
1069 4020 3325 4179 L'autre ami de fraîche date étoit un
931 4171 3327 4341 ſoi-diſant Eccléſiaſtique, qui n'en avoit
931 4338 3330 4500 pas, je crois, l'état, mais qui en por-
936 4493 3339 4655 toit la décoration. C'étoitun de ces
914 4646 3334 4810 hommes ſerviables, qui, ſous le petit
914 4807 3342 4957 manteau, s'adonnent dans les maiſons,
