4266 6032
986 221 3330 386 d'être malade; & l'on vous fait trou-
978 384 3323 543 ver la ſanté au milieu des plaiſirs.
974 537 3327 702 Laiſſez-vous ſervir, je vous condui-
979 702 3323 857 rai quelque part où vous trouverez
926 852 3322 1014 cette bienheureuſe ſanté que vous
931 1008 3322 1167 croyez avoir perdue. Vous verrez du
971 1165 3323 1322 nouveau; c'eſt l'Abbé Baſile qui
976 1330 2223 1485 vous le prometn.
1120 1481 3318 1641 J'eus la bonté de me fier à cette pa-
976 1629 3327 1796 role, quoiqu'elle me fût donnée ſi leſ-
979 1793 3320 1955 tement. Je dis à l'Abbé que le Docteur
977 1944 3320 2112 Buonafede, le Médecin de la Princeſſe,
972 2106 3322 2269 m'avoit fait à peu près la même pro-
971 2262 3316 2424 meſſe. Il vous parloit de la même
900 2413 3313 2579 choſe, me répondit Baſile. Il eſt auſſi
967 2570 3327 2739 des nôtres. ous verrez le Temple
972 2720 3316 2861 de la Santé. L'eſt bien autre choſe
904 2880 3318 3051 qu'enFrance & en Angleterre; ceſont
969 3045 3315 3207 bien d'autres merveilles. C'eſt votre
965 3194 3320 3361 nimagination qui eſt malade, c'eſt elle
885 3358 3320 3519 qu'il faut guérirn. Nous prîmes jour
885 3504 3320 3678 pour mon introduction dans ce Temple
888 3665 3323 3833 de la Santé dont on me parloit; & j'at-
964 3829 3322 3989 tendis avec impatience ce bienheureux
893 3996 1257 4154 jour.
1189 4291 3070 4563 Fin du Livre troifieme.
