4266 6032
2021 1017 2265 1126 DE
986 2302 3318 2462 notre projet; mon Médecin, auquel
979 2457 3322 2620 j'en avois rendu compte, n'eut pas le
983 2601 3322 2790 temps de m'accompagner, & me remit
981 2764 3318 2931 au ſeul Baſile, ce qui ne me plut pas
976 2922 3380 3101 beaucoup, parce que je commençois
979 3079 3323 3256 déjà à ne plus avon grande confiance
974 3234 3320 3396 dans ce peuut Collet. Il me fit attendre
969 3383 3313 3554 ſi long-temps, que, ne comptant plus
969 3538 3320 3709 ſur lui, je me couchai, & même je
964 3693 3320 3865 m'endormis. Il vint m'éveiller, me fit
960 3854 3363 4020 lever. La nuit étant fort obſcure, il me
960 4015 3308 4177 conduiſit dans une voiture bien fermée,
953 4173 3316 4335 avec un air de myſtere, qui me don-
950 4327 3316 4493 noit quelque inquiétude. Nous arrivons
950 4483 3318 4648 enfin dans un quartier que je ne recon-
943 4634 3346 4803 nois pas au milieu de l'ombre. Mon
943 4793 3313 4985 guide ouvre une petite porte, me fait
