4266 6032
926 376 3285 565 lieu d'en douter, quand j'entendis prier
917 546 3285 728 proCregorio pour Crégoire. Je ne com-
929 700 3284 919 prenois rien à cette farce ſcandaleuſe,
940 853 3289 1031 où je voyois même de l'impiété, On
938 1010 3297 1199 vouloit apparemment me faire accroire
945 1169 3304 1349 que j'étois mort, & me traiter comme
943 1320 3303 1483 tel. Aux chants funéraires ſuccéda un
948 1480 3306 1644 ſilence très-long, & pendant lequel je
953 1631 3313 1799 m'ennuyai horriblement. Enfin, j'en-
955 1789 3316 1961 tends ouvrir des trappes. Je ſens ſortir
962 1947 3325 2118 de terre des hommes qui s'élevent à
961 2098 3323 2274 tâtons dans ma ſépulture & ſe preſſent
964 2266 1863 2423 autour de moi.
983 2386 3316 2584 Stupéfait, anéanti, je ſentis de
969 2573 3322 2744 grandes mains velues qui s'emparerent
971 2713 3313 2893 de ma tête. J'eus lieu de craindre qu'on
971 2882 3318 3053 ne voulût m'étrangler. Je réſiſtai de
976 3041 3320 3210 toutes mes forces; mais, malgré mes
972 3196 3325 3359 vains efforts, on me boucha la bouche;
974 3347 3334 3520 nouveau motif de croire qu'on vouloit
977 3502 3334 3678 ſe défaire de moi en m'étouffant. On
981 3662 3332 3831 vint à bout de me tenir ſous le nez un
981 3811 3334 3990 flacon dont j'étois forcé de reſpirer
979 3977 3339 4148 l'odeur enivrante. Je ſentois que cette
984 4130 3344 4306 odeur indéfiniſſable m'étourdiſſoit, &
973 4289 3349 4465 je craignois qu'elle ne finît par m'em-
977 4448 3349 4618 poiſonner. Quand mes bourreaux cru-
977 4598 3353 4776 rent ſans doute que j'en avois aſſez reſ-
983 4756 3351 4935 piré, ils s'enfoncerent ſous la terre, &
977 4920 3359 5115 je me retrouvai ſeul; mais troublé,
