4266 6032
912 293 3304 476 mais étourdi, défaillant, luttant contre
914 458 3308 645 l'anéantiſſement, où bientôt je tombai
916 618 2228 809 juſqu'à nouvel ordre.
934 768 3310 959 Après un ſommeil profond & léthar-
919 926 3303 1132 gique, dont je ne puis ſavoir la durée,
917 1084 3308 1279 éveillé par le ſon des trompettes, j'ouvre
916 1227 3311 1429 enfin les yeux. Je me vois dans un Pa-
922 1397 3308 1584 lais magique, imitant ceux de l'Opéra,
928 1559 3311 1734 merveilleuſement illuminé, qui ſem-
933 1717 3311 1902 bloit bâti dans les airs, au milieu des
938 1873 3313 2068 nuages. Un vieillard vénérable, tenant
924 2028 3313 2192 dans ſa main droite la boule du monde,
924 2185 3316 2376 &, par un mélange profane, ayant à
934 2338 3315 2532 ſes pieds l'Aigle qui portoit la foudre,
938 2501 3322 2688 ſiégeoit ſur le Trône des nues. Quatre
938 2652 3324 2838 beaux jeunes gens, à peu près coſtumés
945 2809 3327 3000 comme nos Peintres repréſentent les
943 2976 3327 3163 Anges, ſonnoient de la trompette vers
943 3117 3327 3320 les quatre points cardinaux du Ciel.
950 3280 3332 3497 De jolis peuits enfans, dont je ne voyois
945 3435 3332 3781 e netnſon, domnt ils ſemtieien e ca
945 3745 3335 3934 cher les yeux, éblouis de l'éclat du
948 3899 3344 4108 rayonnant vieillard, repréſentoient aſſez
938 4068 3346 4254 bien ce qu'on nous peint ſous le nom
953 4224 3353 4420 de Chérubins & de Séraphins. Un cor-
957 4384 3342 4587 tége rayonant d'hommes & de femmes
960 4534 3351 4739 vêtus de blanc étoit proſterné ſur les
972 4695 3354 4897 nues, devant le Trône du Souverain.
948 4850 3361 5071 es éclairs étinceloient par intervalles,
