4266 6032
869 252 3278 432 & doroient les nuages; & la ſoudre
873 412 2373 630 grondoit ſous ſes pieds.
871 536 3285 753 ſout cet appareil étoit fort bien ima-
879 723 3282 913 giné, fort bien exécuté, capable de
886 879 3284 1067 faire illuſion; mais je ne me croyois
879 1022 3291 1227 point mort, ni aux pieds de l'Etre ſu-
886 1191 3285 1380 prême. Les quatre jeunes gens, parés
912 1351 3291 1530 chacun d'une paire d'aîles, appelerent
862 1504 3287 1702 les morts des quatre parties du monde.
935 1658 3299 1837 Alors quate autres perſonnages aîlés
890 1813 3303 1984 vinrent m'enlever, & me forcerent de
902 1968 3304 2159 me proſterner aux pieds du Trône. Un
904 2128 3401 2311 nouveau vieillard, qui n'étoit pas ce-
902 2281 3315 2465 lui qu'on paroiſſoit adorer, ouvrit un
905 2439 3318 2628 grand live, & lut un abrégé de ma
909 2589 3322 2775 vie, qui, à mon grand étonnement, ſe
916 2744 3327 2924 touva aſſez exact. Alors l'homme ſié-
912 2898 3335 3099 geant ſur le Trône, auquel on oſoit
914 3060 3334 3248 donner le nom ſacré de la Divinité,
971 3218 3358 3392 me ditt uAccuſé de tant de dérégle-
914 3374 3401 3563 mens, qu'as-tu à répondre aux pieds
916 3524 3349 3719 de ton Juge? -- Ehl Meſſieurs, ré-
917 3682 3351 3878 pondis-je, ceſſez de vous jouer d'un
928 3842 3363 4034 homme qui n'eſt ni crédule ni tout
936 3994 3365 4190 nà ſait ignorantn. A ces mots, là
950 4147 3370 4365 ſoudre gronda, une profonde & ſubite
919 4312 3368 4506 obſcurjté ſit diſparoître tous les objets;
928 4467 3370 4664 jefus enlevé tapidement, & replongé
933 4631 3380 4833 danx mon premier cachot, ou dans un
917 4816 1671 5015 areil
