4266 6032
888 262 3335 454 Cet accident imprévu me mortiſia
909 443 3303 620 ſingulierement. J'étois beaucoup plus
909 596 3303 758 à mon aiſe au milieu du Palais magi-
895 752 3304 928 que, que dans le ſilence & l'ombre
890 914 3301 1096 d'un tombeau. J'appelai long - temps,
898 1066 3308 1242 ſans qu'on daignât me répondre. J'a-
938 1222 3308 1396 vois beau demander en grace qu'on
943 1382 3303 1549 me tirât de cette priſon, promettant de
941 1537 3304 1697 me ſoumettre à tout ce qu'on voudroit,
940 1696 3306 1872 le plus profond ſilence régnoit toujours
887 1846 3310 2016 autour de moi. Pour comble de diſ-
888 2011 3310 2193 grace, je n'avois ni à boire ni à man-
940 2164 3310 2485 ein, de jli d de piae inis e
955 2470 3311 2646 ſommeil, qui a toujours été propice à
952 2625 3313 2806 mon pere, me le fut pareillement. Il
945 2794 3311 2955 m'amena les fonges les plus heureux,
953 2947 3311 3141 & pour la ſeconde fois, éveillé par les
888 3103 3311 3303 trompetes, je me retrouvai au pled du
888 3264 2034 3420 Trône.
2308 3275 2929 3349 ..
902 3392 3313 3597 Pluſſeurs autres inſortunés s'y trou-
947 3548 3316 3753 voient proſterés comme moi, pour
953 3736 3315 3916 être jugés. Ils répondirent tous hum-
941 3886 3313 4059 blement aux queſtions qu'on leur fit;
936 4047 3327 4216 & leur ſentence leur fut prononcée.
934 4202 3340 4395 Quand mon tour fut venu, malgré
955 4363 3322 4546 toute l'envie que j'avois de me com-
897 4498 3322 4720 porter avec une apporence dereſpect,
955 4672 3334 5009 outaln a ſounte écian coiantiten
2905 4993 3336 5135 cédente
