4266 6032
967 251 3318 442 cédente fois, une nouvelle obſcurité
972 420 3334 596 fit tout diſparoître; je fus encore enlevé
974 581 3311 777 inviſiblement, & replongé dans mon
977 735 3311 915 cachot. Cette ſeconde leçon me cori-
974 892 3311 1081 gea totalement de l'envie de rire; d'au-
976 1048 3305 1239 tant plus que je ſentois le beſoin de
972 1205 3332 1387 réparer la nature affoiblie. Je reſtai en-
981 1363 3297 1559 core très - long-temps dans ce triſte état.
977 1516 3310 1704 J'avois beau crier on ne me répondoit
955 1672 3301 1838 pas. Pour comble de malheur, le ſom-
955 1827 3299 2023 meil ne venoit point me ſoulager, pré-
929 1980 3291 2161 ciſément parce que j'en avois beſoin.
929 2140 3297 2322 aLes malheureuxl me diſois-je; belle
929 2293 3288 2478 façon de me guérirl Ils jouent un
929 2453 3292 2644 jeu à me tuer. Peut-être eſt-ce leur
929 2601 3287 2793 deſſeinn. Enfin, je ne ſais ſi ce fut
929 2752 3287 2952 ſommeil ou défaillance, je perdis con-
929 2910 3289 3091 noiſſance; & j'eus le bonheur, à mon
929 3069 3289 3266 réveil, de me retrouver encore, au ſon
929 3223 3285 3404 des trompettes, au pied du Trône des
929 3377 3289 3580 nues. Une voix impoſante prononça
929 3533 3285 3735 ces paroles: uPour la troiſieme & der-
929 3698 3334 3887 niere foisn. Frappé de cet avertiſſe-
929 3851 3287 4039 ment laconique, je me gardai bien de
929 3992 3283 4201 laiſſer échapper la moindre imprudence
929 4152 3277 4362 qui pût annoncer que je n'étois pas la
929 4307 3280 4494 dupe de cette comédie. On me demanda
929 4470 3278 4669 ce que j'avois à répondre devant mon
929 4611 3334 4832 Juge. Je répondis qu'on avoit lu un
929 4773 3273 4997 précis de ma vie, qui m'avoit paru
938 4931 1889 5133 Tom. III.
