4266 6032
1026 355 3383 516 enchanteur. Je pouvois tout voir
1019 511 3377 672 tout entendre; mais ce mince bonheur
1012 664 3371 838 ne me ſuffiſoit pas. J'avois toujours joué
1010 826 3373 991 le rôle d'acteur, celui de ſimple ſpeca-
1007 981 3359 1148 teurne m'amuſoitnullement. Commeon
1002 1137 3358 1304 ne paroiſſoit pas faire à moi la moindre
996 1297 3353 1457 attention, je voulus parler, afin de
998 1452 3387 1616 prendre part à la fête. Soudain un abat-
981 1610 3339 1772 jour ferma hermétiquement ma fenêtre;
990 1767 3339 1932 & je me retrouvai plongé dans une pro
976 1923 2152 2083 fonde obſcurité.
1132 2076 3327 2243 Je frappai du pied ſur la terre, & je
977 2236 3323 2402 priai inſtamment qu'on rouvrît ma fe-
971 2389 3318 2558 nêtre, promettant ſolennellement de
969 2548 3311 2713 ne pas parler. On me fit attendre, ou
962 2704 3311 2871 plutôt languir fort long-temps. J'enten-
965 2859 3306 3026 dois cependant la muſique enchante-
967 3014 3301 3184 reſſe, les éclats de rire, & juſqu'au
967 3172 3297 3335 bruit des baiſers, ſans doute innocens,
962 3325 3298 3497 que les Bergers imprimoient ſur les le-
957 3481 3292 3660 vres de leurs Bergeres. Quelquefois
958 3628 3287 3815 ils parloient auſſi des ſots témoms de
953 3805 3284 3972 leurs plaiſirs, & ces propos me regr-
955 3942 3284 4129 doient. On s'exprimoit avec ironie &
945 4094 3279 4286 pitié ſur ces benêts; & je ne ſais ſi
948 4272 3279 4441 quelques mots échappés, à un jeune
922 4413 3277 4601 homme ne me firent pas ntrevoir
922 4561 3273 4764 qu'on ne tardoit pas à faire àces mal-
938 4721 3275 4912 heureux témoins une opération qui
922 4878 3287 5081 les privoit de leur ſexe, afin de les
