4266 6032
991 241 3337 427 rendre plus traitables & plus faciles
986 412 1631 556 à conduire.
1126 553 3328 727 On ſent qu'il n'y avoit là aucune
996 720 3322 884 circonſtance qui pût m'égayer. Je fré-
989 875 3320 1038 miſſois dans l'ombre; mais il ne fal-
986 1029 3318 1196 loit pas témoigner mon reſſentiment, ſi
986 1186 3311 1347 je voulois qu'on me rendît du moins la
988 1340 3310 1506 clarté. Elle me fut enfin reſtituée, & je
945 1499 3303 1671 me vis, par grace, rétabli au rang de
983 1655 3298 1815 ces témoins qu'on appeloit des benêts.
983 1805 3299 1971 Mais les cruels n'avoient pas aſſez ex-
984 1962 3301 2127 cité dans moi la jalouſie & l'indigna-
984 2118 3296 2310 tion; il leur manquoit de goûter ſous
981 2274 3299 2434 mes yeux des plaiſirs portés à un excès
974 2419 3294 2589 ſcandaleux, pour faire naître en mon
976 2582 2761 2745 cœur le comble du déſeſpoir.
1086 2733 3287 2904 Je vis deux couples charmans en-
969 2890 3289 3060 trer dans un berceau voiſin du mien,
971 3045 3280 3212 où je pouvois les obſerver à ſouhait.
965 3196 3280 3368 L'un de ces deux couples étoit blond,
962 3347 3279 3525 l'autre brun. Je vis donc régner, d'un
965 3506 3281 3676 côté, la douce molleſſe, la tendreſſe
957 3657 3273 3832 languiſſante, & tout ce qu'il y a de
953 3812 3279 4148 pémlamre, le pait, le lanpot,
953 4118 3272 4304 & tout ce qu'il y a de plus agaçant.
950 4271 3270 4460 Que ne ſe dirent-ils pasl quels pro-
940 4451 3349 4768 peles vaeiese es éaantſne,
940 4737 3349 4941 étois-tu fait pour n'être que ſpecta-
2568 4899 3208 5079 E
