4266 6032
912 234 3359 409 teur? uSi je reſte ici encore quelques
912 396 3358 564 jours, me diſois-je, il y a de quoi
898 553 3363 718 me faire tomber dans l'étiſie & dans
926 713 3364 878 la conſomption. Les barbares veu-
924 871 3365 1031 lent, je le vois, me rendre réelle-
931 1026 3351 1192 ment malade, pour avoir le plaiſir
931 1180 3364 1349 nde me guérir. Puis excité, malgré
938 1333 3353 1503 mes intentions honnêtes, par les ſcenes
947 1494 3306 1658 d'intimité dont on avoit la cruauté de
948 1645 3310 1812 me rendre témoin: Encore ſi j'avois
943 1805 3311 1987 npour ma part, ajoutois-je, le moindre
902 1954 3365 2127 mdividu de ce ſexe enchanteur, afi
929 2116 3365 2285 de n'être pas là tout ſeul à me mor-
898 2274 3365 2438 fondre, tandis que je vois les autres
898 2424 3365 2589 s'amuſer... Ne fût-ce qu'une ſimple
926 2574 3322 2730 ſervantel ... Ahl Chevalier de Roſa-
917 2744 3323 2909 mene quel proposl Je ne me re-
960 2904 2075 3067 conois plus.
988 3036 3328 3222 Tout à coup je vois paroître dans
952 3208 3356 3376 mon boudoir une groſſe ſervante, une
950 3359 3351 3533 jouſſlue aſſez appétiſſante, qui me tombe
962 3516 3337 3690 des nues. Je demeure ébahi. Bientôt un
971 3676 3332 3847 feu ſéditieux s'allume dans mes veines,
960 3827 3337 4004 j'en ſuis honteux & déſeſpéré. J'oublie
986 3977 3345 4163 toute la délicateſſe que l'honeur &
983 4138 3346 4336 le ſentiment m'inſpiroient. Je ne ſuis
983 4283 3347 4476 plus qu'une machine mue par des paſ-
971 4451 3365 4634 ſions aveugles. Les cruelsl par quelles
898 4591 3365 4789 combinaiſons ils m'avoient amené à une
898 4760 3365 4996 ſituation ſi peu digne de moil Je ſerte
