4266 6032
933 286 3344 487 alloit être heureux ſans doute. Je ny
928 468 3344 649 puis plus tenir; je m'écrie: uAh per-
933 631 3344 819 fidel J'enfonce tout à coup; & je
920 778 2778 937 me retrouve ſous la terre.
1022 912 3346 1122 Cette épreuve fut peut-être une des
933 1086 3346 1279 plus cruelles de ma vie. O Dieul celle
933 1251 3349 1429 que j'aimois étoit dans les bras d'un
898 1402 3351 1573 rival, d'un raviſſeur, & je frémiſſois
959 1564 3353 1732 ſous la terre, dans l'ombre & dans le
957 1717 3354 1898 tombeaul Mais eſt - il vrai, me di-
957 1870 3354 2054 ſois-je? Adélaide peut-elle ſe prêter
959 2021 3356 2204 à un jeu ſi indigne d'elle? .. Ah? la
957 2183 3358 2369 perfide En toute autre circonſtance
971 2340 3359 2522 je ne l'aurois pas cru; mais depuis
967 2495 3365 2676 quelque temps elle me fuit; mais la
902 2652 3365 2835 Princeſſe avoue qu'elle eſt changée
971 2806 3365 2988 à mon égard. C'eſt ici qu'elle vient
979 2955 3365 3139 chercher des plaiſirs odieux Ol
971 3113 3365 3317 Adélaide, Adélaide?..Cependant
972 3270 3365 3452 il faut abſolument ſonger à ſortir de
972 3426 3365 3611 cet affreux état, & n'être plus le jouet
993 3580 3365 3764 de ces malheureux, qui, avec leurs
993 3739 3365 3934 trappes maudites & toutes leurs au-
999 3884 3365 4083 tres machines, me font monter &
1007 4044 3365 4238 deſcendre à leur gré, tantôt ſur la
1008 4202 3358 4395 terre, tantôt deſſous. Ohl imbécillel
1011 4374 3365 4555 & c'eſt moi qui, de gaîté de cœur,
1020 4513 3365 4711 me ſuis remis au ſcélérat qui m'a
1005 4678 3365 4873 précipité dans cette ridicule demeure,
1019 4821 3365 5029 où l'on ſe joue de moi comme d'un
1041 5024 1925 5148 enfantl
