4266 6032
833 223 3289 412 que je lui diſois. Expliquez - moi
838 388 3273 563 donc, reprit - il, ce que vous avez
842 539 3289 717 éprouvé, afin que je voye ſi l'on
845 695 3290 870 vous a ſoumis à de plus rudes épreu-
849 855 3273 1022 ves que les autresu. Je lui racontai
852 1012 3282 1176 de point en point tout ce que j'avois
855 1167 3279 1329 ſouffert depuis que le maudit Abbé
859 1316 3285 1490 Baſile m'avoit conduit dans le cime-
864 1476 3275 1647 iere. Quand j'eus fini mon récit: On
867 1631 3287 1798 a paſſé de beaucoup les bornes
871 1787 3282 1953 avec vous, me dit le Médecin. Il
874 1947 3291 2110 faut que vous ayez quelque enne-
878 2104 3284 2263 mi qui vous ait recommandé pour
881 2259 3287 2421 qu'on vous tourmentât.--Ahl m'é-
885 2410 3285 2574 criai-je, ſi je croyois que ce fût ce
888 2568 3292 2732 déteſtable Abbél ... Mais quel in-
892 2721 3294 2887 térêt peut-il avoir à me faire ſouſ-
907 2878 3294 3046 frir? Au reſte, que ſigniſient ce ci-
969 3036 3296 3203 metiere, ces fantomes, ce tombeau,
954 3196 3296 3359 ces funérailles, ce jugement, cet ap-
909 3351 3296 3517 pareil religieux & profane, par un
965 3504 3301 3693 mélange ſacrilége? Quel rapport tout
957 3664 3306 3823 cela peut-il avoir avec ce qu'on a pro-
923 3817 3304 3985 mis? Il eſt queſtion de me guérir,
971 3975 3306 4143 pourquoi me rendre malade, à demi
967 4126 3306 4295 mort? -- C'eſt aſſez l'uſage des Mé-
967 4285 3304 4465 decins, me répondit le Docteur.
935 4443 3310 4647 Quand les gens ne ſont par malades,
941 4597 3315 4768 & veulent ette guéris, il ſaut bien
957 4751 3318 4921 leur donuer une maladie; & plus
