4266 6032
911 200 3313 407 Univers; que nous allons les régé-
959 374 3311 551 nérer, les renvoyer à la lumiere, &
962 530 3311 713 leur donner, pour ainſi dire, un
948 695 3349 842 corps tout nouveau. Nous ſommes
964 850 3344 1005 au commencement de notre établiſ-
965 995 3298 1177 ſement; nous allons en tâtonnant.
964 1153 3296 1327 Nous n'avons encore rien de bien
971 1299 3313 1449 arrêté ſur la maniere d'initier les
971 1464 3323 1621 croyans dans nos myſteres & de leur
971 1614 3318 1798 faire illuſion. Notre but, comme je
971 1772 3323 1949 vous le dis, eſt de frapper l'imagina-
972 1924 3313 2095 tion. Nous perfectionnerons nos reſ-
971 2078 3351 2245 ſorts & notre plan; mais il faut, dans
972 2242 3322 2403 nce pays-ci, employer des moyens re-
969 2392 3298 2573 latifs aux objets religieux. Au reſte,
919 2551 3339 2712 mon cher ami, je vais tâcher de vous
967 2701 3318 2868 dédommager de ce que vous avez
952 2851 1794 2991 ſoufſertn.
1010 2981 3332 3188 A ces mots, le Docteur me conduiſit
904 3163 3325 3341 dans une ſalle magnifique, où je vis une
904 3316 3344 3490 foule de jeunes beautés réunies, & dans
898 3469 3341 3660 la parure la plus ſéduiſante; ce coup-
929 3628 3346 3813 d'œil étoit l'un des plus beaux que
967 3781 3342 3965 j'euſſe encore vus. Toutes ces belles
957 3941 3365 4122 perſonnes annonçoient la complaiſance
910 4097 3327 4292 la plus obligeante; & leurs regards ſem-
902 4245 3363 4432 bloient ſolliciter les cœurs de ſe rendre à
898 4401 3335 4595 leurs charmes. J'envis une, entre autres,
938 4567 3335 4751 qui me frappa ſingulierement parun air
935 4717 3340 4932 decandeur & d'innoncence uancé dans
