4266 6032
946 235 3372 424 ſes yeux avec le feu d'un timide amour-
943 412 3363 582 Je ne pus m'empêcher de lui rendre les
941 567 3375 736 armes pour le moment. uParmi toutes
945 726 3366 894 cés belles, me dit mon Docteur, vou-
947 880 3375 1039 drez-vous bien choiſir celle qui vous
945 1037 3373 1208 plaira le plus, pour devenir ſon pé-
945 1191 3354 1366 dagogue? Vous allez entrer tout à
947 1351 3371 1517 l'heure, avec les hommes, dans une
945 1509 3375 1675 ſalle contigué, où un Docteur va vous
949 1664 3349 1825 faire une belle oraiſon, pour vous ex-
948 1815 3347 1987 poſer le ſyſtême du Magnétiſme ani-
946 1973 3366 2144 mal, par lequel vous allez tous être
945 2125 3370 2300 guéris. Or, comme ces matieres ſont
947 2285 3349 2455 trop abſtraites pour les femmes,
943 2441 3349 2608 comme ces cheres perſonnes conçoi-
948 2595 3347 2766 vent plus par ſentiment que par rai-
948 2748 3347 2938 ſonnement, chaque homme choiſit
950 2904 3353 3078 celle qui lui ſourit le plus, pour lui
947 3062 3330 3234 expliquer, ou plutôt lui faire ſentir,
947 3220 3375 3391 en particulier, dans un charmant tête
948 3376 3375 3546 à tête, tout ce qu'elle pourra conce-
952 3532 3356 3699 voir de nos myſteres. Choiſiſſez donc,
950 3691 3356 3859 mon cher ami, celle que votre cœur
953 3848 3356 4018 vous inſpire d'éclairer, & qui vous
950 4007 3353 4188 paroît la plus ſuſceptible de vous
952 4157 3340 4331 écouter. -- Mon choix eſt fait, m'é-
957 4324 3347 4488 ncriai-je avec tranſport, en regar-
957 4470 3375 4641 dant la belle innocente qui m'a-
960 4634 3347 4802 voit d'abord frappé. Cette jeune
960 4794 3366 4964 beauté rougit & parut enchantée; ce
