4266 6032
1012 270 3373 481 point, comme eux, corrompu voure
1008 429 3375 625 eſprit par la fauſſe ſciénce dont
1005 579 3371 778 ſe parent ces dangereux Docteurs,
1002 747 3375 936 qui vous aſſaſſinent journellement.
1000 895 3373 1089 Vous êtes donc des ignorans, mes
895 1055 3374 1235 chers malades, & je vous en féli-
995 1212 3346 1388 cite, parce que vous êtes mieux diſ-
941 1366 3351 1552 poſés, par cette heureuſe ignorance,
984 1531 3337 1695 a vous imbiber, pour ainſi dire, de
983 1676 3335 1857 la ſublime doctrine que nous allons
983 1842 3368 2011 vous prêcher, & plus aptes à en reſ-
976 1985 3375 2172 ſentir les heureux effets: car enfin
972 2143 3363 2325 c'eſt ſur l'imagination qu'ils operent;
967 2298 3320 2467 & ſi l'on n'a pas foi en notre doctrine,
969 2454 3323 2636 l'imagination n'étant pas prévenue
962 2610 3316 2792 en ſa faveur, ne peut en recueillir
960 2764 3320 2942 les fruits. C'eſt cette faculté ſeule qui
955 2923 3337 3095 eſt malade chez vous, c'eſt elle ſeule
957 3077 3320 3256 qu'il faut guérir. Les brutes ſont
953 3234 3371 3410 bornés au phyſique; leur vie eſt dans
948 3387 3340 3564 leur ſang, leurs maladies ſont donc
943 3552 3344 3712 purement phyſiques; mais l'homme
938 3699 3303 3869 eſt doué d'une ame. Quand cette ſub-
938 3855 3315 4039 ſtance céleſte eſt malade, le corps eſt
935 4023 3303 4189 en mauvais état; c'eſt donc cette ame
931 4171 3303 4347 qui ſouffre, & c'eſt elle qu'il ſaut
929 4328 3363 4503 rendre à la ſanté. Or des Docteurs
893 4489 3371 4661 purement automates prétendent vous
924 4639 3373 4822 guérir, comme les bêtes, par quel-
916 4799 3373 4998 ques ſimples ou autres remedes ma-
