4266 6032
965 326 3324 521 comme moi, dans la ſalle voiſine, pout
964 498 3324 677 les communiquer & les expliquer à leun
962 654 3323 831 belles. Ils dirent à ces jeunes perſonnes,
964 810 3324 984 qu'il y avoit un courant de vie qu'on fe-
960 965 3323 1144 roit couler chez elles; qu'ils étoient des
965 1121 3323 1291 bêtes; qu'elles en étoient auſſi; mais
960 1278 3323 1445 que c'étoit tant mieux, parce que leur
955 1433 3323 1602 maladie étoit imaginaire, & qu'en
964 1594 3323 1761 ne comprenant rien au traitement,
965 1744 3323 1917 elles ſeroient bien mieux guéries.
967 1899 3324 2070 Toutes les belles admirerent, de ſi rares
965 2061 3324 2224 merveilles, & regarderent comme de
959 2212 3323 2377 grands Docteurs les ignorans qui les leut
965 2365 3323 2530 expoſoient d'une maniere ſi ſavante.
972 2522 3323 2708 Pour moi, j'approchai de ma nouvelle
964 2671 3292 2845 Maîtreſſe la petite Anguillette: je lui ex
965 2831 3294 3000 poſai les choſes auſſi ſavamment qu'au-
972 2995 3292 3155 cun autre: je la fis rire comme une
965 3146 3323 3316 petite folle; mes careſſeslui en apprirent
974 3306 2620 3462 autant que mes raiſons.
972 3450 3324 3624 Bientôt on nous fit paſſer dans la ſalle
972 3614 3318 3778 des criſes. On nous banda, à tous, les
947 3772 3301 3937 yeux pour nous y conduire. Nous reſtâ-
967 3930 3320 4096 mes long-temps privés de la lumiere; je
969 4076 3306 4252 ſentois, pour mon compte, des mains dé-
976 4235 3311 4404 licates qui me chatouilloient. J'éclatois
972 4393 3323 4580 de rire, comme il eſt d'uſage dans cette
972 4548 3321 4719 circonſtance. J'entendois rire les autres
967 4700 3321 4876 ignares; d'où je concluois que nous
940 4863 3322 5053 étions tous chatouillés. Voilà, me di-
