4266 6032
1058 394 3301 559 ſois-je, une guériſon qui commence
1062 553 3292 718 fort gaîmentn. Nous étions preſſés
1043 707 3296 870 dans les bras de perſonnes du ſexe; &
1036 862 3291 1030 l'imagination s'allumoit par l'efferveſ-
1032 1017 3287 1191 cence qu'on faiſoit naître dans le ſang
1029 1177 2462 1336 des prétendus malades.
1027 1321 3277 1490 Enfin, l'on nous débanda les yeux.
1015 1475 3277 1649 Nousnous vîmes tous aſſis dans une ſalle
1022 1643 3273 1803 décorée avec une volupté enchantereſſe.
1020 1793 3273 1958 Chacun de nous portoit ſur ſes genoux
1015 1954 3273 2114 le doux fardeau d'unetrès-aimablenym-
990 2102 3273 2273 phe, qui avoit ſans doute rempli à ſon
1012 2262 3270 2424 égard le rôle de chatouilleuſe. Il y
1008 2419 3270 2579 avoit, au milieu de la ſalle, deux ſtatues
1008 2573 3251 2736 qui paroiſſoient de marbre blanc:
1003 2720 3255 2893 je dis qui paroiſſoient; car, à les
1000 2883 3263 3062 bien conſidérer, on appercevoit que
995 3040 3270 3203 ce n'étoit qu'une imitation. Illes
993 3192 3251 3360 avoient bien le luiſant, la couleur, le
984 3346 3282 3518 veiné du marbre poli; mais il ſembloit
983 3504 3282 3674 qu'on leur entrevoyoit une certainemol-
981 3657 3234 3832 leſſe. L'unerepréſentoitunhomme, l'au-
978 3817 3241 3991 tre une femme, tous deux nus, mais
972 3972 3256 4147 de la forme la plus belle. Les hommes
972 4121 3244 4299 ſerangerentautour de la ſtatue defemme,
969 4283 3248 4454 les femmes autour de celle d'homme.
962 4438 3248 4613 Après iférentes cérémonies myſi-
955 4585 3224 4769 qes operées par les Docteurs pour
953 4752 3213 4925 magnétiſer les ſtatues on vit cesfigures
943 4904 3215 5126 s'animeraugrand étonnementdelaſſo
