4266 6032
972 272 3326 448 blée admiratrice. Chacun, à ſon tour,
969 431 3323 603 approcha de la ſtatue, qui le toucha, le
964 587 3322 752 palpa, & le magnétiſa d'une maniere ca-
962 747 3320 1079 oiun qoue mite imngmnan Morte
960 1060 3322 1242 tue de femme étoit fort belle, & par
965 1217 3317 1387 conſéquent douée de ce qu'il falloit pour
962 1371 3315 1533 faire impreſſion ſur des hommes. Je
960 1530 3315 1689 voyois que la ſtatue d'homme n'avoit
960 1684 3310 1852 pas moins de puiſſance ſur les femmes.
948 1844 3311 2010 Quand tout le monde eut été palpé, les
959 1996 3311 2167 deux ſtatues ſe mirent à danſer enſemble
950 2152 3308 2321 une danſe très-voluptueuſe, & je dirois
950 2309 3306 2474 preſque laſcive. La muſique s'accordoit
950 2469 3306 2633 trop bien avec cette danſe: au bout d'un
952 2625 3301 2792 moment on nous y fit tous prendre part.
926 2780 3306 2950 Chacun donna la main à ſa chacune. Je
952 2938 3304 3106 danſai avec ma petite Anguillette, qui,
947 3093 3308 3253 malgré ſon air d'innocence, étoit d'une
947 3249 3316 3417 vivacité & d'une pétulance charmantes.
945 3404 3303 3563 Nous pafsâmes ainſi une ſoirée fon
945 3562 3303 3732 agréable, qui fut couronnée par unrepas
947 3721 3313 3887 délicieux. Après le ſouper la danſe re-
950 3880 3303 4044 commença, pendant laquelle chacun
948 4035 3304 4199 s'eſquiva, plus tôt ou plus tard, avec ſa
943 4190 3306 4360 Déeſſe. Chaque couple fut conduit à
948 4348 3306 4507 ſon appartement. Je fus inſtallé avec
948 4504 3304 4661 mon Anguillette dans ma chambre,
957 4660 3307 4828 qui étoit fort voluptueuſement meu-
952 4807 3308 5024 blée. Il y avoit deux lits jumeaux,
