4266 6032
953 221 3315 407 l'un pour ma compagne, & l'autre pour
964 376 3313 541 moi, avec la permiſſion tacite, ſans
969 530 3311 703 doute, de n'en déranger qu'un. C'eſt
967 687 3313 855 ici qu'il faut abandonner les Lecteurs
969 845 3313 1010 aux ſuppoſitions qu'ils formeront cha-
974 1005 3313 1168 cun ſelon leur caractere, & ſelon ce
971 1158 3313 1330 qu'ils auroient fait eux-mêmes en pa-
969 1316 3313 1485 reille circonſtance. Il eſt très-ſûr que je
977 1473 3310 1635 n'étois déjà plus malade. Je demandai
972 1628 3306 1793 à ma compagne ſi elle l'étoit encore.
984 1787 3304 1956 Ohl non, me répondit - elle avec
974 1939 3306 2107 tranſport; je ne me ſuis jamais ſi
972 2097 1948 2252 bien portéen.
984 2250 3318 2414 Je queſtionnai beaucoup cette jeune
976 2403 3315 2573 perſonne. Sa converſation étoit font
971 2560 3316 2724 agréable; mais, malgré ſon air de can-
974 2721 3318 2879 deur & d'ingénuité, je la trouvai fort
974 2867 3344 3050 myſtérieuſe. Elle paroiſſoit avoir plus.
971 3027 3313 3194 d'uſage qu'une Agnès de ſon âge n'en
969 3182 3320 3350 faiſoit preſſentir au premier coup-d'œil;
965 3337 3316 3506 d'ailleurs, malgré la grande réſerve
962 3497 3316 3660 qu'elle avoit affectée d'abord, je ne
962 3657 3316 3822 pouvois plus la prendre pour une no-
965 3811 1461 3930 vice.
1088 3955 3311 4132 Quoique je me ſentiſſe parfaitement
955 4126 3311 4289 guéri, mes Docteurs me firent pour-
945 4281 3318 4446 ſuivre le traitement pendant quelques
955 4430 3313 4601 jours, pour bien aſſurer ma guériſon &
941 4598 3322 4757 me mettre à l'abri d'une rechute. On me
947 4730 3316 4936 ſit mener la plus joyeuſe vie. Tous les
