4266 6032
917 169 3351 384 plaiſirs artiſtement variés rempliſſoient
917 329 3351 539 tous nos inſtans, & ne nous laiſſoient
927 513 1901 696 point de vuide.
1079 622 3351 820 Le lendemain de ma premiere jouiſ-
928 809 3351 974 ſance, on m'envoya une ſtatue de
926 960 3351 1151 bronze pour me palper. Cette figure,
929 1126 3354 1308 très-bien imitée de l'antique, repré-
933 1278 3356 1439 ſentoit une femme de la plus rare
929 1435 3359 1588 beauté. Je fus étonné de la voir entrer
940 1586 3359 1776 majeſtueuſement dans ma chambre.
944 1741 3363 1938 Elle me tendit les bras, je m'y préci-
948 1903 3363 2095 pitai. Elle me toucha d'abord, comme
957 2056 3366 2248 eût pu faire un Médecin Magnétiſeur.
931 2207 3368 2400 Peu à peu elle mit plus de molleſſe,
902 2362 3370 2558 & de volupté dans ſes manieres. Enfin,
943 2518 3372 2718 quand elle s'apperçut qu'elle faiſoit im-
961 2671 3373 2878 preſſion ſur moi, elle ſe débarraſſa, je
955 2837 3375 3016 ne ſais comment, d'une enveloppe
946 2995 3377 3175 bronzée qui la couvroit; & je vis, avec
957 3141 3378 3320 autant d'enchantement que de ſcandale,
950 3301 3380 3474 une très-belle femme, dans un état
952 3456 3380 3655 que je ne puis décrire. Elle étoit d'une
952 3607 3380 3778 blancheur éblouiſſante, & le parut
988 3776 3325 3954 doublement, quand elle ſortit de ceut
957 3922 3380 4121 'enveloppe ſombre & triſte. Je ſents
955 4076 3332 4281 que j'étois tombé dans une maiſon ſon
959 4248 3351 4444 peu décente; & j'en voulus de nou-
967 4388 3366 4581 veau à l'Abbé qui m'y avoit conduit.
895 4549 3380 4740 Je concevois qu'il falloit que les Doc-
947 4698 3356 4906 teurs priſſent une voie plus honnéte
2899 4874 3378 5096 pour
