4266 6032
945 231 3301 420 pour guérir leurs malades. Il y avoit
955 391 3297 567 trop à réformer dans leurs procédés; &
955 542 3294 714 un établiſſement de cette ſorte ne pou-
965 701 3299 868 voit ſubſiſter. Je ne pus m'empêcher de
972 855 3301 1022 faire quelques repréſentations à ma ſta-
969 1010 3304 1181 tue dépouillée, ſur l'indécence d'une pa-
976 1163 3308 1324 reille conduite. Elle courut ſe cacher
980 1323 3304 1487 dans un de mes deux lits, pour déro-
983 1474 3308 1643 ber à mes yeux des appas dont la proſ-
983 1629 3313 1793 titution me ſcandaliſoit. Elle parut pé-
988 1789 3318 1944 nétrée de mes remontrances; je vis
990 1942 3303 2102 couler ſes larmes, & j'en fus attendri.
990 2097 3306 2258 Alors il m'arriva ce qu'on voit tous les
991 2254 3313 2413 jours arriver à des femmes honnêtes,
995 2402 3315 2566 dévotes même, qui veulent ſe mêler
995 2558 3311 2721 de convertir des hommes. Le vice ſcé-
945 2718 3311 2880 lérat triompha de l'innocente vertu. Je
945 2867 3313 3033 ſus donc la dupe de cette femme, ſes
945 3021 3308 3188 pleurs me toucherent, j'eus la foibleſſe
945 3175 3318 3342 de chercher à la conſoler; & ce ſoin, ſi
945 3337 3310 3504 honnête dans ſon principe, me mena
945 3490 2646 3657 plus loin que je ne voulois.
945 3647 3308 3809 Je vis que toutes les prétendues ſta-
945 3803 3308 3966 tues de ce beau ſéjour étoient des hom-
945 3956 3311 4122 mes & des femmes, qui avoient un
944 4106 3311 4277 ſourreau de peau bien hermétiquement
945 4260 3310 4441 collée ſur la leur. Cette enveloppe étoit
945 4420 3318 4589 peinte en marbre ou en bronze, d'une
944 4574 3316 4770 maniere à tromper. Les yeux de ces
944 4727 3308 5086 fgutes étoient couverts avec un art qui
945 4891 1719 5029 Tom. III.
2714 4891 3085 5029 O
