4266 6032
950 226 3298 415 dans cette maiſon. Je reconnus qu'on
957 382 3298 565 l'avoit éprouvée beaucoup moins ri-
940 541 3297 867 ſomeſeit mr ceiunle leta en ai
940 847 3297 1026 ſant, diſoit-elle, d'être comme cela
940 1000 3289 1185 tranſportée dans un autre monde.
940 1157 3291 1342 Moi, je m'y trouverois aſſez bien.
940 1320 3296 1498 Sans le nouvel embarras dont je me
939 1473 3296 1655 plains, qui me force à garder la re-
940 1627 3296 1800 traite, je ne demanderois pas à re-
940 1780 3294 1959 tourner dans l'autre monde; mais je
939 1936 3292 2112 voudrois bien, puiſqu'on doit me
939 2099 3294 2269 régénérer & me faire un nouveau
939 2242 3287 2422 corps, qu'on effaçât tous les petits
939 2395 3289 2575 défauts qui déparent le mien, &
939 2548 3284 2728 qu'on me rendît parfaitement belle.
939 2713 3285 2886 On ne peut jamais l'être trop. Savez-
939 2861 3285 3039 vous quelque moyen pour cela? Je
939 3026 3285 3193 vous croirois très - capable de me
939 3174 3297 3503 e ſas uuauaie te la one oqoimion
939 3483 3298 3662 que me témoignoit cette petite beſtiole;
939 3648 3280 3820 mais je ne cherchai point à lui montrer
940 3794 3284 3971 mon ſavoir faire. Je vis qu'avec l'apti-
950 3953 3280 4117 tude à tout croire, elle n'avoit que des
950 4105 3287 4284 dées très-vagues de tout ce qu'on avoit
939 4235 2290 4440 voulu lui perſuader.
939 4413 3304 4596 Mon Médecin me conduiſit dans un
939 4574 3279 4926 l l uſeometmot ar e nie
