4266 6032
996 216 3334 386 phytes qui reſſentoient les fruits cuiſan
984 374 3334 546 de leurs fautes. Là ſe trouvoient de
996 532 3334 697 maladies réelles qu'on guériſſoi
997 687 3334 861 réellement. Je craignois bien d'ête
977 826 3334 1027 obligé de venir auſſi paſſer quelque
998 993 3334 1168 temps dans cette diſgracieuſe retraite.
952 1153 3334 1320 Ayant commis les mêmes fautes que
934 1313 3334 1480 ces malades, je méritois la même pu-
996 1479 1586 1632 nition.
1149 1622 3327 1793 Je ſortis de cette infirmerie avec in-
990 1775 3329 1948 quiétude, quoique je ne ſentiſſe réel
995 1939 3334 2128 lement aucun malaiſe qui pût m'e
979 2092 3334 2263 donner. Il reſtoit encore a remplir une
986 2248 3334 2413 cérémonie qui n'étoit pas fort agréable
1000 2404 3334 2573 aux prétendus régénérés; mais qui plai-
991 2543 3334 2739 foit beaucoup aux entrepreneurs. Il
990 2711 3334 2886 falloit paver la régénération. Le plus
986 2867 3334 3048 grand art des Eſculapes conſiſtont à
936 3022 3303 3191 mettre leurs contribuables dans la né-
929 3177 3334 3345 ceſſité de les ſatisfaire, & à rendre ces
990 3327 3334 3507 bonnes gens plus généreux qu'is
993 3488 3334 3660 n'euſſent voulu l'être. Il n'y eut pas
986 3643 3308 3819 moyen de me diſpenſer de payer très-
1007 3797 3310 3984 noblement ces Meſſieurs. Ils ſavoient
1007 3953 3313 4137 à qui ils s'adreſſoient, & s'aſſuroient
1003 4114 3311 4297 auparavant de la ſolvabilité de leurs
998 4294 1538 4449 malades.
1065 4426 3327 4601 Il étoit enfin queſtion de ſortir de ce
1002 4572 3334 4763 Temple de la Santé, où l'on n'avoit ſait
931 4710 3334 4924 qu'abuſer de ce don du Ciel. J'étoisra-
