4266 6032
948 212 3310 384 ſaſié des plaiſirs dont je n'avois pas envie
984 369 3306 540 de me glorifier. Je ſentois tout ce qu'il
984 529 3301 842 lgpiſeart, de e daeoet e e aue
993 840 3298 1005 comprendre à mon Docteur. Il con-
990 996 3292 1159 venoit de tout ce que je voulois,
990 1143 3292 1315 mne diſoit que l'entrepriſe étoit au
988 1308 3297 1463 berceau, que tous les abus ſeroient
986 1459 3292 1625 réformés; mais qu'il falloit paſſer aux
984 1614 3289 1780 gens quelques fautes dans leur ap-
988 1769 1621 1929 prentiſſage.
1094 1922 3280 2083 Je n'avois point vu l'Abbé Baſile,
984 2078 3284 2242 mon introducteur, pendant toute cette
983 2237 3284 2410 caravane; mais j'avois cru reconnoître
983 2377 3284 2553 ſa voix. Il faiſoit, à l'égard du beau
979 2529 3280 2704 ſexe, le rôle d'une ſtatue magnétiſée. Il
981 2690 3284 2864 étoit aſſez bien fait pour remplir ce
976 2842 3282 3014 rôle ſingulier. J'avois payé, & je ſolli-
977 2997 3282 3175 citois pour qu'on me laiſſât quitter ce
972 3153 3282 3323 myſtérieux aſile. Un beau ſoir, on nous
971 3301 3284 3478 donna une fête particuliere, où le re-
967 3461 3287 3634 pas, le bal, & tous les autres agrémens
965 3614 3284 3822 ſurent également piquans. Jamais, je
964 3770 3280 3945 crois, je n'avois gouté autant de plai-
960 3913 3284 4102 ſir dans cette maiſon digne de figurer
959 4066 3285 4254 à Cythere. Je m'attendois à en ſortir
959 4224 3285 4412 le lendemain. Je me couchai, &
953 4383 3292 4555 m'endormis dans cette idée. Je fis
945 4534 3289 4724 des ſonges fort heureux pendant toute
945 4684 3279 4876 la nuit. Le matin je m'éveille, em-
2351 4878 2924 5032 Oa
