4266 6032
955 257 3320 425 blables; mais le cas eſt très-rare, &
964 417 3322 587 peut paſſer pour merveilleux. -- Com-
965 572 3313 734 ment, Docteur, lui dis-je, vous oſez
962 730 3316 891 être complice d'un pareil jeu, vous
971 885 3308 1048 qui m'avez vu ſi ſouvent dans la re-
971 1042 3310 1204 traite indécente où l'on m'avoit con-
972 1196 3310 1359 duit? -- Mon cher ami, me répondit
972 1354 3315 1515 le Docteur Buonafede, je crains que
972 1507 3310 1669 vous ne ſoyez pas encore bien
971 1665 3310 1828 éveillén. Pour lui prouver que je
967 1819 3315 1978 l'étois, je lui détaillai pluſieurs circonſ-
972 1975 3310 2134 tances qu'il devoit ſavoir auſſi bien
972 2130 3301 2300 que moi; je lui rappelai ſur-tout ce
972 2285 3318 2446 qu'il m'avoit dit pluſieurs fois, pour juſ-
969 2438 3303 2600 tifier les abſurdités que je reprochois à
935 2589 3299 2756 ſon entrepriſe, qu'elle n'étoit pas per-
967 2745 3299 2914 fectionnée, qu'on n'alloit encore qu'à
964 2904 3302 3069 tâtons, qu'on ſe propoſoit de réformer.
957 3058 3298 3223 Mon bon ami, me dit-il, prenez
962 3215 3303 3379 bien garde à tous ces propos ſans
957 3368 3304 3534 nſuite qui vous échappent. Savez-
959 3531 3310 3691 vous que ſi des gens qui vous con-
914 3685 3308 3846 noîtroient moins, vous entendoient
953 3841 3296 4000 parler ainſi, ils croiroient qu'un grain
953 3995 3311 4159 nde folie a ſuccédé à votre ſommeil
952 4150 3316 4313 extraordinaire. Cela n'eſt pas ſans
950 4307 3316 4472 exemple dans de pareilles circonſ-
948 4467 3310 4641 tances. Je ne pus entendre parler
952 4611 3325 4780 ainſi le maudit Docteur, ſans mpa-
950 4764 3301 4947 uence, ou plutôt ſans colere. Il témoi-
