<?xml version="1.0" encoding="UTF-8" standalone="no"?><PcGts xmlns="http://schema.primaresearch.org/PAGE/gts/pagecontent/2017-07-15" xmlns:xsi="http://www.w3.org/2001/XMLSchema-instance" xsi:schemaLocation="http://schema.primaresearch.org/PAGE/gts/pagecontent/2017-07-15 http://schema.primaresearch.org/PAGE/gts/pagecontent/2017-07-15/pagecontent.xsd"><Metadata><Creator/><Created>2020-10-14T10:15:14</Created><LastChange>1970-01-01T00:00:00</LastChange><Comments/></Metadata><Page imageFilename="0162.png" imageHeight="6032" imageWidth="4266"><TextRegion id="r1" orientation="0.25" type="paragraph"><Coords points="1,1 4264,1 4264,6030 1,6030"/><TextLine id="l1"><Coords points="1181,443 1180,442 1180,401 1179,400 1063,401 1062,399 1061,366 1061,366 968,366 967,367 967,370 966,371 966,376 964,378 964,382 963,383 962,383 962,384 962,386 961,386 960,386 960,387 960,388 956,391 952,391 952,392 952,394 949,396 947,396 946,397 945,399 945,401 944,401 936,401 935,400 911,400 907,396 907,391 909,389 909,387 910,386 909,335 910,334 948,334 948,335 948,336 949,336 950,336 950,337 950,339 951,339 953,339 955,342 955,344 957,345 960,345 960,346 960,349 962,351 962,353 964,355 964,357 966,359 966,362 967,362 1063,362 1063,361 1063,334 1065,332 1065,331 1066,331 1074,331 1074,330 1074,329 1075,329 1088,329 1088,328 1088,291 1089,291 1151,290 1151,290 1151,289 1152,288 1167,288 1167,289 1167,329 1168,329 1218,329 1220,327 1223,327 1224,326 1227,326 1227,325 1227,324 1228,324 1296,324 1296,323 1296,322 1297,322 1301,322 1302,321 1363,320 1364,319 1469,319 1469,318 1469,283 1470,283 1479,283 1481,281 1516,281 1516,280 1516,278 1517,278 1530,278 1531,279 1531,280 1532,281 1533,281 1533,281 1533,314 1534,315 1571,314 1571,315 1571,321 1572,321 1675,321 1677,319 1774,319 1774,318 1774,317 1775,317 1777,317 1779,315 1796,314 1799,317 1916,317 1918,315 2030,314 2030,314 2030,282 2031,281 2032,281 2032,281 2032,280 2034,278 2045,278 2047,276 2128,276 2128,275 2128,274 2129,274 2145,274 2145,274 2145,276 2147,278 2147,314 2148,315 2302,314 2303,315 2384,315 2385,316 2462,316 2462,315 2462,278 2463,277 2463,275 2467,272 2468,272 2469,273 2480,272 2486,279 2486,317 2487,317 2544,317 2544,318 2544,319 2545,319 2551,319 2556,325 2556,329 2557,329 2558,329 2558,330 2558,331 2559,331 2560,331 2560,332 2560,334 2561,335 2561,345 2562,345 2666,345 2666,344 2666,335 2668,333 2668,329 2669,329 2670,329 2670,328 2670,322 2671,322 2682,322 2685,318 2685,285 2688,283 2690,283 2694,279 2698,279 2699,280 2702,279 2704,281 2706,281 2706,282 2706,283 2707,283 2709,283 2709,284 2709,314 2710,314 2838,314 2838,313 2838,312 2839,312 2866,312 2866,311 2866,310 2867,310 2948,309 2949,310 2950,310 2950,311 2950,312 2951,312 2952,312 2952,313 2952,314 2953,314 3124,314 3127,317 3127,318 3128,319 3156,319 3157,320 3213,319 3216,322 3218,322 3220,324 3263,324 3263,325 3263,327 3265,329 3265,331 3266,331 3268,331 3270,333 3272,333 3272,333 3272,338 3271,340 3270,340 3269,341 3270,389 3267,392 3267,394 3264,396 3263,396 3263,397 3263,400 3262,400 3261,400 3260,401 3259,401 3257,403 3232,403 3230,401 3225,401 3222,398 3203,398 3202,397 3038,398 3038,399 3038,401 3037,401 3034,401 3028,395 2924,396 2924,396 2924,413 2923,414 2923,420 2921,422 2921,424 2920,425 2919,425 2919,424 2919,422 2917,420 2917,388 2916,388 2775,388 2775,389 2775,391 2774,391 2770,391 2768,393 2764,393 2764,394 2764,396 2763,396 2711,396 2711,397 2711,401 2709,403 2709,412 2708,413 2708,416 2706,418 2706,422 2705,422 2701,422 2699,425 2699,427 2698,428 2695,428 2694,429 2692,429 2692,429 2692,430 2691,431 2681,431 2677,426 2677,412 2676,412 2598,412 2597,410 2597,391 2596,391 2520,391 2520,391 2520,390 2519,389 2517,389 2516,388 2512,388 2512,389 2512,433 2511,433 2471,433 2471,433 2471,389 2470,389 2458,389 2457,388 2329,388 2328,389 2325,389 2323,391 2298,391 2298,392 2298,433 2297,433 2294,433 2293,432 2279,432 2279,432 2279,391 2278,390 2072,391 2070,393 2065,393 2063,391 2058,391 2057,390 1980,391 1980,390 1980,389 1979,389 1978,389 1977,388 1813,388 1812,389 1810,389 1810,390 1810,391 1809,391 1782,392 1781,391 1581,391 1581,392 1581,393 1578,395 1565,395 1564,394 1451,395 1449,393 1446,393 1444,391 1423,391 1423,392 1423,436 1422,436 1420,436 1419,437 1408,437 1408,437 1408,392 1407,391 1325,391 1325,392 1325,393 1324,394 1322,394 1320,396 1313,396 1313,396 1313,397 1312,398 1223,398 1223,398 1223,437 1222,438 1222,440 1221,441 1213,441 1213,441 1213,442 1212,443"/><TextEquiv><Unicode/></TextEquiv><TextEquiv index="1"><Unicode>répondit ma noble amie, je ne vous</Unicode></TextEquiv></TextLine><TextLine id="l2"><Coords points="2473,594 2472,594 2472,551 2472,550 2391,551 2389,549 2248,549 2247,548 1974,550 1973,551 1961,551 1959,549 1904,549 1903,548 1658,549 1657,550 1657,590 1655,592 1617,592 1616,592 1616,554 1616,553 1553,554 1550,551 1371,551 1369,553 1212,554 1211,554 1211,555 1211,556 1121,556 1120,557 1120,561 1120,561 1118,561 1116,559 1115,559 1115,557 1115,556 1095,557 1094,556 936,556 935,556 935,554 935,553 908,553 907,553 907,552 907,551 906,551 905,551 905,542 906,541 907,541 907,541 907,487 907,486 913,486 916,489 1076,489 1078,487 1080,487 1081,486 1086,486 1088,484 1149,483 1150,482 1152,482 1154,480 1216,480 1217,479 1291,479 1292,478 1292,476 1294,474 1294,458 1294,458 1295,458 1296,457 1296,453 1297,452 1297,448 1297,448 1300,448 1301,447 1301,445 1303,443 1306,443 1309,440 1309,438 1309,438 1316,438 1320,434 1326,433 1327,432 1335,432 1337,434 1341,434 1342,435 1342,436 1342,436 1424,436 1425,437 1505,437 1507,438 1507,475 1507,476 1713,475 1714,474 1738,474 1739,475 1891,474 1892,474 1892,439 1892,438 1894,438 1896,436 1898,436 1900,434 1903,434 1905,432 1912,432 1913,433 2191,432 2192,431 2203,431 2204,432 2209,432 2210,433 2293,432 2294,433 2297,433 2298,434 2299,434 2300,435 2300,472 2300,472 2350,472 2352,474 2469,474 2470,473 2470,434 2470,433 2511,433 2512,434 2512,474 2512,474 2641,474 2642,473 2642,472 2642,472 2663,472 2665,470 2715,469 2716,469 2716,454 2716,453 2717,453 2718,453 2718,446 2720,444 2720,439 2721,438 2721,436 2724,432 2784,432 2785,431 2787,431 2789,429 2791,429 2792,429 2792,428 2792,427 2813,427 2814,428 2814,429 2814,429 2815,429 2816,429 2816,430 2816,431 2817,431 2819,432 2819,473 2819,474 2951,473 2952,473 2952,470 2953,468 3057,468 3058,467 3058,440 3059,439 3061,439 3063,437 3071,437 3072,436 3078,436 3080,438 3082,438 3083,438 3083,474 3083,475 3122,475 3124,477 3126,477 3128,479 3133,479 3134,480 3154,480 3155,481 3197,480 3199,482 3201,482 3203,484 3267,484 3268,485 3268,487 3270,489 3270,530 3272,532 3272,540 3270,542 3270,544 3267,547 3267,550 3266,551 3264,551 3263,552 3263,554 3261,556 3259,556 3258,557 3258,558 3258,558 3254,558 3252,560 3247,560 3246,560 3246,559 3246,558 3235,558 3234,558 3234,557 3234,556 3230,556 3229,555 3227,555 3223,551 3161,551 3160,550 2963,551 2962,551 2962,550 2962,549 2960,549 2959,548 2827,549 2824,546 2588,547 2587,547 2587,586 2587,587 2583,587 2582,588 2582,589 2582,589 2548,589 2547,590 2547,591 2547,591 2534,591 2533,592 2509,592 2508,593 2486,593 2485,594"/><TextEquiv><Unicode/></TextEquiv><TextEquiv index="1"><Unicode>conſeille pas de le faire à préſent dans</Unicode></TextEquiv></TextLine><TextLine id="l3"><Coords points="1953,748 1952,747 1943,747 1942,746 1942,706 1941,706 1848,706 1847,705 1640,706 1640,707 1640,709 1639,709 1638,709 1638,710 1638,711 1637,711 1628,711 1626,709 1626,706 1625,705 1444,706 1442,708 1418,708 1418,709 1418,714 1417,714 1409,714 1409,714 1409,712 1408,711 1403,711 1403,712 1403,749 1403,749 1387,749 1386,749 1386,712 1385,711 1230,712 1228,714 1227,714 1226,713 1220,713 1220,712 1220,711 1219,711 1094,712 1093,711 911,711 909,709 909,707 908,706 907,706 907,706 907,697 909,695 909,645 909,644 1065,644 1066,643 1065,603 1066,603 1075,603 1077,601 1105,600 1108,597 1176,597 1179,601 1179,606 1181,608 1182,632 1182,632 1312,632 1313,631 1313,630 1315,628 1322,628 1323,628 1323,629 1324,631 1327,630 1328,631 1328,633 1329,634 1495,634 1496,633 1495,598 1497,597 1499,597 1500,596 1511,596 1512,597 1512,601 1514,603 1515,610 1516,611 1516,633 1516,634 1539,634 1540,635 1709,634 1710,633 1710,632 1710,632 1799,631 1800,630 1819,630 1820,631 1820,632 1820,632 1940,632 1941,631 1941,618 1942,617 1942,613 1942,613 1943,613 1944,612 1944,611 1944,611 1946,611 1947,610 1946,608 1947,607 1947,605 1949,603 1949,601 1950,601 1951,601 1951,600 1951,598 1953,596 1953,594 1956,592 1958,592 1959,591 1966,591 1967,592 1969,592 1970,593 1970,596 1972,598 1972,600 1973,601 1973,603 1975,605 1975,607 1976,608 1977,608 1979,609 1979,610 1980,611 1980,624 1980,625 2010,625 2011,626 2013,625 2018,630 2018,632 2018,632 2139,632 2141,634 2146,634 2149,636 2149,638 2150,639 2150,641 2150,642 2151,642 2152,642 2152,652 2152,653 2472,651 2473,651 2472,595 2473,594 2485,594 2486,593 2508,593 2509,592 2533,592 2534,591 2549,591 2550,592 2556,592 2556,593 2556,594 2557,594 2558,594 2558,595 2558,596 2559,596 2560,596 2561,597 2564,597 2570,603 2572,603 2572,604 2572,606 2575,608 2577,608 2578,609 2578,612 2580,614 2580,618 2580,618 2581,618 2582,619 2582,621 2584,623 2584,628 2584,628 2714,627 2715,627 2714,594 2716,592 2835,592 2837,589 2837,587 2838,587 2890,587 2890,587 2890,588 2891,589 2892,589 2892,589 2892,591 2893,592 2895,592 2896,593 2955,592 2955,593 2955,594 2956,594 2957,594 2957,595 2958,625 2958,625 2992,625 2995,628 3222,627 3223,627 3222,600 3223,599 3234,599 3234,600 3234,601 3237,604 3237,606 3238,606 3239,606 3240,607 3240,620 3241,621 3241,639 3241,639 3271,639 3272,640 3272,707 3269,709 3267,709 3265,711 3248,711 3246,709 3222,709 3221,708 3164,708 3163,707 3090,708 3088,706 2931,706 2931,706 2931,705 2930,704 2928,705 2927,703 2927,702 2925,701 2776,701 2775,702 2773,702 2773,703 2773,704 2772,704 2761,704 2760,703 2639,704 2637,702 2508,702 2508,703 2508,713 2507,713 2505,713 2505,713 2505,705 2504,704 2479,704 2477,702 2475,702 2474,701 2472,701 2472,701 2472,700 2471,699 2470,700 2470,699 2470,685 2469,685 2192,686 2192,686 2192,689 2191,690 2190,690 2190,690 2190,694 2187,697 2187,699 2183,703 2183,705 2182,706 2077,706 2075,708 2067,708 2065,706 2011,707 2010,706 1961,706 1961,706 1961,747 1961,748"/><TextEquiv><Unicode/></TextEquiv><TextEquiv index="1"><Unicode>l'état où vous êtes. -- Dans l'étatoù</Unicode></TextEquiv></TextLine><TextLine id="l4"><Coords points="1796,905 1794,903 1633,904 1632,903 1259,905 1086,906 1085,907 1083,907 1081,909 1071,909 1069,907 1065,907 1065,906 1065,897 1065,897 1069,897 1070,896 1070,868 1069,868 917,868 915,866 914,866 914,866 914,862 912,860 912,855 914,853 914,851 914,850 915,850 917,849 916,801 918,799 1072,799 1072,798 1072,763 1073,763 1075,763 1077,761 1265,760 1268,757 1270,757 1273,754 1275,754 1275,753 1275,752 1276,752 1278,752 1281,749 1283,749 1285,747 1307,747 1310,750 1404,749 1405,750 1941,748 1942,747 1952,747 1953,748 1961,748 1961,748 1961,749 1963,751 1963,752 1964,753 2157,752 2157,752 2157,754 2159,756 2159,783 2160,784 2690,782 2690,781 2690,748 2692,747 2697,747 2698,746 2902,745 2903,744 2908,744 2910,742 2916,742 2916,742 2916,744 2917,745 2917,751 2918,752 2919,752 2919,752 2919,786 2920,787 3282,785 3282,785 3282,791 3282,792 3120,793 3119,793 3120,794 3120,830 3121,831 3187,830 3187,831 3187,833 3188,833 3189,833 3189,834 3189,835 3190,835 3263,835 3267,839 3267,840 3268,841 3268,843 3270,845 3272,845 3273,846 3273,850 3270,853 3270,859 3269,859 3268,859 3268,860 3268,862 3267,863 3267,865 3265,866 3256,866 3255,867 3254,867 3252,869 2942,870 2942,871 2942,885 2940,886 2886,887 2886,887 2886,898 2885,899 2878,899 2877,898 2868,898 2868,897 2868,860 2867,860 2408,862 2408,862 2408,865 2407,866 2161,867 2161,867 2161,880 2160,881 2159,881 2159,881 2159,885 2157,887 2157,889 2154,892 2154,895 2152,897 2150,897 2149,898 2148,898 2147,899 2147,900 2146,901 1831,902 1829,904 1815,904 1814,905"/><TextEquiv><Unicode/></TextEquiv><TextEquiv index="1"><Unicode>je ſuisl repris -je avec douleur....</Unicode></TextEquiv></TextLine><TextLine id="l5"><Coords points="2946,1058 2945,1057 2943,1057 2940,1055 2940,1045 2940,1044 2797,1045 2795,1044 2795,1016 2795,1015 2699,1016 2698,1015 2414,1016 2413,1017 2406,1017 2405,1017 2405,1018 2405,1019 2391,1019 2389,1017 2387,1017 2385,1015 2217,1016 2216,1017 2214,1017 2212,1019 2193,1019 2191,1017 2189,1017 2188,1016 2188,1015 2188,1015 1876,1016 1875,1017 1808,1017 1806,1019 1755,1020 1754,1021 1553,1022 1552,1021 1189,1022 1187,1024 1185,1024 1183,1026 1095,1027 1094,1026 1080,1026 1079,1025 1079,1024 1079,1024 944,1024 943,1024 943,1022 943,1021 916,1021 914,1020 914,1010 916,1008 916,1006 917,1005 917,957 919,955 927,955 931,959 1077,959 1077,958 1077,916 1081,912 1093,912 1094,913 1279,912 1284,907 1286,907 1288,905 1290,905 1292,903 1292,902 1292,902 1312,902 1315,905 1412,904 1413,905 1654,904 1655,905 1655,945 1655,945 1709,945 1711,947 1869,946 1870,945 1898,945 1900,943 1995,943 1996,942 1996,941 1996,941 2005,941 2006,940 2053,939 2054,939 2054,907 2056,905 2056,903 2056,902 2063,902 2065,900 2141,900 2142,901 2146,901 2147,901 2147,916 2147,917 2207,917 2209,918 2209,941 2209,942 2349,941 2350,940 2356,940 2357,941 2669,940 2670,939 2670,931 2670,931 2695,931 2696,930 2696,902 2696,902 2764,901 2765,900 2866,900 2868,898 2877,898 2878,899 2885,899 2886,899 2886,900 2888,902 2888,941 2888,942 2997,941 2998,942 2998,943 2998,943 3178,942 3179,942 3179,912 3181,909 3184,909 3186,907 3195,907 3196,908 3196,909 3196,909 3197,909 3198,910 3198,917 3199,918 3199,947 3199,947 3262,947 3263,948 3272,948 3273,949 3273,960 3274,960 3275,960 3275,960 3275,973 3275,974 3273,974 3272,975 3272,1018 3269,1021 3189,1021 3188,1020 2984,1021 2983,1022 2983,1056 2982,1057 2963,1057 2962,1058"/><TextEquiv><Unicode/></TextEquiv><TextEquiv index="1"><Unicode>Je ſuis bien malheureux. J'ai perdu</Unicode></TextEquiv></TextLine><TextLine id="l6"><Coords points="3155,1215 3154,1214 3154,1174 3153,1174 3102,1174 3100,1172 3028,1172 3026,1170 2817,1171 2816,1172 2814,1172 2814,1173 2814,1174 2813,1174 2809,1174 2808,1175 2721,1175 2721,1176 2721,1211 2720,1212 2720,1213 2720,1213 2704,1213 2702,1215 2692,1216 2691,1217 2682,1217 2675,1210 2675,1170 2674,1170 2512,1170 2512,1171 2512,1216 2512,1216 2509,1216 2508,1216 2508,1171 2507,1170 2506,1170 2506,1171 2506,1175 2505,1176 2505,1183 2501,1187 2501,1191 2498,1194 2498,1196 2498,1196 2495,1196 2494,1197 2494,1198 2491,1201 2487,1201 2485,1203 2483,1203 2482,1204 2482,1205 2482,1205 2476,1205 2475,1206 2470,1207 2469,1206 2468,1206 2463,1201 2463,1177 2462,1177 2412,1177 2410,1175 2243,1175 2241,1174 2068,1174 2067,1175 2058,1175 2057,1174 2031,1174 2029,1172 2027,1172 2026,1171 1889,1172 1887,1174 1884,1174 1883,1175 1865,1175 1864,1174 1621,1175 1621,1176 1621,1177 1620,1177 1616,1177 1614,1179 1494,1180 1493,1181 1489,1181 1487,1179 1328,1179 1327,1180 1312,1181 1311,1180 1166,1180 1165,1181 1161,1181 1160,1182 1158,1182 1158,1183 1158,1184 1158,1184 1146,1184 1143,1182 1139,1182 1138,1181 1133,1181 1132,1180 1094,1181 1093,1180 1076,1180 1075,1179 1074,1179 1074,1178 1074,1177 1073,1177 1040,1177 1040,1177 1040,1192 1039,1194 1037,1194 1036,1193 1036,1177 1035,1177 957,1177 957,1178 957,1180 955,1181 954,1180 947,1180 946,1179 918,1179 917,1178 917,1115 919,1112 958,1112 959,1113 960,1113 962,1115 963,1115 964,1116 964,1119 964,1119 1076,1119 1077,1118 1077,1071 1078,1070 1079,1070 1082,1067 1094,1067 1095,1068 1098,1067 1098,1068 1098,1069 1099,1069 1100,1069 1101,1070 1101,1106 1101,1106 1248,1106 1249,1105 1251,1105 1253,1103 1362,1102 1363,1101 1367,1101 1368,1100 1376,1100 1377,1101 1464,1101 1466,1103 1596,1102 1597,1102 1597,1070 1598,1069 1597,1068 1598,1067 1600,1067 1600,1067 1600,1066 1601,1065 1603,1065 1604,1064 1605,1064 1606,1063 1611,1063 1615,1067 1619,1067 1619,1068 1620,1074 1621,1075 1621,1101 1621,1101 1927,1100 1929,1098 1977,1098 1978,1099 2352,1097 2353,1097 2353,1094 2353,1093 2368,1093 2371,1095 2371,1097 2372,1098 2372,1100 2372,1101 2433,1101 2434,1101 2434,1102 2434,1103 2438,1103 2439,1104 2559,1103 2560,1103 2560,1071 2564,1067 2563,1065 2566,1062 2568,1062 2570,1060 2572,1060 2572,1060 2572,1059 2574,1057 2601,1057 2606,1062 2610,1062 2610,1062 2610,1064 2614,1067 2614,1097 2614,1098 2651,1098 2652,1099 2784,1098 2785,1098 2785,1087 2785,1086 2794,1086 2796,1088 2799,1088 2801,1090 2801,1098 2801,1098 2849,1098 2851,1096 2885,1096 2887,1094 2910,1094 2912,1096 2913,1096 2914,1097 2971,1096 2973,1098 2975,1098 2976,1099 2976,1100 2976,1100 3096,1100 3098,1098 3104,1098 3105,1097 3105,1091 3105,1091 3107,1091 3108,1091 3108,1097 3108,1098 3111,1098 3112,1098 3112,1099 3112,1100 3116,1100 3118,1102 3184,1101 3186,1103 3227,1103 3229,1105 3229,1107 3230,1108 3231,1108 3232,1109 3232,1115 3232,1115 3233,1115 3234,1116 3234,1122 3236,1124 3271,1124 3273,1126 3273,1128 3274,1129 3283,1129 3284,1129 3284,1136 3282,1138 3277,1138 3277,1138 3277,1143 3275,1145 3275,1147 3274,1148 3273,1148 3273,1149 3273,1150 3272,1150 3244,1150 3244,1151 3244,1170 3241,1172 3163,1172 3163,1173 3163,1214 3163,1214"/><TextEquiv><Unicode/></TextEquiv><TextEquiv index="1"><Unicode>le cœur de mon amante; &amp; pour com-</Unicode></TextEquiv></TextLine><TextLine id="l7"><Coords points="2905,1370 2905,1369 2905,1325 2904,1325 2830,1325 2720,1325 2717,1328 2580,1329 2579,1330 2491,1330 2491,1331 2491,1333 2488,1335 2481,1335 2481,1335 2481,1328 2480,1327 2436,1328 2436,1328 2436,1355 2435,1356 2433,1356 2432,1354 2432,1328 2431,1328 2286,1328 2286,1329 2286,1330 2285,1330 2148,1331 2147,1332 2147,1334 2145,1336 2145,1338 2144,1339 2144,1342 2140,1346 2138,1346 2137,1347 2137,1349 2135,1351 2132,1351 2131,1352 2130,1352 2130,1352 2130,1353 2129,1354 2128,1354 2128,1355 2128,1356 2127,1356 2115,1356 2113,1354 2113,1335 2112,1334 2011,1335 2010,1334 1902,1334 1832,1334 1831,1335 1793,1335 1793,1336 1793,1347 1792,1347 1791,1347 1791,1348 1791,1356 1790,1356 1789,1356 1789,1357 1789,1361 1788,1362 1788,1364 1785,1366 1783,1367 1782,1368 1781,1368 1779,1370 1777,1370 1776,1371 1771,1371 1769,1373 1745,1373 1743,1371 1734,1371 1731,1368 1729,1368 1729,1367 1729,1366 1728,1366 1724,1366 1724,1365 1724,1361 1723,1361 1722,1361 1722,1360 1722,1359 1721,1359 1720,1359 1720,1358 1720,1335 1719,1335 1609,1335 1608,1334 1323,1336 1323,1336 1323,1375 1322,1376 1295,1376 1294,1377 1250,1377 1250,1376 1250,1336 1249,1336 1244,1336 1243,1337 1239,1337 1237,1339 1236,1339 1235,1340 1223,1340 1222,1339 1217,1339 1215,1337 958,1338 958,1339 958,1344 957,1344 952,1344 948,1340 948,1338 945,1335 919,1335 917,1333 917,1321 918,1320 917,1270 919,1268 1069,1268 1069,1267 1069,1230 1070,1229 1070,1227 1071,1227 1075,1227 1077,1225 1081,1225 1081,1224 1081,1223 1082,1223 1180,1222 1182,1225 1182,1263 1183,1263 1361,1262 1362,1261 1370,1261 1371,1260 1376,1260 1376,1260 1376,1224 1378,1222 1386,1222 1388,1220 1399,1220 1399,1221 1399,1222 1400,1222 1401,1222 1401,1223 1401,1225 1402,1226 1402,1260 1403,1260 1452,1260 1453,1261 1598,1260 1598,1260 1598,1223 1599,1222 1607,1222 1607,1222 1607,1221 1608,1220 1645,1220 1645,1220 1645,1219 1647,1217 1715,1217 1715,1216 1715,1215 1716,1215 1722,1215 1722,1214 1722,1213 1723,1213 1729,1213 1729,1213 1729,1214 1730,1215 1732,1215 1734,1217 1736,1217 1739,1220 1739,1224 1740,1225 1741,1225 1741,1225 1741,1257 1742,1258 1782,1258 1783,1259 2011,1258 2012,1259 2028,1258 2030,1260 2032,1260 2035,1263 2038,1263 2039,1265 2039,1266 2040,1267 2040,1268 2041,1268 2042,1268 2042,1269 2042,1270 2043,1270 2044,1270 2044,1271 2044,1273 2046,1275 2047,1301 2047,1301 2221,1301 2222,1300 2221,1258 2222,1258 2231,1258 2231,1257 2231,1256 2232,1256 2240,1256 2241,1257 2362,1256 2362,1256 2362,1257 2363,1258 2508,1257 2508,1257 2508,1217 2509,1216 2512,1216 2512,1217 2512,1254 2513,1254 2604,1254 2605,1253 2644,1253 2644,1252 2644,1251 2645,1251 2690,1251 2690,1250 2690,1248 2692,1247 2698,1247 2698,1247 2698,1248 2700,1250 2702,1249 2704,1251 2707,1251 2709,1253 2892,1253 2894,1255 3045,1254 3045,1253 3045,1235 3046,1234 3046,1233 3048,1231 3048,1229 3052,1225 3052,1223 3054,1222 3056,1222 3058,1219 3058,1217 3059,1217 3065,1217 3065,1216 3065,1215 3066,1215 3067,1215 3067,1214 3067,1212 3069,1211 3080,1211 3084,1215 3163,1214 3163,1215 3163,1216 3165,1217 3168,1217 3169,1219 3169,1258 3170,1258 3268,1258 3268,1258 3268,1244 3270,1242 3273,1242 3273,1243 3273,1268 3274,1268 3287,1268 3287,1268 3287,1277 3285,1279 3285,1281 3285,1282 3281,1282 3280,1282 3280,1283 3279,1285 3278,1285 3277,1285 3277,1288 3276,1289 3277,1318 3265,1330 3260,1330 3258,1332 3250,1332 3248,1330 3241,1330 3239,1328 3157,1329 3156,1328 3115,1328 3114,1327 2966,1327 2965,1328 2945,1328 2944,1327 2940,1327 2940,1327 2940,1326 2939,1325 2935,1325 2934,1324 2928,1325 2928,1325 2928,1369 2927,1370"/><TextEquiv><Unicode/></TextEquiv><TextEquiv index="1"><Unicode>ble de diſgrace, on veut me faire</Unicode></TextEquiv></TextLine><TextLine id="l8"><Coords points="1074,1535 1074,1534 1073,1492 1073,1492 951,1492 950,1492 950,1491 950,1490 920,1490 919,1490 919,1434 919,1433 918,1433 917,1433 917,1430 919,1428 919,1426 922,1423 1112,1422 1113,1421 1115,1421 1117,1419 1170,1419 1171,1418 1235,1418 1237,1415 1237,1397 1237,1397 1238,1397 1239,1396 1239,1392 1241,1390 1241,1387 1242,1386 1242,1382 1242,1382 1248,1382 1249,1381 1249,1377 1249,1377 1294,1377 1295,1376 1835,1373 1836,1373 1836,1372 1836,1371 1848,1371 1849,1372 2218,1371 2219,1371 2219,1372 2219,1373 2927,1370 2929,1371 2929,1372 2929,1373 3212,1371 3213,1372 3213,1373 3213,1373 3214,1373 3215,1374 3215,1387 3215,1387 3231,1387 3232,1388 3232,1397 3232,1397 3252,1397 3253,1398 3253,1413 3254,1413 3265,1413 3270,1418 3272,1418 3272,1419 3272,1421 3273,1422 3273,1424 3275,1425 3275,1427 3276,1428 3289,1428 3289,1428 3289,1437 3289,1438 3280,1438 3279,1438 3279,1473 3277,1475 3277,1477 3277,1478 3276,1478 3275,1478 3275,1479 3275,1480 3274,1480 3272,1482 3272,1483 3272,1483 3271,1483 3270,1484 3270,1485 3270,1485 3268,1485 3265,1488 2734,1490 2733,1491 2733,1519 2730,1522 2730,1524 2730,1524 2728,1524 2726,1526 1082,1534 1081,1535"/><TextEquiv><Unicode/></TextEquiv><TextEquiv index="1"><Unicode>paſſer pour fou. Il y a de quoi me le</Unicode></TextEquiv></TextLine><TextLine id="l9"><Coords points="1440,1687 1439,1687 1439,1646 1439,1645 1329,1645 1328,1646 1328,1647 1328,1647 1325,1648 1324,1647 955,1648 952,1645 927,1645 926,1645 926,1639 925,1638 924,1638 924,1638 924,1579 924,1578 934,1578 935,1579 1075,1579 1076,1578 1076,1535 1076,1535 1081,1535 1082,1534 1219,1533 1220,1533 1220,1572 1220,1573 1323,1573 1324,1574 1463,1573 1464,1572 1464,1537 1465,1536 1468,1536 1469,1535 1477,1535 1478,1534 1478,1532 1478,1532 1482,1532 1483,1532 1483,1534 1483,1535 1486,1535 1488,1536 1488,1540 1490,1542 1490,1551 1490,1552 1498,1552 1499,1552 1499,1572 1499,1573 1544,1573 1545,1574 1738,1573 1739,1572 1739,1551 1740,1550 1797,1549 1798,1549 1798,1532 1798,1531 1800,1531 1801,1530 1816,1530 1819,1533 1819,1535 1820,1536 1820,1567 1820,1567 1874,1567 1875,1568 1875,1569 1875,1569 1876,1569 1877,1570 1877,1571 1877,1571 1878,1571 1879,1572 1879,1573 1879,1573 1917,1573 1918,1574 1944,1574 1948,1578 1950,1578 1951,1578 1951,1582 1951,1583 1955,1583 1958,1585 1958,1587 1958,1588 1962,1588 1963,1588 1963,1589 1963,1590 1964,1590 1965,1590 1965,1611 1965,1612 2010,1612 2011,1612 2011,1613 2012,1615 2017,1614 2019,1616 2029,1616 2030,1617 2030,1619 2030,1619 2031,1619 2032,1620 2032,1632 2030,1633 2028,1633 2026,1635 2020,1635 2020,1636 2020,1639 2019,1640 2016,1640 2015,1641 2014,1642 2013,1642 2013,1645 2013,1646 2012,1646 2011,1645 2002,1645 2001,1644 2001,1643 2001,1643 1728,1644 1727,1645 1692,1645 1690,1647 1687,1647 1686,1648 1638,1648 1637,1649 1637,1685 1637,1685 1633,1685 1632,1685 1632,1649 1632,1648 1605,1648 1603,1650 1596,1650 1595,1650 1595,1649 1595,1648 1594,1648 1593,1648 1593,1647 1593,1646 1476,1647 1474,1645 1462,1645 1461,1645 1461,1686 1461,1687"/><TextEquiv><Unicode/></TextEquiv><TextEquiv index="1"><Unicode>faire devenirn.</Unicode></TextEquiv></TextLine><TextLine id="l10"><Coords points="2452,1841 2450,1839 2448,1839 2448,1838 2448,1836 2446,1834 2446,1801 2445,1801 2367,1801 2366,1800 2359,1800 2358,1799 2092,1800 2092,1801 2092,1839 2091,1839 2076,1839 2076,1839 2076,1801 2075,1800 2012,1801 2011,1800 1786,1800 1785,1800 1603,1800 1602,1801 1547,1802 1546,1803 1495,1803 1495,1803 1495,1804 1494,1805 1489,1805 1488,1804 1344,1804 1344,1805 1344,1837 1339,1841 1324,1842 1323,1841 1305,1841 1303,1839 1301,1839 1301,1838 1301,1803 1300,1803 1137,1803 1137,1804 1137,1842 1136,1842 1127,1842 1127,1842 1127,1804 1126,1803 1112,1803 1110,1805 1095,1806 1094,1805 1093,1805 1093,1804 1093,1803 1092,1803 1086,1803 1084,1801 1082,1801 1081,1799 1081,1798 1080,1798 1079,1798 1079,1797 1079,1793 1077,1791 1077,1784 1077,1784 1078,1784 1079,1783 1079,1779 1079,1779 1081,1779 1083,1777 1107,1776 1108,1776 1107,1709 1106,1707 1096,1708 1095,1707 1094,1707 1093,1706 1093,1704 1091,1702 1091,1697 1095,1694 1096,1694 1098,1692 1146,1691 1146,1692 1146,1693 1147,1693 1148,1693 1148,1694 1148,1731 1149,1731 1316,1731 1318,1729 1331,1728 1332,1727 1438,1727 1438,1727 1438,1688 1439,1687 1461,1687 1461,1687 1461,1690 1463,1692 1463,1723 1464,1724 1526,1724 1526,1723 1526,1722 1527,1722 1533,1722 1533,1722 1533,1723 1534,1724 1536,1724 1536,1724 1536,1726 1537,1727 1538,1727 1539,1728 1624,1727 1624,1727 1624,1693 1628,1689 1628,1687 1629,1686 1631,1686 1632,1685 1637,1685 1638,1684 1644,1684 1646,1686 1736,1686 1737,1687 2001,1686 2001,1685 2001,1684 2003,1683 2011,1683 2012,1684 2015,1683 2016,1684 2017,1684 2019,1686 2021,1686 2023,1689 2023,1722 2024,1722 2262,1721 2262,1721 2262,1718 2263,1717 2264,1717 2264,1717 2264,1706 2266,1704 2266,1699 2267,1698 2267,1696 2268,1695 2269,1695 2269,1695 2269,1692 2270,1691 2271,1691 2272,1690 2272,1688 2274,1686 2274,1684 2282,1676 2289,1676 2291,1674 2305,1674 2307,1676 2353,1676 2353,1677 2353,1680 2355,1682 2355,1684 2357,1686 2357,1688 2359,1689 2359,1721 2360,1722 2493,1721 2494,1720 2568,1720 2569,1719 2625,1719 2625,1718 2625,1686 2626,1686 2687,1686 2692,1681 2703,1680 2704,1679 2728,1679 2728,1680 2728,1717 2729,1717 2912,1717 2912,1716 2912,1685 2914,1684 2917,1684 2918,1683 2919,1683 2919,1682 2919,1681 2920,1681 2928,1681 2929,1682 3005,1681 3005,1682 3005,1722 3006,1722 3153,1722 3155,1720 3156,1720 3157,1719 3261,1718 3262,1717 3277,1717 3277,1717 3277,1718 3278,1719 3287,1719 3287,1718 3287,1676 3288,1676 3291,1676 3291,1676 3291,1723 3294,1726 3295,1756 3296,1757 3296,1759 3295,1760 3294,1760 3294,1760 3294,1786 3292,1788 3291,1788 3290,1789 3289,1789 3289,1789 3289,1793 3288,1794 3283,1794 3281,1796 3270,1796 3268,1794 3155,1795 3155,1795 3155,1835 3154,1836 3139,1836 3139,1835 3139,1794 3138,1794 2932,1794 2930,1797 2928,1797 2927,1796 2923,1796 2921,1794 2762,1794 2760,1796 2758,1796 2756,1798 2631,1799 2630,1800 2491,1800 2491,1801 2491,1837 2488,1839 2463,1840 2462,1841"/><TextEquiv><Unicode/></TextEquiv><TextEquiv index="1"><Unicode>Je quittai la Princeſſe profondément</Unicode></TextEquiv></TextLine><TextLine id="l11"><Coords points="1270,2002 1269,2001 1169,2001 1164,1996 1162,1996 1160,1994 1160,1992 1158,1990 1158,1988 1157,1987 1156,1959 1156,1958 1120,1958 1119,1957 1034,1958 1032,1960 963,1960 962,1961 958,1961 957,1962 957,1963 957,1963 951,1963 950,1963 950,1962 950,1961 944,1961 942,1959 941,1959 940,1959 940,1957 940,1956 939,1956 938,1956 938,1954 936,1952 936,1947 934,1945 934,1941 936,1939 936,1896 940,1892 943,1892 944,1891 948,1891 948,1891 948,1890 949,1889 950,1889 950,1889 950,1888 951,1887 1010,1887 1010,1886 1010,1869 1012,1867 1012,1865 1014,1863 1014,1861 1015,1860 1016,1860 1017,1859 1017,1857 1018,1856 1020,1856 1022,1854 1022,1851 1022,1851 1026,1851 1028,1849 1030,1849 1031,1848 1065,1848 1067,1846 1125,1845 1127,1844 1127,1843 1127,1842 1137,1842 1139,1844 1141,1844 1144,1847 1144,1886 1145,1886 1263,1886 1263,1885 1263,1869 1265,1867 1265,1862 1266,1861 1266,1852 1268,1850 1268,1848 1270,1846 1283,1846 1284,1846 1284,1886 1285,1887 1287,1887 1287,1887 1287,1889 1291,1893 1291,1897 1292,1898 1292,1900 1293,1901 1294,1901 1294,1901 1294,1926 1295,1927 1324,1927 1325,1928 1327,1928 1327,1928 1327,1929 1328,1929 1332,1929 1332,1930 1332,1932 1335,1934 1409,1934 1409,1934 1409,1933 1410,1932 1411,1932 1411,1932 1411,1930 1412,1929 1423,1929 1423,1929 1423,1847 1423,1846 1466,1846 1468,1844 1473,1844 1475,1846 1479,1846 1480,1846 1480,1883 1481,1884 1526,1884 1528,1886 1530,1886 1531,1887 1536,1887 1536,1887 1536,1888 1537,1889 1611,1888 1612,1887 1622,1887 1623,1886 1659,1886 1659,1886 1659,1850 1660,1848 1662,1848 1664,1846 1668,1846 1669,1846 1669,1845 1669,1844 1678,1844 1679,1844 1679,1845 1679,1846 1680,1846 1681,1846 1681,1864 1681,1865 1682,1865 1683,1865 1683,1881 1684,1882 1710,1882 1710,1882 1710,1883 1711,1884 1812,1883 1813,1882 1834,1882 1836,1880 1844,1880 1844,1881 1844,1882 1845,1882 1920,1882 1920,1881 1920,1846 1920,1846 1929,1846 1931,1844 1933,1844 1934,1843 1941,1843 1942,1844 1943,1844 1944,1844 1944,1845 1944,1846 1945,1846 1946,1846 1946,1880 1947,1881 2071,1880 2071,1880 2071,1842 2071,1841 2073,1841 2075,1839 2091,1839 2092,1840 2092,1841 2092,1841 2094,1841 2097,1844 2097,1887 2098,1887 2173,1887 2176,1884 2178,1884 2178,1883 2178,1882 2179,1882 2193,1882 2193,1881 2193,1845 2197,1841 2215,1841 2216,1841 2216,1842 2217,1843 2217,1844 2219,1846 2219,1879 2220,1880 2348,1879 2349,1880 2351,1880 2353,1882 2463,1882 2465,1880 2599,1879 2599,1878 2599,1877 2600,1877 2613,1877 2616,1880 2619,1880 2620,1881 2694,1881 2694,1880 2694,1877 2699,1873 2747,1872 2747,1872 2747,1868 2749,1866 2749,1863 2751,1861 2751,1859 2752,1858 2752,1856 2754,1854 2754,1852 2754,1851 2755,1851 2756,1851 2756,1847 2756,1846 2758,1846 2759,1846 2759,1842 2759,1841 2763,1841 2765,1839 2770,1839 2771,1840 2771,1841 2771,1841 2775,1841 2776,1842 2776,1845 2778,1847 2778,1849 2782,1853 2782,1856 2782,1856 2784,1856 2785,1857 2785,1858 2785,1858 2786,1858 2787,1859 2787,1861 2788,1862 2788,1872 2789,1872 2823,1872 2825,1874 2825,1876 2826,1877 2826,1878 2827,1879 2883,1879 2884,1880 2960,1879 2960,1879 2960,1837 2960,1836 2977,1836 2978,1837 2978,1839 2978,1839 3054,1839 3056,1837 3061,1837 3062,1836 3155,1836 3156,1836 3156,1874 3157,1875 3230,1874 3231,1873 3236,1873 3238,1875 3268,1875 3268,1876 3268,1877 3269,1877 3273,1877 3281,1885 3289,1885 3290,1886 3291,1886 3291,1886 3291,1897 3292,1898 3292,1907 3291,1908 3291,1917 3291,1918 3290,1918 3289,1918 3289,1943 3289,1944 3288,1944 3287,1944 3287,1945 3287,1946 3286,1946 3285,1946 3285,1948 3285,1949 3206,1949 3204,1951 3202,1951 3201,1952 3201,1953 3201,1953 3196,1953 3194,1951 3192,1951 3191,1951 3191,1950 3191,1949 3187,1949 3184,1946 3103,1947 3101,1949 2896,1950 2895,1951 2893,1951 2891,1953 2889,1953 2888,1954 2870,1954 2869,1953 2817,1953 2816,1953 2816,1952 2816,1951 2777,1951 2776,1952 2777,1994 2776,1994 2754,1994 2754,1994 2753,1952 2753,1951 2729,1951 2728,1952 2728,1953 2728,1953 2727,1953 2726,1954 2709,1954 2708,1953 2704,1953 2703,1952 2592,1953 2591,1952 2591,1951 2591,1951 2590,1951 2589,1950 2589,1949 2589,1949 2528,1949 2527,1950 2528,1991 2527,1991 2509,1991 2509,1991 2508,1950 2508,1949 2411,1950 2410,1951 2408,1951 2406,1953 2386,1953 2384,1951 2286,1951 2284,1953 2279,1953 2278,1954 2241,1955 2240,1954 2177,1954 2176,1953 2173,1953 2171,1951 2093,1951 2091,1953 2055,1953 2054,1954 2012,1955 2011,1954 1931,1954 1930,1954 1931,1985 1930,1986 1930,1988 1929,1989 1920,1989 1920,1988 1919,1958 1919,1958 1882,1958 1880,1956 1876,1956 1875,1956 1875,1955 1875,1954 1786,1955 1784,1957 1776,1957 1775,1958 1773,1958 1771,1960 1762,1960 1760,1958 1756,1958 1755,1957 1755,1956 1755,1956 1754,1956 1753,1955 1753,1954 1753,1954 1641,1954 1639,1956 1637,1956 1636,1957 1636,1958 1636,1958 1620,1958 1619,1958 1619,1957 1619,1956 1613,1956 1612,1956 1612,1955 1612,1954 1532,1955 1531,1956 1529,1956 1528,1956 1528,1957 1528,1958 1524,1958 1522,1960 1513,1960 1511,1958 1428,1958 1426,1956 1421,1956 1419,1954 1417,1954 1414,1952 1414,1950 1414,1949 1337,1949 1335,1951 1335,1953 1334,1954 1332,1954 1328,1958 1328,1959 1327,1961 1326,1960 1292,1960 1291,1960 1292,2001 1291,2002"/><TextEquiv><Unicode/></TextEquiv><TextEquiv index="1"><Unicode>affligé. Je cherchai dans ma tête à bien</Unicode></TextEquiv></TextLine><TextLine id="l12"><Coords points="1893,2154 1892,2154 1892,2110 1892,2109 1769,2110 1768,2111 1763,2111 1761,2113 1748,2113 1747,2113 1747,2153 1747,2154 1732,2154 1731,2153 1731,2113 1731,2113 1670,2113 1669,2114 1615,2114 1614,2115 1614,2116 1614,2116 1596,2116 1595,2116 1595,2115 1595,2114 1589,2114 1587,2112 1427,2113 1426,2114 1405,2114 1404,2113 1280,2114 1279,2114 1279,2116 1278,2118 1277,2117 1277,2113 1277,2113 1164,2113 1163,2114 1158,2114 1156,2116 1156,2119 1155,2120 1153,2119 1153,2115 1153,2114 989,2115 988,2116 984,2116 982,2118 965,2118 964,2118 964,2117 964,2116 960,2116 958,2114 954,2114 952,2113 952,2112 952,2111 951,2111 950,2111 950,2110 950,2109 948,2109 947,2109 947,2107 947,2106 946,2106 945,2106 945,2105 945,2104 944,2104 943,2104 943,2102 941,2100 941,2098 940,2097 940,2093 939,2092 938,2092 938,2092 938,2088 936,2086 936,2084 935,2083 935,2076 934,2075 936,2073 936,2071 940,2067 940,2064 943,2061 943,2057 943,2056 944,2056 945,2056 945,2053 945,2052 949,2052 954,2047 959,2047 961,2045 973,2045 974,2044 1019,2044 1021,2042 1101,2041 1102,2040 1110,2040 1112,2042 1269,2042 1270,2041 1270,2002 1270,2002 1291,2002 1292,2002 1292,2037 1292,2038 1429,2037 1430,2037 1430,2007 1430,2006 1534,2006 1535,2005 1535,2003 1537,2001 1553,2001 1555,2002 1555,2042 1555,2043 1745,2042 1747,2040 1749,2040 1750,2039 1788,2038 1789,2038 1789,2004 1790,2002 1793,2002 1794,2001 1802,2001 1803,2001 1803,2000 1803,1999 1810,1999 1812,2001 1850,2001 1851,2002 1851,2008 1851,2008 1960,2008 1961,2007 1961,2006 1961,2006 1962,2006 1963,2005 1963,2003 1965,2001 1967,2001 1968,2000 1968,1998 1969,1997 1971,1997 1972,1996 1979,1996 1980,1995 1980,1994 1980,1994 1981,1994 1982,1993 1982,1992 1982,1992 1993,1992 1994,1992 1994,1993 1994,1994 2000,1994 2001,1994 2001,1995 2001,1996 2007,1996 2008,1996 2008,2000 2009,2001 2009,2037 2009,2038 2165,2037 2166,2036 2166,2035 2166,2035 2167,2035 2168,2034 2168,2033 2168,2033 2173,2033 2175,2035 2311,2034 2312,2034 2312,1999 2314,1996 2333,1996 2335,1994 2506,1993 2508,1991 2528,1991 2529,1992 2529,1994 2530,1995 2530,2000 2530,2000 2640,2000 2644,1996 2649,1996 2653,1992 2655,1992 2657,1990 2678,1990 2682,1993 2682,1994 2682,1995 2777,1994 2779,1996 2781,1996 2782,1997 2782,1999 2782,1999 2892,1999 2894,1997 2904,1997 2905,1997 2905,1999 2907,2001 2907,2030 2909,2032 2909,2033 2909,2034 3040,2033 3041,2032 3059,2032 3060,2031 3060,1996 3060,1996 3062,1996 3066,1992 3068,1992 3069,1991 3069,1990 3069,1990 3073,1990 3074,1989 3080,1989 3081,1990 3083,1990 3084,1990 3084,2031 3084,2032 3204,2031 3205,2030 3241,2030 3242,2030 3242,2014 3242,2013 3243,2013 3244,2014 3244,2032 3244,2032 3278,2032 3279,2033 3292,2033 3296,2036 3296,2065 3298,2068 3300,2068 3301,2068 3301,2072 3300,2073 3298,2073 3297,2074 3297,2075 3295,2077 3291,2077 3291,2077 3291,2085 3289,2087 3289,2089 3288,2090 3287,2090 3287,2090 3287,2093 3286,2094 3285,2094 3285,2094 3285,2096 3283,2099 3280,2099 3277,2101 3277,2103 3277,2104 3256,2104 3255,2103 3149,2104 3148,2104 3148,2144 3148,2145 3142,2145 3141,2144 3141,2104 3141,2104 2972,2104 2970,2106 2968,2106 2967,2107 2965,2107 2964,2108 2964,2109 2964,2109 2963,2109 2962,2110 2962,2140 2960,2142 2927,2143 2926,2143 2926,2146 2926,2147 2906,2147 2905,2146 2905,2145 2905,2145 2879,2145 2878,2144 2878,2107 2878,2107 2803,2107 2802,2106 2575,2107 2573,2109 2550,2109 2549,2109 2549,2108 2549,2107 2416,2108 2415,2109 2399,2109 2397,2107 2355,2107 2354,2108 2354,2149 2354,2149 2338,2149 2337,2149 2337,2108 2337,2107 2310,2107 2309,2106 2308,2106 2307,2106 2307,2105 2307,2104 2258,2104 2257,2103 2143,2104 2138,2109 2086,2109 2085,2110 2085,2111 2085,2111 2036,2111 2033,2114 2013,2115 2012,2114 2010,2114 2008,2112 2008,2111 2008,2111 1914,2111 1913,2111 1913,2153 1913,2154"/><TextEquiv><Unicode/></TextEquiv><TextEquiv index="1"><Unicode>examiner les choſes. Mais ſuis-je donc</Unicode></TextEquiv></TextLine><TextLine id="l13"><Coords points="1171,2311 1171,2311 1171,2270 1170,2269 1157,2269 1155,2267 1096,2268 1096,2267 1096,2266 1095,2266 971,2266 971,2266 971,2265 970,2264 938,2264 938,2264 938,2258 938,2257 939,2257 940,2257 940,2255 940,2254 941,2254 942,2254 941,2205 942,2204 943,2204 943,2204 943,2203 944,2202 1094,2202 1095,2201 1096,2201 1097,2200 1098,2198 1098,2196 1099,2195 1100,2195 1100,2195 1100,2183 1100,2182 1011,2183 1010,2182 1010,2178 1011,2178 1101,2177 1101,2177 1101,2176 1103,2174 1103,2172 1104,2171 1105,2171 1105,2171 1105,2169 1108,2166 1108,2164 1111,2161 1113,2161 1118,2156 1128,2156 1130,2154 1793,2151 1794,2150 2191,2149 2193,2147 2195,2147 2195,2146 2195,2145 2196,2145 2209,2145 2210,2146 3000,2142 3001,2143 3004,2143 3006,2145 3153,2145 3153,2145 3153,2149 3155,2151 3155,2152 3156,2153 3225,2152 3229,2157 3229,2186 3230,2186 3278,2186 3280,2188 3280,2189 3281,2190 3296,2190 3296,2190 3296,2191 3297,2192 3297,2197 3299,2199 3299,2206 3300,2207 3301,2207 3301,2207 3302,2213 3301,2214 3301,2216 3296,2221 3289,2221 3289,2221 3289,2247 3288,2248 3286,2248 3285,2249 3285,2253 3284,2254 3282,2254 3277,2259 3230,2259 3230,2260 3230,2279 3229,2280 3229,2286 3228,2286 3227,2286 3226,2287 3221,2287 3220,2288 2854,2290 2854,2290 2854,2301 2853,2302 2432,2304 2431,2305 2047,2306 2046,2307"/><TextEquiv><Unicode/></TextEquiv><TextEquiv index="1"><Unicode>fou, me diſois-je? ai-je dormi? ai-je</Unicode></TextEquiv></TextLine><TextLine id="l14"><Coords points="1772,2463 1772,2462 1772,2444 1771,2444 1383,2445 1383,2445 1382,2431 1382,2430 1190,2431 1189,2431 1189,2427 1189,2426 1100,2426 1098,2425 1096,2425 1095,2424 972,2424 971,2424 971,2423 971,2422 944,2422 943,2422 943,2421 943,2420 942,2420 940,2419 940,2411 941,2410 941,2357 945,2353 1121,2352 1123,2350 1156,2350 1156,2350 1156,2334 1157,2333 1158,2333 1158,2333 1158,2332 1159,2331 1160,2331 1160,2331 1160,2329 1163,2326 1163,2322 1165,2320 1165,2317 1166,2315 1167,2315 1168,2315 1168,2314 1170,2311 1180,2311 1181,2312 1324,2312 1325,2313 1334,2312 1335,2313 1335,2351 1336,2351 1884,2349 1885,2348 1990,2348 1992,2346 2415,2344 2415,2343 2415,2309 2415,2309 2417,2309 2418,2308 2418,2305 2418,2305 2606,2304 2607,2303 2610,2303 2611,2302 2631,2302 2632,2303 3109,2301 3110,2300 3112,2300 3113,2299 3113,2297 3115,2295 3204,2294 3205,2294 3205,2291 3205,2290 3212,2290 3213,2290 3213,2289 3213,2288 3220,2288 3221,2287 3226,2287 3227,2288 3227,2298 3227,2298 3248,2298 3249,2299 3249,2300 3249,2300 3252,2300 3253,2301 3253,2303 3254,2304 3254,2310 3254,2310 3255,2310 3256,2311 3256,2312 3256,2312 3257,2312 3258,2313 3258,2319 3258,2319 3298,2319 3299,2319 3299,2395 3301,2397 3301,2400 3300,2402 3297,2402 3296,2402 3296,2405 3294,2407 3294,2409 3290,2414 3046,2415 3044,2417 2942,2417 2941,2418 2941,2424 2941,2424 2934,2424 2933,2424 2933,2421 2933,2420 2477,2422 2476,2421 1783,2425 1782,2425 1783,2462 1782,2463"/><TextEquiv><Unicode/></TextEquiv><TextEquiv index="1"><Unicode>rêvé, comme on me le ſoutient? A</Unicode></TextEquiv></TextLine><TextLine id="l15"><Coords points="1097,2623 1096,2622 1096,2621 1095,2620 1095,2619 1094,2618 1094,2579 1094,2579 972,2579 971,2579 971,2578 971,2577 944,2577 943,2577 943,2575 941,2573 941,2561 941,2560 895,2560 893,2559 893,2539 894,2537 944,2537 945,2537 945,2511 945,2510 1111,2509 1112,2508 1135,2508 1136,2508 1136,2507 1136,2506 1265,2506 1266,2505 1628,2503 1629,2503 1629,2479 1631,2477 1631,2473 1631,2472 1632,2472 1633,2472 1633,2471 1633,2470 1664,2470 1667,2468 1667,2466 1667,2465 1769,2465 1771,2463 2901,2458 2904,2455 3025,2454 3028,2451 3030,2451 3031,2450 3078,2450 3079,2451 3083,2451 3084,2451 3084,2452 3084,2453 3088,2453 3090,2455 3093,2455 3096,2458 3097,2458 3098,2458 3098,2459 3098,2460 3099,2460 3100,2460 3100,2491 3100,2492 3300,2491 3301,2491 3301,2492 3301,2493 3302,2493 3303,2493 3303,2498 3301,2500 3297,2500 3297,2500 3297,2511 3296,2512 3296,2514 3295,2515 3294,2515 3294,2515 3294,2516 3293,2517 3292,2517 3292,2517 3292,2564 3290,2567 3288,2567 3287,2568 3236,2568 3235,2569 3235,2610 3235,2610 1962,2616 1961,2616 1961,2618 1961,2619"/><TextEquiv><Unicode/></TextEquiv><TextEquiv index="1"><Unicode>propos, j'ai un moyen de m'aſſurer</Unicode></TextEquiv></TextLine><TextLine id="l16"><Coords points="2794,2770 2793,2769 2497,2770 2496,2769 2496,2735 2495,2734 1348,2739 1253,2740 1253,2740 1253,2773 1251,2775 1141,2775 1141,2776 1141,2777 1140,2777 1119,2777 1119,2777 1119,2752 1118,2751 972,2752 972,2752 972,2750 971,2749 969,2749 969,2749 969,2734 968,2733 945,2733 943,2731 943,2723 945,2721 945,2719 945,2718 946,2718 947,2718 947,2675 947,2674 947,2666 948,2665 1096,2665 1096,2664 1096,2623 1097,2623 2375,2617 2377,2615 2857,2613 2859,2611 2861,2611 2862,2610 2881,2610 2882,2611 2883,2611 2884,2612 3237,2610 3237,2611 3237,2625 3238,2625 3246,2625 3246,2626 3246,2628 3248,2630 3248,2653 3249,2653 3284,2653 3287,2656 3290,2656 3292,2658 3292,2660 3293,2661 3301,2661 3301,2661 3301,2667 3301,2668 3300,2668 3299,2668 3300,2669 3299,2670 3298,2670 3298,2670 3298,2709 3294,2713 3294,2727 3292,2729 3292,2732 3291,2733 3291,2739 3290,2740 3288,2740 3284,2744 3284,2746 3283,2747 3282,2747 3282,2747 3282,2748 3281,2749 3280,2749 3280,2749 3280,2750 3278,2752 3277,2752 3277,2753 3277,2754 3276,2754 3246,2754 3246,2755 3246,2768 3245,2768"/><TextEquiv><Unicode/></TextEquiv><TextEquiv index="1"><Unicode>du fait. J'avois cent ſequins ſur moi;</Unicode></TextEquiv></TextLine><TextLine id="l17"><Coords points="2351,2930 2350,2929 2312,2929 2312,2929 2311,2890 2311,2889 2102,2890 2101,2891 2102,2928 2100,2929 2063,2929 2063,2929 2063,2926 2061,2924 2056,2924 2056,2924 2055,2893 2055,2892 1784,2894 1783,2893 1589,2893 1588,2892 1408,2893 1407,2892 1406,2892 1402,2888 1223,2889 1222,2889 1223,2913 1222,2914 1205,2914 1204,2913 1203,2890 1203,2889 1121,2889 1120,2890 1115,2890 1114,2889 977,2890 976,2890 976,2887 976,2886 949,2886 948,2886 948,2822 949,2821 1117,2820 1117,2820 1117,2781 1119,2779 1119,2778 1119,2777 1165,2777 1166,2776 1167,2776 1168,2775 1178,2775 1179,2776 1179,2778 1181,2780 1181,2816 1182,2816 1314,2816 1315,2817 1531,2816 1531,2815 1531,2813 1533,2811 1533,2802 1534,2802 1535,2802 1535,2801 1535,2797 1536,2796 1536,2794 1538,2792 1538,2789 1540,2787 1540,2785 1540,2785 1542,2785 1543,2784 1543,2782 1545,2780 1547,2780 1548,2779 1548,2777 1550,2775 1555,2775 1556,2774 1564,2773 1566,2771 1575,2771 1576,2772 1576,2773 1576,2773 1578,2773 1580,2775 1774,2775 1775,2776 1857,2775 1860,2778 1860,2806 1862,2808 1862,2816 1863,2816 1916,2816 1917,2817 2145,2816 2147,2814 2317,2813 2317,2813 2317,2788 2321,2784 2321,2783 2321,2782 2322,2782 2324,2780 2480,2779 2481,2779 2481,2777 2482,2775 2486,2775 2488,2773 2497,2773 2498,2774 2498,2775 2498,2775 2500,2775 2501,2776 2501,2779 2503,2781 2503,2804 2504,2804 2543,2804 2544,2805 2794,2804 2794,2804 2794,2771 2794,2770 2808,2770 2809,2769 2812,2769 2813,2770 2967,2769 2971,2773 2971,2775 2972,2776 2972,2792 2973,2792 3230,2791 3230,2791 3230,2788 3231,2787 3232,2787 3232,2787 3232,2772 3232,2771 3233,2771 3236,2768 3247,2768 3248,2769 3248,2800 3249,2800 3280,2800 3280,2800 3280,2803 3281,2804 3284,2804 3284,2804 3284,2805 3285,2806 3292,2806 3295,2809 3296,2809 3296,2809 3296,2810 3297,2811 3297,2814 3299,2816 3299,2830 3300,2831 3304,2831 3304,2831 3304,2833 3305,2834 3306,2835 3308,2835 3308,2835 3308,2836 3309,2837 3310,2837 3310,2837 3310,2843 3305,2849 3302,2849 3301,2849 3301,2863 3301,2864 3300,2864 3299,2864 3299,2866 3297,2869 3295,2869 3294,2869 3294,2870 3294,2871 3293,2871 3292,2871 3292,2872 3292,2873 3288,2873 3287,2874 3285,2874 3284,2874 3284,2875 3284,2876 3247,2876 3246,2877 3246,2878 3246,2878 3035,2879 3034,2880 3032,2880 3031,2881 3029,2881 3027,2883 2959,2883 2958,2884 2959,2922 2958,2922 2945,2922 2945,2922 2944,2883 2944,2882 2709,2883 2708,2884 2709,2909 2708,2909 2701,2910 2701,2909 2700,2884 2700,2884 2624,2884 2622,2886 2610,2886 2608,2888 2440,2889 2439,2889 2440,2929 2439,2930"/><TextEquiv><Unicode/></TextEquiv><TextEquiv index="1"><Unicode>il me ſemble que je les ai donnés</Unicode></TextEquiv></TextLine><TextLine id="l18"><Coords points="2533,3079 2532,3079 2532,3078 2532,3077 2531,3077 2530,3077 2530,3075 2529,3074 2529,3048 2529,3047 2387,3048 2384,3045 2384,3043 2384,3043 2221,3044 2220,3045 2043,3045 2042,3046 2028,3046 2027,3045 2023,3045 2022,3044 1842,3045 1841,3046 1817,3046 1815,3048 1797,3048 1796,3047 1589,3048 1588,3049 1588,3050 1588,3050 1584,3050 1582,3052 1561,3052 1559,3051 1559,3050 1559,3050 1398,3050 1397,3051 1397,3053 1397,3053 1391,3053 1390,3052 1225,3053 1222,3050 1221,3050 1220,3049 1220,3048 1220,3048 1139,3048 1138,3047 984,3048 981,3046 981,3044 981,3043 953,3043 952,3043 952,3035 953,3034 953,2979 953,2978 954,2978 955,2978 955,2977 955,2976 963,2976 964,2977 964,2978 964,2978 965,2978 966,2979 967,2980 967,2981 967,2981 1125,2980 1126,2979 1128,2979 1131,2976 1138,2976 1139,2976 1139,2975 1139,2974 1178,2974 1179,2974 1179,2939 1181,2936 1191,2936 1192,2935 1200,2935 1201,2936 1201,2962 1201,2962 1320,2962 1322,2963 1322,2975 1322,2976 1455,2975 1456,2974 1679,2973 1680,2972 1713,2972 1714,2971 1714,2938 1714,2938 1716,2938 1717,2937 1717,2936 1717,2936 1719,2936 1720,2935 1733,2935 1734,2935 1734,2970 1734,2971 1909,2970 1910,2969 1910,2933 1912,2931 1931,2931 1932,2931 1932,2946 1932,2947 1933,2947 1934,2947 1934,2965 1934,2966 2019,2965 2020,2966 2034,2966 2035,2967 2164,2967 2166,2969 2170,2969 2171,2969 2171,2970 2171,2971 2332,2970 2333,2970 2333,2936 2333,2935 2338,2935 2340,2933 2342,2933 2343,2933 2343,2932 2343,2931 2349,2931 2350,2930 2440,2930 2441,2930 2441,2969 2441,2970 2626,2969 2627,2968 2627,2967 2627,2967 2681,2967 2682,2966 2691,2966 2692,2965 2694,2967 2897,2966 2898,2965 2898,2930 2900,2928 2900,2926 2900,2926 2901,2926 2902,2925 2902,2924 2902,2924 2944,2923 2945,2922 2958,2922 2959,2923 2959,2924 2959,2924 3121,2924 3122,2923 3124,2923 3127,2920 3127,2919 3127,2919 3148,2919 3151,2921 3151,2923 3151,2924 3152,2924 3153,2924 3153,2953 3153,2954 3287,2953 3291,2956 3291,2961 3291,2962 3294,2962 3296,2964 3300,2964 3303,2966 3303,3016 3304,3017 3304,3025 3297,3033 3183,3033 3178,3038 3168,3038 3167,3037 2869,3039 2868,3040 2784,3040 2783,3041 2648,3042 2647,3043 2563,3043 2561,3045 2561,3048 2560,3049 2560,3053 2560,3053 2558,3053 2556,3055 2556,3058 2555,3059 2555,3065 2555,3065 2554,3065 2553,3066 2553,3072 2553,3072 2552,3072 2551,3073 2551,3074 2551,3074 2550,3074 2549,3075 2549,3076 2548,3077 2547,3077 2546,3078 2546,3079 2546,3079"/><TextEquiv><Unicode/></TextEquiv><TextEquiv index="1"><Unicode>chez ces charlatans. Voyons s'ils ſont</Unicode></TextEquiv></TextLine><TextLine id="l19"><Coords points="1712,3245 1712,3244 1712,3203 1711,3203 1512,3204 1511,3205 1508,3205 1506,3203 1482,3203 1481,3202 1371,3202 1370,3203 1356,3203 1355,3202 1330,3202 1330,3203 1330,3245 1329,3246 1309,3246 1309,3245 1309,3203 1308,3203 1282,3203 1282,3202 1282,3201 1281,3201 1167,3201 1165,3203 1160,3203 1158,3205 1155,3205 1154,3206 1148,3206 1147,3205 1143,3205 1143,3205 1143,3204 1142,3203 1134,3203 1134,3203 1134,3202 1133,3201 1132,3201 1132,3201 1132,3200 1130,3198 1128,3198 1120,3190 1120,3188 1118,3186 1007,3187 1007,3187 1007,3188 1006,3189 1005,3189 1005,3189 1005,3190 1004,3191 1003,3191 1003,3191 1003,3192 1002,3193 1000,3193 995,3198 993,3198 991,3200 991,3202 990,3203 981,3203 981,3203 981,3200 980,3199 953,3199 952,3198 950,3198 950,3198 950,3189 952,3187 952,3185 953,3184 953,3136 954,3134 987,3134 988,3133 988,3132 988,3132 993,3132 997,3136 999,3136 1000,3136 1000,3140 1000,3141 1002,3141 1008,3147 1121,3146 1122,3146 1122,3144 1125,3141 1125,3137 1125,3136 1128,3136 1129,3136 1129,3135 1131,3132 1136,3132 1137,3131 1223,3131 1225,3129 1232,3129 1234,3131 1358,3130 1359,3129 1366,3129 1368,3127 1374,3127 1376,3129 1450,3129 1452,3131 1456,3131 1457,3132 1616,3131 1617,3131 1616,3094 1617,3093 1627,3093 1629,3091 1634,3091 1635,3093 1635,3100 1636,3100 1638,3100 1638,3101 1638,3110 1640,3112 1640,3129 1641,3129 1765,3129 1767,3131 1772,3131 1773,3132 1985,3131 1986,3130 1985,3129 1986,3129 2034,3128 2035,3127 2039,3127 2039,3127 2039,3126 2040,3125 2131,3125 2131,3125 2131,3091 2133,3089 2142,3089 2143,3088 2146,3088 2148,3086 2152,3086 2152,3085 2152,3084 2153,3084 2159,3084 2159,3084 2159,3085 2160,3086 2161,3086 2161,3086 2161,3087 2163,3089 2165,3089 2166,3090 2166,3124 2167,3125 2187,3125 2188,3126 2438,3125 2438,3124 2438,3122 2439,3121 2439,3110 2440,3110 2441,3110 2441,3109 2441,3105 2443,3103 2443,3100 2444,3099 2444,3095 2445,3095 2447,3095 2450,3091 2450,3089 2451,3089 2453,3089 2458,3084 2463,3084 2465,3082 2467,3082 2468,3081 2471,3081 2472,3082 2475,3082 2476,3083 2481,3082 2483,3084 2487,3084 2489,3087 2489,3089 2491,3091 2492,3129 2492,3129 2520,3129 2522,3131 2524,3131 2525,3132 2525,3134 2525,3134 2526,3134 2527,3135 2527,3136 2527,3136 2528,3136 2529,3137 2529,3139 2534,3144 2534,3167 2534,3167 2564,3167 2567,3170 2695,3170 2696,3169 2695,3100 2695,3100 2682,3100 2678,3096 2678,3090 2680,3088 2680,3086 2681,3086 2744,3085 2745,3084 2747,3084 2749,3082 2758,3082 2760,3084 2764,3084 2764,3085 2764,3087 2768,3091 2768,3094 2770,3096 2770,3124 2771,3124 2938,3123 2938,3123 2938,3087 2939,3086 2940,3086 2940,3086 2940,3085 2941,3084 2941,3081 2943,3079 2945,3079 2945,3080 2945,3122 2946,3122 2983,3122 2983,3122 2983,3121 2984,3120 3096,3120 3096,3119 3096,3115 3097,3115 3100,3115 3100,3114 3100,3113 3101,3113 3109,3113 3111,3115 3113,3115 3113,3115 3113,3119 3114,3120 3229,3119 3229,3119 3229,3080 3230,3079 3232,3079 3234,3077 3236,3077 3237,3076 3242,3076 3243,3077 3244,3077 3244,3078 3244,3079 3245,3079 3246,3079 3246,3080 3246,3096 3247,3096 3268,3096 3268,3097 3268,3115 3269,3115 3292,3115 3294,3117 3294,3119 3295,3120 3306,3120 3306,3120 3307,3129 3308,3130 3308,3140 3310,3142 3310,3149 3308,3151 3308,3155 3306,3157 3306,3176 3304,3178 3304,3180 3302,3182 3300,3182 3296,3186 3275,3186 3274,3187 3260,3187 3260,3188 3260,3230 3259,3230 3242,3230 3241,3229 3158,3230 3158,3229 3158,3189 3157,3189 3155,3189 3153,3191 3151,3191 3151,3191 3151,3192 3150,3193 3055,3193 3054,3194 3048,3194 3047,3193 2930,3194 2929,3193 2809,3193 2809,3194 2809,3198 2808,3198 2807,3198 2807,3199 2807,3203 2806,3204 2806,3206 2805,3206 2804,3206 2804,3207 2804,3215 2803,3215 2802,3215 2802,3216 2802,3218 2799,3221 2799,3228 2797,3229 2794,3229 2793,3230 2785,3230 2784,3229 2780,3229 2780,3229 2780,3228 2779,3227 2778,3227 2778,3227 2778,3198 2777,3197 2677,3198 2676,3197 2566,3197 2565,3198 2520,3198 2519,3199 2517,3199 2517,3200 2517,3201 2516,3201 2493,3201 2490,3198 2486,3198 2485,3197 2390,3198 2390,3198 2390,3240 2389,3241 2379,3241 2379,3240 2379,3198 2378,3198 2362,3198 2361,3199 2261,3199 2259,3201 2252,3201 2250,3199 2247,3199 2246,3199 2147,3199 2147,3199 2147,3241 2146,3242 2116,3242 2116,3242 2116,3200 2115,3199 1928,3200 1927,3201 1817,3201 1815,3203 1802,3203 1801,3202 1734,3203 1734,3203 1734,3244 1733,3245"/><TextEquiv><Unicode/></TextEquiv><TextEquiv index="1"><Unicode>encore dans ma bourſe. J'y mets la</Unicode></TextEquiv></TextLine><TextLine id="l20"><Coords points="1543,3404 1543,3403 1543,3402 1542,3402 1536,3402 1536,3401 1536,3380 1535,3380 1454,3380 1454,3379 1454,3373 1453,3373 1373,3373 1372,3372 1310,3373 1308,3371 1303,3371 1302,3370 1190,3370 1188,3368 1186,3368 1186,3368 1186,3367 1185,3366 1151,3366 1151,3366 1150,3357 1150,3356 1120,3356 1119,3355 989,3356 988,3355 988,3354 988,3354 963,3354 961,3352 960,3352 959,3351 958,3351 957,3351 957,3342 960,3339 960,3289 962,3287 1124,3286 1125,3285 1249,3285 1250,3284 1309,3284 1309,3283 1309,3246 1309,3246 2693,3240 2694,3239 2698,3239 2699,3238 2699,3237 2699,3237 2897,3236 2898,3235 2898,3229 2898,3229 2903,3229 2904,3229 2904,3230 2904,3231 3193,3229 3194,3230 3260,3230 3261,3231 3261,3273 3262,3273 3268,3273 3268,3274 3268,3275 3269,3275 3271,3275 3272,3277 3272,3280 3273,3281 3273,3291 3274,3291 3308,3291 3313,3296 3320,3296 3320,3296 3320,3303 3320,3304 3318,3304 3316,3306 3309,3306 3308,3306 3308,3310 3308,3311 3307,3311 3306,3311 3306,3312 3306,3313 3273,3313 3272,3314 3272,3333 3268,3337 3264,3337 3263,3338 3263,3339 3263,3339 3259,3339 3258,3340 3256,3340 3255,3341 3256,3385 3255,3385 3251,3385 3250,3386 2420,3390 2420,3390 2420,3397 2419,3398 2395,3398 2394,3399 1550,3403 1549,3404"/><TextEquiv><Unicode/></TextEquiv><TextEquiv index="1"><Unicode>main, point de ſequins. Ahl les fri-</Unicode></TextEquiv></TextLine><TextLine id="l21"><Coords points="2102,3554 2101,3553 1116,3557 1113,3555 1113,3533 1113,3532 979,3533 978,3533 978,3531 978,3530 977,3530 976,3530 976,3529 976,3528 975,3528 974,3528 974,3526 972,3524 972,3508 972,3507 961,3507 960,3507 960,3498 961,3497 962,3497 962,3497 962,3447 963,3445 1073,3445 1074,3444 1074,3430 1074,3430 1341,3428 1342,3428 1342,3426 1344,3424 1344,3422 1344,3421 1345,3421 1347,3419 1449,3419 1450,3418 1450,3407 1452,3405 1452,3404 1452,3404 1454,3404 1456,3402 1897,3400 1898,3399 2774,3395 2775,3394 2899,3394 2900,3393 2900,3392 2900,3392 2901,3392 2902,3391 2902,3389 2902,3389 3240,3387 3241,3386 3250,3386 3251,3385 3257,3385 3258,3386 3258,3445 3258,3445 3310,3445 3311,3445 3311,3447 3313,3449 3313,3460 3312,3461 3311,3461 3311,3461 3311,3463 3308,3466 3299,3466 3299,3466 3299,3467 3298,3468 3294,3468 3293,3469 3263,3469 3263,3470 3263,3492 3263,3492 3254,3492 3252,3494 3250,3494 3249,3495 3216,3495 3215,3496 3215,3497 3215,3497 3211,3497 3209,3499 3202,3499 3201,3500 3085,3501 3084,3502 2973,3502 2972,3503 2972,3540 2972,3540 2471,3543 2470,3543 2470,3549 2470,3550 2112,3551 2111,3552 2110,3552 2109,3553 2109,3554 2109,3554"/><TextEquiv><Unicode/></TextEquiv><TextEquiv index="1"><Unicode>ponsl m'écriai-je. Cela eſt indubi-</Unicode></TextEquiv></TextLine><TextLine id="l22"><Coords points="2662,3710 2659,3707 2659,3701 2658,3701 1118,3707 1117,3708 1117,3713 1117,3713 895,3714 893,3713 893,3700 894,3698 959,3698 960,3698 960,3653 960,3652 961,3652 962,3652 962,3600 964,3597 1121,3596 1122,3596 1122,3594 1122,3593 1123,3593 1125,3591 1220,3591 1221,3590 1220,3561 1223,3559 1235,3559 1237,3557 1323,3557 1325,3555 2840,3548 2843,3545 2845,3545 2847,3543 2855,3543 2856,3542 2858,3542 2860,3540 2869,3540 2871,3538 2874,3538 2874,3538 2874,3542 2875,3543 2910,3543 2912,3545 2914,3545 2914,3545 2914,3547 2916,3549 2917,3549 2917,3549 2917,3552 2919,3554 2919,3575 2920,3576 3312,3574 3313,3575 3314,3588 3313,3589 3313,3594 3312,3595 3310,3595 3310,3595 3310,3597 3309,3598 3308,3598 3308,3598 3308,3604 3306,3606 3306,3645 3304,3647 3291,3647 3290,3648 3245,3648 3241,3652 3187,3652 3186,3654 3186,3656 3184,3657 3096,3658 3096,3658 3096,3697 3095,3698 3090,3698 3088,3700 3076,3700 3075,3702 2703,3704 2702,3704 2702,3707 2702,3708 2701,3708 2700,3709 2674,3709 2673,3710"/><TextEquiv><Unicode/></TextEquiv><TextEquiv index="1"><Unicode>table, on veut me faire paſſer pour</Unicode></TextEquiv></TextLine><TextLine id="l23"><Coords points="1540,3871 1540,3870 1540,3867 1539,3867 1186,3868 1186,3868 1186,3829 1185,3828 990,3829 988,3827 988,3823 987,3822 964,3822 964,3822 963,3769 962,3768 962,3766 962,3765 961,3765 960,3765 960,3758 963,3755 1118,3754 1118,3754 1118,3716 1118,3715 1113,3715 1112,3715 1112,3713 1113,3712 1165,3712 1166,3713 2513,3707 2513,3707 2513,3706 2514,3705 2525,3705 2527,3707 2529,3707 2530,3708 2531,3708 2532,3709 2825,3708 2826,3709 2826,3731 2827,3732 3134,3731 3134,3731 3134,3734 3135,3735 3314,3734 3315,3735 3315,3737 3316,3738 3316,3795 3315,3796 3315,3798 3313,3801 3311,3801 3309,3803 3307,3803 3306,3803 3306,3804 3306,3805 3304,3805 3302,3807 3266,3807 3265,3808 3254,3808 3253,3809 3253,3810 3253,3810 3147,3811 3146,3812 3039,3812 3038,3813 3020,3813 3019,3814 3019,3815 3019,3815 3017,3815 3015,3817 2981,3817 2981,3818 2981,3856 2978,3858 2914,3859 2914,3859 2914,3860 2913,3861 2902,3861 2901,3862 2272,3864 2272,3865 2272,3866 2271,3866 2265,3866 2264,3867"/><TextEquiv><Unicode/></TextEquiv><TextEquiv index="1"><Unicode>fou; c'eſt un complot formé par mes</Unicode></TextEquiv></TextLine><TextLine id="l24"><Coords points="2001,4027 1999,4025 1999,3994 1999,3994 1137,3997 1136,3997 1136,3983 1136,3982 1135,3982 1134,3982 1134,3981 1134,3980 1133,3980 1132,3979 968,3980 964,3977 964,3967 965,3966 966,3966 967,3965 967,3916 967,3915 1140,3914 1141,3913 1145,3913 1147,3911 1185,3911 1186,3910 1188,3910 1189,3910 1189,3909 1189,3908 1537,3907 1538,3906 1538,3877 1538,3877 1539,3877 1540,3876 1540,3871 1540,3871 1830,3869 1831,3868 1948,3868 1949,3867 2875,3863 2876,3862 2901,3862 2902,3861 3218,3859 3219,3858 3228,3858 3229,3858 3229,3857 3229,3856 3234,3856 3236,3858 3238,3858 3239,3859 3239,3889 3239,3889 3284,3889 3287,3891 3287,3893 3287,3894 3298,3894 3299,3894 3299,3895 3299,3896 3300,3896 3301,3896 3301,3909 3301,3910 3321,3910 3322,3910 3322,3912 3323,3913 3323,3929 3321,3932 3302,3932 3301,3932 3301,3938 3301,3939 3293,3939 3292,3939 3292,3946 3291,3947 3291,3949 3289,3951 3289,3953 3287,3956 3285,3956 3282,3958 3282,3960 3282,3961 3159,3962 3156,3965 3149,3965 3148,3966 3085,3966 3084,3966 3084,4010 3084,4011 3083,4011 3082,4012 2657,4014 2656,4014 2656,4018 2656,4019 2655,4019 2654,4020 2127,4022 2126,4023 2024,4023 2023,4024 2023,4025 2023,4025 2008,4026 2007,4027"/><TextEquiv><Unicode/></TextEquiv><TextEquiv index="1"><Unicode>ennemis. Mais j'ai été chez les Ma-</Unicode></TextEquiv></TextLine><TextLine id="l25"><Coords points="2074,4183 2073,4182 1785,4184 1784,4183 1768,4183 1767,4182 1389,4183 1388,4182 1116,4183 1112,4180 1112,4179 1112,4178 1111,4178 1110,4178 1110,4174 1108,4172 1108,4138 1107,4137 995,4138 994,4137 968,4137 967,4136 967,4133 965,4131 965,4081 964,4080 964,4069 964,4068 1219,4067 1220,4066 1277,4066 1278,4065 1278,4058 1278,4058 1279,4058 1280,4057 1280,4053 1279,4053 929,4054 929,4054 929,4053 928,4052 924,4052 922,4050 921,4041 922,4040 1285,4039 1285,4038 1285,4034 1287,4032 1287,4030 1288,4030 1289,4030 1289,4029 1289,4028 1290,4028 1291,4028 1292,4027 1293,4027 1295,4025 1301,4025 1302,4026 1442,4025 1442,4026 1442,4027 1443,4027 1447,4027 1448,4028 1452,4028 1453,4029 2628,4024 2628,4023 2628,4021 2630,4020 2654,4020 2655,4019 3069,4017 3069,4016 3069,4013 3071,4012 3082,4012 3083,4011 3217,4010 3218,4009 3267,4009 3268,4008 3268,4007 3269,4006 3277,4006 3277,4007 3278,4049 3278,4049 3291,4049 3292,4049 3292,4063 3292,4064 3323,4064 3325,4065 3325,4068 3327,4070 3327,4075 3325,4077 3325,4084 3322,4087 3285,4087 3285,4087 3285,4105 3284,4106 3284,4109 3282,4111 3280,4111 3280,4112 3280,4113 3279,4114 3279,4115 3277,4116 3274,4116 3272,4118 3230,4118 3230,4119 3230,4121 3229,4121 3226,4121 3224,4123 3092,4124 3091,4125 3084,4125 3083,4126 3047,4126 3045,4128 3043,4128 3043,4129 3043,4130 3042,4130 2915,4131 2914,4132 2914,4134 2913,4135 2912,4135 2912,4135 2912,4136 2911,4137 2911,4138 2909,4140 2909,4142 2907,4144 2907,4151 2905,4153 2905,4156 2904,4157 2904,4161 2902,4163 2902,4165 2902,4166 2901,4166 2900,4166 2900,4167 2900,4168 2894,4168 2893,4169 2828,4169 2823,4173 2823,4177 2823,4178 2815,4178 2814,4179 2814,4180 2814,4180"/><TextEquiv><Unicode/></TextEquiv><TextEquiv index="1"><Unicode>gnétiſeurs; je le prouverai: j'y ai dé-</Unicode></TextEquiv></TextLine><TextLine id="l26"><Coords points="1839,4340 1838,4339 1834,4339 1833,4338 1125,4341 1124,4340 1124,4297 1123,4296 999,4297 998,4295 998,4293 997,4293 974,4293 974,4293 974,4282 975,4281 974,4226 976,4224 1048,4224 1048,4223 1048,4209 1049,4209 1366,4207 1366,4207 1366,4205 1367,4204 1368,4204 1368,4204 1368,4201 1369,4200 1370,4200 1370,4200 1370,4198 1371,4197 1371,4195 1378,4188 1380,4188 1380,4188 1382,4186 1382,4184 1383,4183 1452,4183 1452,4183 1452,4184 1453,4185 1454,4185 1456,4187 1456,4219 1457,4220 2211,4217 2213,4219 2214,4219 2214,4219 2214,4220 2215,4221 2216,4221 2216,4221 2216,4224 2217,4225 2289,4224 2295,4230 2297,4230 2297,4231 2297,4233 2298,4233 2305,4233 2307,4235 2310,4235 2311,4236 2329,4236 2329,4237 2329,4264 2330,4264 2353,4264 2355,4266 2371,4266 2372,4267 2373,4328 2373,4329 2560,4328 2561,4329 2561,4333 2560,4333 2536,4333 2535,4334 2521,4334 2520,4335 2018,4338 2017,4339 2009,4339 2008,4340"/><TextEquiv><Unicode/></TextEquiv><TextEquiv index="1"><Unicode>penſé mon argentn.</Unicode></TextEquiv></TextLine><TextLine id="l27"><Coords points="2029,4495 2028,4495 2028,4467 2028,4466 1351,4469 1349,4468 1349,4457 1349,4456 1230,4457 1229,4456 1229,4455 1229,4455 1139,4455 1137,4453 1133,4453 1132,4453 1132,4452 1132,4451 1128,4451 1127,4450 985,4451 983,4450 983,4439 986,4436 1120,4435 1120,4435 1120,4414 1120,4413 1088,4414 1086,4412 1086,4407 1091,4403 1134,4402 1134,4402 1134,4346 1136,4343 1832,4340 1833,4339 2512,4336 2513,4335 2520,4335 2521,4334 3222,4331 3223,4331 3223,4323 3225,4321 3225,4320 3225,4319 3231,4319 3232,4319 3232,4318 3232,4317 3238,4317 3239,4318 3239,4343 3239,4343 3326,4343 3327,4343 3327,4345 3328,4346 3328,4353 3330,4355 3330,4357 3332,4359 3332,4411 3333,4412 3334,4412 3334,4412 3334,4414 3335,4415 3335,4425 3335,4426 3293,4426 3292,4426 3292,4428 3290,4431 3283,4431 3281,4433 3207,4433 3204,4436 3125,4437 3124,4437 3124,4440 3124,4441 3123,4441 3122,4441 3122,4445 3122,4446 2877,4447 2876,4448 2766,4448 2765,4449 2765,4488 2765,4488 2036,4491 2035,4492 2035,4495 2035,4495"/><TextEquiv><Unicode/></TextEquiv><TextEquiv index="1"><Unicode>Je remontai chez moi. Mon valet</Unicode></TextEquiv></TextLine><TextLine id="l28"><Coords points="1137,4655 1136,4655 1136,4612 1135,4611 1120,4611 1119,4610 976,4611 976,4611 976,4551 974,4549 974,4542 976,4539 980,4539 982,4537 1054,4537 1055,4536 1057,4536 1059,4534 1447,4532 1448,4532 1447,4499 1448,4498 1457,4498 1459,4496 1461,4496 1461,4495 1461,4494 1462,4494 1463,4494 1464,4493 2282,4489 2283,4490 2766,4488 2767,4489 2840,4489 2840,4489 2840,4490 2841,4491 2842,4491 2842,4491 2842,4492 2844,4494 2845,4494 2845,4494 2845,4497 2846,4498 2847,4498 2849,4500 2849,4502 2851,4503 2851,4504 2851,4505 3304,4503 3305,4503 3305,4548 3305,4549 3330,4549 3332,4550 3332,4555 3330,4557 3330,4572 3327,4575 3327,4579 3326,4580 3294,4580 3294,4580 3294,4630 3294,4631 2775,4633 2774,4634 2774,4645 2774,4645 2764,4645 2763,4646 1227,4653 1226,4654 1144,4654 1143,4655"/><TextEquiv><Unicode/></TextEquiv><TextEquiv index="1"><Unicode>me parla toujours ſur le même ton.</Unicode></TextEquiv></TextLine><TextLine id="l29"><Coords points="1631,4809 1631,4809 1631,4795 1630,4794 1500,4795 1500,4794 1500,4776 1499,4776 1168,4777 1167,4776 1167,4767 1166,4766 1165,4766 1162,4763 1162,4761 1161,4760 1046,4761 1046,4760 1046,4759 1045,4759 1000,4759 999,4758 997,4758 996,4756 995,4728 995,4728 965,4728 960,4724 960,4721 961,4720 1001,4720 1003,4717 1003,4715 1010,4709 1012,4709 1014,4706 1014,4704 1015,4704 1020,4704 1021,4702 1021,4701 1022,4700 1022,4699 1023,4699 1051,4699 1053,4696 1053,4694 1054,4694 1136,4693 1136,4693 1136,4656 1137,4655 1143,4655 1144,4654 1226,4654 1227,4653 2763,4646 2764,4645 3273,4643 3273,4643 3273,4632 3274,4631 3294,4631 3294,4631 3294,4636 3295,4637 3301,4637 3301,4637 3301,4652 3302,4653 3328,4653 3328,4653 3328,4662 3329,4663 3337,4663 3337,4663 3337,4667 3338,4668 3339,4668 3339,4668 3339,4670 3340,4671 3340,4677 3341,4678 3342,4678 3342,4678 3342,4686 3341,4687 3341,4723 3339,4725 3339,4729 3339,4730 3336,4730 3335,4730 3336,4731 3332,4735 3325,4735 3325,4735 3325,4736 3324,4737 3311,4737 3311,4737 3311,4782 3310,4783 3306,4783 3305,4784 2935,4786 2933,4788 2933,4792 2932,4793 2929,4793 2928,4794 2928,4796 2927,4797 2923,4797 2921,4799 2890,4799 2890,4799 2890,4800 2889,4801 2740,4801 2740,4802 2740,4803 2739,4803 2325,4805 2324,4806"/><TextEquiv><Unicode/></TextEquiv><TextEquiv index="1"><Unicode>aTiens, malheureux, lui dis-je, vois</Unicode></TextEquiv></TextLine><TextLine id="l30"><Coords points="1708,4973 1706,4971 1705,4971 1705,4970 1705,4967 1704,4967 1280,4969 1280,4968 1280,4967 1279,4967 1266,4967 1266,4966 1265,4963 1263,4961 1263,4947 1264,4947 1266,4947 1266,4946 1266,4941 1266,4941 995,4942 993,4940 993,4938 993,4938 992,4938 991,4937 991,4936 991,4936 989,4936 986,4933 982,4933 981,4933 981,4919 983,4917 983,4908 984,4907 984,4904 988,4900 988,4855 991,4852 1143,4851 1144,4850 1144,4848 1144,4847 1145,4847 1146,4847 1146,4831 1148,4829 1148,4827 1149,4826 1149,4823 1151,4821 1151,4819 1153,4817 1153,4815 1153,4814 1154,4814 1156,4813 1156,4812 1156,4811 1159,4811 1160,4811 1160,4810 1162,4807 1166,4807 1167,4806 1169,4806 1170,4806 1170,4805 1170,4804 1200,4804 1201,4804 1201,4803 1201,4802 1203,4802 1205,4804 1205,4807 1205,4807 1206,4807 1207,4808 1538,4807 1540,4808 1540,4809 1540,4810 1656,4809 1657,4810 2736,4805 2737,4805 2737,4804 2737,4803 2882,4803 2883,4802 2883,4801 2883,4801 3186,4799 3191,4794 3193,4794 3194,4794 3194,4793 3194,4792 3198,4792 3200,4790 3293,4790 3294,4789 3294,4784 3294,4784 3305,4784 3306,4783 3310,4783 3311,4783 3311,4803 3311,4804 3336,4804 3337,4804 3337,4810 3337,4811 3345,4811 3346,4811 3346,4812 3347,4814 3348,4814 3349,4814 3349,4816 3353,4820 3353,4856 3354,4857 3356,4857 3356,4857 3356,4870 3359,4873 3366,4873 3368,4875 3368,4878 3367,4880 3360,4880 3359,4880 3359,4884 3356,4887 3356,4889 3356,4890 3355,4890 3354,4890 3354,4891 3354,4892 3353,4892 3352,4893 3289,4893 3287,4895 3285,4895 3283,4897 3252,4897 3250,4899 3218,4899 3217,4900 3216,4900 3215,4901 3215,4903 3213,4905 3189,4905 3187,4907 3184,4907 3182,4909 3126,4910 3125,4911 3090,4911 3089,4912 3080,4912 3079,4912 3079,4913 3079,4914 3048,4914 3046,4916 2979,4916 2978,4917 2978,4919 2978,4919 2977,4919 2976,4920 2976,4921 2976,4921 2972,4921 2970,4923 2719,4924 2718,4925 2718,4926 2718,4926 2698,4927 2697,4927 2697,4930 2697,4931 2695,4931 2694,4930 2694,4929 2694,4929 1766,4933 1765,4933 1765,4961 1763,4963 1764,4964 1762,4966 1760,4966 1759,4967 1752,4967 1751,4968 1751,4970 1748,4973"/><TextEquiv><Unicode/></TextEquiv><TextEquiv index="1"><Unicode>ſi je n'ai pas été réellement conduit</Unicode></TextEquiv></TextLine><TextEquiv><Unicode/></TextEquiv></TextRegion></Page></PcGts>