4266 6032
1005 292 3337 474 méritée. Ce fut alors que je me jugeai
1002 448 3332 630 indigne, non ſeulement d'Adelaide,
972 613 3363 777 mais même de tout ſon ſexe. Souillé
1000 766 3330 929 d'une contagion impure, mes embraſ-
996 917 3325 1103 ſemens devenoient, en quelque ſorte,
996 1077 3327 1239 peſtiférés. On devoit me fuir comme
1000 1235 3325 1402 un être immonde, indigne de poſſéder
1005 1387 3320 1559 une chaſte épouſe, qui reſpireroit peut-
1000 1544 3322 1716 être la mort entre mes bras; indigne de
990 1701 3323 1882 donner le jour à des enfans qui, pui-
993 1851 3317 2025 ſant la vie dans une ſource mfectée,
962 2015 3365 2336 leur citemce diptorable, é lanat
991 2321 3327 2477 roient ſous mes yeux, victimes inno-
990 2481 3320 2642 centes de mes égaremens. Accablé de
993 2632 3313 2797 honte, j'allai confeſſer ma faute & dé-
991 2790 3316 2953 voiler mon état à un Chirurgien. Il me
928 2940 3315 3108 ſoumit à une viſite auſſi humiliante que
986 3098 3313 3260 l'aveu que je lui avoit fait. Mais, à mon
990 3254 3315 3418 grand contentement & à ma grande ſur-
948 3404 3316 3569 priſe, il ne fit que rire de mon indiſ-
984 3562 3315 3729 poſition, & m'aſſura que je n'avois
976 3714 3316 4039 ſeroin ſort aitnient &t lans ne ſet
984 4032 3320 4197 mettre à aucun régime particulier. Vous
986 4188 3314 4353 avez, me dit-il, ce petit inconvénient
917 4340 3328 4506 de commun avec les éros & les Rois
984 4501 3328 4664 mêmes. En cueillant des roſes, devez-
948 4650 3325 4819 vous être ſurpris d'avoir été effleure
984 4802 3328 4978 par une légere épine? Ce ſecourable
