4266 6032
952 307 3312 473 ſeule continuoit de m'honoter du plus
948 466 3311 632 tendre intérêt; mais je la voyois mélan-
950 618 3316 786 colique & languiſſante. Pour comble
952 780 3310 943 de diſgrace, j'appris, par une de ſes
952 931 3313 1098 femmes de chambre, qu'elle n'ignoroit
953 1088 3313 1258 pas la petite maladie que je cherchois à
953 1237 3315 1410 cacher; que Chéri en paroiſſoit inſtruit
957 1397 3315 1563 comme elle, & que le bruit en étoit
952 1552 3310 1712 parvenu même juſqu'aux oreilles
952 1707 3311 1866 d'Adelaide. L'excès de ma confuſion
953 1866 3311 2023 me fit rentrer ſous terre à cette nouvelle,
957 2020 3311 2183 & je me retrouvai de nouveau le der-
955 2183 2278 2338 nier des hommes.
1019 2326 3318 2493 Tandis que je m'occupois à me gué-
955 2487 3316 2649 rir de cette infirmité, on ſongeoit à me
957 2639 3315 2801 faire traiter d'une autre, dont le ſiége
928 2792 3315 2960 eſt tout différent. Un beau matin, je
955 2950 3322 3117 fus cité, pour la ſeconde fois, devant
931 3100 3311 3268 le Couverneur, qui me demanda s'il
962 3254 3320 3422 étoit vrai que j'euſſe eu querelle avec
960 3414 3325 3580 un Eccléſiaſtique, qui ſe plaignoit d'a-
960 3567 3318 3738 voir été bleſſé par moi. Je lui répondis
960 3727 3339 3894 qu'il n'avoit point été queſtion de que-
955 3872 3320 4049 relle, que ce n'étoit qu'un acte de juſ-
959 4028 3318 4207 tice, par lequel j'avois puni un poliſ-
955 4195 3323 4359 ſon qui le méritoit; que la maniere
960 4348 3330 4513 dont je l'avois traité ne faiſoit point de
960 4503 3325 4668 bleſſures, mais ſimplement des contu-
967 4653 3351 4825 ſions. Fort bien, reprit ſon Excel-
971 4807 3365 4973 lence; & c'eſt avec cet air leſte &
