4266 6032
914 314 3291 516 Eſculapes chargés de m'examiner; ils
919 476 3279 655 avoient ricané pendant tout mon récit;
924 625 3292 816 & mes yeux les avoient, plus d'une fois,
927 783 3287 967 menacés d'une juſte puntion. Ils dirent
931 938 3287 1141 au Juge: Cela eſt clair, & voulurent
924 1099 3292 1301 me tâter le pouls. Je retirai ma main avec
934 1251 3291 1453 indignation. Vous le voyez, dirent-ils
938 1406 3294 1599 au Magiſtrat; il ſuſſit d'obſerver ſes
930 1564 3294 1765 yeux égarés & furieux. D'ailleurs,
943 1719 3294 1921 c'eſt une maladie de famillen.... Il y
945 1873 3294 2076 avoit là ſur le bureau un tome des Mé-
945 2027 3296 2228 moires de mon pere: on y voit qu'il a
953 2181 3301 2364 été mis à Bicêtre, comme fou. C'eſt
953 2339 3296 2544 parce qu'il l'étoit ſûrement, dirent
936 2515 3299 2700 ces Meſſieursn. Le Juge parut con-
950 2649 3337 2856 vaincu. Il me ſembla que les deux in-
958 2802 3306 3014 dignes Médecins, auſſi bien que le Ma-
960 2962 3310 3190 giſtrat, étoient payés pour me déclarer
962 3113 3311 3306 ſenſé. Ils me dirent gravement: Cela
964 3270 3358 3466 ſuffit, & me renvoyerent. Le Juge parla
965 3425 3340 3637 cependant à l'oreille à quelqu'un qui
965 3579 3320 3789 ſortit ſur le champ, & courut d'un air
964 3736 3323 3930 affairé. Je témoignai aux trois perſon-
971 3889 3323 4109 nages tout le mépris qu'ils m'inſpi-
971 4062 3327 4249 roient; ce qui ne fit qu'empirer ma
974 4253 1407 4416 cauſe.
986 4353 3346 4575 Cependant, comme on ne m'avoit
975 4538 3339 4735 point prononcé de jugement, je comp-
984 4678 3361 4889 tois retourner tranquillement chez moi;
976 4818 3358 5004 mais à ma ſortie du Palais de ce Tribunal
