4266 6032
1002 321 3363 504 raiſon. Un malade, mon voiſin, me
998 503 3356 665 répondit: C'eſt pour vous donner
996 659 3347 827 les hémorrhoides. -- A propos de
995 812 3349 986 quoi? lui dis-je. -- C'eſt, reprit-il,
993 972 3339 1141 pour vous dégager la tête. -- Eé, je
990 1125 3342 1294 n'ai pas la tête malade, repartis - je.
986 1285 3358 1449 -- Et vous ne voyez donc pas, répli-
979 1440 3306 1601 qua-t-il, que, vous & moi, l'on pré-
974 1591 3328 1755 tend que nous ſommes inſenſés? Nous
977 1748 3328 1907 voilà ici dans la ſalle des fous; & vous
979 1906 3304 2065 voyez de quelle maladie on nous
976 2059 3318 2220 traite n. Je me ſentis exceſſivement
972 2216 3297 2379 humilié d'un pareil traitement. J'en de-
969 2371 3328 2530 vins furieux; mais c'étoit donner des
965 2522 3291 2683 armes contre moi que de laiſſer éclater
962 2683 3289 2843 ma fureur. Ahl m'écriai-je avec amer-
959 2836 3289 2998 tume, dans ſa loge de Bicêtre, mon
955 2991 3297 3156 pere fut moins malheureux que
956 3157 1524 3283 moin.
1003 3278 3291 3466 Les Médecins vinrent me viſiter. On
950 3457 3291 3621 m'examina beaucoup la tête; on me la
950 3614 3273 3776 frappa comme un tonneau que ſonde
945 3772 3273 3934 un Rat de cave. Quelqu'un parla de me
941 3929 3273 4094 trépaner. uMalheureux, m'écriai-je,
945 4081 3284 4246 voulez-vous me rendre fou? ai-je
947 4235 3282 4401 eu la tête fracaſſée, pour être ſoumis
947 4379 3285 4558 au trépan? Un Doſteur moins preſ-
941 4539 3365 4714 ſé, dit: Adagio. Commençons par la
938 4701 3365 4873 douche; ſi elle ne produit rien, nous
938 4847 3365 5058 en viendrons au trépan. En conſé-
2886 5022 3296 5189 quence
