4266 6032
974 223 3290 412 quence, on me mit ſous une fontaine,
983 379 3284 565 & l'on fit tomber l'eau, avec violence,
986 537 3284 708 ſur mon malheureux chef, dont on
988 692 3288 862 avoit préalablement coupé les cheveux.
991 850 3281 1025 Ohl j'eus lamtête cruellement lavéel On
990 1005 3292 1206 ſent combien je devois frémir & rougir
955 1168 3277 1327 en même temps d'un pareil traitement.
984 1320 3282 1493 Après cette trop longue épreuve, on
995 1478 3287 1674 me reporta dans mon lit, la tête ébran-
995 1629 3292 1805 lée & tout étourdie. Les cruels avoient
986 1787 3284 1970 juré que j'étois fou, ou que je le de-
996 1942 3287 2119 viendrois. Je voulois écrire à la Prin-
996 2091 3285 2326 ceſſe émelli; mais garrotté, comme je
993 2250 2938 2437 l'étois, comment pouvoir écrire?
995 2403 3280 2601 Le ſecond jour de ma détention, une
993 2557 3279 2733 tès-aimable compagnie vint voir mon
955 2711 3278 2919 voiſin le malade, avec lequel j'avois
988 2867 3277 3070 déjà lié connoiſſance, & qui paroiſſoit
950 3022 3308 3241 m'avoir pris enamitié. Il ſe trouvoit,
950 3175 3283 3384 dans la compagnie, quelques Dames
950 3334 3266 3540 très-aimables. J'y voyois, entre autres,
950 3480 3262 3693 une jeune Demoiſelle, à peu près de
950 3616 3260 3843 l'âgé de mon Amante, preſque auſſi
950 3788 3256 4013 belle qu'elle: il me ſembloit que je re-
950 3946 3249 4181 connoiſſois, dans les traits de cette
955 4100 3242 4313 chmmante penſonne, un mélange dè
956 4256 3249 4502 eux d'Adélaide & de Scintilla. Elle
957 4411 3248 4656 mémut vivement dès le premier coup-
953 4560 3239 4791 'œll je aroyois entrevoir dans ſes re-
952 4716 3234 4962 jads une impreſſion réciproque d'in-
955 4879 1586 5055 ſomn. III.
