4266 6032
759 266 3158 456 de nobleſſe & de décence qui régnoit
771 422 3163 611 dans la converſation, qu'il y avoit là
780 577 3169 765 deux prétendus fous. Je racontai quel-
788 738 3182 928 ques- unes de mes aventures, qu'on
797 890 3187 1082 parut écouter avec une ſorte d'enchan-
807 1046 3062 1218 tement, dont je fus juſtement flatté.
814 1206 3199 1384 Tandis que je jouiſſois du plaiſir que
824 1362 3210 1691 lemetent ue j'iporoit a laie
842 1669 3218 1844 une impreſſion ſi favorable ſur une com-
850 1822 3220 2002 pagnie dont j'étois ſi charmé, on vint
859 1984 3222 2147 m'enlever pour me conduire au lieu où
867 2137 3227 2305 l'on adminiſtre les douches. On pro-
877 2291 3236 2462 poſa aux Dames de leur procurer le
886 2448 3244 2616 plaiſir de ce ſpectacle. Elles me ſuivi-
895 2597 3246 2768 rent toutes, ſurpriſes & affligées de la
910 2757 3249 2922 maniere leſte & cavaliere dont on me
914 2912 3251 3079 taitoit. On me poſa & l'on m'aſſujetit
928 3072 3253 3234 htête ſous la fontaine, & l'on me lava
936 3223 3267 3390 le crâne auſſi impitoyablement que la
950 3383 3268 3543 veille. Ce traitement devoit me paroî-
952 3536 3272 3699 te humiliant; mais le ſouffrir devant
962 3693 3282 3857 ces Dames, devant la touchante Arté-
972 3839 3289 4016 miſel ô Dieu? voir ſuccéder la pitié,
984 4002 3291 4173 oui, la ſimple pitié, à l'admiration que
1002 4159 3306 4331 j'avois vue, pendant notre converſation,
996 4316 3308 4481 le peindre dans leurs yeux Je frémiſ-
1003 4456 3316 4642 ſois, &,malgré les efforts que je faiſois
1014 4622 3320 4797 poaur me contenir, l'indignation devoit
1022 4777 3327 4961 clater ſur mon viſage: Allons, mon
2762 4949 3013 5080 Ia
