<?xml version="1.0" encoding="UTF-8" standalone="no"?><PcGts xmlns="http://schema.primaresearch.org/PAGE/gts/pagecontent/2017-07-15" xmlns:xsi="http://www.w3.org/2001/XMLSchema-instance" xsi:schemaLocation="http://schema.primaresearch.org/PAGE/gts/pagecontent/2017-07-15 http://schema.primaresearch.org/PAGE/gts/pagecontent/2017-07-15/pagecontent.xsd"><Metadata><Creator/><Created>2020-10-14T10:16:53</Created><LastChange>1970-01-01T00:00:00</LastChange><Comments/></Metadata><Page imageFilename="0176.png" imageHeight="6032" imageWidth="4266"><TextRegion id="r1" orientation="-1.375" type="paragraph"><Coords points="1,1 4264,1 4264,6030 1,6030"/><TextLine id="l1"><Coords points="3288,520 3287,520 3287,518 3287,517 3065,512 3064,511 3059,511 3058,510 3059,510 3060,510 3060,509 3060,508 3061,508 3287,513 3287,513 3287,512 3287,511 2940,503 2939,502 2923,501 2923,501 2923,481 2923,480 2860,479 2859,478 2860,458 2859,458 2679,453 2677,451 2673,451 2672,450 2099,436 2099,436 2099,435 2098,434 2097,434 2096,433 1457,418 1456,419 1456,420 1456,420 1455,420 1454,420 1454,421 1454,422 1453,422 1452,422 1452,426 1451,427 1449,427 1449,427 1449,428 1448,429 1447,429 1444,432 1442,432 1442,432 1442,433 1441,434 1440,434 1440,434 1440,436 1438,438 1433,437 1432,438 1058,429 1058,430 1058,431 1057,432 1057,437 1056,438 1055,441 1055,441 1049,441 1048,442 1048,443 1048,443 1046,443 1043,446 1043,448 1043,448 1029,448 1027,450 1022,450 1021,449 996,448 991,443 989,443 988,442 988,440 986,438 985,438 984,436 984,432 983,431 983,422 986,419 986,417 987,417 988,417 988,416 988,398 989,397 990,391 991,390 991,357 992,356 993,350 993,350 995,350 996,349 996,345 996,345 997,345 998,345 998,344 998,343 999,343 1000,343 1000,342 1000,341 1001,341 1003,339 1009,339 1010,339 1010,337 1010,336 1011,336 1012,336 1012,335 1013,334 1017,334 1018,333 1076,335 1077,334 1210,337 1211,337 1211,336 1213,334 1250,335 1251,334 1267,334 1268,333 1325,335 1326,334 1556,339 1556,339 1557,305 1558,303 1559,303 1561,302 1568,302 1569,303 1574,303 1576,304 1576,307 1579,310 1579,312 1581,314 1581,316 1581,317 1582,317 1583,318 1583,319 1584,320 1585,320 1586,322 1586,324 1587,324 1588,324 1588,325 1588,326 1589,326 2486,348 2486,347 2486,334 2487,334 2491,334 2492,333 2508,333 2510,336 2510,353 2510,353 2745,359 2746,358 2747,331 2747,331 2751,331 2752,332 2751,359 2751,359 2755,359 2756,359 2757,325 2757,324 2764,324 2765,325 2763,327 2762,359 2762,359 3150,369 3151,368 3151,364 3153,362 3153,360 3154,360 3156,360 3161,355 3165,355 3165,356 3165,360 3166,360 3168,360 3169,362 3169,375 3169,375 3231,377 3232,377 3232,378 3232,379 3233,379 3234,379 3234,380 3235,381 3234,387 3235,388 3265,388 3265,389 3265,400 3266,400 3271,401 3272,402 3272,406 3272,407 3274,407 3277,409 3277,411 3277,412 3278,412 3279,412 3279,414 3282,417 3282,422 3283,423 3282,442 3283,443 3292,443 3292,444 3292,458 3292,458 3298,458 3299,459 3299,463 3302,466 3301,468 3303,470 3303,477 3303,477 3300,477 3299,478 3299,479 3298,480 3298,483 3296,485 3296,487 3292,491 3291,520 3291,520"/><TextEquiv><Unicode/></TextEquiv><TextEquiv index="1"><Unicode>gueurs, à me mettre dans cet état</Unicode></TextEquiv></TextLine><TextLine id="l2"><Coords points="3096,668 3096,667 3095,666 3089,666 3088,665 3088,645 3088,644 3084,644 3082,643 3083,623 3082,622 3055,621 3052,618 3043,618 3042,617 2988,616 2987,615 2914,613 2914,613 2914,612 2913,611 2800,608 2800,609 2799,646 2799,646 2786,646 2785,645 2786,608 2785,608 2730,607 2730,607 2730,610 2728,612 2728,617 2727,618 2723,617 2723,618 2723,620 2722,620 2721,620 2721,621 2721,623 2720,623 2718,623 2718,624 2718,625 2716,626 2716,627 2716,627 2715,627 2714,628 2702,628 2701,627 2702,625 2701,625 2606,623 2606,622 2606,609 2605,609 2584,608 2584,608 2584,607 2583,606 2579,606 2577,603 2572,603 2570,601 2419,597 2418,598 2414,598 2413,599 2324,597 2323,597 2322,635 2322,636 2282,635 2279,632 2280,596 2280,596 2220,594 2219,594 2219,593 2219,592 2009,587 2008,588 2008,592 2008,592 1997,592 1994,589 1994,587 1994,587 1993,587 1992,586 1992,583 1992,583 1868,580 1866,582 1848,581 1847,582 1820,582 1817,585 1807,584 1806,585 1805,584 1798,584 1796,582 1532,576 1531,576 1531,611 1527,615 1515,615 1514,615 1512,613 1493,613 1492,612 1493,610 1492,609 1492,573 1492,573 1385,570 1383,572 1373,572 1370,570 1371,568 1370,567 1249,564 1249,565 1247,609 1247,609 1230,609 1229,608 1230,567 1230,567 1223,566 1222,567 1172,566 1171,567 1148,567 1146,565 1141,565 1140,563 1043,561 1041,559 1041,557 1040,556 1039,556 1038,555 1020,555 1017,552 1010,551 1010,551 1010,549 1007,546 1007,544 1005,541 1003,541 998,537 999,522 998,521 998,515 1002,511 1002,507 1003,505 1009,505 1010,505 1010,501 1012,499 1014,499 1016,497 1017,498 1017,497 1017,496 1018,496 1020,496 1022,494 1027,494 1027,493 1027,491 1028,491 1033,491 1033,491 1033,495 1034,496 1165,499 1165,499 1165,494 1167,492 1167,490 1168,489 1168,487 1169,486 1170,486 1170,486 1170,484 1171,483 1172,480 1174,478 1174,475 1175,474 1175,470 1177,468 1177,466 1177,465 1178,465 1179,465 1179,464 1180,463 1180,460 1182,458 1182,453 1183,452 1187,453 1189,451 1196,451 1196,451 1196,452 1197,453 1370,457 1372,455 1378,455 1379,456 1381,456 1383,458 1387,458 1387,459 1387,462 1388,462 1389,462 1390,464 1391,464 1392,465 1391,500 1392,501 1505,503 1509,499 1583,501 1585,499 1616,500 1616,499 1617,471 1622,467 1622,465 1624,463 1642,463 1644,466 1760,468 1761,467 1763,467 1765,465 1766,465 1767,464 1767,463 1768,463 1782,463 1784,465 1791,465 1791,466 1791,467 1792,467 1793,467 1794,469 1793,505 1794,505 1842,506 1843,507 1885,508 1887,511 1887,512 1887,512 2014,515 2015,514 2070,516 2071,515 2075,515 2078,513 2181,515 2183,514 2186,515 2186,514 2186,511 2188,510 2231,511 2232,510 2235,510 2235,510 2235,519 2235,520 2338,522 2340,520 2344,520 2345,521 2345,522 2345,522 2523,527 2524,526 2524,517 2525,516 2525,510 2526,510 2527,510 2527,509 2527,505 2529,503 2529,499 2530,499 2532,499 2533,498 2533,497 2539,492 2539,490 2539,489 2545,489 2547,487 2548,487 2549,486 2555,486 2556,486 2556,485 2557,483 2567,484 2568,484 2568,486 2570,489 2574,489 2575,489 2575,490 2575,491 2576,491 2577,491 2577,497 2578,498 2577,529 2577,530 2657,532 2658,531 2658,530 2658,530 2666,530 2668,532 2793,535 2794,535 2795,496 2796,494 2806,494 2807,493 2815,494 2816,494 2816,498 2816,499 2939,502 2940,503 2943,503 2944,503 2943,511 2944,512 3058,514 3058,514 3058,511 3059,511 3064,511 3065,512 3076,512 3076,512 3075,548 3076,549 3136,550 3136,550 3137,546 3138,544 3139,545 3140,545 3142,547 3141,554 3142,555 3306,558 3307,557 3309,558 3309,558 3309,559 3309,560 3303,559 3302,560 3301,608 3301,608 3300,608 3299,609 3299,613 3297,615 3297,616 3296,617 3296,618 3295,618 3283,618 3283,618 3282,669 3281,670 3277,670 3277,669 3278,618 3277,618 3268,618 3268,618 3267,635 3263,639 3249,639 3248,639 3248,637 3247,635 3121,632 3120,633 3120,666 3117,668 3097,667 3096,668"/><TextEquiv><Unicode/></TextEquiv><TextEquiv index="1"><Unicode>Ahl qu'oſez-vous penſer, lui répon-</Unicode></TextEquiv></TextLine><TextLine id="l3"><Coords points="2987,814 2970,813 2969,813 2969,810 2969,809 2686,803 2685,802 2686,764 2686,764 2138,750 2137,751 2132,751 2131,750 2005,747 2004,747 2004,746 2004,745 1540,734 1539,736 1538,738 1536,740 1536,742 1535,743 1535,745 1533,747 1527,747 1526,747 1526,748 1526,749 1525,749 1524,749 1524,750 1523,752 1513,751 1512,752 1391,750 1390,750 1390,751 1389,752 1389,756 1388,757 1387,756 1387,757 1387,759 1386,759 1385,759 1385,760 1385,762 1383,763 1382,763 1381,764 1380,764 1380,765 1380,766 1379,766 1373,766 1373,767 1373,768 1372,768 1361,768 1361,767 1362,727 1361,727 1191,723 1190,722 1160,721 1159,720 1012,716 1012,716 1012,714 1011,713 985,713 984,711 985,662 984,661 984,659 983,658 983,656 983,656 982,656 981,655 982,646 982,646 1170,650 1171,649 1180,649 1182,648 1182,613 1183,613 1187,613 1189,611 1191,611 1192,610 1193,610 1195,608 1248,609 1250,611 1251,611 1251,612 1251,614 1252,614 1390,618 1392,620 1392,622 1394,624 1394,648 1394,649 1905,661 1905,660 1906,632 1907,632 1908,632 1908,631 1908,630 1909,630 1913,630 1915,628 2282,637 2282,636 2282,635 2283,635 2322,636 2322,636 2322,639 2323,640 2784,651 2785,650 2785,646 2786,646 2834,647 2835,649 2837,649 2840,652 2909,654 2911,656 2916,656 2917,657 2935,658 2936,659 2940,659 2947,665 2947,667 2947,668 2949,668 2950,669 2951,669 2952,670 2953,670 2954,672 2954,675 2955,676 2955,678 2956,678 3234,685 3234,685 3234,693 3235,694 3283,695 3284,696 3283,725 3284,726 3285,726 3285,727 3285,746 3285,746 3307,747 3308,747 3308,749 3306,751 3306,755 3305,755 3304,755 3303,756 3299,756 3299,757 3298,767 3294,771 3292,771 3290,773 3261,772 3260,773 3260,783 3259,783 3258,783 3258,784 3258,788 3255,790 3253,790 3251,792 2989,786 2989,786 2988,814 2988,815"/><TextEquiv><Unicode/></TextEquiv><TextEquiv index="1"><Unicode>dis-je, ma chere Adélaide? Pouvez</Unicode></TextEquiv></TextLine><TextLine id="l4"><Coords points="3168,979 3165,977 3165,971 3165,970 2832,962 2831,962 2832,925 2832,924 1304,888 1304,888 1303,920 1303,920 1286,920 1285,920 1286,884 1285,883 1166,880 1165,879 1165,878 1165,877 1001,873 1000,873 1000,872 1000,871 984,871 979,866 980,814 979,812 979,806 981,804 1044,805 1045,805 1045,784 1046,783 1048,783 1048,783 1048,781 1049,780 1513,791 1513,791 1514,777 1515,776 1518,776 1519,775 1523,775 1525,773 2269,791 2270,790 2272,790 2274,788 2294,788 2296,790 2504,795 2505,797 2505,798 2506,798 2698,803 2699,804 2699,806 2700,807 2987,814 2988,815 2988,821 2988,822 3229,828 3230,828 3230,839 3230,840 3304,841 3304,842 3304,847 3306,849 3306,854 3305,855 3304,892 3304,893 3303,892 3302,893 3299,893 3298,894 3298,908 3296,910 3296,912 3295,913 3294,946 3287,952 3285,952 3284,953 3197,951 3197,951 3196,976 3194,979 3177,978 3176,979"/><TextEquiv><Unicode/></TextEquiv><TextEquiv index="1"><Unicode>vous donc vous réſoudre à croire que</Unicode></TextEquiv></TextLine><TextLine id="l5"><Coords points="1396,1100 1394,1097 1394,1083 1394,1083 1383,1082 1382,1082 1382,1081 1382,1080 1164,1075 1163,1075 1163,1073 1163,1072 1135,1072 1134,1071 1134,1069 1134,1068 1133,1068 1132,1068 1133,1065 1132,1064 1132,1029 1132,1028 1013,1026 1012,1025 1012,1023 1012,1023 985,1022 984,1021 982,1021 981,1019 982,965 981,964 981,959 982,959 1030,960 1031,959 1031,955 1032,955 1142,958 1142,957 1143,928 1144,927 1144,925 1145,924 1174,924 1176,922 1177,922 1179,921 1179,919 1182,917 2017,937 2018,936 2019,936 2020,935 2032,935 2033,936 2034,936 2035,937 2035,938 2035,938 3100,964 3101,965 3101,966 3102,967 3103,967 3103,967 3103,968 3104,969 3106,969 3108,971 3325,976 3325,977 3324,978 3109,973 3108,973 3109,974 3112,974 3112,974 3112,978 3113,979 3113,980 3114,981 3250,984 3253,988 3253,993 3255,995 3254,1028 3254,1028 3281,1029 3282,1030 3282,1031 3282,1031 3284,1031 3291,1038 3291,1041 3291,1041 3293,1041 3294,1042 3294,1046 3294,1046 3296,1046 3297,1047 3297,1048 3298,1049 3297,1072 3298,1073 3297,1074 3296,1098 3296,1098 3293,1098 3292,1099 3292,1101 3290,1103 3288,1103 3287,1104 3287,1105 3287,1105 3286,1105 3285,1106 3285,1107 3285,1107 3283,1107 3282,1108 2956,1100 2955,1101 2955,1121 2954,1121 2137,1102 2136,1103 2133,1102 2132,1103 1419,1086 1418,1087 1418,1094 1416,1096 1416,1098 1415,1098 1409,1098 1409,1099 1409,1100 1408,1100"/><TextEquiv><Unicode/></TextEquiv><TextEquiv index="1"><Unicode>j'ai perdu l'uſage de la raiſon? Ne</Unicode></TextEquiv></TextLine><TextLine id="l6"><Coords points="3316,1291 3267,1290 3267,1289 3267,1258 3267,1258 3264,1258 3263,1257 3239,1256 3236,1253 3217,1253 3215,1250 3037,1246 3037,1247 3037,1254 3035,1255 3034,1255 3033,1256 3033,1262 3031,1264 3031,1266 3027,1269 3027,1271 3026,1273 3024,1273 3017,1279 3015,1279 3012,1282 3006,1281 3005,1282 2995,1282 2993,1280 2983,1280 2982,1279 2977,1279 2972,1273 2970,1273 2967,1270 2965,1269 2964,1268 2961,1268 2960,1268 2960,1264 2959,1263 2960,1253 2959,1252 2959,1243 2958,1242 2947,1242 2947,1242 2947,1238 2946,1237 2898,1236 2897,1234 2897,1233 2896,1233 2633,1226 2632,1227 2579,1226 2578,1227 2576,1227 2575,1228 2575,1229 2574,1229 2532,1228 2532,1229 2532,1237 2531,1238 2531,1249 2529,1250 2529,1252 2527,1254 2516,1254 2515,1254 2515,1257 2515,1258 2513,1258 2508,1263 2507,1262 2506,1263 2504,1263 2503,1264 2503,1265 2503,1265 2501,1265 2500,1266 2475,1266 2474,1265 2470,1265 2468,1263 2351,1260 2348,1263 2340,1262 2339,1263 2337,1263 2336,1263 2336,1262 2336,1261 2334,1261 2329,1257 2330,1221 2330,1220 2198,1217 2197,1218 2196,1255 2196,1255 2160,1254 2159,1254 2160,1213 2160,1212 2091,1210 2090,1211 1990,1209 1989,1210 1989,1237 1988,1237 1984,1237 1984,1236 1984,1212 1984,1212 1924,1210 1923,1211 1826,1209 1825,1210 1824,1247 1823,1248 1801,1248 1800,1249 1799,1248 1798,1249 1783,1249 1781,1248 1782,1240 1781,1239 1781,1209 1781,1208 1674,1205 1673,1206 1666,1206 1665,1205 1664,1205 1663,1204 1603,1203 1602,1202 1602,1201 1602,1201 1596,1201 1594,1199 1588,1198 1586,1196 1584,1196 1583,1196 1584,1195 1582,1193 1467,1191 1467,1191 1466,1195 1464,1197 1464,1198 1463,1199 1446,1199 1445,1198 1417,1197 1416,1198 1416,1234 1415,1234 1404,1234 1404,1234 1404,1197 1404,1196 1385,1196 1384,1195 1221,1191 1219,1193 1211,1192 1210,1193 1208,1191 1201,1191 1200,1190 1199,1190 1196,1187 1136,1186 1136,1185 1136,1184 1135,1184 1019,1181 1018,1182 986,1181 985,1180 979,1180 979,1179 979,1169 981,1167 981,1165 982,1164 983,1117 986,1115 991,1115 992,1116 1136,1120 1136,1119 1136,1117 1139,1115 1144,1115 1146,1112 1146,1107 1148,1106 1148,1096 1149,1095 1149,1088 1149,1088 1150,1088 1151,1087 1151,1085 1155,1082 1156,1082 1157,1081 1158,1081 1158,1081 1158,1078 1159,1077 1162,1077 1164,1075 1198,1076 1199,1077 1201,1077 1201,1078 1200,1111 1201,1111 1285,1113 1285,1114 1285,1115 1286,1115 1450,1119 1451,1120 1452,1120 1452,1121 1452,1123 1454,1125 1454,1127 1455,1127 1459,1127 1459,1128 1459,1129 1460,1129 1466,1129 1466,1130 1466,1136 1466,1136 1582,1139 1585,1137 1585,1135 1585,1134 1587,1134 1591,1131 1591,1130 1593,1129 1600,1129 1600,1128 1600,1127 1601,1127 1883,1133 1883,1133 1883,1132 1884,1131 1886,1132 1887,1131 1899,1131 1900,1132 1973,1134 1973,1134 1973,1136 1974,1137 2090,1139 2092,1138 2118,1139 2118,1139 2118,1138 2119,1137 2121,1137 2121,1137 2121,1135 2122,1134 2124,1134 2126,1136 2342,1141 2342,1141 2343,1117 2345,1115 2345,1113 2346,1112 2346,1111 2349,1108 2357,1108 2360,1110 2360,1112 2360,1113 2362,1113 2364,1115 2364,1121 2365,1122 2364,1124 2365,1124 2385,1125 2386,1126 2386,1140 2387,1141 2518,1144 2518,1145 2631,1147 2632,1147 2632,1145 2634,1143 2635,1144 2635,1144 2635,1147 2635,1148 2638,1148 2639,1149 2644,1149 2646,1150 2646,1152 2646,1153 2730,1155 2731,1154 2732,1117 2733,1116 2751,1116 2752,1117 2752,1118 2754,1120 2754,1122 2754,1122 2755,1122 2756,1123 2756,1125 2757,1126 2756,1155 2756,1155 2799,1156 2800,1156 2800,1155 2800,1155 2882,1156 2883,1155 2889,1156 2890,1155 2893,1155 2894,1154 2895,1124 2895,1124 2897,1124 2898,1123 2898,1121 2900,1119 2910,1119 2911,1120 2954,1121 2955,1122 2955,1123 2957,1125 2957,1127 2958,1128 2957,1160 2957,1160 3057,1163 3058,1162 3058,1160 3058,1160 3126,1161 3127,1161 3127,1151 3129,1149 3234,1152 3234,1151 3234,1141 3237,1139 3247,1139 3248,1141 3248,1153 3248,1153 3324,1155 3325,1156 3325,1160 3324,1160 3323,1160 3323,1161 3323,1162 3322,1162 3316,1162 3316,1162 3315,1201 3313,1203 3311,1203 3311,1203 3311,1205 3310,1206 3308,1276 3309,1277 3327,1277 3327,1278 3327,1280 3326,1280 3308,1280 3308,1280 3308,1288 3308,1289 3317,1289 3318,1289 3318,1291 3317,1292"/><TextEquiv><Unicode/></TextEquiv><TextEquiv index="1"><Unicode>ſeroit - ce pas me juger indigne de</Unicode></TextEquiv></TextLine><TextLine id="l7"><Coords points="1677,1402 1676,1401 1675,1401 1673,1399 1390,1392 1389,1391 1255,1387 1255,1387 1256,1352 1255,1351 1170,1349 1170,1349 1170,1348 1169,1347 1168,1347 1168,1347 1168,1343 1166,1341 979,1337 979,1336 979,1335 977,1333 977,1328 978,1327 979,1274 982,1272 1141,1276 1141,1275 1142,1273 1142,1273 1172,1273 1173,1272 1240,1274 1241,1273 1245,1273 1248,1270 1256,1270 1257,1270 1403,1273 1404,1273 1405,1235 1405,1234 1600,1239 1602,1241 2197,1255 2197,1256 2197,1257 2198,1257 2229,1258 2231,1260 2231,1262 2232,1263 3123,1284 3124,1285 3124,1286 3124,1286 3316,1291 3317,1291 3316,1292 3297,1291 3297,1292 3295,1382 3294,1382 3290,1382 3289,1383 3262,1383 3261,1383 3261,1405 3260,1406 3255,1405 3254,1406 3253,1406 3253,1407 3253,1412 3251,1414 3251,1416 3249,1418 3249,1419 3247,1420 2941,1413 2941,1413 2940,1427 2940,1428 2898,1427 2897,1427 2897,1428 2897,1429 1713,1400 1711,1402"/><TextEquiv><Unicode/></TextEquiv><TextEquiv index="1"><Unicode>vous, &amp; par conſéquent me condam-</Unicode></TextEquiv></TextLine><TextLine id="l8"><Coords points="2027,1566 2025,1564 2023,1564 2023,1563 2023,1562 2022,1562 2021,1562 2021,1561 2021,1558 2020,1558 1784,1552 1782,1551 1783,1521 1782,1520 1600,1516 1600,1515 1600,1514 1599,1514 1595,1514 1594,1513 1239,1504 1239,1504 1239,1503 1239,1502 1237,1502 1236,1501 1139,1499 1138,1498 987,1494 986,1493 979,1493 978,1492 978,1491 976,1489 978,1434 976,1433 974,1433 974,1432 974,1428 974,1428 975,1428 976,1427 976,1426 976,1426 1135,1430 1136,1429 1136,1428 1137,1427 1137,1425 1137,1425 1139,1425 1141,1423 1252,1425 1253,1425 1254,1388 1254,1387 3004,1429 3004,1429 3004,1428 3005,1427 3026,1428 3026,1429 3026,1432 3027,1432 3130,1434 3134,1439 3134,1440 3135,1441 3199,1442 3199,1443 3199,1445 3199,1445 3274,1447 3275,1447 3275,1448 3275,1449 3278,1449 3279,1450 3279,1454 3280,1455 3280,1456 3280,1456 3298,1457 3299,1457 3299,1465 3300,1466 3299,1467 3299,1468 3298,1468 3297,1469 3296,1468 3295,1469 3287,1469 3286,1470 3285,1511 3285,1511 3284,1511 3283,1512 3282,1559 3282,1559 3281,1559 3277,1563 3277,1565 3276,1566 3093,1562 3092,1562 3091,1591 3091,1592"/><TextEquiv><Unicode/></TextEquiv><TextEquiv index="1"><Unicode>ner à ne vous poſſéder jamais? Aht</Unicode></TextEquiv></TextLine><TextLine id="l9"><Coords points="3122,1750 3122,1750 3122,1749 3121,1748 2275,1728 2275,1728 2275,1725 2275,1724 1501,1705 1500,1705 1501,1666 1501,1665 1276,1660 1273,1657 974,1650 972,1648 973,1646 972,1645 973,1593 972,1592 972,1587 977,1583 1131,1587 1132,1586 1132,1585 1133,1585 1139,1585 1139,1584 1139,1583 1140,1583 1169,1583 1170,1582 1212,1584 1213,1583 1277,1584 1278,1583 1503,1588 1503,1588 1504,1557 1507,1554 3091,1592 3091,1592 3091,1594 3092,1595 3093,1595 3093,1595 3093,1596 3094,1597 3095,1597 3095,1597 3094,1631 3095,1632 3290,1636 3291,1638 3291,1646 3292,1647 3292,1664 3292,1664 3296,1665 3297,1665 3297,1670 3294,1673 3294,1674 3292,1675 3292,1676 3291,1677 3291,1680 3290,1681 3286,1681 3285,1682 3285,1710 3284,1711 3284,1713 3283,1714 3282,1717 3282,1717 3278,1717 3276,1719 3274,1719 3273,1720 3209,1718 3208,1719 3208,1743 3207,1743 3206,1743 3206,1744 3206,1745 3205,1745 3187,1745 3187,1745 3187,1747 3184,1750 3182,1750 3182,1750 3182,1751 3181,1752"/><TextEquiv><Unicode/></TextEquiv><TextEquiv index="1"><Unicode>mes cheres amies, je prouverai que</Unicode></TextEquiv></TextLine><TextLine id="l10"><Coords points="3142,1905 3141,1904 2114,1879 2112,1877 2102,1877 2100,1875 2101,1841 2101,1841 1911,1836 1909,1834 1907,1834 1906,1834 1906,1833 1906,1832 1601,1825 1600,1824 1598,1824 1597,1823 1370,1817 1369,1816 999,1807 997,1805 978,1805 976,1802 976,1790 974,1788 974,1784 975,1784 976,1784 976,1783 977,1740 979,1739 1136,1743 1136,1742 1136,1741 1140,1738 1167,1738 1168,1737 1217,1739 1218,1738 1270,1739 1271,1738 1496,1743 1496,1743 1497,1708 1500,1705 1570,1707 1572,1705 1576,1705 1576,1705 1576,1704 1577,1703 1582,1703 1584,1705 1585,1705 1586,1707 2007,1717 2010,1720 2012,1720 2013,1721 2681,1737 2682,1738 2832,1741 2833,1742 2834,1742 2835,1744 3209,1752 3210,1753 3210,1755 3211,1756 3210,1757 3212,1759 3212,1762 3213,1763 3296,1765 3296,1765 3296,1766 3296,1767 3295,1767 3294,1767 3294,1773 3294,1774 3293,1773 3292,1774 3290,1774 3289,1775 3287,1865 3286,1865 3280,1865 3280,1866 3280,1872 3279,1872 3275,1872 3273,1874 3155,1871 3155,1872 3154,1902 3154,1902 3327,1906 3328,1907 3328,1908 3327,1908 3154,1904 3153,1905"/><TextEquiv><Unicode/></TextEquiv><TextEquiv index="1"><Unicode>ma raiſon n'eſt point aliénée. Mes</Unicode></TextEquiv></TextLine><TextLine id="l11"><Coords points="1533,2021 1532,2020 1450,2018 1450,2018 1450,2008 1449,2007 1085,1999 1084,1998 1084,1997 1084,1997 1083,1997 1082,1996 1082,1993 1082,1993 1080,1992 1077,1990 1077,1985 1077,1984 1070,1984 1069,1984 1070,1981 1069,1980 1069,1973 1068,1972 973,1970 972,1968 972,1966 971,1965 971,1944 971,1944 963,1944 962,1943 963,1938 962,1937 962,1936 963,1935 971,1935 972,1934 972,1924 974,1922 974,1920 974,1920 975,1920 976,1919 976,1917 977,1916 977,1912 979,1911 979,1909 980,1908 981,1908 981,1908 981,1907 982,1906 983,1906 983,1906 983,1905 984,1904 986,1904 992,1898 998,1898 999,1897 1001,1898 1003,1896 1012,1896 1014,1894 1019,1894 1020,1893 1020,1857 1022,1856 1024,1856 1025,1855 1030,1855 1031,1855 1031,1854 1031,1853 1040,1853 1041,1852 2174,1880 2175,1879 2183,1879 2183,1879 2183,1881 2184,1882 3154,1905 3155,1906 3155,1910 3156,1911 3156,1919 3156,1919 3328,1923 3329,1924 3328,1949 3327,1949 3292,1949 3292,1949 3292,1966 3289,1968 3289,1970 3289,1970 3288,1970 3287,1971 3287,2004 3286,2005 3285,2027 3285,2027 3278,2027 3277,2028 3214,2027 3213,2027 3213,2038 3212,2039 3053,2035 3053,2035 3053,2039 3051,2041 3051,2046 3050,2047 3048,2047 3043,2052 3039,2051 3038,2052 2605,2042 2604,2043 2604,2045 2604,2045 1540,2020 1538,2021"/><TextEquiv><Unicode/></TextEquiv><TextEquiv index="1"><Unicode>deux anges tutélaires commençoient</Unicode></TextEquiv></TextLine><TextLine id="l12"><Coords points="3212,2253 3212,2252 3212,2247 3211,2247 3036,2242 3036,2242 3037,2179 3037,2178 2932,2176 2929,2173 2296,2158 2296,2158 2295,2170 2295,2171 2294,2171 2293,2171 2293,2172 2293,2173 2292,2173 2291,2173 2291,2184 2288,2187 2285,2186 2283,2189 2283,2190 2282,2190 2280,2190 2278,2192 2273,2192 2272,2193 2270,2193 2268,2195 2261,2195 2259,2193 2235,2192 2235,2192 2235,2191 2234,2190 2231,2190 2231,2190 2231,2189 2230,2188 2228,2188 2227,2187 2225,2187 2224,2185 2224,2183 2223,2182 2223,2178 2223,2178 2222,2178 2221,2177 2221,2176 2221,2176 2220,2176 2219,2175 2220,2154 2219,2154 1651,2140 1651,2141 1650,2176 1649,2176 1645,2176 1645,2175 1641,2175 1640,2174 1640,2158 1640,2158 1618,2157 1616,2156 1617,2154 1616,2153 1616,2139 1615,2138 1164,2128 1163,2127 1163,2126 1163,2125 1148,2125 1145,2122 994,2118 993,2118 993,2117 993,2116 987,2116 986,2116 986,2115 986,2114 980,2114 979,2113 977,2113 976,2113 976,2112 976,2111 975,2111 974,2110 974,2109 974,2109 973,2109 972,2108 973,2104 972,2103 972,2079 974,2078 975,2078 975,2077 976,2054 983,2047 984,2047 985,2047 986,2007 986,2006 997,2006 998,2006 1111,2008 1112,2009 1195,2011 1196,2012 1747,2025 1748,2025 1761,2025 1762,2025 1762,2026 1762,2027 1773,2027 1776,2030 1776,2031 1777,2032 1779,2032 1779,2033 1779,2037 1780,2037 1781,2037 1781,2038 1781,2039 1782,2040 1782,2053 1782,2053 2185,2063 2186,2063 2186,2061 2187,2059 2455,2065 2456,2065 2456,2048 2460,2045 2462,2045 2463,2044 2472,2044 2472,2043 2472,2042 2473,2042 2604,2045 2604,2046 2604,2047 2605,2047 2606,2047 2606,2048 2606,2049 2607,2049 2608,2049 2608,2050 2608,2063 2608,2063 3245,2078 3246,2078 3246,2076 3247,2074 3248,2075 3249,2075 3249,2079 3249,2080 3253,2080 3254,2080 3253,2102 3254,2103 3290,2104 3291,2105 3291,2106 3291,2107 3290,2107 3289,2107 3289,2115 3287,2116 3286,2116 3286,2117 3285,2174 3282,2176 3280,2176 3275,2181 3271,2181 3270,2182 3270,2183 3270,2183 3219,2182 3218,2182 3217,2252 3216,2253"/><TextEquiv><Unicode/></TextEquiv><TextEquiv index="1"><Unicode>à le croire, &amp; me regardoient avec une</Unicode></TextEquiv></TextLine><TextLine id="l13"><Coords points="1536,2330 1535,2330 1536,2293 1536,2292 1229,2285 1227,2283 1225,2283 1223,2281 1221,2281 1220,2280 1051,2276 1050,2275 985,2273 983,2271 971,2271 969,2269 967,2269 967,2268 968,2212 967,2211 968,2210 973,2210 974,2209 974,2207 975,2207 976,2207 976,2207 976,2205 979,2202 985,2202 985,2202 986,2179 986,2178 988,2178 990,2176 992,2176 995,2174 995,2172 996,2171 1000,2171 1003,2168 1003,2166 1004,2166 1007,2166 1007,2165 1007,2164 1008,2164 1010,2164 1012,2162 1014,2162 1015,2161 1024,2161 1024,2161 1024,2160 1025,2159 1037,2159 1038,2158 1039,2159 1040,2160 1081,2161 1081,2161 1080,2196 1081,2197 1081,2199 1082,2200 1348,2206 1348,2205 1349,2175 1350,2174 1353,2174 1354,2173 1386,2174 1390,2171 1636,2177 1637,2176 1639,2176 1641,2175 1703,2176 1705,2176 1722,2176 1722,2176 1722,2177 1722,2178 1723,2178 1724,2178 1724,2180 1727,2184 1726,2216 1727,2216 1863,2219 1863,2220 1863,2223 1862,2223 1788,2222 1788,2222 1788,2232 1788,2233 1790,2233 1791,2233 1790,2265 1790,2266 1797,2266 1800,2269 1802,2269 1803,2269 1803,2271 1806,2274 1806,2280 1807,2281 1806,2287 1803,2290 1803,2292 1801,2295 1795,2295 1794,2295 1794,2296 1794,2297 1745,2295 1744,2296 1744,2297 1744,2297 1546,2293 1545,2293 1544,2330 1544,2331"/><TextEquiv><Unicode/></TextEquiv><TextEquiv index="1"><Unicode>ſorte d'extaſe.</Unicode></TextEquiv></TextLine><TextLine id="l14"><Coords points="1797,2491 1796,2490 1797,2452 1797,2452 1427,2443 1426,2442 1269,2438 1268,2437 1158,2434 1153,2429 1151,2429 1151,2429 1153,2353 1152,2352 1133,2352 1131,2349 1131,2329 1132,2328 1132,2321 1133,2321 1139,2321 1139,2320 1139,2319 1140,2319 1170,2320 1170,2319 1170,2317 1171,2317 1172,2317 1174,2315 1178,2315 1179,2316 1179,2318 1181,2320 1263,2322 1263,2322 1263,2323 1264,2324 1548,2331 1550,2333 1550,2335 1551,2336 1552,2336 1552,2336 1552,2340 1554,2342 1554,2344 1557,2348 1558,2348 1559,2349 1559,2352 1559,2352 1560,2352 1561,2353 1561,2356 1561,2356 2440,2377 2440,2377 2441,2358 2443,2356 2443,2353 2443,2352 2448,2352 2451,2350 2452,2350 2453,2350 2909,2360 2910,2359 3100,2364 3101,2364 3101,2360 3103,2358 3104,2358 3105,2360 3105,2380 3105,2380 3136,2381 3138,2383 3138,2396 3139,2397 3158,2397 3158,2397 3160,2337 3160,2336 3164,2337 3165,2337 3163,2397 3164,2398 3168,2398 3169,2399 3169,2401 3170,2402 3227,2403 3228,2404 3279,2405 3280,2406 3279,2433 3278,2434 3276,2434 3275,2435 3275,2436 3275,2436 3274,2436 3273,2437 3272,2485 3268,2488 3239,2487 3239,2488 3239,2491 3238,2491 3224,2491 3223,2490 2391,2470 2389,2472 1939,2461 1938,2462 1937,2494 1937,2494"/><TextEquiv><Unicode/></TextEquiv><TextEquiv index="1"><Unicode>Tout à coup on vient m'enleve</Unicode></TextEquiv></TextLine><TextLine id="l15"><Coords points="2334,2665 2333,2664 2333,2663 2333,2663 2329,2663 2328,2662 2317,2661 2317,2661 2317,2660 2316,2659 2312,2659 2312,2659 2312,2657 2311,2656 2309,2656 2307,2654 2307,2652 2306,2651 2304,2651 2303,2649 2303,2644 2302,2643 2302,2622 2302,2622 2217,2620 2216,2619 2215,2619 2214,2618 2212,2618 2212,2617 2212,2616 2211,2616 2205,2616 2204,2615 2131,2613 2131,2613 2130,2653 2129,2654 2121,2654 2121,2653 2122,2613 2121,2613 2097,2612 2096,2613 2032,2611 2032,2612 2032,2613 2031,2613 2030,2613 2030,2614 2030,2615 2029,2615 2028,2615 2028,2616 2027,2621 2025,2623 2025,2626 2021,2630 2016,2630 2014,2632 2012,2632 2011,2632 2011,2633 2011,2634 2002,2634 2001,2633 2001,2632 2001,2632 2000,2632 1999,2631 2000,2616 1999,2616 1950,2615 1949,2613 1949,2612 1948,2611 1930,2611 1929,2610 1924,2610 1921,2607 1919,2607 1919,2607 1918,2648 1917,2649 1911,2649 1911,2648 1912,2607 1911,2607 1799,2604 1799,2604 1798,2645 1797,2646 1787,2646 1786,2644 1787,2604 1786,2604 1782,2603 1781,2604 1757,2604 1755,2606 1753,2606 1753,2606 1753,2607 1752,2608 1750,2608 1748,2610 1741,2610 1740,2610 1737,2610 1735,2608 1731,2608 1728,2605 1660,2604 1660,2603 1660,2599 1657,2596 1657,2594 1655,2592 1655,2588 1655,2587 1654,2587 1653,2587 1653,2583 1652,2582 1652,2575 1650,2573 1651,2571 1650,2570 1648,2570 1648,2570 1648,2561 1646,2559 1646,2554 1645,2553 1645,2549 1643,2547 1643,2544 1643,2543 1580,2542 1579,2542 1578,2593 1577,2594 1576,2594 1576,2594 1576,2598 1575,2599 1574,2598 1573,2599 1568,2599 1566,2601 1552,2601 1551,2600 1417,2597 1415,2599 1407,2598 1406,2599 1395,2599 1394,2598 1391,2598 1389,2596 1384,2596 1382,2594 1380,2594 1379,2593 1278,2590 1278,2591 1278,2592 1277,2592 1275,2592 1274,2591 1258,2591 1257,2590 1098,2586 1097,2587 1093,2587 1093,2587 1093,2588 1092,2589 1043,2588 1043,2588 1043,2595 1042,2596 1040,2596 1040,2595 1040,2592 1039,2592 1012,2591 1012,2590 1012,2589 1011,2589 1007,2589 1005,2586 1005,2584 1005,2584 1003,2584 1002,2583 1002,2579 1002,2579 1000,2579 998,2577 994,2577 993,2576 989,2575 987,2573 982,2573 981,2573 981,2571 981,2570 980,2570 979,2570 979,2569 979,2568 977,2568 976,2568 976,2564 976,2563 975,2563 974,2562 974,2552 973,2551 972,2551 972,2551 972,2549 971,2548 971,2547 970,2546 969,2546 969,2545 969,2537 970,2537 972,2537 972,2537 972,2529 974,2527 984,2527 984,2527 984,2525 987,2522 991,2522 992,2522 992,2520 992,2520 994,2520 995,2519 995,2517 995,2517 997,2517 998,2516 998,2515 998,2515 1000,2515 1002,2513 1002,2512 1002,2512 1026,2512 1027,2511 1078,2513 1080,2511 1085,2511 1086,2510 1095,2510 1097,2512 1099,2512 1100,2513 1100,2515 1100,2515 1199,2517 1200,2516 1201,2518 1212,2518 1213,2519 1285,2521 1286,2520 1294,2520 1295,2521 1369,2523 1370,2522 1370,2520 1370,2520 1379,2520 1380,2521 1484,2523 1485,2523 1485,2487 1486,2486 1491,2486 1492,2485 1494,2486 1495,2485 1495,2484 1495,2484 1503,2484 1505,2486 1507,2486 1508,2486 1507,2521 1507,2522 1582,2524 1583,2524 1583,2527 1583,2528 1661,2530 1662,2531 1741,2532 1742,2532 1788,2533 1788,2532 1789,2493 1792,2491 1812,2491 1813,2492 1896,2494 1897,2493 1936,2494 1936,2495 1936,2529 1936,2529 1968,2530 1970,2531 1968,2590 1969,2591 2001,2592 2001,2591 2001,2587 2003,2585 2003,2584 2004,2584 2006,2584 2006,2583 2006,2582 2007,2582 2009,2582 2011,2580 2079,2582 2079,2581 2080,2543 2082,2542 2117,2543 2119,2541 2126,2541 2127,2542 2214,2544 2216,2542 2228,2542 2229,2541 2268,2542 2268,2542 2269,2508 2271,2506 2276,2506 2277,2505 2279,2505 2281,2503 2283,2503 2286,2501 2295,2501 2295,2501 2295,2532 2295,2533 2365,2534 2366,2533 2369,2534 2371,2535 2371,2536 2373,2538 2372,2546 2373,2547 2438,2548 2438,2548 2438,2543 2439,2542 2461,2543 2461,2542 2462,2536 2463,2535 2463,2519 2465,2518 2467,2518 2474,2511 2483,2511 2484,2513 2484,2515 2485,2515 2486,2515 2486,2516 2485,2541 2486,2541 2487,2541 2487,2542 2487,2552 2488,2552 2568,2554 2569,2553 2574,2553 2575,2552 2620,2554 2621,2553 2660,2554 2661,2553 2689,2553 2689,2554 2689,2556 2690,2556 2782,2558 2783,2557 2785,2558 2785,2557 2785,2556 2786,2556 2795,2556 2795,2556 2795,2557 2796,2558 2799,2558 2800,2559 2837,2560 2837,2559 2838,2541 2838,2541 2839,2541 2840,2540 2840,2532 2840,2532 2841,2532 2842,2531 2842,2524 2845,2522 2893,2523 2894,2522 2896,2522 2898,2520 2902,2520 2902,2520 2902,2518 2903,2517 2908,2517 2909,2516 2926,2517 2927,2518 3003,2520 3005,2522 3010,2522 3012,2524 3012,2526 3012,2527 3013,2527 3014,2528 3014,2545 3015,2546 3014,2560 3015,2560 3117,2562 3119,2561 3183,2562 3183,2562 3184,2540 3184,2539 3190,2539 3191,2540 3191,2546 3192,2547 3193,2547 3194,2548 3193,2558 3194,2558 3196,2558 3196,2559 3196,2567 3197,2567 3228,2568 3230,2571 3230,2573 3230,2573 3232,2573 3236,2577 3236,2579 3237,2580 3237,2582 3237,2582 3238,2582 3239,2583 3239,2589 3240,2590 3239,2609 3240,2609 3267,2610 3268,2612 3268,2613 3268,2613 3269,2613 3270,2614 3270,2615 3270,2615 3271,2615 3273,2617 3273,2619 3275,2621 3275,2630 3275,2630 3281,2630 3283,2632 3282,2634 3281,2635 3277,2635 3275,2637 3275,2640 3273,2642 3273,2646 3272,2647 3272,2650 3270,2652 3270,2654 3265,2659 3265,2661 3264,2661 3263,2661 3263,2662 3263,2664 3261,2665 3257,2665 3256,2663 3256,2661 3254,2659 3254,2645 3254,2645 3220,2644 3218,2642 3193,2641 3192,2642 3191,2676 3190,2677 3187,2677 3186,2677 3187,2642 3187,2641 3167,2641 3163,2637 3075,2635 3074,2635 3074,2636 3073,2637 3063,2637 3061,2635 3012,2634 3011,2633 2860,2629 2859,2630 2853,2630 2852,2631 2852,2632 2852,2632 2851,2632 2850,2633 2850,2634 2850,2634 2835,2634 2833,2632 2699,2628 2697,2630 2618,2629 2616,2627 2532,2624 2531,2625 2481,2624 2480,2625 2454,2625 2453,2624 2375,2622 2374,2622 2374,2644 2372,2646 2372,2650 2371,2651 2369,2651 2365,2655 2365,2656 2364,2656 2362,2656 2362,2657 2362,2658 2361,2658 2358,2658 2358,2659 2358,2661 2357,2661 2351,2661 2351,2662 2351,2663 2350,2663 2346,2663 2344,2665"/><TextEquiv><Unicode/></TextEquiv><TextEquiv index="1"><Unicode>comme la veille, malgré ma réſiſtance,</Unicode></TextEquiv></TextLine><TextLine id="l16"><Coords points="1989,2810 1989,2809 1989,2807 1988,2806 1982,2806 1982,2806 1983,2772 1982,2771 1909,2770 1908,2769 1900,2768 1898,2766 1138,2748 1066,2746 1065,2747 1065,2752 1064,2752 1050,2752 1049,2752 1048,2785 1048,2786 984,2784 983,2785 977,2785 974,2783 975,2767 974,2766 966,2766 965,2764 965,2744 964,2743 964,2739 965,2738 965,2734 967,2732 968,2728 968,2728 969,2728 970,2728 971,2678 971,2677 973,2677 974,2677 974,2662 975,2661 1479,2673 1479,2673 1480,2647 1480,2646 1482,2646 1483,2646 1483,2645 1483,2644 1485,2644 1489,2640 1497,2641 1498,2640 1781,2646 1782,2646 1784,2646 1785,2645 2559,2663 2561,2665 3163,2680 3165,2682 3179,2682 3179,2683 3179,2694 3180,2694 3281,2696 3282,2697 3281,2727 3282,2728 3285,2728 3285,2728 3285,2743 3284,2744 3284,2747 3282,2749 3280,2748 3280,2749 3279,2783 3278,2783 3277,2783 3277,2784 3277,2785 3276,2785 3275,2785 3275,2786 3275,2790 3273,2792 3273,2794 3271,2795 3238,2794 3238,2795 3238,2799 3237,2799 2933,2792 2931,2794 2591,2786 2591,2786 2590,2821 2589,2822 2007,2808 2007,2808 2007,2809 2006,2810"/><TextEquiv><Unicode/></TextEquiv><TextEquiv index="1"><Unicode>pour m'adminiſtrer les douches. Les</Unicode></TextEquiv></TextLine><TextLine id="l17"><Coords points="2338,2971 2336,2969 2332,2969 2331,2968 1608,2950 1607,2950 1608,2939 1607,2938 1256,2930 1255,2929 1254,2929 1254,2928 1254,2918 1254,2918 1082,2914 1081,2913 1081,2906 1081,2906 1022,2904 1019,2902 1019,2900 1019,2899 1004,2899 1002,2897 1003,2896 1002,2896 1001,2896 998,2893 995,2893 990,2887 990,2885 989,2885 988,2885 987,2883 983,2883 977,2877 979,2786 980,2785 983,2785 984,2784 2325,2817 2326,2816 2326,2807 2327,2807 2328,2807 2329,2806 2338,2806 2338,2806 2338,2811 2338,2812 2490,2816 2491,2816 2491,2817 2491,2818 3136,2833 3138,2835 3140,2835 3142,2837 3143,2837 3148,2843 3148,2844 3149,2844 3156,2845 3156,2845 3156,2861 3156,2862 3276,2864 3277,2865 3277,2869 3279,2871 3279,2872 3280,2873 3280,2882 3280,2883 3282,2883 3282,2883 3282,2887 3284,2889 3284,2895 3283,2897 3282,2897 3281,2897 3280,2935 3280,2936 3279,2935 3277,2937 3277,2938 3277,2938 3276,2938 3275,2939 3275,2941 3273,2943 3273,2945 3272,2946 3272,2950 3271,2950 3186,2948 3186,2949 3186,2950 3185,2950 3179,2950 3175,2954 2822,2946 2821,2947 2820,2946 2818,2948 2639,2944 2638,2945 2364,2939 2364,2939 2364,2949 2363,2950 2361,2949 2360,2951 2360,2952 2359,2952 2357,2952 2357,2953 2357,2954 2353,2957 2353,2960 2353,2960 2351,2960 2350,2961 2350,2964 2350,2964 2349,2964 2347,2966 2346,2966 2345,2967 2345,2969 2345,2969 2344,2969 2343,2970 2343,2971 2343,2971"/><TextEquiv><Unicode/></TextEquiv><TextEquiv index="1"><Unicode>deux tendres amies m'y ſuivirent. J'eus</Unicode></TextEquiv></TextLine><TextLine id="l18"><Coords points="2248,3129 2247,3128 2234,3127 2233,3127 2234,3111 2233,3110 2199,3110 2197,3107 2197,3090 2197,3090 1766,3079 1765,3079 1765,3078 1765,3077 1763,3077 1762,3076 1005,3058 1004,3057 1000,3057 1000,3056 1000,3055 999,3055 998,3055 998,3054 998,3053 997,3053 993,3053 988,3048 986,3048 985,3046 984,3046 983,3045 983,3044 982,3043 981,3043 981,3043 981,3042 981,3041 979,3041 977,3040 977,3032 976,3031 977,3022 975,3020 974,3020 974,3020 974,3016 973,3015 953,3015 953,3014 953,3010 952,3010 940,3009 940,3009 940,2998 942,2996 953,2997 954,2996 984,2996 984,2996 984,2995 986,2993 986,2992 988,2991 993,2991 995,2988 995,2986 996,2986 1003,2986 1008,2981 1082,2983 1084,2981 1451,2990 1451,2989 1452,2957 1453,2957 1454,2957 1454,2956 1454,2955 1455,2955 1865,2965 1866,2964 2623,2982 2624,2981 3056,2991 3059,2988 3062,2988 3064,2986 3068,2986 3069,2985 3074,2986 3076,2988 3229,2991 3230,2992 3230,3000 3230,3000 3286,3002 3289,3004 3289,3006 3288,3007 3285,3007 3285,3007 3284,3047 3283,3048 3281,3048 3281,3048 3279,3096 3278,3098 3277,3097 3276,3098 3273,3098 3268,3103 3266,3103 3265,3104 3265,3105 3265,3105 3224,3104 3223,3105 3167,3104 3165,3105 3165,3107 3165,3108 3162,3108 3161,3108 3160,3140 3160,3141 2953,3136 2952,3136 2952,3138 2951,3140 2941,3139 2940,3139 2940,3136 2940,3135 2460,3124 2458,3121 2458,3116 2457,3116 2253,3111 2253,3111 2252,3128 2252,3129"/><TextEquiv><Unicode/></TextEquiv><TextEquiv index="1"><Unicode>encore la tête lavée, cruellement lavée</Unicode></TextEquiv></TextLine><TextLine id="l19"><Coords points="2587,3292 2586,3291 2584,3291 2583,3290 2364,3285 2363,3284 2362,3284 2362,3283 2362,3275 2361,3275 2271,3272 2271,3272 2271,3267 2271,3266 1948,3259 1947,3259 1947,3272 1946,3273 1942,3273 1942,3272 1943,3234 1942,3234 1615,3226 1614,3227 1611,3227 1609,3229 1608,3228 1607,3229 1575,3229 1575,3229 1574,3259 1573,3260 1571,3260 1571,3260 1571,3264 1570,3265 1456,3262 1455,3261 1389,3259 1389,3259 1390,3224 1389,3223 1155,3218 1152,3215 1035,3212 1033,3209 996,3208 995,3207 995,3205 990,3200 990,3198 990,3198 986,3198 985,3197 982,3196 981,3196 981,3195 981,3194 980,3194 979,3194 980,3188 979,3187 979,3157 979,3156 956,3156 955,3155 953,3155 952,3154 952,3148 955,3146 956,3146 957,3145 957,3144 957,3144 984,3144 986,3143 988,3143 990,3141 1002,3141 1004,3139 1007,3139 1009,3137 1018,3137 1019,3136 1024,3136 1025,3136 1026,3100 1026,3099 1291,3106 1292,3105 1292,3103 1292,3103 1298,3103 1299,3104 1805,3116 1806,3115 1810,3115 1811,3115 1811,3114 1811,3113 1817,3113 1818,3112 1855,3113 1856,3114 1863,3115 1864,3115 1863,3116 1864,3117 1999,3120 2000,3121 2126,3124 2127,3125 2247,3128 2248,3129 2253,3129 2255,3131 2255,3160 2255,3161 2285,3162 2286,3163 2288,3163 2289,3164 2584,3171 2584,3170 2585,3147 2589,3144 2733,3147 2734,3147 2734,3146 2735,3145 2735,3143 2739,3139 2739,3134 2740,3134 2997,3140 2998,3139 3000,3139 3003,3136 3036,3137 3037,3136 3057,3136 3057,3137 3057,3138 3059,3139 3060,3139 3060,3140 3060,3141 3061,3141 3177,3144 3177,3145 3177,3163 3177,3163 3245,3165 3246,3165 3246,3166 3246,3167 3247,3167 3248,3167 3248,3173 3248,3174 3276,3174 3278,3177 3280,3177 3280,3177 3280,3181 3281,3182 3282,3182 3282,3182 3282,3190 3283,3191 3306,3191 3306,3192 3306,3193 3306,3193 3283,3193 3282,3193 3282,3198 3280,3200 3278,3200 3278,3200 3277,3241 3275,3243 3275,3245 3273,3247 3273,3253 3270,3255 3268,3255 3267,3256 3266,3256 3266,3257 3266,3258 3265,3258 3091,3254 3087,3258 3085,3258 3084,3258 3084,3259 3084,3260 2896,3255 2895,3256 2895,3258 2895,3258 2676,3253 2674,3255 2616,3254 2615,3254 2615,3274 2614,3275 2613,3275 2613,3275 2613,3279 2611,3281 2611,3283 2610,3284 2608,3284 2608,3284 2607,3285 2607,3286 2603,3290 2603,3291 2602,3291 2599,3291 2598,3292"/><TextEquiv><Unicode/></TextEquiv><TextEquiv index="1"><Unicode>devant elles. Il falloit que je ſubiſſe une</Unicode></TextEquiv></TextLine><TextLine id="l20"><Coords points="1862,3430 1861,3428 1862,3391 1861,3391 1714,3387 1712,3384 1663,3383 1662,3382 1462,3377 1461,3377 1461,3376 1461,3375 975,3363 974,3363 975,3355 974,3354 975,3309 974,3308 974,3307 973,3306 972,3306 972,3306 972,3286 972,3285 963,3285 962,3285 963,3266 962,3265 961,3265 957,3260 957,3256 957,3256 1001,3257 1004,3254 1011,3254 1012,3253 1028,3254 1029,3253 1029,3251 1030,3251 1041,3251 1042,3252 1387,3260 1388,3259 1403,3260 1404,3261 1487,3263 1489,3265 1491,3265 1492,3265 1491,3286 1492,3287 1829,3295 1829,3294 1829,3291 1830,3290 1830,3283 1831,3282 1832,3275 1832,3275 1848,3275 1849,3276 1849,3281 1850,3282 1849,3307 1849,3307 2011,3311 2013,3313 2395,3322 2396,3322 2396,3318 2395,3317 2333,3316 2333,3315 2333,3312 2331,3310 2331,3308 2329,3306 2329,3305 2331,3304 2396,3305 2396,3305 2396,3294 2398,3292 2398,3291 2399,3290 2406,3291 2409,3288 2409,3287 2409,3287 2416,3287 2418,3289 2419,3289 2419,3289 2419,3290 2420,3291 2422,3291 2422,3292 2422,3296 2423,3296 2697,3303 2698,3304 2729,3304 2730,3306 2730,3310 2731,3310 2735,3311 2735,3311 2735,3314 2735,3315 3183,3325 3184,3325 3184,3302 3189,3297 3190,3297 3191,3297 3191,3296 3191,3295 3197,3296 3198,3297 3199,3297 3201,3299 3201,3324 3201,3325 3214,3325 3215,3326 3279,3328 3280,3328 3280,3330 3282,3332 3282,3336 3282,3337 3283,3337 3284,3337 3284,3339 3285,3340 3284,3360 3284,3361 3281,3361 3280,3361 3279,3383 3277,3385 3277,3394 3275,3396 3275,3403 3275,3404 3273,3403 3272,3404 3272,3405 3268,3408 3265,3408 3264,3409 3239,3409 3239,3409 3239,3410 3238,3411 3234,3411 3232,3413 3231,3412 3230,3413 3229,3413 3228,3414 3089,3411 3089,3412 3089,3414 3088,3414 3035,3413 3035,3413 3034,3451 3033,3452 3018,3451 3018,3451 3019,3419 3018,3418 2734,3412 2734,3412 2733,3420 2730,3423 2645,3421 2644,3422 2644,3442 2643,3442 2639,3442 2639,3442 2640,3414 2639,3413 2290,3405 2290,3405 2289,3420 2290,3421 2298,3421 2298,3422 2298,3424 2300,3425 2302,3425 2302,3426 2302,3430 2303,3431 2303,3432 2302,3433 2300,3433 2298,3435 2298,3436 2297,3436 2279,3436 2279,3435 2280,3402 2279,3402 1915,3393 1915,3393 1915,3399 1913,3401 1904,3401 1904,3401 1903,3427 1903,3428 1902,3428 1901,3428 1901,3429 1900,3430 1897,3429 1896,3430"/><TextEquiv><Unicode/></TextEquiv><TextEquiv index="1"><Unicode>ſi humiliante épreuve devant toutes les</Unicode></TextEquiv></TextLine><TextLine id="l21"><Coords points="2602,3604 2602,3603 2504,3601 2503,3601 2504,3600 2601,3602 2601,3602 2601,3601 2601,3600 2210,3591 2209,3591 2209,3590 2209,3589 2093,3586 2090,3584 2090,3583 2090,3582 1311,3563 1311,3564 1311,3565 1310,3565 1308,3565 1307,3566 1015,3559 1014,3560 973,3559 972,3558 973,3503 972,3502 969,3502 969,3502 969,3498 970,3497 971,3497 971,3497 972,3452 974,3450 1001,3451 1003,3449 1026,3450 1029,3447 1094,3448 1094,3448 1094,3447 1096,3445 1192,3448 1192,3447 1192,3446 1193,3445 1194,3435 1194,3435 1195,3435 1196,3434 1196,3427 1201,3422 1201,3420 1202,3420 1204,3420 1205,3418 1205,3416 1208,3414 1211,3414 1212,3413 1213,3413 1213,3413 1213,3412 1214,3411 1215,3411 1215,3411 1215,3410 1216,3409 1230,3409 1231,3408 1244,3409 1244,3409 1244,3411 1246,3413 1251,3413 1252,3414 2063,3433 2064,3432 2104,3433 2105,3432 2278,3437 2279,3436 3016,3453 3017,3453 3017,3452 3017,3451 3183,3455 3184,3454 3188,3454 3189,3455 3188,3485 3189,3485 3279,3488 3280,3488 3280,3490 3281,3492 3283,3492 3284,3492 3284,3506 3285,3507 3284,3509 3283,3511 3280,3511 3279,3511 3279,3516 3277,3518 3277,3521 3276,3522 3275,3553 3275,3554 3274,3554 3273,3554 3273,3556 3270,3559 3270,3560 3269,3561 3267,3561 3265,3563 3265,3564 3265,3564 3175,3562 3173,3564 3084,3562 3082,3564 3080,3564 3079,3564 3079,3565 3079,3566 3078,3566 3076,3567 3076,3568 3075,3569 2891,3564 2890,3565 2890,3567 2887,3569 2643,3563 2643,3564 2642,3604 2642,3604 2641,3604 2639,3605"/><TextEquiv><Unicode/></TextEquiv><TextEquiv index="1"><Unicode>perſonnes dont l'eſtime pouvoit me</Unicode></TextEquiv></TextLine><TextLine id="l22"><Coords points="2614,3760 2613,3759 1842,3740 1842,3740 1842,3703 1842,3702 1598,3696 1597,3695 1595,3695 1594,3694 1138,3683 1136,3681 1107,3681 1106,3680 1076,3679 1075,3678 1068,3678 1067,3677 964,3674 964,3674 964,3670 965,3669 967,3601 967,3600 972,3600 973,3600 974,3560 974,3559 1303,3567 1304,3566 1307,3566 1308,3565 1509,3570 1510,3569 1511,3569 1512,3568 1516,3568 1517,3569 1516,3571 1518,3572 2097,3586 2098,3587 2128,3588 2129,3589 2212,3591 2212,3592 2212,3594 2213,3594 2515,3601 2516,3602 2517,3602 2517,3603 3052,3616 3053,3617 3052,3634 3053,3634 3279,3640 3280,3641 3281,3641 3282,3642 3282,3649 3283,3650 3284,3650 3284,3650 3284,3651 3287,3654 3287,3656 3286,3657 3284,3657 3284,3657 3282,3754 3281,3755 2803,3743 2803,3744 2802,3761 2802,3761 2708,3759 2707,3760 2707,3761 2707,3761 2640,3759 2639,3760"/><TextEquiv><Unicode/></TextEquiv><TextEquiv index="1"><Unicode>flatter. Mes deux Beautés parurentme</Unicode></TextEquiv></TextLine><TextLine id="l23"><Coords points="988,3879 988,3878 988,3876 986,3874 979,3874 978,3873 978,3856 978,3856 969,3855 967,3853 969,3771 968,3770 967,3770 967,3770 967,3768 965,3766 965,3762 966,3760 1018,3761 1019,3761 1019,3760 1021,3758 1086,3759 1087,3759 1088,3728 1089,3726 1096,3726 1098,3724 1101,3724 1102,3723 1198,3726 1200,3724 2780,3762 2781,3761 3184,3770 3185,3769 3186,3770 3186,3769 3186,3760 3187,3760 3220,3760 3220,3760 3220,3758 3223,3755 3225,3755 3226,3756 3225,3759 3226,3759 3235,3760 3236,3761 3236,3763 3238,3765 3239,3765 3239,3765 3239,3767 3241,3769 3241,3774 3242,3775 3250,3775 3253,3779 3253,3796 3253,3796 3267,3796 3268,3797 3272,3798 3273,3798 3273,3799 3273,3800 3273,3803 3276,3806 3283,3806 3284,3807 3284,3814 3284,3815 3283,3815 3282,3815 3282,3816 3282,3817 3276,3817 3275,3817 3275,3821 3274,3822 3273,3862 3272,3863 3272,3867 3266,3872 3245,3872 3245,3872 3244,3916 3243,3917 3143,3915 3143,3915 3143,3919 3142,3919 3141,3919 3140,3920 2941,3916 2940,3917 2313,3902 2313,3902 2313,3909 2312,3910 1017,3879 1016,3879"/><TextEquiv><Unicode/></TextEquiv><TextEquiv index="1"><Unicode>plaindre; mais elles me diſoient auſſi:</Unicode></TextEquiv></TextLine><TextLine id="l24"><Coords points="1853,4055 1853,4054 1854,4020 1853,4019 1853,4018 1852,4018 1851,4018 1851,4017 1851,4013 1850,4013 1601,4007 1599,4008 1508,4006 1507,4007 1506,4046 1506,4046 1465,4045 1464,4045 1465,4008 1464,4007 1221,4001 1220,4002 1220,4018 1219,4018 1037,4014 1036,4015 1031,4015 1031,4014 1031,4013 1030,4013 1029,4013 1029,4012 1029,3996 1029,3996 963,3994 962,3994 962,3993 962,3992 961,3992 960,3992 961,3977 960,3976 960,3963 964,3959 965,3924 967,3922 967,3920 968,3918 1013,3919 1014,3919 1014,3911 1015,3910 1016,3910 1017,3909 1139,3912 1139,3912 1139,3911 1141,3909 1141,3905 1142,3904 1144,3905 1144,3904 1144,3903 1145,3903 1146,3903 1146,3902 1146,3900 1149,3898 1149,3897 1153,3893 1153,3889 1153,3889 1160,3889 1162,3887 1166,3887 1167,3886 1169,3886 1170,3886 1170,3885 1170,3884 1176,3884 1177,3884 1177,3883 1177,3882 1179,3882 1184,3878 1260,3880 1261,3880 1261,3875 1262,3874 1267,3874 1268,3874 1272,3874 1273,3875 1273,3882 1273,3883 1396,3886 1397,3887 1399,3887 1401,3889 1405,3889 1406,3889 1406,3893 1408,3895 1408,3898 1409,3899 1409,3900 1410,3901 1409,3924 1409,3925 1410,3925 1411,3925 1411,3927 1411,3928 1678,3934 1679,3934 1679,3933 1679,3932 1682,3932 1683,3931 1690,3932 1692,3930 1776,3932 1777,3932 1777,3936 1777,3937 1989,3942 1990,3941 1990,3938 1993,3935 2022,3936 2023,3935 2023,3931 2025,3930 2026,3930 2026,3931 2201,3935 2202,3934 2202,3912 2205,3910 2224,3910 2225,3909 2297,3911 2298,3910 2300,3910 2301,3909 2314,3910 2315,3911 2316,3911 2318,3913 2319,3913 2319,3913 2319,3916 2320,3917 2389,3918 2389,3919 2389,3933 2390,3933 2456,3935 2457,3937 2457,3950 2457,3950 2500,3951 2501,3952 2501,3953 2501,3953 2536,3954 2537,3954 2537,3955 2537,3956 2750,3961 2750,3961 2751,3947 2752,3946 2752,3939 2754,3937 2754,3933 2755,3932 2756,3932 2756,3932 2756,3926 2757,3925 2761,3925 2767,3919 2769,3920 2771,3918 2779,3918 2781,3920 2792,3920 2792,3921 2792,3922 2793,3922 2794,3922 2795,3923 2798,3923 2800,3925 2802,3925 2802,3926 2802,3927 2803,3927 2804,3927 2804,3928 2804,3930 2806,3931 2936,3935 2936,3935 2936,3936 2937,3937 2938,3937 2938,3937 2938,3948 2938,3949 3139,3953 3140,3953 3141,3920 3141,3919 3142,3920 3141,3934 3142,3934 3169,3935 3170,3937 3170,3953 3170,3953 3286,3956 3287,3956 3287,3964 3288,3966 3287,3968 3287,3968 3285,3968 3284,3968 3284,3996 3283,3997 3265,3996 3264,3997 3247,3997 3247,3998 3246,4025 3246,4025 3245,4025 3244,4025 3244,4026 3244,4027 3242,4027 3241,4028 3216,4027 3214,4028 3190,4028 3189,4028 3188,4076 3187,4077 3177,4076 3176,4075 3145,4075 3144,4073 3145,4044 3144,4044 2926,4038 2925,4039 2774,4036 2774,4036 2773,4051 2773,4052 2695,4050 2694,4050 2694,4068 2692,4070 2691,4070 2690,4068 2690,4050 2690,4050 2638,4048 2637,4049 2635,4049 2634,4050 2632,4052 2632,4054 2632,4054 2628,4054 2623,4059 2620,4059 2618,4061 2614,4061 2613,4061 2613,4062 2612,4063 2600,4063 2599,4060 2598,4060 2596,4059 2597,4031 2596,4030 2415,4026 2414,4027 2380,4026 2378,4028 2373,4028 2371,4030 2359,4030 2358,4029 2115,4023 2115,4023 2114,4046 2114,4047 2107,4047 2106,4046 2107,4023 2106,4023 2101,4023 2099,4021 1873,4015 1873,4016 1872,4055 1871,4055"/><TextEquiv><Unicode/></TextEquiv><TextEquiv index="1"><Unicode>C'eſt pour votre bien; &amp; ce com-</Unicode></TextEquiv></TextLine><TextLine id="l25"><Coords points="2613,4232 2613,4231 2614,4192 2613,4192 2417,4187 2416,4188 2370,4187 2370,4188 2369,4221 2369,4221 2366,4221 2365,4220 2366,4182 2366,4182 2172,4177 2171,4178 2165,4178 2164,4179 2164,4180 2164,4180 2147,4180 2145,4178 2140,4178 2139,4176 1918,4171 1916,4173 1864,4172 1863,4173 1720,4169 1719,4170 1719,4172 1718,4173 1710,4173 1708,4172 1708,4170 1708,4169 1589,4166 1588,4166 1588,4165 1588,4164 1307,4158 1305,4159 1299,4159 1297,4157 1292,4157 1291,4156 1287,4156 1286,4155 1129,4151 1106,4151 1105,4152 1097,4151 1096,4152 1020,4151 1019,4151 1019,4187 1018,4188 1017,4188 1016,4189 1015,4191 1013,4193 978,4193 976,4191 976,4190 976,4190 974,4190 972,4187 973,4127 972,4126 967,4126 967,4126 967,4121 965,4119 966,4088 965,4087 957,4087 957,4087 957,4081 959,4079 959,4076 960,4075 1075,4078 1075,4077 1076,4042 1079,4040 1081,4040 1082,4039 1085,4039 1088,4036 1088,4035 1090,4033 1092,4033 1093,4034 1134,4035 1134,4036 1134,4037 1135,4037 1137,4037 1139,4040 1138,4077 1139,4077 1377,4083 1378,4082 1378,4081 1379,4080 1380,4080 1380,4080 1380,4079 1381,4078 1382,4078 1382,4078 1382,4076 1383,4075 1385,4075 1385,4076 1385,4078 1386,4078 1463,4080 1463,4080 1464,4046 1465,4045 1603,4049 1605,4051 1605,4053 1605,4054 1606,4054 1607,4054 1607,4058 1609,4060 1609,4069 1609,4070 1610,4070 1611,4070 1610,4082 1611,4083 1622,4083 1622,4084 1622,4091 1623,4091 1787,4095 1789,4094 1849,4096 1850,4095 1851,4060 1853,4058 1853,4055 1853,4055 1871,4055 1874,4058 1873,4089 1874,4089 1899,4090 1899,4090 1899,4091 1900,4092 1906,4092 1908,4094 1910,4094 1911,4096 1911,4098 1912,4099 2108,4104 2109,4103 2109,4096 2111,4095 2112,4095 2113,4096 2113,4100 2113,4101 2270,4105 2271,4104 2271,4090 2272,4090 2276,4090 2276,4089 2276,4087 2279,4084 2279,4082 2280,4082 2281,4082 2281,4081 2281,4080 2282,4080 2286,4080 2288,4079 2288,4078 2289,4076 2290,4076 2291,4077 2291,4078 2292,4079 2291,4106 2291,4106 2445,4110 2446,4109 2446,4108 2448,4106 2462,4106 2463,4106 2463,4094 2465,4092 2465,4091 2466,4090 2522,4092 2522,4091 2522,4089 2524,4088 2525,4088 2525,4088 2525,4091 2526,4092 2551,4092 2551,4093 2551,4099 2552,4099 2713,4103 2714,4102 2716,4102 2716,4103 2716,4115 2716,4115 2956,4121 2958,4119 2965,4119 2966,4118 2971,4118 2972,4117 3023,4119 3026,4116 3074,4117 3075,4116 3076,4082 3077,4081 3077,4080 3077,4080 3078,4080 3079,4080 3079,4079 3079,4078 3081,4078 3084,4075 3175,4077 3176,4076 3188,4077 3189,4077 3188,4109 3189,4110 3232,4111 3234,4113 3234,4115 3237,4118 3237,4122 3237,4123 3238,4123 3239,4123 3239,4130 3239,4131 3240,4131 3242,4132 3241,4139 3242,4140 3316,4142 3316,4142 3316,4146 3316,4147 3287,4146 3286,4147 3284,4223 3284,4224 3281,4224 3280,4223 3282,4173 3281,4173 3279,4175 3278,4175 3277,4175 3277,4182 3277,4183 3276,4183 3275,4183 3275,4187 3273,4189 3273,4192 3273,4193 3272,4193 3270,4194 3270,4197 3265,4202 3263,4201 3262,4202 3183,4201 3183,4201 3182,4230 3182,4231 3180,4230 3179,4230 3180,4194 3180,4193 3041,4190 3039,4192 2980,4191 2979,4192 2972,4191 2970,4192 2867,4190 2866,4190 2866,4204 2863,4207 2863,4211 2862,4212 2858,4212 2858,4211 2858,4210 2857,4209 2857,4192 2856,4192 2852,4192 2851,4193 2846,4192 2845,4193 2800,4192 2800,4193 2800,4199 2799,4199 2798,4199 2798,4199 2797,4198 2797,4196 2796,4195 2795,4195 2794,4194 2619,4190 2619,4191 2618,4232 2617,4232"/><TextEquiv><Unicode/></TextEquiv><TextEquiv index="1"><Unicode>pliment devoit me mettre en colete,</Unicode></TextEquiv></TextLine><TextLine id="l26"><Coords points="2781,4395 2780,4394 2780,4393 2780,4393 2766,4393 2763,4390 2760,4389 2759,4389 2759,4388 2759,4387 1345,4354 1345,4353 1346,4317 1345,4316 1308,4316 1307,4315 1303,4314 1301,4312 1297,4312 1296,4311 980,4304 978,4302 973,4302 972,4300 973,4239 972,4238 972,4235 973,4235 990,4235 990,4234 991,4225 992,4224 1081,4226 1083,4224 1116,4225 1117,4224 1117,4218 1119,4217 1119,4213 1120,4212 1120,4210 1121,4209 1122,4209 1122,4209 1122,4205 1123,4204 1125,4204 1127,4202 1127,4200 1128,4199 1130,4199 1132,4197 1138,4197 1139,4197 1888,4214 1889,4214 1929,4214 1930,4213 3128,4242 3129,4242 3129,4236 3132,4233 3136,4233 3136,4233 3136,4232 3138,4230 3141,4231 3142,4230 3182,4231 3182,4231 3182,4252 3182,4253 3281,4255 3283,4256 3282,4263 3283,4264 3285,4264 3287,4267 3287,4276 3285,4278 3284,4278 3283,4278 3282,4321 3279,4324 3279,4326 3277,4328 3277,4330 3276,4331 3275,4331 3275,4331 3275,4332 3274,4333 3272,4333 3271,4334 3269,4334 3267,4336 3262,4335 3261,4336 3218,4335 3218,4336 3218,4338 3217,4338 3206,4338 3206,4339 3204,4387 3204,4387 3133,4385 3132,4386 2801,4378 2800,4379 2800,4390 2799,4391 2799,4393 2799,4393 2798,4393 2797,4394 2797,4395 2797,4395"/><TextEquiv><Unicode/></TextEquiv><TextEquiv index="1"><Unicode>même contre elles. On me reporta dans</Unicode></TextEquiv></TextLine><TextLine id="l27"><Coords points="2674,4544 2673,4543 2671,4543 2670,4543 2671,4542 2670,4541 2669,4541 2667,4539 2665,4539 2660,4534 2656,4534 2656,4534 2656,4530 2654,4527 2654,4506 2654,4506 2532,4503 2530,4501 2413,4498 2413,4498 2413,4497 2412,4496 2407,4496 2406,4495 2262,4492 2261,4493 2260,4492 2260,4493 2259,4496 2259,4496 2251,4496 2251,4496 2251,4495 2250,4494 2236,4494 2235,4493 2232,4493 2230,4491 2102,4488 2099,4491 2097,4491 2097,4491 2097,4492 2096,4493 2093,4492 2092,4493 2085,4493 2084,4492 2083,4492 2082,4491 2078,4491 2078,4491 2078,4490 2077,4489 2012,4488 2010,4486 2009,4485 2008,4484 1862,4481 1861,4480 1695,4476 1694,4477 1693,4477 1693,4477 1693,4478 1692,4479 1549,4475 1548,4476 1539,4476 1537,4474 1409,4471 1408,4472 1330,4470 1330,4471 1330,4475 1328,4476 1326,4476 1325,4475 1325,4469 1324,4468 1173,4464 1173,4465 1172,4487 1171,4488 1167,4488 1165,4487 1166,4483 1165,4482 1157,4482 1156,4480 1156,4466 1155,4466 1129,4465 1127,4463 1125,4463 1124,4462 1115,4462 1115,4461 979,4458 977,4456 978,4399 977,4397 977,4396 976,4395 976,4391 978,4389 992,4389 993,4388 1026,4389 1027,4388 1029,4388 1031,4386 1159,4389 1160,4389 1160,4387 1162,4384 1164,4384 1165,4385 1165,4386 1165,4386 1293,4389 1294,4389 1295,4357 1296,4355 1302,4355 1303,4354 1341,4355 1343,4353 1358,4354 1359,4355 1360,4355 1361,4355 1361,4357 1361,4358 1362,4358 1363,4359 1364,4359 1365,4359 1364,4362 1365,4363 1365,4389 1365,4390 1394,4391 1395,4392 1539,4395 1540,4395 1540,4365 1541,4364 1543,4364 1543,4364 1543,4363 1544,4362 1552,4362 1553,4361 1572,4362 1573,4361 1573,4359 1574,4358 1576,4360 1576,4361 1577,4362 1579,4362 1580,4363 1595,4364 1599,4368 1724,4371 1724,4370 1724,4367 1725,4367 1726,4367 1726,4366 1726,4365 1727,4365 1737,4365 1738,4366 1875,4369 1877,4367 1879,4367 1880,4366 1890,4367 1892,4369 1894,4369 1894,4369 1894,4394 1894,4395 1932,4396 1933,4397 2094,4400 2095,4400 2095,4395 2095,4395 2137,4396 2138,4395 2140,4395 2142,4393 2142,4388 2143,4387 2143,4384 2145,4382 2145,4381 2146,4381 2147,4381 2147,4380 2147,4379 2148,4379 2152,4379 2152,4378 2152,4376 2155,4374 2157,4374 2160,4371 2177,4371 2178,4370 2180,4371 2181,4372 2183,4372 2184,4373 2221,4374 2221,4374 2221,4375 2222,4376 2223,4376 2224,4377 2225,4377 2228,4380 2354,4383 2356,4381 2360,4381 2360,4380 2360,4379 2361,4379 2370,4379 2372,4381 2501,4384 2504,4381 2510,4381 2511,4380 2517,4381 2517,4381 2517,4382 2518,4383 2524,4383 2525,4384 2528,4384 2529,4385 2529,4388 2530,4389 2530,4400 2530,4401 2546,4401 2548,4403 2548,4405 2551,4408 2551,4415 2551,4415 2625,4417 2625,4418 2625,4424 2626,4424 2627,4424 2627,4425 2627,4429 2628,4429 2767,4433 2767,4432 2768,4415 2769,4414 2769,4409 2771,4407 2771,4405 2771,4405 2772,4405 2773,4404 2773,4402 2775,4400 2777,4400 2778,4399 2778,4398 2779,4398 2785,4398 2785,4399 2785,4411 2785,4411 2913,4414 2914,4414 2914,4396 2915,4395 2938,4396 2938,4396 2937,4425 2938,4426 3077,4429 3078,4428 3079,4415 3081,4413 3081,4409 3082,4408 3082,4403 3085,4400 3086,4400 3086,4400 3086,4398 3089,4395 3091,4395 3091,4395 3091,4392 3092,4391 3093,4391 3094,4390 3094,4389 3095,4388 3096,4389 3096,4388 3096,4386 3097,4386 3100,4386 3100,4385 3100,4384 3101,4384 3103,4384 3104,4383 3115,4383 3116,4384 3120,4384 3121,4385 3205,4387 3206,4388 3328,4391 3329,4393 3328,4451 3326,4452 3275,4451 3275,4451 3275,4452 3275,4453 3276,4453 3277,4453 3277,4457 3279,4459 3279,4464 3280,4465 3279,4469 3280,4470 3280,4472 3282,4475 3282,4482 3280,4483 3280,4486 3279,4487 3279,4491 3277,4493 3277,4497 3276,4498 3275,4498 3275,4498 3275,4500 3273,4502 3273,4507 3272,4508 3271,4508 3270,4508 3270,4509 3270,4510 3269,4510 3268,4510 3268,4512 3268,4513 3260,4512 3259,4513 3258,4513 3259,4507 3258,4506 3258,4503 3257,4502 3097,4499 3096,4500 3093,4499 3092,4500 3060,4500 3060,4500 3060,4502 3059,4503 3039,4502 3038,4503 2926,4500 2925,4502 2925,4503 2924,4503 2875,4502 2874,4503 2827,4502 2826,4503 2786,4502 2785,4503 2760,4502 2759,4503 2728,4503 2727,4503 2727,4522 2725,4524 2725,4527 2723,4529 2723,4533 2722,4534 2720,4534 2718,4536 2718,4537 2715,4539 2713,4539 2711,4541 2709,4541 2706,4544 2676,4543 2675,4544"/><TextEquiv><Unicode/></TextEquiv><TextEquiv index="1"><Unicode>mon lit. La Princeſſe fit ſes généroſités,</Unicode></TextEquiv></TextLine><TextLine id="l28"><Coords points="2348,4693 2347,4692 2128,4686 2128,4686 2128,4685 2127,4684 1342,4666 1341,4665 1341,4654 1341,4653 1014,4646 1014,4645 1014,4619 1012,4617 1008,4616 1007,4615 1005,4615 1003,4613 998,4613 996,4611 991,4611 990,4611 991,4606 989,4604 988,4604 987,4603 985,4603 983,4601 979,4601 979,4600 979,4598 976,4595 976,4586 974,4584 974,4579 975,4578 976,4560 976,4560 980,4560 981,4559 981,4558 981,4558 982,4558 983,4557 983,4555 983,4555 986,4555 990,4551 994,4551 995,4551 995,4550 995,4549 1004,4549 1007,4547 1007,4545 1007,4544 1008,4544 1009,4544 1011,4544 1013,4543 1015,4543 1015,4542 1015,4541 1016,4541 1017,4541 1017,4540 1017,4539 1018,4539 1029,4539 1029,4538 1029,4536 1032,4534 1294,4540 1294,4540 1294,4533 1295,4532 2068,4551 2068,4550 2068,4549 2069,4549 2090,4549 2090,4549 2091,4533 2091,4532 2092,4532 2093,4532 2429,4540 2430,4539 2467,4539 2468,4539 3168,4555 3168,4555 3168,4553 3172,4549 3173,4549 3173,4549 3174,4545 3174,4544 3175,4544 3178,4542 3181,4542 3182,4541 3183,4541 3184,4540 3184,4539 3184,4539 3186,4539 3187,4538 3187,4533 3188,4532 3193,4532 3194,4532 3194,4536 3194,4537 3208,4537 3210,4539 3311,4542 3313,4543 3311,4603 3312,4604 3328,4604 3328,4605 3328,4611 3328,4611 3319,4611 3318,4611 3318,4628 3317,4629 3286,4628 3286,4629 3285,4637 3284,4638 3284,4656 3283,4656 3217,4655 3217,4655 3216,4680 3216,4680 2760,4670 2759,4670 2759,4699 2758,4700 2367,4690 2367,4691 2367,4693 2366,4693"/><TextEquiv><Unicode/></TextEquiv><TextEquiv index="1"><Unicode>en me recommandant fortement. On</Unicode></TextEquiv></TextLine><TextLine id="l29"><Coords points="1732,4837 1731,4836 1731,4835 1731,4835 1730,4835 1729,4834 984,4816 983,4815 984,4812 983,4811 984,4759 983,4759 979,4759 979,4758 980,4715 979,4715 975,4715 971,4710 971,4704 972,4703 972,4701 973,4701 975,4701 977,4699 1024,4700 1025,4699 1032,4699 1033,4698 1033,4697 1034,4696 1034,4695 1035,4694 1093,4696 1093,4695 1093,4694 1094,4693 1095,4689 1095,4689 1233,4692 1234,4691 1234,4684 1234,4684 1237,4684 1239,4683 1239,4681 1239,4680 1329,4682 1330,4682 1330,4669 1331,4668 1333,4668 1336,4665 1914,4679 1915,4678 1924,4678 1925,4678 2949,4702 2950,4702 2950,4700 2950,4699 3026,4701 3028,4699 3030,4699 3031,4699 3031,4698 3031,4697 3035,4697 3036,4696 3038,4696 3040,4694 3142,4697 3143,4696 3167,4696 3170,4694 3172,4694 3174,4693 3174,4692 3175,4692 3182,4692 3182,4691 3182,4684 3183,4684 3201,4684 3202,4683 3211,4683 3211,4683 3211,4681 3212,4680 3319,4683 3321,4685 3328,4685 3329,4687 3329,4688 3327,4690 3327,4699 3326,4699 3300,4699 3300,4699 3298,4796 3296,4797 3295,4797 3295,4798 3294,4838 3293,4838 3047,4832 3047,4833 3046,4853 3046,4853 3031,4853 3030,4854 2917,4851 2916,4852 2916,4855 2916,4855 2909,4855 2908,4856 2621,4849 2620,4850 2620,4854 2620,4854 2334,4847 2332,4849 1742,4835 1741,4836 1741,4837 1741,4837"/><TextEquiv><Unicode/></TextEquiv><TextEquiv index="1"><Unicode>promit que je ſerois bien traité, &amp; l'on</Unicode></TextEquiv></TextLine><TextLine id="l30"><Coords points="1288,4988 1287,4988 1287,4987 1287,4986 1286,4986 1285,4986 1286,4984 1285,4983 1280,4983 1279,4982 1278,4982 1278,4982 1278,4980 1277,4979 1277,4968 1277,4967 1287,4967 1288,4967 1289,4941 1288,4940 1097,4936 1095,4938 1076,4937 1075,4938 1022,4937 1021,4938 1010,4938 1010,4937 1010,4936 1009,4936 1004,4935 1000,4931 998,4931 996,4929 996,4927 995,4926 990,4926 990,4926 991,4875 991,4874 984,4874 983,4873 983,4864 986,4862 986,4860 987,4859 997,4859 997,4859 998,4853 998,4852 1005,4852 1006,4852 1044,4852 1045,4852 1045,4819 1047,4817 1064,4818 1064,4818 1064,4822 1065,4823 1065,4835 1065,4836 1072,4836 1073,4836 1073,4818 1074,4817 1085,4817 1085,4818 1085,4836 1085,4836 1169,4838 1170,4839 1170,4846 1170,4846 1335,4850 1337,4852 1529,4857 1530,4857 1530,4855 1530,4854 1570,4855 1571,4855 1571,4834 1572,4833 1583,4833 1586,4830 1593,4831 1593,4831 1593,4832 1594,4833 1595,4833 1595,4833 1594,4872 1595,4873 1646,4874 1648,4876 1655,4876 1655,4877 1655,4878 1656,4878 1657,4878 1657,4879 1657,4880 1658,4880 1836,4884 1836,4884 1837,4865 1836,4864 1798,4864 1798,4863 1798,4862 1798,4862 1836,4862 1837,4862 1837,4840 1838,4839 1838,4838 1839,4837 1839,4835 1840,4835 1848,4835 1849,4836 1932,4838 1932,4838 1932,4839 1933,4840 1949,4840 1949,4841 1949,4843 1951,4845 1950,4878 1951,4878 1956,4878 1957,4879 2149,4884 2149,4883 2150,4861 2150,4861 2173,4862 2174,4861 2174,4855 2175,4854 2177,4854 2178,4853 2178,4852 2180,4850 2184,4850 2186,4849 2200,4849 2200,4850 2200,4868 2201,4869 2200,4880 2201,4880 2215,4881 2217,4883 2404,4887 2405,4886 2514,4889 2514,4888 2515,4871 2514,4871 2513,4871 2513,4870 2513,4869 2512,4869 2506,4869 2505,4867 2505,4859 2505,4858 2512,4859 2514,4857 2517,4857 2518,4856 2520,4856 2522,4854 2602,4856 2603,4855 2603,4854 2604,4854 2623,4854 2623,4855 2623,4856 2623,4856 2808,4861 2809,4860 2809,4859 2809,4859 2818,4859 2820,4857 2901,4859 2902,4859 2902,4858 2903,4857 2904,4857 2905,4856 2908,4856 2909,4855 3029,4858 3029,4858 3029,4855 3031,4853 3050,4854 3050,4854 3050,4877 3050,4878 3238,4882 3239,4882 3239,4860 3240,4859 3241,4859 3241,4859 3241,4855 3242,4854 3242,4847 3250,4840 3250,4839 3250,4838 3255,4838 3256,4837 3290,4838 3292,4840 3291,4847 3292,4847 3296,4847 3297,4849 3297,4852 3299,4854 3299,4877 3299,4878 3300,4878 3301,4878 3301,4881 3302,4882 3301,4884 3301,4885 3300,4885 3299,4885 3299,4906 3299,4907 3327,4907 3329,4909 3329,4910 3327,4911 3299,4911 3299,4911 3298,4932 3297,4933 3297,4941 3296,4942 3296,4946 3294,4947 3287,4947 3286,4948 3281,4948 3279,4950 3277,4950 3277,4951 3277,4952 3276,4952 3256,4952 3254,4954 3254,4955 3253,4955 3163,4953 3163,4954 3162,4967 3162,4967 3158,4967 3156,4969 3154,4969 3153,4970 3153,4971 3153,4971 3152,4971 3150,4973 3051,4971 3049,4973 3034,4972 3033,4973 2984,4972 2983,4973 2975,4973 2974,4974 2963,4973 2962,4974 2962,4976 2962,4976 2838,4973 2837,4974 2833,4974 2831,4976 2831,4983 2825,4988 2816,4988 2816,4987 2816,4983 2815,4983 2654,4979 2653,4978 2649,4978 2648,4977 2418,4971 2416,4973 2406,4973 2405,4974 2282,4971 2281,4972 2281,4976 2280,4976 2276,4976 2274,4978 2271,4978 2271,4977 2271,4975 2271,4975 2092,4971 2090,4969 2090,4965 2090,4965 2002,4962 2001,4961 1914,4959 1913,4958 1697,4953 1696,4954 1696,4955 1694,4957 1577,4954 1576,4955 1576,4957 1576,4957 1570,4957 1569,4958 1569,4962 1569,4962 1556,4962 1555,4961 1555,4960 1554,4959 1551,4959 1550,4958 1550,4950 1550,4950 1324,4944 1323,4945 1323,4983 1322,4983 1317,4983 1317,4983 1317,4984 1316,4985 1307,4985 1304,4988 1296,4988 1295,4988"/><TextEquiv><Unicode/></TextEquiv><TextEquiv index="1"><Unicode>tint parole. Ma chere bienfaitrice &amp;</Unicode></TextEquiv></TextLine><TextEquiv><Unicode/></TextEquiv></TextRegion></Page></PcGts>