4266 6032
950 250 3322 453 comme cela. Ce n'eſt point une chi
990 436 3328 602 mere; j'en ſuis certaine. Ohl m
988 596 3328 766 voilà convaincue de votre bon ſens.
991 747 3328 915 Ce jeune homme a des ennemis.
957 886 3327 1072 Elle appela le premier Médecin. Mon-
990 1060 3328 1229 ſieur, lui dit-elle, voilà un homme
990 1222 3327 1387 qui n'eſt pas fou. -- Cela ſe peut
986 1376 3329 1542 bien, Madame, répondit-il. Vous
938 1531 3308 1703 voyez l'efficacité de nos remedes; le
995 1686 3308 1872 voilà déjà guéri. -- Je n'ai jamais éte
964 1847 3328 2012 fou, m'écriai-je; vous m'avez traité
990 2004 3328 2165 d'une maladie que je n'avois pas. -
986 2156 3329 2340 Vous l'entendez, Madame, repritl
988 2312 3315 2477 Médecin; nous avons trop tôt chanté
993 2469 3328 2636 victoire; il n'eſt pas encore tout à fait
988 2626 3313 2796 guéri; mais ileſt beaucoup mieux.
991 2780 3311 2949 -- Monſieur, réprit la Dame, il aété
976 2929 3315 3102 conduit chez des Charlatans qui ſe
971 3084 3328 3263 vantent de guérir par le magnétiſmne
986 3239 3313 3411 nanimal: connoiſſez - vous cela? --
995 3378 3318 3568 Chimere que tout célal reprit l'Eſ-
978 3535 3315 3731 'culape. Fou, archi fou qui va là
974 3703 3323 3881 'chercher la ſantét - Mais, reprit la
991 3860 3323 4040 Dame, vous devez du moins délivrer
989 4020 3318 4195 ce jeune homme. - Voyons, répli-
986 4179 3329 4350 qua le Dbcteur, voyons du moins
993 4327 3329 4513 s'il en eſt tempsn. A ces mots, il mit
983 4479 3328 4663 ſes lunettes, me tâta le pouls & la tête,
1005 4625 3329 4821 approcha ſon oréille de la mienne, pout
965 4791 3329 4993 ntendre ſi mes artéres ne battoien
