4266 6032
981 245 3328 445 le fou diſoit: C'eſt fort bien fait
974 420 3329 599 A mon tour à préſent. Son tour
976 578 3328 753 ne venoit point, & il en étoit tout
972 735 3329 904 ſurpris. La mere d'Artémiſe reprit:
972 886 3329 1060 Je vous laiſſe un témoin qui m'inſ-
972 1042 3328 1219 ntruira de votre conduite. Ma fille reſte
977 1201 3328 1380 ici. Il y avoit long-temps qu'elle ſe
976 1361 3328 1528 croyoit appelée par le Ciel au ſervice
959 1517 3329 1679 des malades. Je combattois toujours
984 1674 3328 1868 ſa prétendue vocation; & j'avois l'eſ-
977 1830 3292 1993 nperance de la faire revenir d'une
977 1985 3329 2150 ſi étrange réſolution; mais depuis
984 2140 3328 2300 nqu'elle a vu ce jeune homme, ſa vo-
986 2295 3328 2455 cation l'a repriſe avec tant de force,
988 2450 3328 2611 qu'il n'y a plus moyen d'y réſiſtet.
981 2609 3328 2771 Eeureuſement elle n'a pas encore
977 2759 3308 2928 nprononcé ſes vœux. Elle entre donc
984 2921 3304 3081 dès aujourd'hui poſtulante, à mon
981 3077 3296 3267 ngrand regret, je l'avoue; & je vaisla
979 3234 3328 3397 remettre a Madame la Supérieure.
1136 3387 3320 3555 A ces mots, Artémiſe me lança un
981 3528 3321 3712 regard qui ſembloit me dire: -C'eſt
979 3698 3328 3869 npour vous que je fais ce ſacrificen.
981 3858 3315 4019 Le Docteur la lorgna, en ſouriant,
981 4012 3308 4202 avec ſes lunettes. uOhl le petit Ange,
976 4168 3301 4336 dit-il, ſa vue ſeule guérira nos ma-
972 4324 3299 4492 lades; & nous envierons leur ſort.
981 4482 3328 4650 Je me félicitai tout haut du bonheur
986 4632 3327 4808 que j'allois avoir d'être ſoiqné peut-
981 4787 3328 4998 être par de ſi belles mains, & je dis que
