4266 6032
929 235 3308 575 e iuti te pas 'éſoin de ne u
929 561 3304 734 rotter, dis-je au Docteur; ce bel ob-
929 714 3306 887 jet a plus de force que tous les liens
929 871 3303 1041 pour me retenir. -- Iem, dit l'Eſcu-
941 1027 3301 1196 lape, en riant, il n'eſt pas ſi fou; nos
936 1189 3301 1346 remedes ont opérén. Le déteſtable
929 1340 3303 1507 Docteurl il avoit la rage d'attribuer tout
929 1500 1743 1659 à ſes remedes.
955 1650 3303 1814 Je quittai Madame Buonamici, mere
929 1808 3299 1975 d'Anémiſe, avec les plus tendres re-
929 1965 3299 2128 mercîmens. Elle alla préſenter ſa fille
929 2118 3294 2283 la Prieure, &tte jeune perſonne fut
929 2271 3299 2439 ſur le champ reçue poſtulante. J'eus
929 2429 3299 2593 le bonheur que, dès le jour même, elle
929 2586 3298 2750 vintm'apporter un bonillon. Je vis bien
929 2744 3297 2906 que je devois cette faveur à la bonne
929 2900 3303 3066 volonté du Médecin, payé pour être
929 3048 3301 3221 honnête à mon égard. La tendre Arté-
929 3205 3299 3394 miſe, devenue ma bienfaitrice, me parut
929 3365 3323 3527 encore plus intéreſſante. Je voyons en
929 3514 3301 3688 edde un Ange ſecourable, envoyé vers
929 3670 3308 3844 moi des palais éternels. La-pudique
929 3831 3306 4000 tendreſſe qui caractériſoit ſa phyſiono-
929 3984 3304 4160 mie, le tendre embarras, & la rougeur
929 4140 3311 4352 uimide que je voyois s'y peindre, tout
929 4286 3306 4488 la rendoit céleſte a mes yeux. Je ne lui
929 4456 2480 4628 avois pas fait un compli
2480 4470 3311 4628 ment, quand
929 4604 3308 4785 jlui avois dit que je n'étois plus preſſé
929 4756 3322 4959 doe; c'étoit la pure vérité. Ms juſi
2512 4922 2948 5066 I
