<?xml version="1.0" encoding="UTF-8" standalone="no"?><PcGts xmlns="http://schema.primaresearch.org/PAGE/gts/pagecontent/2017-07-15" xmlns:xsi="http://www.w3.org/2001/XMLSchema-instance" xsi:schemaLocation="http://schema.primaresearch.org/PAGE/gts/pagecontent/2017-07-15 http://schema.primaresearch.org/PAGE/gts/pagecontent/2017-07-15/pagecontent.xsd"><Metadata><Creator/><Created>2020-10-14T10:17:38</Created><LastChange>1970-01-01T00:00:00</LastChange><Comments/></Metadata><Page imageFilename="0182.png" imageHeight="6032" imageWidth="4266"><TextRegion id="r1" orientation="0.875" type="paragraph"><Coords points="1,1 4264,1 4264,6030 1,6030"/><TextLine id="l1"><Coords points="3264,432 3263,431 3256,432 3256,431 3256,430 3255,430 3162,431 3160,429 3089,430 3089,430 3088,392 3088,391 3077,391 3076,391 3076,388 3075,387 3052,388 3050,386 3048,386 3048,385 3048,384 3047,384 2912,386 2911,385 2616,389 2616,390 2617,426 2616,426 2612,426 2611,425 2506,427 2505,426 2454,427 2453,426 2385,427 2384,426 2384,384 2383,384 1929,391 1929,391 1929,429 1929,430 1928,430 1926,432 1891,432 1891,432 1890,430 1889,429 1889,428 1889,427 1888,427 1887,427 1887,390 1886,389 1555,394 1555,395 1555,396 1554,397 1553,397 1552,398 1552,400 1549,403 1549,405 1548,407 1546,407 1545,407 1545,409 1543,412 1444,413 1443,414 1444,435 1443,435 1423,436 1423,435 1422,394 1421,394 1078,399 1078,399 1079,440 1078,441 1063,441 1063,441 1062,429 1062,428 1017,429 1015,427 1015,407 1015,407 991,407 990,407 990,404 989,403 971,403 970,402 964,403 962,401 950,401 945,396 943,396 943,395 943,374 941,372 940,371 939,370 937,370 936,369 936,345 935,344 935,334 935,334 937,334 938,333 947,333 948,332 948,324 948,324 949,324 950,323 950,321 950,321 991,320 992,320 991,289 992,288 996,288 998,286 1000,286 1002,284 1284,280 1286,278 1288,278 1292,274 1293,274 1304,274 1304,275 1304,277 1308,281 1309,309 1309,309 1720,303 1721,302 1720,280 1722,279 1986,275 1989,272 1993,272 1996,275 2177,272 2178,273 2178,274 2179,275 2366,272 2368,274 2369,274 2369,275 2370,309 2370,309 2404,309 2405,310 2679,305 2680,305 2680,299 2680,298 2686,298 2687,298 2687,296 2687,295 2836,293 2839,290 3064,286 3064,286 3064,279 3065,278 3068,278 3070,276 3070,274 3072,272 3282,269 3282,269 3282,255 3283,253 3284,253 3285,254 3285,269 3286,269 3323,268 3323,268 3323,263 3324,262 3354,262 3354,262 3354,260 3357,257 3358,257 3358,257 3358,260 3359,261 3363,261 3363,261 3363,270 3364,271 3365,271 3365,271 3365,285 3364,286 3365,338 3364,339 3365,408 3364,410 3346,410 3345,411 3346,427 3345,427 3266,428 3266,429 3266,432 3265,432"/><TextEquiv><Unicode/></TextEquiv><TextEquiv index="1"><Unicode>tification, ou plutôt la preuve de la</Unicode></TextEquiv></TextLine><TextLine id="l2"><Coords points="3364,587 3363,586 3363,580 3362,580 3248,582 3248,581 3248,568 3247,568 3205,568 3205,568 3204,547 3204,546 3199,546 3196,543 3137,544 3134,541 3087,542 3086,541 3082,541 3081,540 3067,540 3066,541 3067,583 3066,583 3055,584 3055,583 3054,541 3054,541 3032,541 3031,540 3031,539 3031,539 2866,542 2865,541 2838,541 2837,540 2623,543 2622,544 2623,581 2622,581 2613,581 2613,581 2613,565 2612,564 2300,569 2300,570 2300,575 2297,577 2199,579 2198,580 2197,580 2197,580 2197,581 2196,582 2192,582 2190,584 2185,584 2184,585 2028,587 2028,587 2028,586 2027,585 2027,574 2027,573 2034,573 2036,572 2035,547 2035,546 1823,549 1822,550 1822,553 1822,553 1734,555 1733,555 1734,576 1733,577 1728,577 1727,575 1726,549 1726,549 1564,551 1563,552 1564,575 1563,575 1562,575 1562,576 1562,579 1561,579 1402,582 1402,582 1402,594 1401,595 1395,595 1395,594 1394,554 1394,554 1301,555 1300,554 1106,557 1105,558 1105,561 1105,561 1104,561 1103,561 1103,556 1103,555 1032,557 1031,556 967,557 966,556 939,556 938,555 938,530 937,530 929,530 928,529 928,518 928,517 938,517 939,516 938,484 939,484 950,484 950,483 950,482 951,482 952,482 952,481 952,479 953,478 953,462 953,462 954,462 955,461 955,453 955,453 959,453 961,451 963,451 965,449 969,448 971,446 973,446 975,444 978,444 979,443 1063,442 1064,441 1080,441 1081,441 1081,442 1082,443 1082,479 1083,480 1148,479 1149,480 1362,476 1363,475 1366,475 1367,474 1421,474 1421,473 1421,441 1421,441 1422,441 1423,440 1423,436 1423,436 1484,435 1485,434 1486,434 1488,432 1496,431 1498,429 1511,429 1511,430 1511,431 1512,431 1514,431 1515,432 1519,432 1519,433 1520,434 1521,435 1521,469 1522,469 1591,468 1592,469 1750,467 1750,466 1750,438 1750,438 1752,438 1753,436 1754,436 1755,436 1755,435 1757,432 1769,432 1770,433 1770,434 1770,434 1886,432 1887,433 1887,438 1887,438 2051,436 2052,436 2052,437 2052,438 2196,436 2198,438 2199,438 2200,438 2200,457 2200,458 2382,455 2383,454 2383,427 2383,427 2453,426 2454,427 2505,426 2506,427 2611,425 2612,426 2617,426 2618,427 2618,460 2619,460 2885,456 2885,456 2885,454 2886,453 2886,448 2888,446 2888,444 2890,442 2890,440 2890,439 2891,439 2893,438 2893,434 2894,432 2896,432 2897,431 2903,431 2904,432 2907,432 2911,435 2911,437 2911,438 2913,438 2914,438 2914,440 2914,441 2915,441 2916,441 2916,447 2917,448 2917,450 2917,451 2918,451 2919,451 2919,464 2920,465 3088,462 3088,462 3088,432 3089,430 3104,430 3105,430 3105,431 3105,432 3166,431 3167,431 3167,432 3167,433 3263,431 3264,432 3266,432 3267,433 3267,437 3267,437 3364,436 3365,436 3365,472 3364,473 3365,549 3365,550 3365,586 3365,587"/><TextEquiv><Unicode/></TextEquiv><TextEquiv index="1"><Unicode>ſaine raiſon dont je jouiſſois traînoite</Unicode></TextEquiv></TextLine><TextLine id="l3"><Coords points="3363,741 3362,740 3336,740 3335,739 3273,740 3272,740 3272,738 3272,737 3145,739 3144,738 3140,738 3139,738 3139,730 3139,729 2796,735 2795,734 2795,724 2795,724 2244,732 2243,733 2243,740 2243,740 1892,745 1891,744 1887,744 1884,742 1878,742 1877,741 1877,740 1877,740 1876,740 1872,736 1872,735 1872,735 1871,735 1870,734 1870,732 1868,730 1868,728 1868,728 1857,728 1856,727 1856,725 1855,725 1429,731 1428,732 1428,735 1428,735 1419,736 1418,736 1418,744 1413,749 1413,752 1413,753 1407,753 1406,752 1188,755 1187,754 1140,755 1139,754 1139,752 1139,752 1102,752 1101,751 1100,751 1098,750 1098,733 1098,733 937,735 936,734 935,691 935,690 929,690 926,688 926,678 929,675 942,675 942,674 941,605 943,604 945,604 946,603 967,603 968,602 974,601 975,602 1394,596 1395,595 1568,592 1569,593 1850,589 1852,591 2144,587 2145,588 2510,582 2511,583 2622,581 2623,582 2623,587 2623,587 2864,584 2865,585 2870,584 2872,586 3066,583 3067,584 3069,584 3070,585 3070,591 3071,591 3365,587 3365,587 3365,613 3364,614 3366,681 3365,682 3365,740 3365,741"/><TextEquiv><Unicode/></TextEquiv><TextEquiv index="1"><Unicode>longueur, malgré les efforts réunis de</Unicode></TextEquiv></TextLine><TextLine id="l4"><Coords points="3359,898 3359,898 3359,893 3358,892 3358,885 3357,884 3261,886 3260,885 3258,885 3258,884 3258,883 3257,883 3256,883 3256,882 3255,855 3255,855 3195,856 3194,855 3093,856 3091,855 3091,853 3091,852 3082,852 3081,851 3044,852 3043,851 2495,859 2494,860 2494,869 2494,869 2373,871 2372,872 2373,897 2372,897 2362,897 2362,897 2362,894 2361,893 2255,895 2255,894 2255,893 2254,892 2253,878 2253,878 2250,878 2249,877 2249,860 2249,860 2023,863 2022,864 2023,901 2022,901 2006,902 2006,901 2005,864 2005,864 1976,864 1975,864 1975,863 1975,862 1971,862 1970,861 1965,861 1962,858 1767,861 1766,862 1767,895 1766,895 1765,895 1765,896 1765,897 1764,897 1627,899 1627,900 1627,906 1626,906 1610,907 1610,906 1610,895 1609,895 1389,898 1389,899 1389,901 1387,902 1385,902 1385,902 1385,900 1383,898 1383,896 1382,895 1381,871 1381,870 1069,875 1068,875 1069,907 1067,909 1066,909 1065,908 1064,873 1064,872 949,874 946,871 944,871 943,870 942,827 941,826 941,824 940,823 939,823 938,822 938,816 941,814 947,814 947,813 947,765 947,764 947,763 948,763 951,763 953,761 957,761 957,760 957,759 958,759 1139,756 1140,755 1187,754 1188,755 1254,754 1255,755 1521,751 1521,751 1521,750 1524,747 1529,747 1531,745 1548,745 1549,746 1574,745 1574,746 1574,747 1575,747 1588,747 1588,748 1588,749 1589,749 1590,749 1592,751 1748,749 1749,750 2064,745 2065,744 2067,744 2069,742 2080,742 2081,743 2146,742 2147,743 2180,742 2180,742 2180,743 2181,744 2317,742 2319,744 2319,746 2321,748 2321,751 2322,752 2323,757 2323,758 2364,757 2365,758 2365,778 2365,778 2623,774 2624,774 2623,743 2624,742 2625,742 2625,742 2625,740 2627,738 2657,738 2659,740 2670,740 2671,741 2683,740 2685,742 2695,742 2698,745 2700,745 2702,747 2704,747 2706,749 2707,752 2708,753 2708,755 2711,758 2711,777 2711,778 2821,776 2822,777 2931,776 2932,777 3119,774 3120,773 3120,754 3120,754 3135,753 3136,753 3136,749 3136,748 3136,743 3139,740 3139,739 3140,738 3144,738 3145,739 3155,739 3155,740 3155,742 3157,743 3241,742 3242,743 3365,741 3365,741 3365,746 3365,747 3366,812 3365,813 3365,847 3364,848 3365,892 3364,893 3363,893 3363,893 3363,897 3362,898"/><TextEquiv><Unicode/></TextEquiv><TextEquiv index="1"><Unicode>la Princeſſe &amp; de Madame Buonamici;</Unicode></TextEquiv></TextLine><TextLine id="l5"><Coords points="3362,1043 3361,1043 3361,1039 3360,1038 3157,1041 3154,1038 3138,1038 3136,1036 3057,1038 3057,1037 3057,1012 3056,1012 2780,1016 2780,1016 2780,1025 2779,1026 2777,1026 2776,1024 2775,1010 2775,1010 2753,1010 2752,1009 2437,1014 2436,1015 2372,1016 2372,1017 2372,1055 2372,1055 2227,1057 2226,1058 2226,1059 2226,1059 2167,1060 2164,1057 2162,1057 2161,1057 2161,1028 2160,1027 2149,1028 2149,1027 2148,1016 2148,1016 2144,1016 2143,1015 2110,1015 2109,1014 1841,1018 1840,1019 1841,1061 1841,1061 1765,1062 1764,1063 1764,1065 1764,1065 1763,1065 1762,1064 1757,1065 1756,1064 1746,1064 1744,1062 1742,1062 1741,1061 1741,1059 1741,1059 1679,1060 1677,1058 1677,1046 1676,1046 1640,1046 1640,1046 1640,1024 1639,1023 1432,1026 1431,1025 1198,1029 1196,1031 1150,1032 1150,1032 1150,1050 1148,1052 1148,1055 1146,1057 1146,1061 1146,1062 1144,1062 1141,1064 1141,1066 1141,1067 1139,1067 1137,1068 1137,1069 1137,1070 1121,1070 1120,1069 1075,1070 1074,1069 1074,1061 1074,1061 994,1062 993,1062 993,1030 992,1029 986,1029 983,1026 976,1026 974,1024 972,1024 971,1024 971,1022 970,1021 966,1021 964,1019 963,1019 962,1018 962,1017 962,1017 961,1017 960,1016 960,1015 960,1015 956,1015 955,1014 955,1012 952,1009 952,1007 952,1007 951,1007 950,1006 950,1005 950,1005 948,1005 946,1003 944,1003 940,999 940,998 941,998 943,998 943,997 943,992 948,987 948,985 952,981 952,979 953,978 953,977 955,975 955,974 955,974 957,974 962,969 964,969 969,964 972,963 973,963 972,936 974,934 974,931 978,927 978,923 978,922 980,922 983,920 983,918 983,917 985,917 986,917 986,915 986,914 987,914 988,914 988,913 988,912 1004,912 1005,912 1005,913 1005,914 1006,914 1007,914 1007,915 1007,916 1011,916 1012,917 1019,917 1021,918 1021,919 1021,920 1370,914 1372,912 1374,912 1375,912 1375,910 1375,909 1391,909 1392,910 1627,906 1631,910 1631,944 1632,944 1873,941 1873,940 1873,928 1874,928 1875,928 1875,927 1875,919 1875,919 1927,918 1928,917 1928,910 1930,908 1930,907 1930,907 1931,907 1932,906 1932,902 1932,902 1940,902 1941,903 2022,901 2023,902 2024,902 2025,903 2025,913 2025,913 2292,909 2293,909 2293,900 2295,897 2302,897 2303,898 2376,897 2379,899 2379,935 2380,936 2610,932 2610,932 2610,913 2611,912 2611,902 2615,897 2624,897 2626,899 2762,897 2763,898 2763,917 2764,918 2764,927 2765,927 3001,923 3003,921 3167,919 3167,918 3167,902 3168,901 3168,899 3170,897 3183,897 3184,897 3184,899 3185,901 3362,898 3363,898 3363,904 3365,906 3365,942 3365,943 3365,1005 3364,1006 3365,1041 3364,1043"/><TextEquiv><Unicode/></TextEquiv><TextEquiv index="1"><Unicode>&amp; je n'étois pas impatienté de ces dé-</Unicode></TextEquiv></TextLine><TextLine id="l6"><Coords points="3362,1203 3361,1203 3361,1195 3361,1194 3345,1194 3344,1194 3344,1174 3344,1173 3259,1175 3258,1174 3258,1173 3257,1173 2605,1183 2604,1183 2604,1193 2604,1194 2198,1200 2197,1200 2197,1210 2197,1211 2195,1211 2193,1213 2113,1214 2112,1215 2094,1215 2094,1215 2093,1213 2093,1212 1450,1222 1450,1223 1450,1225 1449,1225 1439,1225 1437,1227 1430,1228 1429,1227 1415,1227 1413,1225 1411,1225 1411,1224 1411,1222 1409,1220 1408,1185 1407,1185 1327,1186 1326,1185 1246,1186 1245,1185 983,1189 982,1188 948,1189 948,1188 948,1187 946,1186 945,1186 945,1185 945,1175 945,1175 946,1175 948,1173 947,1125 948,1124 947,1077 948,1077 955,1077 956,1076 965,1076 967,1074 971,1074 972,1072 1073,1071 1074,1070 1088,1070 1088,1070 1088,1071 1089,1072 1277,1069 1278,1070 1295,1070 1298,1073 1299,1072 1299,1073 1300,1107 1300,1107 1822,1100 1823,1099 1822,1063 1824,1061 2260,1055 2262,1057 2374,1055 2375,1056 2604,1053 2607,1056 2607,1057 2608,1058 2608,1062 2609,1062 2610,1062 2610,1063 2610,1068 2611,1068 3107,1061 3107,1060 3107,1058 3110,1055 3110,1053 3111,1053 3112,1053 3114,1051 3115,1051 3118,1048 3120,1048 3122,1046 3130,1046 3131,1047 3140,1046 3145,1051 3196,1051 3197,1052 3202,1051 3204,1053 3232,1053 3232,1053 3232,1054 3233,1055 3364,1053 3365,1054 3364,1055 3365,1138 3365,1139 3365,1191 3363,1193 3363,1202 3363,1203"/><TextEquiv><Unicode/></TextEquiv><TextEquiv index="1"><Unicode>lais. Je pouvois me plaire dans une ſalle</Unicode></TextEquiv></TextLine><TextLine id="l7"><Coords points="3236,1359 3236,1358 3236,1356 3235,1356 2632,1365 2631,1364 2531,1366 2529,1363 2529,1361 2528,1361 2249,1365 2246,1362 1008,1381 1008,1380 1008,1378 1007,1377 1006,1346 1006,1346 981,1346 979,1344 975,1344 974,1344 974,1343 974,1342 973,1343 970,1340 968,1340 967,1339 951,1339 950,1338 950,1337 950,1337 949,1337 948,1336 948,1308 947,1307 947,1305 945,1303 945,1296 948,1293 948,1291 950,1289 953,1289 955,1286 955,1284 956,1284 965,1284 965,1283 965,1281 969,1278 977,1277 981,1273 988,1273 989,1272 993,1272 993,1272 993,1250 993,1249 997,1249 998,1249 998,1233 998,1232 1201,1229 1203,1227 1532,1222 1533,1223 1625,1222 1626,1223 2112,1215 2113,1216 2113,1217 2113,1217 2538,1211 2538,1211 2539,1212 2539,1213 2540,1213 2541,1213 2541,1218 2541,1219 2751,1215 2753,1217 2755,1217 2756,1218 3291,1210 3292,1211 3292,1212 3292,1212 3363,1211 3364,1211 3364,1228 3363,1229 3364,1286 3363,1288 3363,1322 3362,1324 3363,1357 3362,1357"/><TextEquiv><Unicode/></TextEquiv><TextEquiv index="1"><Unicode>de fous. J'y voyois tous les jours mon</Unicode></TextEquiv></TextLine><TextLine id="l8"><Coords points="2888,1518 2887,1517 2746,1519 2745,1519 2745,1480 2744,1479 2691,1480 2689,1478 2685,1478 2684,1477 2345,1483 2343,1485 2273,1486 2273,1486 2273,1512 2272,1514 2111,1516 2110,1517 2110,1525 2110,1525 2102,1525 2101,1525 2101,1493 2100,1492 1972,1494 1972,1494 1972,1488 1971,1487 1922,1488 1922,1488 1922,1487 1921,1486 1502,1492 1499,1495 1225,1500 1225,1500 1225,1539 1225,1540 1212,1540 1211,1541 1209,1541 1208,1540 1208,1500 1207,1500 1184,1500 1183,1499 973,1503 972,1502 957,1502 955,1500 950,1500 948,1497 947,1452 946,1452 926,1452 926,1452 926,1450 924,1448 924,1443 924,1442 944,1442 945,1441 945,1437 947,1435 947,1433 947,1433 983,1432 984,1432 984,1425 986,1423 986,1420 987,1418 988,1418 988,1418 988,1414 991,1411 991,1409 993,1407 995,1407 995,1407 995,1403 996,1402 996,1401 998,1399 998,1398 999,1397 1000,1397 1000,1397 1000,1390 1001,1389 1004,1389 1006,1387 1009,1387 1009,1386 1009,1381 1009,1381 1012,1381 1013,1381 1013,1385 1013,1386 1233,1383 1234,1384 1244,1383 1245,1384 1631,1378 1633,1380 1633,1382 1634,1382 1646,1382 1647,1383 1648,1383 1648,1384 1648,1385 1649,1385 1650,1385 1650,1386 1650,1387 1651,1387 1652,1387 1652,1388 1652,1390 1653,1391 1653,1395 1655,1397 1656,1415 1656,1415 2174,1407 2174,1407 2174,1375 2177,1371 2187,1371 2188,1370 2198,1370 2199,1370 2199,1371 2199,1372 2281,1371 2282,1372 2631,1366 2632,1365 2935,1361 2936,1362 2940,1361 2942,1363 3361,1357 3362,1358 3362,1376 3363,1376 3364,1376 3365,1377 3364,1378 3365,1418 3363,1420 3296,1421 3296,1422 3296,1467 3295,1468 3282,1468 3281,1469 3277,1469 3277,1470 3277,1471 3276,1471 3275,1471 3275,1472 3275,1473 3274,1473 2988,1478 2988,1478 2988,1482 2987,1483 2986,1483 2986,1483 2986,1485 2983,1488 2983,1490 2981,1492 2981,1497 2979,1499 2979,1504 2979,1505 2978,1505 2976,1507 2974,1507 2972,1509 2908,1510 2907,1511 2906,1511 2905,1512 2905,1514 2903,1516 2900,1516 2898,1518"/><TextEquiv><Unicode/></TextEquiv><TextEquiv index="1"><Unicode>Adélaide &amp; ma noble amie, j'y étois</Unicode></TextEquiv></TextLine><TextLine id="l9"><Coords points="1338,1713 1337,1712 1337,1696 1336,1696 1132,1699 1132,1699 1131,1659 1131,1658 1041,1660 1040,1659 1033,1659 1031,1657 1029,1657 1028,1656 956,1657 955,1656 955,1655 955,1655 953,1655 952,1654 952,1645 953,1644 953,1642 954,1641 953,1589 955,1588 957,1588 957,1587 957,1586 958,1586 965,1586 965,1585 965,1565 967,1563 967,1561 969,1559 969,1554 971,1552 980,1551 984,1547 986,1547 986,1547 986,1546 987,1545 989,1545 990,1544 990,1543 991,1542 996,1542 998,1540 1010,1540 1012,1542 1021,1542 1022,1543 1225,1540 1227,1542 1229,1542 1229,1542 1230,1577 1230,1578 2050,1565 2051,1565 2051,1563 2051,1562 2055,1562 2057,1560 2095,1559 2096,1559 2095,1528 2097,1526 2100,1526 2101,1525 2833,1514 2833,1515 2833,1516 2834,1516 2840,1516 2842,1518 2842,1520 2843,1521 2844,1540 2844,1541 3363,1533 3364,1534 3364,1571 3364,1571 3353,1571 3352,1572 3352,1581 3353,1581 3356,1581 3356,1582 3356,1583 3356,1583 3290,1584 3289,1585 3289,1598 3289,1598 3288,1598 3287,1600 3287,1603 3285,1604 3255,1605 3255,1605 3255,1622 3251,1626 3178,1627 3176,1629 3103,1630 3103,1631 3103,1665 3103,1666 3103,1669 3100,1671 3048,1672 3047,1673 3029,1673 3029,1673 3028,1660 3028,1659 2943,1660 2940,1658 2940,1634 2939,1634 2851,1635 2848,1633 2846,1633 2844,1631 2166,1641 2165,1642 2165,1651 2166,1651 2279,1650 2279,1650 2279,1654 2279,1655 2166,1656 2165,1657 2166,1680 2165,1680 1495,1691 1494,1692 1383,1693 1383,1694 1383,1707 1382,1708 1382,1710 1381,1710 1380,1710 1380,1711 1380,1712 1380,1712"/><TextEquiv><Unicode/></TextEquiv><TextEquiv index="1"><Unicode>ſervi par ma petite Artémiſe; pou-</Unicode></TextEquiv></TextLine><TextLine id="l10"><Coords points="3244,1827 3244,1826 3244,1824 3243,1824 3162,1825 3161,1824 3157,1824 3156,1823 1324,1851 1323,1851 1323,1832 1322,1831 1314,1831 1313,1830 1313,1812 1312,1811 1081,1815 1080,1814 991,1815 991,1815 990,1810 990,1809 962,1810 960,1808 960,1772 959,1772 955,1772 955,1771 955,1752 957,1750 957,1748 958,1747 959,1747 959,1746 959,1743 960,1743 963,1743 965,1741 996,1740 996,1740 996,1739 997,1738 1131,1736 1131,1736 1131,1701 1132,1699 1482,1694 1483,1693 1484,1693 1485,1692 2156,1681 2157,1680 2348,1678 2349,1677 2359,1676 2360,1676 2360,1675 2360,1674 2366,1674 2367,1675 2367,1676 2367,1676 2373,1676 2374,1677 2480,1676 2481,1677 2510,1676 2511,1677 2739,1674 2741,1676 2742,1676 2743,1677 2750,1676 2751,1677 3047,1673 3048,1673 3048,1709 3049,1710 3352,1705 3353,1707 3353,1725 3354,1725 3360,1725 3361,1727 3361,1727 3287,1728 3286,1729 3287,1739 3285,1741 3285,1777 3283,1779 3281,1779 3280,1780 3280,1781 3279,1782 3279,1783 3278,1784 3275,1784 3273,1786 3251,1787 3250,1787 3251,1826 3250,1827"/><TextEquiv><Unicode/></TextEquiv><TextEquiv index="1"><Unicode>vois -je m'y déplaire? Il eſt vrai que</Unicode></TextEquiv></TextLine><TextLine id="l11"><Coords points="3098,1984 3096,1983 3096,1942 3095,1941 2845,1945 2845,1945 2845,1977 2845,1978 2841,1978 2840,1978 2840,1947 2839,1946 2642,1949 2642,1950 2642,1963 2641,1963 2639,1963 2638,1965 2637,1965 2635,1964 2635,1962 2634,1961 2633,1960 2631,1960 2629,1958 2524,1960 2524,1959 2524,1949 2523,1949 2336,1952 2335,1951 2331,1951 2330,1950 1930,1956 1930,1956 1930,1993 1930,1994 1926,1994 1925,1994 1925,1992 1925,1991 1758,1994 1757,1994 1757,1996 1757,1997 1756,1997 1755,1997 1755,1998 1755,1999 1744,1999 1743,2000 1721,2000 1720,2000 1720,1962 1719,1961 1449,1965 1448,1966 1293,1969 1293,1969 1294,2008 1293,2009 1249,2009 1249,2009 1248,2006 1246,2004 1246,2002 1246,2001 1242,2001 1241,2001 1241,1999 1238,1996 1237,1996 1235,1994 1235,1968 1234,1968 1052,1970 1050,1972 1048,1972 1045,1975 1032,1976 1031,1976 1031,1998 1031,1999 996,1999 993,2002 993,2004 991,2006 991,2008 991,2008 990,2008 990,2009 990,2010 988,2011 960,2012 959,2010 958,1946 957,1945 956,1918 953,1915 953,1909 955,1907 955,1905 957,1903 957,1878 957,1877 957,1872 959,1870 959,1868 960,1868 962,1868 963,1867 976,1867 977,1868 988,1867 990,1870 990,1872 991,1873 992,1898 992,1898 1171,1896 1172,1895 1172,1894 1172,1894 1208,1893 1209,1892 1208,1862 1210,1861 1211,1861 1211,1860 1211,1857 1213,1856 1215,1856 1216,1855 1227,1855 1228,1856 1230,1856 1230,1856 1230,1857 1231,1858 1232,1858 1232,1858 1232,1860 1236,1864 1236,1866 1237,1867 1238,1889 1238,1890 1384,1887 1385,1888 1385,1889 1385,1889 1579,1886 1580,1886 1579,1853 1581,1851 1581,1849 1584,1846 1598,1846 1600,1848 1600,1850 1601,1851 1602,1851 1602,1851 1603,1885 1603,1886 1803,1883 1804,1882 1803,1848 1806,1846 1815,1846 1818,1843 1822,1843 1822,1843 1822,1845 1824,1847 1824,1850 1825,1851 1825,1856 1826,1857 1846,1856 1846,1857 1847,1882 1847,1882 2041,1879 2042,1879 2042,1870 2042,1869 2042,1842 2043,1841 2057,1841 2058,1842 2058,1861 2059,1862 2060,1873 2060,1874 2259,1871 2260,1870 2260,1868 2260,1867 2260,1857 2262,1856 2264,1856 2264,1855 2264,1853 2266,1851 2266,1848 2269,1845 2269,1841 2274,1837 2281,1837 2281,1837 2281,1840 2282,1841 2283,1841 2285,1843 2285,1846 2286,1847 2286,1851 2287,1852 2289,1851 2290,1853 2290,1855 2292,1856 2293,1856 2293,1857 2293,1858 2294,1858 2295,1858 2295,1859 2296,1872 2296,1872 2493,1869 2494,1869 2494,1867 2494,1866 2494,1841 2496,1839 2498,1839 2498,1839 2498,1838 2499,1837 2501,1837 2502,1836 2512,1836 2512,1837 2512,1841 2513,1842 2514,1873 2514,1873 2701,1870 2702,1870 2701,1854 2702,1853 2702,1844 2704,1842 2704,1837 2707,1834 2826,1832 2827,1830 2935,1829 2937,1827 2939,1827 2940,1828 2954,1827 2956,1829 2975,1829 2978,1831 2979,1868 2979,1869 3024,1868 3025,1869 3218,1866 3219,1866 3218,1832 3220,1830 3230,1830 3231,1829 3244,1829 3244,1828 3244,1827 3244,1827 3250,1827 3252,1828 3295,1827 3296,1828 3296,1829 3298,1831 3299,1897 3300,1897 3364,1896 3364,1897 3364,1905 3365,1906 3365,1913 3364,1914 3365,1935 3363,1937 3363,1966 3363,1966 3362,1966 3361,1967 3361,1977 3361,1977 3359,1977 3358,1978 3357,1978 3356,1978 3356,1950 3355,1949 3334,1950 3334,1949 3334,1938 3333,1938 3129,1941 3129,1941 3129,1979 3129,1980 3125,1980 3123,1982 3106,1982 3104,1984"/><TextEquiv><Unicode/></TextEquiv><TextEquiv index="1"><Unicode>je n'y avois plus la tête lavée. Je pré-</Unicode></TextEquiv></TextLine><TextLine id="l12"><Coords points="2187,2151 2187,2151 2187,2150 2186,2149 1086,2166 1086,2165 1085,2130 1085,2130 1044,2131 1043,2130 1039,2130 1038,2129 1038,2128 1038,2128 978,2129 977,2128 961,2128 960,2127 960,2126 959,2125 958,2054 958,2054 925,2054 924,2054 924,2052 925,2051 960,2051 960,2050 960,2012 960,2012 1742,2000 1742,2000 1742,2001 1743,2002 2526,1990 2527,1991 3358,1978 3358,1979 3358,1982 3359,1982 3364,1982 3365,1984 3365,1988 3364,1989 3365,2048 3364,2049 3365,2121 3365,2121 2864,2129 2864,2129 2864,2137 2863,2138 2288,2147 2288,2147 2288,2148 2287,2149 2205,2150 2204,2151"/><TextEquiv><Unicode/></TextEquiv><TextEquiv index="1"><Unicode>ſentai ces Dames les unes aux autres.</Unicode></TextEquiv></TextLine><TextLine id="l13"><Coords points="1207,2324 1206,2324 1206,2323 1205,2321 1204,2321 1203,2321 1203,2320 1203,2319 1006,2322 1005,2321 1003,2321 1002,2321 1002,2286 1001,2285 971,2286 970,2285 968,2285 965,2281 963,2183 963,2183 961,2183 960,2182 960,2181 960,2181 956,2181 955,2180 955,2176 956,2176 957,2176 957,2175 957,2171 957,2171 977,2171 978,2172 1026,2171 1029,2173 1029,2175 1030,2176 1031,2176 1031,2176 1031,2180 1032,2181 1289,2177 1289,2176 1289,2169 1289,2169 1290,2169 1292,2167 1292,2166 1292,2166 1304,2166 1305,2167 1308,2166 1309,2167 1309,2170 1310,2170 1477,2168 1478,2168 1478,2180 1479,2181 1488,2181 1488,2181 1488,2193 1489,2194 1551,2193 1553,2195 1555,2195 1557,2197 1557,2198 1558,2199 1765,2196 1765,2195 1765,2162 1765,2161 1772,2161 1774,2159 1781,2159 1784,2162 1784,2181 1786,2183 1786,2197 1787,2197 1998,2194 1999,2193 2001,2193 2002,2192 2014,2192 2016,2190 2049,2189 2049,2189 2049,2167 2050,2166 2052,2166 2054,2164 2054,2162 2054,2161 2185,2159 2186,2159 2186,2152 2186,2151 2272,2150 2273,2149 2288,2149 2290,2150 2575,2146 2576,2145 2851,2141 2852,2140 2858,2140 2859,2139 2859,2138 2859,2138 3026,2135 3028,2133 3042,2133 3043,2133 3043,2134 3043,2135 3045,2135 3048,2138 3236,2135 3237,2136 3237,2138 3237,2138 3300,2137 3301,2138 3301,2155 3302,2155 3362,2154 3363,2155 3363,2161 3364,2161 3365,2161 3365,2162 3365,2167 3364,2168 3366,2253 3365,2253 3364,2253 3363,2254 3363,2254 3362,2247 3362,2246 3356,2246 3355,2247 3356,2276 3355,2276 3353,2276 3353,2276 3352,2247 3352,2246 3351,2247 3352,2264 3351,2264 3349,2264 3349,2264 3348,2247 3348,2246 3271,2248 3270,2247 3263,2247 3262,2246 2918,2251 2917,2252 2915,2252 2913,2254 2883,2254 2882,2255 2883,2271 2882,2271 2754,2273 2754,2274 2754,2278 2753,2278 2749,2278 2749,2278 2749,2269 2748,2269 2728,2269 2728,2268 2728,2260 2727,2260 2565,2262 2563,2260 2242,2265 2242,2266 2242,2286 2241,2286 2074,2289 2073,2290 2069,2290 2069,2290 2069,2301 2067,2304 2066,2303 2065,2303 2064,2302 2064,2267 2063,2267 1896,2270 1895,2269 1872,2269 1871,2268 1623,2272 1622,2273 1617,2273 1616,2274 1602,2274 1601,2273 1469,2275 1469,2276 1469,2283 1468,2283 1464,2283 1464,2283 1464,2276 1463,2275 1318,2277 1317,2278 1241,2280 1241,2280 1241,2319 1240,2321 1221,2321 1220,2322 1215,2322 1213,2324"/><TextEquiv><Unicode/></TextEquiv><TextEquiv index="1"><Unicode>La plus tendre amitié s'établit ſur le</Unicode></TextEquiv></TextLine><TextLine id="l14"><Coords points="1356,2479 1356,2478 1356,2477 1355,2477 1102,2481 1102,2480 1101,2461 1101,2461 1003,2462 1002,2462 1002,2440 1002,2439 996,2439 995,2438 993,2438 989,2434 981,2435 979,2434 976,2434 976,2433 976,2424 975,2424 973,2424 971,2421 970,2401 969,2400 969,2388 971,2386 971,2384 973,2383 979,2383 979,2382 979,2380 980,2380 981,2380 986,2374 988,2374 988,2374 988,2373 989,2372 995,2372 996,2371 997,2371 999,2369 1000,2369 1000,2369 1000,2368 1000,2367 1039,2367 1040,2366 1039,2332 1041,2331 1052,2330 1055,2327 1061,2327 1062,2329 1062,2331 1064,2333 1065,2340 1065,2340 1175,2339 1176,2339 1176,2340 1179,2343 1179,2362 1179,2362 1487,2358 1488,2357 1527,2356 1528,2355 1530,2355 1532,2353 1571,2352 1573,2351 1573,2347 1574,2346 1574,2343 1575,2341 1804,2338 1805,2337 1805,2336 1806,2335 1806,2330 1806,2329 1806,2326 1807,2326 1808,2326 1808,2325 1808,2319 1809,2319 1810,2319 1810,2318 1810,2316 1813,2313 1813,2311 1815,2310 1828,2310 1829,2311 2056,2307 2057,2308 2405,2303 2406,2302 2415,2302 2415,2301 2415,2300 2416,2300 2419,2300 2420,2301 2425,2300 2426,2301 2550,2300 2551,2301 2553,2300 2553,2301 2553,2302 2555,2303 2556,2303 2556,2304 2556,2305 2557,2305 2558,2305 2558,2306 2558,2307 2559,2307 2706,2305 2706,2306 2707,2336 2707,2336 3069,2331 3070,2330 3070,2327 3072,2325 3072,2323 3074,2320 3074,2317 3076,2315 3076,2311 3077,2310 3077,2303 3078,2302 3079,2302 3079,2302 3079,2296 3081,2294 3081,2291 3082,2290 3098,2290 3098,2291 3098,2292 3099,2292 3363,2288 3363,2288 3363,2285 3363,2284 3365,2286 3365,2312 3365,2312 3363,2312 3362,2313 3364,2410 3363,2410 3361,2410 3361,2410 3359,2313 3359,2312 3278,2313 3277,2314 3278,2314 3306,2314 3306,2314 3305,2316 3294,2316 3293,2317 3294,2367 3294,2367 3292,2367 3291,2368 3291,2370 3290,2371 3288,2371 3287,2372 3255,2373 3254,2373 3255,2389 3255,2390 3350,2388 3351,2389 3349,2391 3349,2395 3348,2395 3246,2397 3245,2398 3212,2398 3210,2400 3169,2401 3168,2402 3044,2404 3044,2405 3044,2447 3044,2447 3037,2447 3036,2447 3036,2417 3035,2416 2711,2421 2711,2422 2711,2429 2711,2429 2710,2429 2709,2430 2709,2438 2708,2439 2708,2442 2704,2446 2704,2448 2701,2451 2701,2453 2701,2453 2700,2453 2698,2455 2684,2456 2684,2455 2683,2454 2682,2453 2682,2418 2681,2418 2555,2419 2555,2419 2555,2416 2554,2415 2272,2420 2272,2420 2272,2435 2272,2436 2270,2436 2269,2435 2269,2419 2268,2419 2071,2422 2018,2423 2018,2423 2018,2458 2017,2460 2015,2460 2012,2463 2008,2463 2008,2462 2007,2450 2007,2450 1994,2450 1992,2449 1992,2425 1991,2424 1989,2424 1987,2422 1703,2426 1702,2427 1700,2428 1699,2429 1599,2430 1598,2431 1475,2433 1474,2434 1467,2434 1466,2435 1466,2436 1466,2436 1464,2436 1462,2438 1414,2439 1413,2439 1414,2476 1413,2477 1411,2477 1410,2478"/><TextEquiv><Unicode/></TextEquiv><TextEquiv index="1"><Unicode>champ entre Adélaide &amp; la jeune Arté-</Unicode></TextEquiv></TextLine><TextLine id="l15"><Coords points="1188,2635 1187,2635 1186,2594 1186,2593 982,2597 981,2596 970,2596 969,2595 969,2594 969,2594 968,2594 967,2593 967,2537 965,2535 964,2532 965,2531 965,2528 967,2527 969,2527 969,2526 969,2525 970,2525 974,2525 975,2524 1005,2523 1006,2522 1093,2521 1093,2520 1093,2487 1093,2487 1100,2487 1101,2486 1101,2481 1101,2481 1161,2480 1164,2477 1166,2477 1167,2476 1167,2475 1167,2475 1176,2475 1177,2476 1191,2475 1194,2478 1194,2480 1194,2480 1663,2473 1666,2470 1680,2470 1681,2470 1681,2474 1683,2476 1683,2481 1684,2482 1684,2496 1685,2497 2050,2491 2051,2491 2051,2471 2052,2470 2052,2468 2052,2467 2056,2467 2058,2469 2060,2469 2061,2470 2402,2465 2403,2464 2403,2462 2405,2460 2442,2459 2443,2458 2445,2458 2447,2456 2453,2456 2458,2460 2458,2462 2462,2466 2462,2469 2462,2470 2464,2470 2465,2470 2465,2476 2465,2477 2466,2477 2467,2477 2467,2484 2467,2485 2533,2484 2534,2484 2534,2492 2535,2493 2964,2486 2964,2486 2964,2473 2966,2470 3035,2469 3036,2469 3036,2452 3036,2451 3036,2448 3037,2447 3195,2445 3196,2444 3198,2444 3203,2439 3206,2439 3207,2440 3220,2439 3220,2440 3220,2441 3221,2441 3222,2441 3222,2442 3222,2444 3224,2446 3225,2479 3225,2479 3271,2479 3274,2481 3276,2481 3277,2482 3277,2484 3279,2486 3279,2503 3280,2503 3290,2503 3292,2506 3292,2508 3293,2508 3294,2508 3294,2509 3294,2515 3294,2516 3294,2518 3292,2520 3292,2527 3291,2527 3260,2528 3260,2528 3260,2548 3258,2551 3239,2551 3237,2553 3145,2554 3144,2555 3144,2556 3142,2559 3136,2559 3135,2560 3053,2561 3052,2561 3053,2598 3052,2599 3050,2599 3050,2599 3050,2600 3049,2601 3045,2601 3043,2603 3026,2603 3026,2603 3026,2602 3025,2601 3024,2601 3024,2601 3024,2600 3023,2599 3022,2599 3022,2599 3021,2567 3021,2566 2600,2573 2599,2573 2599,2585 2599,2586 2599,2588 2598,2589 2447,2591 2447,2592 2447,2615 2446,2615 2429,2615 2429,2615 2429,2597 2428,2596 2299,2598 2297,2596 2297,2595 2296,2594 2197,2596 2197,2595 2197,2594 2196,2594 2192,2594 2190,2592 2188,2592 2185,2589 2184,2589 2183,2589 2183,2585 2183,2584 2181,2584 2180,2584 2180,2580 2180,2579 2178,2579 2176,2577 1821,2583 1820,2583 1821,2623 1820,2624 1772,2624 1772,2624 1771,2585 1771,2584 1226,2593 1225,2594 1205,2594 1204,2595 1205,2635 1205,2635"/><TextEquiv><Unicode/></TextEquiv><TextEquiv index="1"><Unicode>miſe. Ces deux ames, d'une trempe ſu-</Unicode></TextEquiv></TextLine><TextLine id="l16"><Coords points="977,2796 976,2795 971,2795 970,2794 969,2696 967,2694 967,2692 964,2689 964,2684 966,2682 1011,2681 1012,2680 1016,2680 1018,2678 1087,2677 1088,2676 1087,2662 1088,2661 1088,2656 1089,2655 1089,2646 1090,2646 1091,2646 1091,2645 1091,2641 1092,2641 1094,2641 1096,2639 1184,2637 1184,2637 1184,2636 1185,2635 1641,2628 1642,2627 1772,2625 1772,2624 2335,2616 2336,2615 2965,2605 2966,2604 2993,2604 2997,2607 2997,2609 2998,2610 2998,2636 2999,2637 3139,2635 3139,2635 3139,2636 3140,2637 3242,2635 3242,2635 3242,2637 3244,2639 3246,2639 3248,2641 3248,2645 3250,2646 3250,2656 3250,2657 3284,2656 3292,2664 3292,2677 3291,2678 3291,2681 3288,2684 3256,2685 3255,2685 3255,2704 3252,2708 3182,2709 3181,2709 3182,2750 3182,2751 3181,2751 3180,2752 3172,2752 3170,2754 3061,2756 3060,2756 3060,2758 3060,2759 2981,2760 2980,2761 2151,2774 2150,2775 1126,2790 1125,2791 1125,2793 1125,2793"/><TextEquiv><Unicode/></TextEquiv><TextEquiv index="1"><Unicode>périeure, étoient parfaitement ſympa-</Unicode></TextEquiv></TextLine><TextLine id="l17"><Coords points="3168,2939 3168,2939 3168,2930 3167,2929 3166,2874 3165,2873 2823,2878 2822,2880 2726,2882 2725,2882 2726,2924 2725,2925 2706,2925 2706,2925 2706,2924 2705,2923 1167,2947 1167,2947 1167,2951 1166,2952 1147,2952 1147,2952 1146,2910 1146,2909 991,2911 990,2911 990,2910 990,2909 984,2910 983,2909 982,2909 981,2908 980,2852 980,2852 979,2852 976,2849 976,2842 978,2840 978,2796 978,2796 1562,2787 1562,2786 1562,2785 1563,2785 1564,2785 1564,2784 1564,2783 1565,2783 1567,2783 1568,2782 1570,2782 1571,2781 1586,2780 1588,2782 3045,2760 3046,2759 3063,2759 3064,2760 3117,2759 3117,2759 3118,2795 3118,2796 3253,2794 3254,2795 3260,2795 3262,2797 3264,2797 3265,2797 3265,2811 3266,2812 3294,2811 3294,2812 3294,2816 3295,2816 3296,2816 3296,2817 3296,2834 3293,2837 3267,2838 3266,2838 3267,2854 3264,2857 3263,2857 3263,2857 3263,2861 3260,2864 3260,2866 3258,2868 3196,2869 3196,2869 3196,2872 3195,2873 3173,2873 3173,2874 3174,2939 3173,2939"/><TextEquiv><Unicode/></TextEquiv><TextEquiv index="1"><Unicode>thiques; &amp; les vœux de leur amitié ve-</Unicode></TextEquiv></TextLine><TextLine id="l18"><Coords points="2538,3084 2537,3083 2537,3081 2537,3081 1543,3096 1542,3096 1542,3064 1541,3063 998,3071 997,3070 991,3070 986,3066 985,3066 984,3065 979,3065 978,3064 973,3064 967,3057 966,3056 967,3055 967,3048 968,3048 969,3048 969,3047 969,3046 970,3046 972,3046 972,3045 972,2994 975,2991 1146,2988 1146,2988 1146,2953 1146,2952 1733,2943 1736,2940 1738,2940 1740,2938 1742,2938 1743,2937 1743,2936 1743,2936 1745,2936 1746,2935 2314,2926 2316,2924 2324,2924 2326,2926 2330,2926 2331,2926 2331,2927 2331,2928 2333,2928 2334,2929 2336,2929 2338,2931 2726,2925 2727,2925 2727,2926 2727,2927 2786,2926 2787,2926 2787,2927 2787,2928 2789,2928 2790,2928 2791,2978 2791,2979 2830,2978 2831,2979 2831,2980 2833,2982 2923,2981 2924,2981 2924,2983 2922,2985 2835,2986 2835,2987 2835,2991 2835,2991 2837,2991 2838,2992 2838,2993 2838,2993 2839,2993 2840,2994 2840,3013 2841,3013 2914,3012 2914,3013 2914,3015 2914,3015 2834,3016 2833,3017 2833,3022 2831,3024 2831,3026 2829,3028 2776,3029 2771,3034 2771,3036 2769,3038 2659,3040 2658,3041 2555,3043 2554,3043 2555,3083 2555,3084"/><TextEquiv><Unicode/></TextEquiv><TextEquiv index="1"><Unicode>noient tous ſe réunir ſur moi.</Unicode></TextEquiv></TextLine><TextLine id="l19"><Coords points="2754,3238 2753,3237 2746,3237 2745,3236 2742,3236 2738,3232 2738,3200 2737,3200 2563,3202 2563,3203 2563,3210 2563,3210 2456,3212 2455,3213 2455,3241 2455,3241 2439,3241 2438,3241 2438,3203 2437,3202 2366,3203 2365,3202 2311,3203 2310,3202 2254,3203 2253,3202 2042,3205 2041,3206 2039,3206 2037,3208 2033,3209 2032,3208 2025,3208 2023,3206 1810,3209 1809,3210 1774,3210 1773,3209 1580,3212 1580,3213 1580,3214 1578,3215 1566,3216 1566,3216 1567,3254 1566,3255 1563,3255 1562,3256 1425,3258 1425,3257 1424,3219 1424,3219 1218,3222 1216,3224 1174,3225 1173,3225 1174,3255 1173,3256 1169,3256 1167,3258 1165,3258 1165,3257 1164,3222 1164,3222 1134,3222 1132,3220 1130,3220 1127,3218 1125,3218 1124,3217 1121,3217 1120,3216 1120,3215 1121,3214 1121,3198 1120,3197 1002,3199 1001,3198 1000,3198 1000,3198 1000,3197 999,3196 998,3196 998,3196 998,3192 996,3190 996,3189 997,3187 1120,3185 1120,3185 1120,3163 1121,3162 1132,3162 1132,3162 1131,3111 1132,3110 1134,3110 1134,3110 1134,3109 1135,3108 1163,3108 1164,3107 1241,3106 1242,3105 1244,3105 1244,3104 1244,3103 1245,3103 1247,3103 1248,3104 1256,3103 1256,3104 1256,3105 1257,3105 1261,3105 1261,3106 1261,3108 1262,3108 1263,3108 1263,3109 1264,3138 1264,3138 1479,3135 1480,3134 1480,3127 1481,3126 1481,3121 1483,3119 1483,3118 1483,3117 1483,3115 1484,3115 1487,3115 1487,3114 1487,3110 1488,3109 1488,3107 1492,3103 1492,3100 1493,3100 1639,3098 1640,3099 1977,3093 1977,3094 1977,3095 1978,3096 1979,3117 1980,3118 1980,3132 1980,3132 2153,3130 2154,3129 2154,3124 2158,3120 2161,3120 2162,3119 2163,3119 2164,3118 2164,3113 2164,3112 2164,3111 2165,3111 2166,3110 2166,3110 2166,3108 2168,3106 2168,3101 2169,3100 2169,3098 2171,3096 2171,3092 2172,3091 2173,3091 2173,3091 2173,3090 2175,3088 2179,3088 2181,3086 2186,3086 2189,3089 2191,3089 2192,3091 2192,3095 2194,3096 2372,3093 2372,3093 2372,3092 2373,3091 2374,3091 2374,3091 2374,3090 2375,3089 2536,3087 2536,3086 2536,3084 2537,3084 2604,3083 2604,3082 2604,3081 2605,3081 2606,3081 2606,3080 2606,3079 2607,3079 2621,3079 2622,3080 2625,3079 2625,3080 2625,3081 2626,3081 2628,3081 2631,3084 2632,3084 2632,3085 2632,3088 2633,3088 2634,3088 2635,3089 2669,3089 2670,3090 2670,3093 2671,3094 2671,3095 2672,3096 2673,3121 2673,3122 2885,3119 2886,3118 2885,3082 2886,3081 2886,3079 2888,3077 2888,3075 2888,3074 3185,3070 3186,3069 3189,3069 3191,3067 3193,3067 3195,3065 3197,3065 3198,3064 3252,3063 3257,3058 3259,3058 3260,3057 3260,3055 3260,3055 3264,3055 3265,3055 3265,3061 3267,3063 3267,3064 3267,3065 3293,3064 3294,3065 3295,3105 3296,3106 3296,3107 3297,3108 3297,3109 3299,3111 3299,3146 3300,3146 3318,3146 3318,3146 3318,3147 3318,3148 3300,3148 3299,3149 3299,3170 3299,3171 3299,3172 3295,3175 3293,3175 3291,3177 3223,3178 3222,3179 3175,3180 3175,3181 3175,3201 3174,3201 3172,3201 3172,3201 3172,3185 3171,3184 2954,3187 2952,3189 2950,3190 2949,3191 2850,3192 2849,3193 2782,3194 2782,3195 2782,3233 2779,3236 2758,3236 2757,3237"/><TextEquiv><Unicode/></TextEquiv><TextEquiv index="1"><Unicode>Bientôt la belle Artémiſe prit l'habit</Unicode></TextEquiv></TextLine><TextLine id="l20"><Coords points="1324,3418 1323,3417 1207,3419 1206,3419 1205,3379 1205,3378 1101,3380 1099,3378 1053,3379 1052,3378 1013,3378 1008,3373 1006,3373 1005,3373 1003,3371 1003,3369 1003,3368 999,3368 998,3368 998,3367 998,3366 997,3366 996,3366 996,3364 996,3363 994,3363 993,3363 993,3359 991,3357 991,3348 990,3347 990,3344 988,3342 988,3338 986,3336 986,3330 985,3330 984,3330 984,3329 983,3318 986,3316 989,3315 991,3313 1003,3313 1005,3311 1012,3311 1014,3309 1015,3309 1016,3308 1032,3308 1033,3306 1033,3270 1033,3270 1035,3270 1036,3269 1036,3267 1037,3266 1047,3266 1048,3265 1204,3262 1205,3261 1212,3261 1213,3260 1756,3252 1759,3249 2003,3245 2003,3244 2003,3234 2004,3234 2006,3234 2006,3234 2006,3244 2007,3245 3139,3228 3139,3227 3139,3224 3141,3223 3143,3223 3146,3220 3147,3221 3165,3220 3165,3221 3165,3222 3166,3222 3167,3222 3168,3223 3205,3223 3206,3224 3207,3255 3207,3256 3289,3254 3291,3256 3291,3258 3291,3258 3293,3258 3295,3260 3296,3260 3297,3261 3297,3262 3299,3264 3299,3278 3300,3278 3365,3277 3365,3278 3364,3279 3300,3280 3299,3281 3300,3305 3300,3305 3355,3304 3356,3305 3356,3306 3355,3306 3301,3307 3301,3308 3301,3321 3299,3322 3297,3322 3297,3323 3297,3325 3294,3327 3282,3327 3282,3328 3282,3330 3281,3330 3262,3331 3262,3331 3263,3375 3262,3376 2811,3383 2811,3383 2811,3389 2810,3390 2223,3399 2223,3399 2223,3401 2222,3402 1341,3415 1340,3416 1340,3418 1340,3418"/><TextEquiv><Unicode/></TextEquiv><TextEquiv index="1"><Unicode>de Religieuſe. Elle étoit adorable ſous</Unicode></TextEquiv></TextLine><TextLine id="l21"><Coords points="1056,3578 1055,3578 1055,3535 1054,3535 988,3536 987,3535 985,3535 983,3533 978,3533 976,3530 976,3523 976,3523 978,3523 979,3522 979,3521 979,3521 983,3521 985,3519 987,3519 988,3518 986,3425 987,3425 990,3424 991,3423 998,3423 1000,3421 1002,3421 1003,3420 1007,3420 1007,3421 1007,3422 1008,3422 1211,3419 1212,3420 1340,3418 1342,3421 1343,3454 1343,3454 1715,3448 1716,3448 1715,3426 1716,3425 1717,3425 1717,3425 1717,3421 1719,3419 1719,3417 1726,3409 1738,3409 1740,3407 1864,3405 1865,3404 1877,3404 1880,3406 1881,3443 1881,3444 2202,3439 2202,3438 2202,3402 2202,3402 2250,3401 2252,3399 2259,3399 2261,3401 2261,3402 2261,3402 2579,3397 2581,3395 2791,3392 2792,3391 2792,3390 2792,3390 2811,3390 2813,3391 2813,3393 2813,3394 2815,3394 2816,3394 2816,3415 2818,3417 2818,3426 2819,3427 3158,3421 3159,3420 3204,3420 3208,3416 3246,3415 3246,3415 3246,3379 3246,3378 3247,3378 3248,3378 3248,3377 3248,3376 3262,3376 3263,3376 3263,3411 3264,3412 3294,3411 3294,3412 3294,3413 3295,3413 3297,3413 3298,3414 3299,3414 3299,3415 3300,3440 3300,3440 3313,3440 3315,3441 3314,3442 3303,3442 3303,3443 3303,3467 3301,3469 3301,3473 3301,3473 3300,3473 3299,3474 3299,3476 3293,3482 3266,3483 3265,3483 3266,3528 3265,3529 3263,3529 3262,3530 3208,3531 3208,3532 3206,3532 3205,3531 3205,3498 3204,3498 2725,3505 2725,3506 2725,3507 2724,3507 2680,3508 2679,3509 2580,3510 2579,3511 2419,3514 2419,3514 2419,3553 2419,3554 2404,3554 2403,3553 2403,3515 2402,3515 2304,3516 2303,3515 2295,3516 2295,3515 2295,3513 2294,3513 2277,3513 2276,3512 2262,3512 2261,3511 1946,3516 1944,3518 1939,3518 1938,3519 1934,3519 1934,3520 1934,3521 1933,3521 1927,3521 1927,3522 1927,3528 1926,3528 1924,3528 1924,3528 1924,3520 1923,3519 1920,3519 1919,3518 1518,3524 1518,3525 1518,3563 1516,3565 1517,3565 1638,3564 1638,3564 1638,3565 1497,3567 1496,3568 1485,3568 1484,3569 1245,3573 1244,3573 1244,3575 1244,3576"/><TextEquiv><Unicode/></TextEquiv><TextEquiv index="1"><Unicode>la guimpe &amp; le voile. Je lui trouvois</Unicode></TextEquiv></TextLine><TextLine id="l22"><Coords points="1201,3733 1201,3733 1201,3730 1200,3729 1053,3732 1053,3731 1053,3729 1052,3729 1036,3729 1036,3728 1035,3703 1035,3703 1027,3703 1026,3702 1026,3693 1026,3693 1011,3693 1010,3693 1010,3692 1010,3691 1008,3691 1007,3690 1005,3690 1003,3688 999,3688 998,3688 998,3687 995,3683 991,3684 990,3683 990,3679 988,3678 987,3678 986,3676 986,3672 985,3672 984,3672 984,3671 984,3652 984,3652 985,3652 986,3651 985,3645 986,3644 986,3642 988,3640 988,3639 993,3634 993,3632 994,3631 996,3631 1001,3626 1003,3626 1005,3624 1007,3624 1009,3622 1012,3622 1013,3621 1043,3621 1043,3620 1043,3619 1044,3618 1044,3602 1045,3601 1045,3598 1045,3598 1226,3595 1227,3594 1227,3580 1228,3579 1229,3579 1230,3578 1233,3578 1235,3576 1484,3572 1484,3571 1484,3568 1485,3568 1631,3566 1632,3565 1638,3565 1639,3564 1807,3561 1809,3559 1834,3559 1836,3561 2045,3557 2047,3559 2852,3547 2852,3547 2852,3546 2853,3545 3205,3540 3205,3539 3205,3532 3206,3532 3249,3531 3249,3530 3262,3530 3263,3529 3266,3529 3267,3529 3267,3562 3268,3563 3320,3562 3320,3562 3321,3615 3322,3616 3325,3616 3325,3616 3326,3634 3326,3635 3347,3635 3349,3636 3351,3636 3353,3638 3353,3646 3351,3647 3153,3650 3153,3651 3153,3652 3152,3652 2957,3655 2957,3656 2957,3657 2956,3657 2924,3658 2922,3660 2921,3660 2921,3661 2921,3662 2920,3662 2770,3664 2770,3665 2771,3703 2770,3703 2561,3707 2561,3707 2561,3708 2560,3709 2397,3711 2396,3712 2381,3712 2381,3712 2381,3711 2380,3710 1892,3718 1891,3717 1328,3725 1327,3726 1325,3726 1324,3727 1316,3728 1315,3729 1213,3730 1213,3731 1213,3733 1212,3733"/><TextEquiv><Unicode/></TextEquiv><TextEquiv index="1"><Unicode>quelque choſe d'angélique. J'en avois</Unicode></TextEquiv></TextLine><TextLine id="l23"><Coords points="1690,4036 1690,4035 1689,4006 1689,4006 1521,4008 1519,4007 1519,4004 1519,4003 1211,4008 1210,4008 1210,4007 1210,4006 1189,4007 1188,4006 1147,4006 1146,4006 1146,4005 1145,4004 1023,4006 1022,4006 1022,4005 1021,4004 1019,4004 1018,4003 1011,4003 1005,3997 1002,3997 1001,3996 1000,3996 1000,3996 1000,3993 999,3992 996,3992 996,3992 996,3990 993,3987 993,3983 992,3982 992,3981 991,3980 989,3891 988,3890 988,3889 988,3889 987,3889 986,3888 985,3794 983,3792 983,3790 981,3788 981,3779 984,3776 1039,3775 1040,3774 1041,3774 1041,3773 1041,3736 1041,3736 1085,3735 1086,3734 1572,3727 1573,3726 1573,3724 1573,3724 1581,3723 1582,3722 1684,3721 1685,3720 1774,3719 1775,3720 1904,3718 1906,3720 2529,3710 2530,3709 2751,3706 2752,3705 2752,3704 2752,3704 3145,3698 3146,3697 3146,3695 3146,3695 3150,3695 3151,3693 3151,3691 3152,3691 3154,3690 3156,3688 3201,3688 3201,3688 3202,3720 3202,3721 3298,3719 3304,3725 3304,3729 3305,3729 3306,3729 3306,3730 3307,3778 3308,3779 3309,3854 3309,3854 3363,3853 3364,3854 3364,3855 3363,3855 3309,3856 3309,3857 3309,3874 3310,3875 3310,3877 3313,3880 3314,3903 3314,3903 3334,3903 3335,3903 3335,3904 3334,3905 3315,3905 3315,3906 3315,3930 3315,3930 3314,3930 3313,3931 3313,3935 3313,3935 3311,3935 3310,3936 3310,3938 3304,3944 3302,3944 3301,3945 3301,3946 3301,3946 3265,3947 3263,3949 3261,3949 3259,3951 3256,3951 3254,3953 3199,3954 3198,3954 3198,3955 3196,3958 3158,3958 3156,3960 3081,3962 3080,3963 3041,3963 3041,3964 3041,3966 3040,3966 2923,3968 2923,3969 2923,3971 2921,3972 2878,3973 2878,3973 2878,3976 2877,3977 2869,3977 2869,3977 2869,4013 2869,4014 2857,4014 2856,4015 2707,4017 2706,4018 2700,4018 2699,4017 2679,4018 2678,4017 2678,4009 2678,4009 1887,4021 1886,4021 1886,4025 1884,4028 1695,4031 1694,4031 1695,4035 1694,4036"/><TextEquiv><Unicode/></TextEquiv><TextEquiv index="1"><Unicode>it fembloi qut'ele eitaemimoitae</Unicode></TextEquiv></TextLine><TextLine id="l24"><Coords points="2179,4204 2178,4204 2178,4202 2176,4200 2175,4143 2175,4142 2086,4144 2083,4147 2072,4147 2071,4147 2071,4146 2071,4145 1946,4147 1945,4147 1946,4197 1945,4199 1940,4199 1939,4199 1938,4150 1938,4149 1937,4150 1928,4150 1927,4149 1923,4149 1921,4147 1918,4147 1916,4145 1801,4147 1799,4149 1765,4150 1763,4152 1756,4152 1755,4152 1755,4153 1755,4154 1626,4156 1624,4154 1620,4154 1619,4153 1619,4152 1619,4152 1481,4154 1479,4156 1477,4156 1476,4157 1460,4157 1459,4156 1336,4158 1335,4159 1331,4159 1330,4160 1330,4161 1330,4161 1323,4161 1321,4164 1320,4163 1313,4163 1311,4161 1307,4161 1306,4160 1208,4161 1207,4162 1208,4198 1206,4199 1205,4199 1205,4200 1205,4201 1205,4201 1199,4201 1198,4201 1198,4200 1196,4198 1195,4162 1195,4161 1148,4162 1147,4163 1141,4163 1140,4162 1066,4163 1065,4162 1009,4163 1007,4162 1007,4160 1007,4159 1006,4159 1005,4159 1005,4158 1005,4157 1004,4157 1002,4156 1002,4154 1001,4152 999,4152 996,4150 996,4112 995,4111 993,4112 992,4111 990,4111 988,4108 987,4104 988,4103 988,4094 990,4092 990,4090 991,4090 992,4090 993,4091 1113,4089 1114,4088 1119,4088 1121,4090 1175,4089 1175,4088 1175,4061 1175,4061 1181,4061 1184,4063 1184,4088 1185,4089 1263,4087 1263,4087 1263,4086 1264,4085 1390,4083 1391,4082 1392,4082 1392,4082 1392,4048 1392,4047 1393,4047 1396,4044 1413,4044 1414,4045 1414,4048 1416,4050 1416,4075 1417,4075 1418,4075 1418,4076 1418,4081 1419,4081 1552,4079 1553,4078 1591,4077 1591,4077 1591,4042 1593,4039 1687,4038 1689,4036 1694,4036 1696,4037 1696,4048 1696,4049 1783,4047 1784,4048 1784,4075 1785,4075 1970,4073 1970,4072 1970,4070 1971,4070 2050,4068 2051,4067 2051,4065 2052,4064 2064,4064 2064,4065 2064,4066 2065,4066 2066,4066 2066,4067 2066,4069 2068,4071 2068,4073 2070,4074 2184,4072 2186,4070 2196,4070 2198,4068 2207,4068 2207,4067 2207,4029 2207,4029 2208,4029 2209,4028 2211,4028 2212,4027 2215,4027 2217,4025 2226,4025 2229,4028 2230,4031 2231,4032 2231,4035 2231,4036 2292,4035 2293,4035 2293,4069 2294,4070 2410,4068 2410,4067 2410,4066 2411,4066 2473,4065 2474,4064 2555,4063 2555,4062 2555,4047 2555,4047 2594,4046 2595,4046 2594,4024 2595,4023 2599,4023 2599,4023 2599,4025 2600,4026 2737,4024 2737,4023 2737,4020 2738,4020 2742,4020 2742,4019 2742,4018 2743,4018 2850,4016 2851,4015 2856,4015 2857,4014 2912,4013 2914,4011 2916,4011 2916,4011 2916,4010 2917,4009 2921,4009 2922,4008 2938,4008 2943,4013 2944,4048 2944,4049 3142,4046 3143,4045 3143,4044 3143,4044 3145,4044 3146,4043 3146,4042 3146,4042 3147,4042 3148,4041 3148,4040 3148,4040 3211,4039 3212,4038 3211,4010 3213,4008 3213,4003 3214,4003 3256,4002 3256,4001 3256,3998 3260,3994 3260,3992 3261,3992 3265,3992 3267,3990 3270,3990 3271,3989 3277,3989 3280,3992 3282,3992 3282,3992 3282,3993 3284,3995 3284,3997 3285,3998 3285,4002 3287,4004 3288,4025 3288,4025 3310,4025 3311,4026 3311,4028 3311,4028 3313,4028 3315,4030 3315,4033 3314,4034 3315,4095 3313,4097 3313,4099 3312,4099 3273,4100 3272,4101 3270,4101 3269,4102 3224,4102 3224,4103 3224,4105 3221,4107 3186,4108 3186,4109 3186,4110 3184,4111 3182,4111 3182,4112 3182,4113 3181,4113 3174,4113 3173,4114 3172,4114 3172,4115 3172,4116 3171,4116 3165,4116 3165,4117 3165,4118 3164,4118 3162,4118 3161,4120 3011,4123 3010,4123 3010,4124 3010,4125 2985,4125 2984,4126 2869,4128 2867,4130 2848,4130 2846,4132 2745,4134 2744,4135 2689,4136 2688,4136 2689,4175 2688,4176 2687,4176 2687,4176 2687,4177 2686,4178 2665,4178 2663,4180 2650,4180 2648,4178 2644,4178 2644,4178 2643,4138 2643,4137 2433,4141 2432,4142 2410,4142 2408,4140 2293,4142 2291,4144 2287,4144 2286,4145 2274,4145 2273,4144 2267,4144 2266,4144 2266,4143 2266,4142 2262,4142 2261,4141 2183,4142 2182,4143 2183,4202 2181,4204"/><TextEquiv><Unicode/></TextEquiv><TextEquiv index="1"><Unicode>un redoublement de complaiſance &amp;</Unicode></TextEquiv></TextLine><TextLine id="l25"><Coords points="996,4205 1733,4194 1736,4330 998,4341"/><TextEquiv><Unicode/></TextEquiv><TextEquiv index="1"><Unicode>d'ardeur.</Unicode></TextEquiv></TextLine><TextLine id="l26"><Coords points="1069,4518 1069,4518 1069,4516 1068,4515 1067,4515 1067,4515 1067,4513 1065,4511 1065,4506 1065,4505 1140,4504 1141,4504 1139,4405 1141,4403 1174,4403 1174,4402 1173,4364 1174,4364 1175,4364 1175,4363 1175,4362 1176,4362 1177,4362 1177,4361 1177,4359 1179,4358 1382,4355 1382,4354 1382,4353 1383,4353 1820,4346 1820,4345 1820,4333 1821,4333 1822,4333 1822,4332 1822,4329 1823,4329 1824,4329 1825,4328 1998,4325 1999,4325 1998,4293 2000,4291 2001,4292 2003,4292 2004,4293 2005,4293 2006,4294 2007,4294 2009,4296 2009,4316 2009,4316 3284,4297 3285,4298 3288,4297 3291,4300 3291,4302 3292,4303 3292,4305 3292,4305 3293,4305 3294,4306 3294,4314 3294,4314 3329,4314 3332,4316 3333,4395 3334,4396 3345,4396 3346,4397 3346,4398 3324,4398 3323,4398 3323,4409 3323,4410 3321,4410 3317,4414 3287,4415 3286,4416 3261,4416 3261,4416 3261,4418 3260,4419 3195,4420 3191,4424 3165,4424 3163,4426 3153,4427 3153,4427 3153,4428 3152,4429 3136,4429 3134,4431 3131,4431 3129,4433 3125,4433 3124,4434 3084,4435 3083,4436 3033,4436 3031,4438 2957,4440 2956,4441 2949,4441 2947,4443 2942,4443 2940,4445 2936,4445 2936,4445 2936,4450 2937,4451 3363,4444 3365,4446 3365,4446 2936,4453 2935,4453 2935,4455 2934,4457 2657,4461 2656,4462 2656,4474 2656,4474 2530,4476 2529,4477 2530,4492 2529,4492 2067,4499 2066,4500 1545,4508 1544,4509 1072,4516 1072,4517 1072,4518 1071,4518"/><TextEquiv><Unicode/></TextEquiv><TextEquiv index="1"><Unicode>Enfin, le Oouvemneur entendit</Unicode></TextEquiv></TextLine><TextLine id="l27"><Coords points="1004,4674 1003,4674 1002,4579 1000,4577 1000,4566 1004,4561 1043,4561 1044,4560 1049,4560 1050,4558 1050,4555 1051,4555 1063,4555 1063,4554 1063,4545 1065,4543 1070,4543 1070,4543 1070,4519 1070,4518 1216,4516 1217,4515 1221,4515 1222,4515 1222,4514 1222,4513 1225,4513 1226,4514 1439,4511 1440,4510 1442,4510 1444,4508 1453,4508 1454,4509 1456,4508 1457,4509 1457,4510 1457,4510 1544,4509 1545,4510 1545,4511 1545,4511 1564,4511 1566,4512 1566,4545 1567,4546 1753,4543 1753,4542 1753,4532 1754,4532 1927,4529 1927,4529 1927,4523 1929,4521 1929,4519 1930,4517 1931,4517 1932,4517 1932,4514 1932,4513 1933,4513 1934,4513 1934,4511 1935,4510 1935,4508 1939,4503 1941,4503 1943,4501 1945,4501 1946,4500 1947,4500 1949,4498 1970,4498 1972,4500 1974,4500 1976,4502 2067,4500 2068,4501 2068,4503 2070,4505 2070,4536 2071,4536 2205,4534 2205,4535 2205,4540 2206,4540 2417,4537 2418,4536 2420,4536 2422,4534 2500,4533 2501,4532 2502,4532 2503,4531 2505,4530 2506,4529 2527,4529 2527,4529 2527,4493 2527,4492 2529,4492 2530,4493 2530,4495 2530,4495 2858,4490 2859,4490 2859,4489 2860,4487 2863,4487 2864,4486 2868,4486 2869,4485 2869,4483 2870,4482 2893,4482 2894,4483 3096,4479 3098,4477 3315,4474 3315,4474 3315,4473 3316,4472 3327,4472 3327,4472 3328,4532 3329,4533 3361,4532 3361,4533 3361,4534 3361,4534 3359,4534 3358,4535 3359,4598 3359,4598 3172,4601 3171,4602 3172,4620 3171,4620 3003,4623 3003,4623 3003,4629 3002,4630 2998,4630 2997,4629 2952,4630 2952,4629 2951,4602 2951,4602 2722,4605 2721,4606 2707,4606 2706,4607 2706,4609 2705,4610 2706,4616 2704,4617 2654,4618 2654,4619 2654,4639 2653,4639 2651,4639 2651,4639 2651,4634 2650,4633 2613,4634 2613,4633 2612,4610 2612,4610 2405,4613 2404,4614 2405,4618 2404,4618 2401,4618 2401,4618 2400,4615 2400,4614 2011,4620 2011,4621 2011,4653 2011,4653 1930,4654 1929,4655 1929,4657 1928,4658 1722,4661 1721,4660 1704,4661 1703,4660 1703,4643 1702,4643 1511,4646 1511,4645 1511,4640 1510,4640 1184,4645 1184,4645 1184,4665 1184,4666 1046,4668 1045,4668 1045,4672 1045,4673 1022,4673 1021,4674"/><TextEquiv><Unicode/></TextEquiv><TextEquiv index="1"><Unicode>parler bien poſitivement des Docteurs</Unicode></TextEquiv></TextLine><TextLine id="l28"><Coords points="2569,4808 2568,4807 2441,4808 2440,4808 2440,4806 2440,4806 1770,4816 1769,4816 1769,4818 1769,4819 1144,4828 1144,4828 1144,4826 1143,4825 1069,4826 1069,4826 1069,4824 1068,4823 1064,4824 1063,4823 1063,4819 1062,4818 1062,4816 1062,4816 1061,4816 1060,4815 1060,4792 1060,4792 1035,4792 1034,4791 1034,4787 1033,4787 1029,4787 1029,4787 1029,4784 1028,4783 1027,4783 1026,4782 1023,4782 1021,4780 1019,4780 1017,4778 1017,4776 1014,4773 1014,4771 1012,4769 1012,4767 1011,4766 1010,4766 1010,4766 1010,4762 1008,4760 1006,4679 1003,4676 1003,4675 1004,4674 1021,4674 1022,4673 1177,4671 1177,4670 1177,4666 1178,4666 1184,4666 1184,4666 1184,4667 1185,4668 1344,4665 1345,4666 2089,4655 2090,4654 2250,4651 2250,4651 2250,4650 2250,4649 2256,4649 2257,4650 2257,4651 2258,4651 2262,4651 2264,4653 2267,4653 2268,4654 2270,4654 2273,4658 2273,4661 2274,4661 2720,4654 2721,4653 2722,4653 2723,4652 2723,4650 2724,4649 2725,4649 2725,4649 2725,4648 2725,4647 3013,4643 3014,4642 3014,4637 3014,4637 3192,4634 3193,4633 3193,4628 3194,4627 3196,4627 3201,4622 3260,4621 3261,4620 3261,4612 3262,4611 3300,4610 3302,4608 3304,4608 3306,4606 3311,4606 3313,4604 3319,4604 3322,4608 3323,4616 3323,4616 3335,4616 3337,4617 3337,4672 3340,4675 3342,4763 3342,4764 3344,4764 3346,4766 3353,4766 3354,4767 3355,4767 3356,4767 3356,4768 3355,4769 3342,4769 3341,4770 3340,4770 3340,4769 3340,4766 3339,4766 3323,4766 3323,4766 3323,4756 3322,4755 2818,4763 2818,4763 2818,4782 2818,4783 2816,4783 2814,4784 2814,4786 2814,4787 2801,4787 2800,4788 2800,4794 2800,4794 2765,4795 2764,4795 2764,4796 2764,4797 2609,4799 2608,4799 2608,4801 2606,4804 2604,4804 2602,4806 2588,4806 2587,4807"/><TextEquiv><Unicode/></TextEquiv><TextEquiv index="1"><Unicode>du Magnétiſme. Il ſe rappela mon hit</Unicode></TextEquiv></TextLine><TextLine id="l29"><Coords points="1589,5006 1588,5005 1587,4947 1587,4947 1552,4947 1550,4946 1550,4944 1548,4942 1548,4941 1547,4940 1547,4936 1547,4935 1417,4937 1416,4938 1346,4939 1343,4942 1341,4942 1340,4943 1340,4951 1339,4952 1340,4954 1339,4955 1339,4960 1336,4962 1334,4962 1334,4963 1332,4965 1332,4967 1331,4967 1327,4968 1326,4969 1325,4969 1325,4969 1325,4971 1323,4973 1307,4973 1304,4970 1206,4971 1206,4972 1206,4993 1206,4993 1202,4993 1199,4991 1199,4987 1194,4983 1193,4983 1191,4980 1191,4969 1190,4969 1189,4969 1189,4968 1189,4960 1188,4960 1182,4960 1182,4959 1181,4949 1181,4949 1035,4951 1034,4952 1030,4952 1029,4952 1029,4949 1029,4948 1013,4948 1012,4948 1012,4929 1012,4928 1005,4928 1003,4927 1004,4926 1011,4926 1011,4926 1010,4879 1011,4878 1012,4878 1012,4878 1012,4870 1013,4869 1026,4869 1027,4868 1027,4866 1029,4864 1058,4864 1058,4863 1058,4839 1059,4838 1142,4836 1143,4836 1143,4829 1143,4828 1164,4828 1165,4828 1165,4842 1165,4843 1189,4843 1190,4844 1194,4844 1196,4845 1196,4850 1196,4851 1315,4849 1316,4848 1316,4835 1316,4835 1324,4835 1325,4834 1325,4826 1325,4826 1433,4824 1437,4828 1439,4828 1442,4830 1442,4832 1442,4833 1444,4833 1445,4833 1445,4864 1446,4865 1566,4863 1567,4861 1567,4860 1569,4859 1607,4858 1607,4858 1607,4822 1607,4821 1651,4821 1652,4821 1652,4822 1653,4824 1654,4824 1655,4824 1762,4823 1763,4822 1763,4819 1763,4819 1769,4819 1770,4819 1770,4853 1771,4854 1783,4854 1784,4855 1791,4854 1791,4855 1791,4857 1792,4857 1917,4856 1917,4855 1917,4838 1918,4836 1976,4836 1977,4835 1977,4823 1980,4820 1980,4819 1980,4819 1988,4818 1989,4819 1989,4821 1991,4823 1993,4823 1994,4824 1994,4854 1995,4854 2144,4852 2144,4852 2144,4850 2145,4849 2176,4849 2176,4848 2176,4819 2181,4813 2184,4813 2186,4811 2187,4811 2188,4812 2196,4812 2197,4813 2244,4812 2245,4814 2246,4815 2247,4816 2247,4849 2248,4849 2279,4849 2281,4851 2413,4849 2413,4848 2413,4819 2414,4818 2437,4818 2438,4817 2438,4814 2439,4812 2439,4809 2440,4809 2460,4808 2460,4809 2461,4824 2461,4824 2584,4822 2585,4822 2585,4819 2585,4818 2639,4817 2640,4817 2640,4815 2641,4814 2641,4813 2642,4811 2642,4810 2643,4809 2644,4809 2646,4807 2647,4807 2647,4808 2647,4810 2648,4811 2648,4812 2649,4812 2653,4812 2654,4813 2654,4824 2654,4824 2755,4823 2756,4823 2756,4825 2756,4826 2799,4825 2800,4826 2800,4833 2800,4833 2803,4833 2804,4834 2913,4832 2914,4832 2914,4821 2915,4819 2919,4819 2920,4819 2919,4803 2920,4802 2931,4802 2932,4803 3067,4801 3067,4800 3067,4790 3068,4790 3079,4790 3081,4788 3092,4788 3092,4788 3092,4789 3095,4792 3095,4802 3096,4803 3096,4808 3097,4808 3211,4807 3211,4806 3211,4803 3213,4802 3215,4802 3215,4801 3215,4797 3216,4797 3218,4797 3220,4795 3242,4794 3242,4794 3242,4783 3244,4781 3248,4781 3248,4781 3248,4776 3249,4775 3339,4774 3340,4773 3340,4770 3340,4770 3341,4770 3342,4769 3357,4768 3358,4769 3358,4771 3359,4772 3359,4802 3360,4802 3364,4802 3365,4804 3365,4804 3353,4805 3352,4805 3354,4896 3353,4897 3301,4897 3301,4898 3301,4905 3300,4906 3299,4906 3297,4905 3297,4904 3296,4903 3198,4905 3198,4905 3198,4925 3198,4926 3197,4926 3196,4926 3196,4927 3196,4928 3195,4928 3194,4929 3194,4930 3194,4931 3192,4931 3191,4932 3191,4933 3191,4933 3190,4933 3189,4934 3189,4936 3187,4938 3186,4938 3182,4942 3159,4943 3158,4942 3157,4942 3156,4940 3155,4937 3153,4935 3153,4933 3153,4933 3152,4933 3151,4932 3151,4923 3151,4923 3146,4923 3144,4921 3144,4913 3144,4913 3032,4914 3031,4915 3031,4916 3031,4916 3027,4917 3026,4917 3026,4925 3026,4926 2955,4927 2954,4927 2955,4968 2954,4969 2952,4969 2952,4968 2951,4919 2951,4919 2939,4919 2938,4918 2833,4920 2832,4920 2833,4948 2832,4949 2828,4949 2825,4952 2816,4952 2816,4952 2816,4958 2815,4959 2809,4959 2808,4960 2807,4960 2806,4958 2806,4947 2805,4947 2803,4947 2802,4946 2802,4943 2800,4942 2800,4939 2798,4936 2699,4938 2698,4938 2699,4961 2698,4962 2591,4963 2591,4964 2591,4967 2590,4967 2572,4968 2571,4967 2551,4967 2550,4966 2548,4966 2548,4965 2548,4964 2547,4964 2546,4964 2546,4963 2545,4930 2545,4930 2463,4931 2462,4930 2313,4932 2312,4933 2312,4936 2312,4936 2308,4937 2307,4936 2301,4936 2298,4933 2298,4931 2298,4931 2181,4932 2180,4933 2181,4972 2180,4973 2180,4974 2179,4975 2178,4975 2178,4975 2178,4977 2177,4978 2173,4978 2173,4977 2173,4975 2172,4975 2171,4974 2169,4974 2168,4973 2148,4973 2147,4972 1987,4974 1987,4975 1987,4976 1986,4976 1981,4977 1980,4976 1973,4976 1973,4975 1973,4974 1970,4971 1970,4969 1969,4969 1968,4969 1968,4968 1967,4940 1967,4940 1935,4940 1933,4938 1886,4939 1885,4939 1886,4993 1885,4995 1878,4995 1877,4995 1876,4940 1876,4939 1800,4940 1799,4941 1800,4970 1798,4971 1796,4971 1794,4973 1789,4973 1788,4974 1786,4975 1786,4975 1786,4976 1785,4977 1778,4977 1777,4978 1767,4978 1766,4979 1757,4979 1756,4978 1754,4978 1753,4977 1752,4938 1752,4937 1605,4939 1604,4940 1605,5005 1605,5005"/><TextEquiv><Unicode/></TextEquiv><TextEquiv index="1"><Unicode>toire, &amp; vit que je n'avoipas tant deton</Unicode></TextEquiv></TextLine><TextEquiv><Unicode/></TextEquiv></TextRegion></Page></PcGts>