4266 6032
941 310 3282 494 qu'on l'avoit cru; que par conſéquent
921 458 3267 651 je pouvois bien n'être pas ſi exceſſive-
914 622 3282 790 ment fou. Il penſa qu'il pourroit tirer
929 783 3268 942 de moi des lumieres pour la découverte
928 921 3273 1109 de ces honnêtes gens. Il me fit venir.
929 1094 3273 1257 Ié bien, me ditril, on prétend que
936 1242 3265 1409 vous êtes guéri? -- M. le Comte,
934 1396 3282 1569 lui répondis-je, je n'ai jamais étéma-
933 1557 3277 1721 lade de la maladie dont on m'a ſup-
935 1712 3361 1886 poſé atteint. -- Racontez-moi donc,
936 1869 3273 2033 reprit-il, ce que vous avez vu chez
940 2021 3304 2197 ces gens au Magnétiſme. On dit que
936 2180 2441 2340 cela eſt ſinguliern.
967 2310 3289 2495 Je fis alors à S. E. un récit très-
947 2486 3365 2650 circonſtancié. Cela eſt plaiſant, me
947 2635 3296 2806 dit ce Seigneur, je ne m'étonne pas
950 2798 3308 2962 qu'on vous ait pris pour un fou. Si
947 2955 3306 3114 ce que vous dites n'étoit pas prouvé,
876 3108 3301 3272 cela pourroit paroître abſurde. C'eſt
950 3261 3308 3423 mon affaire à préſent de veiller ſur
950 3421 3315 3582 ces myſteres. Quant à vous,mon
953 3574 3320 3743 cher, guéri ou non, il paroît que
953 3731 3335 3893 vous n'étes pas fou; & que, par
952 3886 3334 4052 conſéquent, on peut vous rendre
895 4040 3342 4207 votre liberté. Vous êtes donc parfai-
955 4197 3351 4360 tement libre dès ce moment. Je fais
866 4355 3349 4520 plus. Il faut bienvous accorder quel-
912 4510 3349 4676 que petit dédommagement. Nous
957 4661 3351 4828 avonsreçu dernierement, au ſervice
912 4806 3346 5017 ulde l'Empereurs uneune. Offioien,
