4266 6032
922 279 3301 449 votre intime ami, nommé Chéri. Il
921 437 3310 608 eſt bien foible, bien délicat; mais je
921 589 3316 759 ſais qu'il a de la bravoure. D'ailleurs
926 756 3311 917 il a la conduite la plus réguliere de
922 902 3313 1072 tout le Régiment. Je crois lui faire
922 1067 3306 1229 un cadeau, auſſi bien qu'à mon Sou-
922 1227 3315 1389 verain, de vous engager dans le
922 1378 3318 1542 même ſervice. Je ſais le grade que
922 1538 3315 1700 vous occupez dans celui d'Angle-
924 1693 3316 1855 terre; il faut vous en donner ici l'é-
922 1851 3315 2010 quivalent. Recevez donc, mon cher
924 2004 3364 2168 ami, ce brevet de Colonel, que j'ai
922 2159 3318 2321 eu ſoin de faire dreſſer & ſigner
921 2315 3311 2476 pendant votre détention. Je compte
921 2473 3311 2635 que j'aurai toujours à m'applaudir de
919 2623 3316 2792 l'acquiſition que je fais aujour-
917 2785 1750 2904 d'huin.
1070 2910 3318 3105 Je reçus, avec la plus vive reconnoiſ-
916 3089 3320 3258 ſance, le brevet que me préſenta S. E.,
922 3249 3320 3415 & je lui peignis mes ſentimens, d'une
914 3411 3353 3593 maniere qui lui prouva démonſtrati-
916 3559 3323 3734 tivement que je jouiſſois de toute la
912 3717 2941 3881 plénitude de mon bon ſens.
1070 3874 3325 4035 Je m'étois levéfou, me voilà Colonel.
900 4027 3330 4201 Ii falloit changer de logement comme
914 4183 3330 4354 de ſituation. J'allai à l'hôtel - Dieu
898 4350 3330 4668 rdes, des laitieei éiniur dotte
898 4658 3365 4823 ma petite Artémiſe. Quand elle me vit
912 4813 3358 4991 habillé, ma figure parut lui cauſer la
