<?xml version="1.0" encoding="UTF-8" standalone="no"?><PcGts xmlns="http://schema.primaresearch.org/PAGE/gts/pagecontent/2017-07-15" xmlns:xsi="http://www.w3.org/2001/XMLSchema-instance" xsi:schemaLocation="http://schema.primaresearch.org/PAGE/gts/pagecontent/2017-07-15 http://schema.primaresearch.org/PAGE/gts/pagecontent/2017-07-15/pagecontent.xsd"><Metadata><Creator/><Created>2020-10-14T10:17:58</Created><LastChange>1970-01-01T00:00:00</LastChange><Comments/></Metadata><Page imageFilename="0185.png" imageHeight="6032" imageWidth="4266"><TextRegion id="r1" orientation="0.0" type="paragraph"><Coords points="1,1 4264,1 4264,6030 1,6030"/><TextLine id="l1"><Coords points="2062,623 2061,622 2046,622 2045,622 2045,621 2045,620 2009,620 2006,618 2006,581 2006,580 1405,580 1404,581 1404,618 1404,618 1384,618 1383,618 1383,614 1383,613 1161,613 1159,611 1156,611 1153,608 1151,608 1148,606 1148,604 1148,603 1146,603 1140,597 1138,597 1137,597 1137,592 1137,591 977,591 976,591 976,387 976,386 974,386 972,385 972,374 976,370 981,370 981,370 981,366 982,365 993,365 994,364 998,364 998,364 998,363 999,362 1015,362 1020,357 1024,357 1024,357 1024,356 1025,355 1048,355 1048,355 1048,322 1049,321 1051,321 1053,319 1053,318 1054,317 1057,317 1057,317 1057,316 1058,315 1067,315 1069,313 1069,311 1070,310 1278,310 1278,310 1278,309 1280,307 1283,307 1285,305 1289,305 1289,305 1289,304 1290,303 1679,303 1679,303 1679,301 1680,300 1681,300 1681,300 1681,299 1682,298 1684,300 1693,300 1693,301 1693,303 1696,305 1698,305 1698,306 1698,307 1699,307 1700,307 1700,308 1700,310 1701,310 2398,310 2399,309 2714,309 2716,307 2716,306 2717,305 2723,305 2723,306 2723,307 2724,307 2728,307 2730,310 2730,312 2731,312 3249,312 3249,313 3249,348 3250,348 3251,348 3251,349 3251,365 3252,365 3325,365 3325,366 3325,372 3326,372 3328,372 3328,373 3328,381 3325,384 3325,386 3325,386 3324,386 3323,387 3323,389 3321,391 3319,391 3318,392 3318,565 3318,565 3317,565 3316,566 3316,567 3316,567 3310,567 3308,569 3308,571 3307,572 3302,572 3299,575 3295,575 3294,576 3294,577 3294,577 3290,577 3288,579 3283,579 3282,580 2787,580 2786,581 2786,619 2786,619 2611,619 2610,620 2610,622 2610,622 2065,622 2064,623"/><TextEquiv><Unicode/></TextEquiv><TextEquiv index="1"><Unicode>ulce aluiaie quene enle lni aire</Unicode></TextEquiv></TextLine><TextLine id="l2"><Coords points="3164,778 3163,778 3163,777 3163,776 1467,776 1466,776 1466,762 1466,761 1348,761 1347,761 1347,746 1347,745 985,745 983,744 983,743 983,742 982,742 981,742 981,741 981,740 980,740 979,740 979,676 980,675 981,675 981,675 981,674 982,673 988,673 988,673 988,672 989,671 1010,671 1011,670 1053,670 1053,670 1053,668 1055,666 1117,666 1117,666 1117,629 1118,628 1340,628 1340,628 1340,623 1342,621 1342,619 1343,618 1935,618 1936,619 2787,619 2787,620 2787,621 2788,621 2925,621 2928,625 2928,627 2929,628 2929,642 2930,642 2931,642 2931,643 2931,647 2932,647 2938,647 2938,648 2938,649 2939,649 2943,649 2943,650 2943,658 2944,658 3101,658 3102,659 3240,659 3242,661 3244,661 3244,662 3244,663 3245,663 3256,663 3256,664 3256,666 3259,668 3263,668 3263,669 3263,671 3265,673 3265,678 3268,680 3320,680 3320,681 3320,682 3321,682 3334,682 3334,683 3334,690 3334,690 3333,690 3332,691 3332,692 3332,692 3324,692 3323,693 3323,697 3322,698 3322,700 3321,701 3314,701 3313,702 3266,702 3265,703 3265,724 3263,726 3263,730 3263,730 3261,730 3259,732 3252,732 3251,733 3246,733 3244,735 3200,735 3199,736 3199,757 3198,758 3198,762 3196,764 3194,764 3193,765 3193,767 3191,769 3186,769 3182,773 3178,773 3177,774 3177,775 3177,775 3168,775 3165,778"/><TextEquiv><Unicode/></TextEquiv><TextEquiv index="1"><Unicode>mes adieux. Je lui racontai le change-</Unicode></TextEquiv></TextLine><TextLine id="l3"><Coords points="1034,936 1033,936 1033,898 1033,897 984,897 983,897 983,896 983,895 982,895 981,895 981,831 986,826 991,826 993,824 1050,824 1051,823 1103,823 1103,823 1103,822 1104,821 1105,821 1105,821 1105,820 1106,819 1172,819 1175,816 1178,816 1180,814 1213,814 1216,811 1218,811 1218,811 1218,810 1219,809 1399,809 1399,809 1399,807 1401,805 1464,805 1464,805 1464,778 1466,776 1468,776 1469,775 1746,775 1746,775 1746,774 1747,773 1748,773 1748,773 1748,772 1749,771 1755,771 1757,769 1758,769 1759,768 1767,768 1768,769 1770,769 1770,770 1770,771 1771,771 3062,771 3062,772 3062,773 3063,773 3069,773 3069,774 3069,775 3070,775 3071,776 3072,776 3072,777 3072,781 3073,781 3075,781 3076,783 3076,787 3077,788 3077,800 3078,800 3340,800 3340,801 3340,806 3339,807 3078,807 3077,808 3077,809 3078,809 3100,809 3100,810 3100,811 3101,811 3110,811 3111,812 3187,812 3187,813 3187,814 3188,814 3191,814 3191,815 3191,816 3192,816 3251,816 3253,818 3256,818 3258,821 3258,823 3259,823 3260,823 3260,824 3260,835 3261,835 3318,835 3319,836 3321,836 3323,838 3325,838 3325,839 3325,840 3326,840 3333,840 3334,842 3334,844 3333,845 3328,845 3325,848 3325,850 3322,853 3322,856 3320,858 3320,859 3320,859 3317,859 3316,860 3316,861 3316,861 3273,861 3272,862 3272,886 3272,886 3270,886 3267,889 3267,891 3266,892 2941,892 2940,893 2940,895 2940,895 2647,895 2646,896 2646,907 2646,907 2645,907 2644,908 2644,909 2644,909 2530,909 2529,910 2529,915 2528,916 1759,916 1758,917 1758,932 1758,932 1046,932 1045,933 1045,936 1045,936"/><TextEquiv><Unicode/></TextEquiv><TextEquiv index="1"><Unicode>menarrivé ſubitement dans ma ſitua-</Unicode></TextEquiv></TextLine><TextLine id="l4"><Coords points="3221,1088 3220,1088 3220,1046 3220,1045 3213,1045 3212,1044 3102,1044 3101,1045 3049,1045 3046,1048 2987,1048 2986,1048 2986,1047 2986,1046 2970,1046 2969,1045 2807,1045 2806,1046 2795,1046 2793,1048 2783,1048 2781,1046 2578,1046 2577,1047 2577,1048 2577,1048 2576,1048 2575,1049 2575,1050 2575,1050 2511,1050 2509,1052 2503,1052 2501,1050 2386,1050 2384,1048 2226,1048 2224,1050 2212,1050 2211,1051 2211,1061 2208,1064 2139,1064 2138,1065 2138,1084 2138,1084 2136,1084 2135,1084 2135,1082 2133,1080 2133,1059 2133,1058 2024,1058 2023,1059 2023,1086 2023,1086 2019,1086 2018,1086 2018,1059 2018,1058 2004,1058 2003,1059 2003,1063 2001,1065 2001,1067 2001,1067 2000,1067 1999,1067 1999,1066 1999,1065 1995,1065 1994,1065 1994,1053 1994,1052 1992,1052 1990,1050 1881,1050 1880,1051 1880,1087 1880,1087 1861,1087 1860,1087 1860,1073 1860,1072 1840,1072 1836,1069 1836,1047 1836,1046 1734,1046 1732,1048 1731,1048 1731,1047 1731,1046 1577,1046 1576,1047 1576,1051 1575,1052 1571,1052 1569,1051 1569,1047 1569,1046 1395,1046 1394,1047 1394,1048 1394,1048 1376,1048 1375,1049 1375,1065 1375,1065 1372,1065 1371,1065 1371,1049 1371,1048 1366,1048 1364,1046 1221,1046 1220,1047 1220,1048 1220,1048 1218,1048 1214,1052 1208,1052 1206,1050 1157,1050 1094,1050 1092,1052 1020,1052 1019,1053 1018,1053 1017,1054 1017,1057 1017,1057 1008,1057 1007,1057 1007,1056 1007,1055 1001,1055 1000,1055 1000,1054 1000,1053 998,1053 996,1051 994,1051 991,1049 991,1046 990,1045 990,1039 990,1038 989,1038 988,1038 988,999 988,998 987,998 983,995 983,987 986,984 991,984 991,984 991,977 992,976 993,976 993,976 993,975 994,974 1026,974 1026,974 1026,941 1027,940 1029,940 1029,940 1029,939 1030,938 1031,938 1031,938 1031,937 1032,936 1046,936 1046,937 1046,939 1048,941 1048,974 1049,974 1155,974 1155,974 1155,973 1156,972 1175,972 1175,973 1175,974 1176,974 1179,974 1179,975 1179,981 1181,983 1181,986 1182,987 1182,994 1184,996 1184,1003 1185,1003 1189,1003 1189,1004 1189,1014 1190,1014 1289,1014 1289,1014 1289,932 1290,931 1296,931 1296,931 1296,930 1297,929 1318,929 1318,930 1318,931 1319,931 1342,931 1342,932 1342,933 1343,933 1344,933 1344,934 1344,969 1345,969 1459,969 1459,969 1459,936 1462,933 1469,933 1471,931 1586,931 1587,930 1692,930 1693,929 1711,929 1714,932 1758,932 1758,933 1758,974 1759,974 1810,974 1810,975 1810,976 1811,976 1813,976 1819,983 1819,1012 1820,1012 1932,1012 1932,1012 1932,1001 1934,999 1934,997 1935,996 1935,995 1937,993 1939,993 1939,993 1939,989 1940,988 1942,988 1942,988 1942,986 1945,983 1949,983 1949,983 1949,982 1950,981 1951,981 1951,981 1951,980 1952,979 1956,979 1959,976 1964,976 1966,974 1973,974 1975,972 1975,939 1979,935 1983,935 1985,933 1999,933 1999,934 1999,938 2000,938 2001,938 2001,939 2001,972 2002,972 2135,972 2135,972 2135,955 2137,953 2137,949 2140,946 2140,944 2141,943 2143,943 2144,942 2144,941 2145,940 2145,939 2146,938 2152,938 2152,938 2152,937 2153,936 2157,936 2157,936 2157,934 2158,933 2164,933 2164,933 2164,932 2165,931 2166,931 2166,932 2166,933 2167,933 2180,933 2181,934 2184,934 2185,936 2185,972 2186,972 2220,972 2222,974 2374,974 2374,974 2374,943 2376,941 2376,939 2379,936 2383,936 2385,934 2387,936 2505,936 2506,935 2512,935 2513,937 2513,939 2515,941 2515,974 2516,974 2678,974 2680,972 2785,972 2786,971 2807,971 2807,971 2807,941 2808,940 2812,940 2813,942 2813,971 2814,971 2971,971 2971,971 2971,970 2972,969 3045,969 3045,969 3045,961 3047,959 3050,959 3050,960 3050,967 3051,967 3175,967 3177,965 3181,965 3183,967 3246,967 3246,968 3246,969 3247,969 3251,969 3255,974 3255,978 3256,979 3256,1010 3257,1010 3307,1010 3310,1014 3310,1015 3311,1016 3311,1017 3312,1017 3313,1017 3313,1018 3313,1020 3314,1020 3324,1020 3326,1022 3328,1022 3328,1023 3328,1025 3330,1027 3330,1034 3328,1036 3321,1036 3320,1037 3320,1048 3320,1048 3314,1048 3313,1049 3313,1051 3313,1051 3311,1051 3310,1052 3310,1056 3306,1060 3306,1062 3306,1062 3305,1062 3304,1063 3304,1064 3303,1065 3301,1065 3299,1067 3278,1067 3277,1068 3277,1088 3277,1088"/><TextEquiv><Unicode/></TextEquiv><TextEquiv index="1"><Unicode>tion. Je lui dis, du fond de mon cœur,</Unicode></TextEquiv></TextLine><TextLine id="l5"><Coords points="1355,1249 1354,1248 1341,1248 1340,1248 1340,1204 1340,1203 1309,1203 1307,1205 1305,1205 1304,1206 1257,1206 1256,1207 1256,1225 1254,1227 1254,1230 1253,1231 1253,1235 1249,1239 1249,1241 1248,1242 1247,1242 1246,1243 1246,1244 1246,1244 1244,1244 1242,1246 1232,1246 1227,1242 1227,1211 1227,1210 1146,1210 1144,1208 1073,1208 1072,1209 1072,1247 1071,1248 1015,1248 1014,1248 1014,1209 1014,1208 1003,1208 1001,1206 997,1206 996,1206 996,1202 991,1196 989,1196 988,1196 988,1187 986,1185 986,1180 984,1178 984,1168 985,1167 986,1167 986,1167 986,1161 987,1160 988,1160 988,1160 988,1156 989,1155 991,1155 991,1155 991,1153 996,1148 996,1146 998,1144 1000,1144 1003,1141 1005,1141 1005,1141 1005,1140 1006,1139 1010,1139 1012,1137 1031,1137 1032,1136 1044,1136 1046,1134 1060,1134 1060,1134 1060,1133 1061,1132 1139,1132 1139,1132 1139,1130 1140,1129 1234,1129 1234,1129 1234,1099 1237,1096 1239,1096 1241,1094 1250,1094 1253,1098 1253,1122 1254,1122 1256,1122 1256,1123 1256,1127 1257,1127 1307,1127 1309,1129 1404,1129 1404,1129 1404,1128 1405,1127 1524,1127 1526,1125 1602,1125 1603,1124 1694,1124 1695,1123 1695,1121 1696,1120 1698,1120 1699,1119 1707,1119 1708,1120 1712,1120 1712,1121 1712,1122 1713,1122 1750,1122 1750,1123 1750,1124 1751,1125 1751,1128 1753,1129 1856,1129 1856,1129 1856,1098 1858,1096 1858,1091 1860,1089 1860,1088 1861,1087 1880,1087 1880,1088 1880,1089 1881,1089 1882,1089 1882,1090 1882,1125 1883,1125 1885,1125 1886,1127 1886,1131 1887,1131 1980,1131 1980,1131 1980,1099 1981,1098 1982,1098 1982,1098 1982,1096 1985,1093 1994,1093 1994,1093 1994,1092 1995,1091 2011,1091 2013,1089 2021,1089 2022,1088 2030,1088 2031,1089 2130,1089 2131,1088 2137,1088 2137,1089 2137,1098 2138,1099 2138,1123 2140,1124 2142,1124 2143,1125 2243,1125 2243,1126 2243,1127 2244,1127 2250,1127 2250,1128 2250,1130 2252,1131 2345,1131 2345,1131 2345,1095 2346,1094 2348,1094 2353,1089 2365,1089 2367,1091 2369,1091 2369,1092 2369,1093 2371,1094 2373,1094 2375,1096 2382,1096 2384,1099 2384,1129 2385,1129 2443,1129 2443,1130 2443,1131 2444,1131 2628,1131 2630,1129 2642,1129 2642,1129 2642,1099 2643,1098 2689,1098 2689,1098 2689,1094 2694,1089 2697,1089 2698,1088 2708,1088 2709,1090 2709,1092 2711,1094 2711,1099 2713,1101 2713,1117 2714,1117 2723,1117 2725,1120 2725,1127 2726,1127 2831,1127 2831,1127 2831,1094 2832,1093 2833,1093 2833,1093 2833,1091 2835,1089 2843,1089 2844,1088 2854,1088 2856,1091 2856,1110 2857,1111 2857,1129 2858,1129 2919,1129 2922,1132 2926,1132 2926,1133 2926,1136 2927,1136 2928,1136 2929,1138 2929,1140 2931,1142 2931,1144 2932,1144 2939,1144 2940,1146 2940,1168 2941,1168 3048,1168 3048,1168 3048,1159 3049,1158 3050,1158 3050,1158 3050,1149 3053,1146 3053,1144 3054,1143 3056,1143 3057,1142 3057,1140 3060,1137 3060,1135 3061,1134 3062,1134 3062,1134 3062,1133 3063,1132 3065,1132 3068,1129 3070,1129 3072,1127 3117,1127 3119,1125 3134,1125 3135,1124 3220,1124 3220,1124 3220,1089 3221,1088 3277,1088 3277,1089 3277,1092 3276,1093 3242,1093 3241,1094 3241,1165 3242,1165 3311,1165 3311,1166 3311,1168 3313,1170 3313,1172 3314,1172 3315,1172 3315,1173 3315,1180 3316,1181 3316,1187 3317,1187 3326,1187 3327,1189 3327,1197 3326,1198 3321,1198 3316,1203 3312,1203 3311,1204 3311,1210 3310,1211 3307,1211 3306,1212 3306,1244 3306,1244 3303,1244 3302,1245 3288,1245 3287,1245 3287,1219 3287,1218 3285,1218 3284,1218 3284,1199 3284,1198 3194,1198 3192,1200 3192,1245 3192,1245 3115,1245 3114,1245 3114,1242 3114,1241 3094,1241 3093,1241 3093,1240 3093,1239 3089,1239 3088,1239 3088,1200 3088,1199 2998,1199 2997,1200 2997,1202 2995,1204 2995,1208 2995,1208 2992,1208 2991,1209 2991,1213 2990,1214 2990,1216 2988,1218 2986,1218 2984,1220 2984,1223 2984,1223 2981,1223 2977,1227 2970,1227 2969,1227 2969,1226 2969,1225 2963,1225 2962,1225 2962,1206 2962,1205 2892,1205 2890,1203 2777,1203 2776,1204 2776,1205 2775,1206 2765,1206 2764,1205 2628,1205 2627,1205 2627,1204 2627,1203 2466,1203 2465,1204 2465,1246 2465,1246 2445,1246 2444,1246 2444,1204 2444,1203 2434,1203 2432,1205 2423,1205 2422,1206 2255,1206 2253,1208 2177,1208 2176,1208 2176,1207 2176,1206 2132,1206 2131,1207 2131,1247 2131,1247 2112,1247 2111,1247 2111,1207 2111,1206 2007,1206 2006,1207 2006,1208 2006,1208 1999,1208 1996,1205 1966,1205 1965,1206 1965,1244 1965,1244 1945,1244 1944,1244 1944,1206 1944,1205 1741,1205 1739,1203 1567,1203 1566,1204 1566,1221 1564,1223 1564,1228 1562,1230 1562,1234 1560,1236 1558,1236 1555,1239 1551,1239 1550,1240 1550,1242 1548,1244 1545,1244 1543,1246 1536,1246 1534,1248 1516,1248 1514,1246 1512,1246 1510,1244 1505,1244 1504,1244 1504,1242 1504,1241 1502,1241 1498,1237 1494,1237 1493,1237 1493,1233 1493,1232 1491,1232 1490,1232 1490,1231 1490,1230 1414,1230 1413,1230 1413,1204 1413,1203 1366,1203 1365,1204 1365,1246 1364,1247 1364,1249 1364,1249"/><TextEquiv><Unicode/></TextEquiv><TextEquiv index="1"><Unicode>que je regrettois l'état de malade, qui,</Unicode></TextEquiv></TextLine><TextLine id="l6"><Coords points="2249,1402 2248,1401 2233,1401 2229,1398 2229,1363 2229,1362 2182,1362 2181,1363 2172,1363 2171,1364 2171,1366 2171,1366 2170,1366 2169,1365 2163,1365 2161,1363 2160,1363 2159,1363 2159,1362 2159,1361 2100,1361 2099,1362 2099,1373 2099,1373 2093,1373 2092,1373 2092,1371 2090,1369 2090,1362 2090,1361 2067,1361 2066,1362 2066,1363 2066,1363 2050,1363 2049,1363 2049,1362 2049,1361 1942,1361 1940,1359 1887,1359 1886,1358 1780,1358 1779,1359 1767,1359 1765,1361 1759,1361 1758,1362 1758,1363 1758,1363 1744,1363 1743,1363 1743,1362 1743,1361 1742,1361 1741,1362 1741,1400 1741,1400 1720,1400 1719,1400 1719,1359 1719,1358 1700,1358 1698,1356 1615,1356 1614,1357 1614,1359 1614,1359 1565,1359 1564,1360 1564,1361 1564,1361 1558,1361 1557,1362 1557,1363 1557,1363 1556,1363 1555,1364 1555,1366 1552,1369 1552,1371 1549,1374 1549,1376 1547,1378 1546,1378 1545,1379 1545,1380 1545,1380 1544,1380 1543,1381 1543,1382 1543,1382 1541,1382 1540,1383 1536,1383 1535,1384 1535,1385 1535,1385 1529,1385 1528,1386 1528,1387 1528,1387 1527,1387 1526,1387 1526,1386 1526,1385 1524,1385 1521,1383 1521,1362 1521,1361 1458,1361 1457,1361 1457,1360 1457,1359 1455,1359 1454,1358 1355,1358 1354,1359 1354,1363 1354,1363 1353,1363 1352,1364 1352,1368 1351,1369 1351,1371 1351,1371 1305,1371 1304,1371 1304,1362 1304,1361 1285,1361 1284,1361 1284,1359 1284,1358 1211,1358 1210,1359 1110,1359 1106,1363 1105,1363 1105,1362 1105,1361 1041,1361 1039,1363 1015,1363 1013,1365 1012,1364 1009,1364 1008,1363 1005,1363 1003,1361 996,1361 995,1361 995,1357 995,1356 994,1356 993,1356 993,1355 993,1354 992,1354 991,1354 991,1350 990,1349 990,1344 988,1342 988,1337 986,1335 986,1312 987,1311 988,1311 990,1309 990,1305 996,1299 996,1297 997,1296 998,1296 998,1296 998,1295 999,1294 1008,1294 1010,1292 1014,1292 1016,1290 1020,1290 1020,1290 1020,1258 1024,1254 1027,1254 1028,1253 1032,1253 1034,1251 1039,1251 1041,1254 1041,1259 1043,1261 1043,1265 1044,1265 1045,1265 1045,1266 1045,1287 1046,1287 1180,1287 1182,1285 1223,1285 1224,1284 1278,1284 1280,1282 1339,1282 1339,1282 1339,1254 1340,1253 1340,1249 1341,1248 1354,1248 1355,1249 1364,1249 1364,1250 1364,1251 1365,1252 1365,1282 1366,1282 1423,1282 1423,1283 1423,1284 1424,1284 1426,1284 1427,1285 1429,1285 1431,1287 1490,1287 1490,1288 1490,1289 1491,1289 1495,1289 1497,1292 1497,1294 1499,1296 1499,1327 1500,1327 1602,1327 1602,1327 1602,1288 1603,1287 1605,1287 1607,1285 1609,1285 1610,1284 1657,1284 1658,1285 1760,1285 1761,1284 1769,1284 1770,1285 1834,1285 1834,1285 1834,1269 1835,1268 1836,1268 1836,1268 1836,1264 1841,1259 1841,1257 1844,1254 1846,1254 1846,1254 1846,1252 1847,1251 1848,1251 1848,1251 1848,1250 1849,1249 1851,1249 1853,1247 1855,1247 1858,1244 1865,1244 1868,1241 1875,1241 1876,1242 1878,1242 1880,1244 2037,1244 2037,1245 2037,1246 2038,1246 2039,1246 2039,1247 2039,1249 2040,1250 2040,1287 2041,1287 2107,1287 2107,1287 2107,1251 2111,1247 2132,1247 2133,1249 2133,1282 2134,1282 2161,1282 2161,1283 2161,1284 2162,1284 2164,1284 2165,1285 2169,1285 2169,1286 2169,1287 2170,1287 2171,1287 2171,1288 2171,1290 2172,1290 2175,1290 2177,1292 2240,1292 2240,1292 2240,1259 2242,1257 2242,1255 2246,1251 2260,1251 2262,1254 2262,1256 2263,1256 2264,1256 2264,1257 2264,1284 2265,1284 2319,1284 2320,1285 2377,1285 2377,1286 2377,1287 2378,1287 2441,1287 2441,1287 2441,1249 2444,1246 2467,1246 2467,1247 2467,1285 2468,1285 2523,1285 2524,1287 2524,1289 2527,1292 2527,1295 2528,1295 2591,1295 2591,1295 2591,1293 2592,1292 2596,1292 2598,1290 2601,1290 2602,1289 2620,1289 2620,1289 2620,1252 2625,1247 2630,1247 2631,1246 2640,1246 2643,1249 2644,1249 2644,1250 2644,1256 2646,1258 2646,1284 2647,1284 2697,1284 2698,1285 2707,1285 2708,1286 2771,1286 2771,1286 2771,1285 2773,1283 2773,1281 2774,1280 2775,1280 2775,1280 2775,1276 2776,1275 2776,1268 2778,1266 2778,1264 2779,1263 2780,1263 2780,1263 2780,1259 2782,1257 2782,1255 2791,1246 2792,1246 2792,1246 2792,1243 2793,1242 2800,1242 2801,1241 2802,1241 2802,1241 2802,1240 2803,1239 2807,1239 2809,1237 2817,1237 2819,1239 2821,1239 2823,1241 2826,1241 2830,1246 2830,1284 2831,1284 2852,1284 2853,1285 2916,1285 2916,1285 2916,1283 2917,1282 2917,1280 2919,1278 2919,1263 2921,1261 2921,1257 2923,1255 2923,1254 2924,1253 2924,1252 2925,1251 2926,1251 2926,1251 2926,1249 2928,1247 2933,1247 2938,1242 2943,1242 2944,1241 2946,1241 2948,1239 2952,1239 2952,1239 2952,1238 2953,1237 2965,1237 2972,1245 2972,1280 2973,1280 2993,1280 2993,1281 2993,1282 2994,1282 3112,1282 3112,1282 3112,1249 3113,1248 3113,1246 3114,1245 3193,1245 3193,1246 3193,1273 3194,1273 3282,1273 3282,1273 3282,1259 3284,1257 3284,1255 3285,1254 3285,1251 3287,1249 3287,1246 3288,1245 3302,1245 3303,1244 3306,1244 3306,1245 3306,1253 3307,1253 3311,1253 3312,1254 3314,1254 3315,1256 3315,1290 3316,1290 3331,1290 3332,1292 3332,1301 3332,1301 3322,1301 3321,1302 3321,1339 3320,1340 3320,1344 3320,1344 3319,1344 3318,1345 3318,1347 3318,1347 3314,1347 3313,1348 3313,1351 3313,1351 3300,1351 3299,1352 3249,1352 3247,1354 3192,1354 3191,1355 3191,1356 3191,1356 3190,1356 3189,1357 3189,1358 3189,1358 3170,1358 3168,1356 2998,1356 2996,1358 2983,1358 2981,1356 2863,1356 2862,1357 2862,1358 2862,1358 2834,1358 2833,1359 2824,1359 2823,1358 2819,1358 2818,1358 2818,1357 2818,1356 2801,1356 2800,1357 2800,1387 2800,1387 2796,1387 2795,1387 2795,1357 2795,1356 2714,1356 2713,1357 2713,1359 2713,1359 2695,1359 2694,1360 2694,1361 2694,1361 2607,1361 2606,1361 2606,1360 2606,1359 2599,1359 2598,1359 2598,1358 2596,1356 2596,1355 2596,1354 2592,1354 2591,1354 2591,1352 2591,1351 2590,1351 2589,1351 2589,1349 2582,1342 2582,1340 2580,1337 2516,1337 2515,1338 2515,1357 2514,1358 2513,1358 2512,1359 2508,1359 2506,1361 2489,1361 2488,1360 2487,1361 2487,1401 2487,1401 2471,1401 2470,1401 2470,1360 2470,1359 2327,1359 2326,1360 2326,1361 2326,1361 2286,1361 2285,1362 2285,1398 2284,1399 2282,1399 2281,1400 2281,1402 2281,1402"/><TextEquiv><Unicode/></TextEquiv><TextEquiv index="1"><Unicode>du moins, me faiſoit jouir de ſa ſociété</Unicode></TextEquiv></TextLine><TextLine id="l7"><Coords points="2750,1557 2747,1555 2747,1525 2747,1524 1226,1524 1225,1525 1225,1540 1225,1540 1220,1540 1218,1539 1218,1517 1218,1516 1125,1516 1124,1517 1124,1556 1124,1556 1121,1556 1120,1556 1120,1517 1120,1516 1010,1516 1007,1514 1007,1512 1007,1511 1003,1511 1002,1511 1000,1509 1000,1507 1000,1506 995,1506 993,1505 993,1503 993,1502 992,1502 991,1502 991,1500 990,1499 990,1495 988,1493 988,1439 988,1438 979,1438 978,1438 978,1436 977,1435 977,1431 977,1430 975,1430 974,1430 974,1429 975,1428 977,1428 977,1428 977,1425 979,1423 1000,1423 1000,1423 1000,1419 1002,1417 1002,1415 1004,1413 1008,1413 1012,1409 1017,1409 1019,1407 1019,1405 1020,1404 1168,1404 1170,1402 1179,1402 1180,1401 1355,1401 1357,1399 1359,1399 1363,1395 1364,1395 1365,1394 1621,1394 1621,1394 1621,1393 1622,1392 1624,1392 1626,1394 1640,1394 1641,1396 1641,1397 1642,1397 1646,1397 1649,1400 1741,1400 1742,1401 3238,1401 3244,1395 3293,1395 3294,1397 3294,1433 3295,1433 3307,1433 3309,1435 3323,1435 3325,1437 3327,1437 3327,1438 3327,1493 3328,1494 3328,1495 3328,1495 3325,1495 3323,1497 3323,1499 3322,1500 3322,1503 3321,1504 3319,1504 3318,1505 3318,1507 3318,1507 3140,1507 3139,1508 3139,1509 3136,1512 3136,1521 3136,1521 3133,1521 3132,1522 3132,1524 3131,1525 3131,1526 3131,1526 3130,1526 3129,1527 3129,1528 3129,1528 3128,1528 3127,1529 3127,1531 3127,1531 3125,1531 3124,1532 3124,1534 3122,1536 2755,1536 2754,1537 2754,1557 2754,1557"/><TextEquiv><Unicode/></TextEquiv><TextEquiv index="1"><Unicode>&amp; de ſes ſoins. Je la vis abattue, &amp;</Unicode></TextEquiv></TextLine><TextLine id="l8"><Coords points="1758,1715 1757,1714 1019,1714 1017,1713 1017,1677 1017,1676 1008,1676 1007,1676 1007,1675 1007,1674 1006,1674 1005,1674 1005,1672 1005,1671 1000,1671 996,1668 996,1666 996,1665 994,1665 991,1663 991,1661 990,1660 990,1657 988,1655 988,1632 990,1630 990,1627 991,1626 991,1622 992,1621 993,1621 993,1621 993,1620 994,1619 995,1619 995,1619 995,1617 998,1614 998,1612 1001,1609 1003,1609 1003,1609 1003,1608 1004,1607 1007,1607 1007,1607 1007,1606 1008,1605 1012,1605 1014,1603 1014,1601 1015,1600 1088,1600 1088,1600 1088,1598 1089,1597 1120,1597 1120,1597 1120,1557 1121,1556 1198,1556 1198,1556 1198,1555 1199,1554 1201,1554 1202,1555 1207,1555 1208,1557 1208,1559 1209,1559 2613,1559 2613,1559 2613,1558 2614,1557 2620,1557 2620,1557 2620,1556 2621,1555 2625,1555 2626,1554 2644,1554 2645,1555 2649,1555 2649,1556 2649,1557 2650,1557 2754,1557 2754,1558 2754,1562 2756,1564 2756,1588 2757,1588 3292,1588 3294,1590 3301,1590 3304,1593 3306,1593 3306,1594 3306,1595 3307,1595 3308,1595 3308,1596 3308,1597 3309,1598 3309,1599 3311,1600 3325,1600 3325,1601 3325,1603 3327,1605 3327,1607 3328,1608 3328,1637 3330,1639 3330,1641 3332,1643 3332,1650 3332,1650 3331,1650 3330,1651 3330,1652 3330,1652 3328,1652 3322,1658 3322,1661 3318,1665 3198,1665 3196,1667 3056,1667 3055,1668 3055,1669 3055,1669 3042,1669 3041,1670 3041,1671 3041,1671 2949,1671 2948,1672 2948,1710 2948,1710 2383,1710 2382,1711 2382,1714 2382,1714 2210,1714 2209,1715"/><TextEquiv><Unicode/></TextEquiv><TextEquiv index="1"><Unicode>quelque temps muette. Comme un</Unicode></TextEquiv></TextLine><TextLine id="l9"><Coords points="1550,1870 1548,1868 1543,1868 1542,1867 1540,1867 1538,1865 1533,1865 1531,1863 1522,1863 1521,1863 1521,1861 1518,1858 1518,1856 1518,1855 1517,1855 1516,1855 1516,1854 1516,1853 1515,1853 1514,1853 1514,1849 1512,1847 1512,1830 1512,1829 1474,1829 1473,1829 1473,1828 1473,1827 1187,1827 1186,1828 1186,1834 1186,1834 1178,1834 1177,1834 1177,1833 1177,1832 1003,1832 1002,1831 997,1831 995,1830 995,1828 995,1827 994,1827 992,1825 991,1825 990,1825 990,1822 988,1820 988,1811 988,1810 987,1810 986,1810 986,1775 986,1774 984,1774 983,1774 983,1772 981,1770 981,1765 983,1763 983,1761 986,1758 991,1758 991,1758 991,1755 993,1753 993,1749 994,1748 1003,1748 1005,1750 1189,1750 1189,1750 1189,1718 1190,1717 1191,1717 1191,1717 1191,1716 1192,1715 1199,1715 1200,1714 1211,1714 1211,1715 1211,1748 1212,1748 1311,1748 1313,1750 1548,1750 1550,1748 1552,1750 1557,1750 1558,1751 1719,1751 1719,1751 1719,1749 1722,1746 1730,1746 1732,1748 1903,1748 1903,1748 1903,1747 1904,1746 2054,1746 2056,1744 2057,1744 2057,1744 2057,1738 2059,1736 2061,1736 2061,1736 2061,1734 2064,1731 2066,1731 2066,1731 2066,1727 2070,1723 2070,1721 2071,1720 2075,1720 2078,1717 2080,1717 2080,1717 2080,1716 2081,1715 2092,1715 2093,1714 2099,1714 2100,1715 2364,1715 2365,1714 2383,1714 2384,1715 2386,1715 2386,1716 2386,1748 2387,1748 2419,1748 2419,1749 2419,1750 2420,1750 2653,1750 2653,1750 2653,1739 2654,1738 2654,1732 2655,1731 2656,1731 2656,1731 2656,1730 2657,1729 2658,1729 2658,1729 2658,1727 2661,1724 2664,1724 2666,1722 2666,1720 2667,1719 2669,1719 2674,1714 2685,1714 2686,1715 2881,1715 2882,1714 2884,1714 2886,1712 2926,1712 2926,1712 2926,1711 2927,1710 2948,1710 2948,1711 2948,1713 2952,1717 2952,1750 2953,1750 3171,1750 3172,1749 3172,1730 3173,1729 3174,1729 3174,1729 3174,1725 3175,1724 3175,1722 3183,1714 3185,1714 3186,1713 3187,1712 3187,1710 3189,1708 3193,1708 3194,1707 3199,1707 3201,1705 3218,1705 3223,1710 3225,1710 3225,1711 3225,1750 3226,1750 3303,1750 3304,1751 3314,1751 3318,1755 3320,1755 3320,1756 3320,1789 3323,1791 3330,1791 3332,1794 3332,1801 3330,1803 3330,1805 3330,1805 3329,1805 3328,1806 3321,1806 3320,1807 3320,1810 3320,1810 3319,1810 3313,1816 3313,1830 3312,1831 3311,1831 3308,1829 3308,1827 3306,1824 2967,1824 2966,1825 2893,1825 2891,1827 2865,1827 2864,1827 2864,1826 2864,1825 2850,1825 2849,1824 2631,1824 2630,1825 2556,1825 2553,1828 2553,1854 2552,1855 2537,1855 2536,1856 2536,1858 2536,1858 2535,1858 2534,1858 2534,1856 2534,1855 2530,1855 2529,1855 2529,1853 2527,1851 2527,1831 2527,1830 2433,1830 2432,1831 2395,1831 2394,1832 2394,1869 2394,1869 2389,1869 2388,1869 2388,1832 2388,1831 2317,1831 2315,1829 2136,1829 2135,1830 2135,1868 2135,1868 2091,1868 2090,1868 2090,1831 2090,1830 1844,1830 1843,1831 1837,1831 1836,1831 1836,1830 1836,1829 1594,1829 1593,1830 1593,1849 1593,1849 1586,1849 1585,1850 1585,1854 1579,1860 1577,1860 1576,1861 1576,1863 1574,1865 1569,1865 1567,1867 1565,1867 1564,1868 1562,1868 1560,1870"/><TextEquiv><Unicode/></TextEquiv><TextEquiv index="1"><Unicode>tendre regret tranſpiroit auſſi dans ſes</Unicode></TextEquiv></TextLine><TextLine id="l10"><Coords points="1909,2024 1908,2024 1908,1986 1908,1985 1830,1985 1829,1984 1529,1984 1528,1985 1528,1994 1528,1994 1493,1994 1492,1995 1492,2023 1492,2023 1479,2023 1478,2023 1478,2019 1478,2018 1172,2018 1171,2019 1171,2022 1171,2022 1153,2022 1152,2022 1152,1988 1152,1987 1001,1987 998,1984 996,1984 995,1984 995,1982 993,1980 993,1888 993,1887 991,1887 990,1887 990,1876 994,1872 1000,1872 1000,1872 1000,1871 1001,1870 1013,1870 1015,1872 1017,1872 1019,1875 1019,1884 1021,1886 1021,1887 1022,1888 1022,1889 1023,1889 1540,1889 1540,1889 1540,1875 1543,1872 1722,1872 1722,1872 1722,1871 1723,1870 1725,1870 1727,1868 1731,1868 1732,1867 1899,1867 1899,1867 1899,1866 1900,1865 1906,1865 1906,1866 1906,1867 1907,1867 1932,1867 1933,1868 2134,1868 2135,1869 2395,1869 2396,1870 2401,1870 2401,1871 2401,1896 2402,1896 2819,1896 2819,1896 2819,1891 2821,1889 2826,1889 2826,1889 2826,1882 2829,1879 2834,1879 2835,1878 2835,1876 2836,1875 2837,1875 2837,1875 2837,1874 2838,1873 2840,1873 2845,1868 2850,1868 2851,1867 2855,1867 2857,1865 2859,1865 2859,1865 2859,1864 2860,1863 2862,1863 2864,1865 2969,1865 2969,1866 2969,1868 2972,1871 2972,1873 2976,1877 2976,1901 2977,1901 3242,1901 3246,1906 3246,1908 3248,1910 3248,1911 3249,1912 3249,1925 3250,1925 3330,1925 3330,1926 3330,1939 3330,1939 3328,1939 3325,1942 3323,1942 3319,1946 3317,1946 3316,1947 3316,1949 3314,1951 3288,1951 3287,1952 3287,2019 3287,2019 3102,2019 3101,2020 3101,2021 3102,2022 3102,2022 3079,2022 3078,2022 3079,2021 3082,2021 3082,2021 3082,2018 3084,2016 3273,2016 3273,2016 3273,1952 3273,1951 3261,1951 3260,1952 3260,1974 3259,1975 3180,1975 3178,1977 3041,1977 3040,1978 3039,1978 3038,1979 3038,1980 3038,1980 3034,1980 3032,1982 3029,1982 3027,1984 3026,1984 3026,1983 3026,1982 2741,1982 2740,1983 2740,1984 2740,1984 2733,1984 2732,1985 2178,1985 2176,1987 2160,1987 2159,1988 2159,1997 2159,1997 1997,1997 1996,1998 1996,2016 1996,2016 1931,2016 1930,2017 1930,2024 1930,2024"/><TextEquiv><Unicode/></TextEquiv><TextEquiv index="1"><Unicode>beaux yeux? J'exhortai cette fille an-</Unicode></TextEquiv></TextLine><TextLine id="l11"><Coords points="1008,2183 1006,2181 1003,2181 1002,2180 1001,2180 1000,2180 1000,2179 1000,2178 998,2178 996,2176 994,2176 989,2171 987,2171 986,2171 986,2169 983,2166 983,2160 984,2159 984,2147 986,2145 986,2088 988,2086 988,2084 989,2083 990,2083 990,2083 990,2079 991,2078 991,2076 992,2075 993,2075 993,2075 993,2074 994,2073 995,2073 995,2073 995,2071 996,2070 996,2069 997,2068 1005,2068 1005,2068 1005,2067 1006,2066 1008,2066 1008,2066 1008,2051 1010,2049 1010,2047 1013,2044 1076,2044 1076,2044 1076,2041 1077,2040 1077,2028 1080,2025 1082,2025 1084,2023 1151,2023 1152,2022 1819,2022 1820,2021 1825,2021 1826,2020 3273,2020 3274,2019 3287,2019 3287,2020 3287,2021 3288,2021 3290,2021 3291,2023 3291,2025 3292,2026 3292,2028 3293,2028 3294,2028 3294,2029 3294,2032 3295,2032 3296,2032 3297,2034 3297,2036 3301,2040 3301,2044 3302,2044 3303,2044 3303,2045 3303,2059 3304,2059 3326,2059 3328,2062 3328,2069 3332,2073 3332,2111 3333,2111 3334,2111 3334,2112 3334,2121 3334,2121 3328,2121 3326,2123 3324,2123 3323,2124 3323,2125 3323,2125 3321,2125 3320,2126 3318,2126 3314,2130 3214,2130 3213,2131 3213,2135 3211,2137 3170,2137 3169,2138 3169,2141 3167,2143 3167,2145 3167,2145 3166,2145 3165,2146 3165,2147 3165,2147 3164,2147 3163,2148 3163,2150 3160,2153 3160,2154 3160,2154 3159,2154 3156,2157 2788,2157 2787,2158 2787,2169 2787,2169 2786,2169 2785,2170 2785,2171 2785,2171 2784,2171 2783,2172 2783,2174 2781,2176 2631,2176 2630,2177 2630,2180 2630,2180 2110,2180 2109,2181 1020,2181 1019,2182 1019,2183 1019,2183"/><TextEquiv><Unicode/></TextEquiv><TextEquiv index="1"><Unicode>gélique à en faire autant que moi, à</Unicode></TextEquiv></TextLine><TextLine id="l12"><Coords points="2163,2338 2162,2338 2162,2299 2162,2298 2148,2298 2147,2297 2145,2297 2143,2295 1902,2295 1900,2297 1889,2297 1887,2295 1692,2295 1691,2296 1691,2297 1691,2297 1543,2297 1542,2297 1542,2296 1542,2295 1531,2295 1529,2293 1464,2293 1462,2291 1389,2291 1277,2291 1275,2293 1271,2293 1270,2294 1270,2295 1270,2295 1142,2295 1141,2296 1141,2310 1141,2310 1116,2310 1115,2311 1115,2314 1115,2314 1056,2314 1055,2315 1055,2331 1055,2331 1054,2331 1053,2332 1053,2333 1053,2333 1049,2333 1048,2333 1048,2332 1048,2331 1018,2331 1017,2331 1017,2330 1017,2329 1016,2329 1015,2329 1015,2296 1015,2295 1005,2295 1003,2293 1001,2293 999,2291 996,2291 995,2291 995,2288 993,2285 991,2285 990,2285 990,2281 986,2277 986,2262 984,2260 984,2255 983,2254 983,2239 984,2238 984,2235 986,2233 989,2233 991,2231 998,2231 1002,2227 1002,2225 1003,2224 1008,2224 1009,2223 1010,2223 1010,2223 1010,2222 1011,2221 1034,2221 1034,2221 1034,2212 1035,2211 1039,2211 1039,2211 1039,2192 1041,2190 1131,2190 1131,2190 1131,2182 1132,2181 1152,2181 1152,2182 1152,2205 1153,2205 1354,2205 1354,2205 1354,2189 1355,2188 1359,2188 1361,2191 1361,2193 1363,2195 1363,2202 1364,2203 1364,2204 1364,2204 1362,2204 1361,2205 1362,2205 1593,2205 1593,2206 1593,2207 1594,2207 1703,2207 1705,2209 1708,2209 1712,2214 1712,2219 1713,2219 1884,2219 1884,2219 1884,2212 1886,2210 1887,2210 1887,2210 1887,2208 1888,2207 1894,2207 1894,2208 1894,2209 1895,2209 2090,2209 2090,2209 2090,2182 2091,2181 2112,2181 2114,2184 2114,2214 2115,2214 2200,2214 2200,2215 2200,2216 2201,2216 2252,2216 2252,2217 2251,2218 2205,2218 2204,2219 2205,2219 2245,2219 2245,2220 2245,2221 2245,2221 2205,2221 2204,2222 2204,2224 2205,2224 2210,2224 2212,2226 2219,2226 2224,2231 2226,2231 2226,2232 2226,2233 2227,2233 2228,2233 2228,2234 2228,2236 2230,2238 2230,2242 2232,2243 2233,2243 2233,2244 2233,2252 2233,2252 2232,2252 2231,2253 2231,2260 2232,2260 2417,2260 2417,2260 2417,2256 2418,2255 2419,2255 2419,2255 2419,2244 2420,2243 2422,2243 2422,2243 2422,2239 2423,2238 2425,2238 2426,2237 2426,2234 2427,2233 2430,2233 2432,2231 2432,2229 2433,2228 2434,2228 2434,2228 2434,2203 2435,2202 2436,2202 2436,2202 2436,2194 2437,2193 2438,2193 2439,2192 2441,2192 2441,2192 2441,2189 2442,2188 2443,2188 2446,2185 2446,2183 2448,2181 2455,2181 2456,2180 2459,2180 2461,2178 2468,2178 2470,2180 2475,2180 2475,2181 2475,2182 2477,2183 2480,2183 2482,2185 2627,2185 2627,2185 2627,2181 2628,2180 2630,2180 2630,2181 2630,2183 2631,2183 2637,2183 2637,2184 2637,2190 2638,2190 2642,2190 2642,2191 2642,2199 2643,2199 2651,2199 2651,2200 2651,2217 2652,2217 2880,2217 2881,2216 2881,2215 2882,2214 2883,2214 2883,2214 2883,2213 2884,2212 2888,2212 2888,2213 2888,2214 2889,2214 3043,2214 3043,2214 3043,2213 3044,2212 3045,2212 3046,2211 3114,2211 3116,2209 3124,2209 3124,2210 3124,2211 3125,2211 3316,2211 3317,2212 3319,2212 3321,2214 3323,2214 3323,2215 3323,2219 3324,2219 3333,2219 3334,2221 3334,2222 3333,2223 3324,2223 3323,2224 3323,2229 3322,2230 3322,2232 3319,2235 3312,2235 3311,2236 3311,2284 3309,2286 3256,2286 3252,2290 2972,2290 2971,2291 2964,2291 2962,2293 2913,2293 2912,2294 2912,2295 2912,2295 2750,2295 2749,2295 2749,2292 2749,2291 2638,2291 2637,2290 2621,2290 2620,2290 2620,2289 2620,2288 2483,2288 2482,2289 2482,2331 2482,2331 2480,2331 2479,2331 2479,2289 2479,2288 2471,2288 2470,2289 2470,2333 2470,2333 2465,2333 2464,2334 2456,2334 2455,2334 2455,2292 2455,2291 2329,2291 2327,2293 2325,2293 2324,2294 2324,2302 2325,2302 2362,2302 2364,2305 2364,2309 2365,2310 2363,2312 2312,2312 2310,2314 2308,2314 2306,2316 2301,2316 2300,2317 2298,2317 2297,2318 2295,2320 2295,2329 2295,2329 2172,2329 2171,2330 2171,2338 2171,2338"/><TextEquiv><Unicode/></TextEquiv><TextEquiv index="1"><Unicode>quitter cette retraite, &amp; à retourner</Unicode></TextEquiv></TextLine><TextLine id="l13"><Coords points="1841,2491 1840,2490 1838,2490 1837,2490 1837,2471 1837,2470 1799,2470 1798,2470 1798,2452 1798,2451 1759,2451 1758,2450 1745,2450 1744,2451 1744,2484 1744,2484 1742,2484 1741,2484 1741,2451 1741,2450 1705,2450 1703,2448 1675,2448 1674,2448 1674,2447 1674,2446 1667,2446 1666,2445 1598,2445 1597,2446 1546,2446 1545,2447 1545,2448 1545,2448 1524,2448 1522,2446 1515,2446 1513,2444 1447,2444 1446,2445 1402,2445 1401,2446 1335,2446 1331,2450 1329,2450 1328,2451 1321,2451 1320,2450 1314,2450 1313,2450 1313,2449 1313,2448 1309,2448 1307,2446 1305,2446 1304,2446 1304,2445 1304,2444 1237,2444 1236,2445 1236,2468 1235,2469 1234,2469 1232,2468 1232,2445 1232,2444 1206,2444 1205,2445 1200,2445 1199,2446 1182,2446 1181,2445 1073,2445 1072,2446 1042,2446 1041,2447 1041,2451 1041,2451 1039,2451 1038,2450 1010,2450 1008,2449 1008,2447 1008,2446 1004,2446 1003,2446 1003,2445 1002,2443 1001,2443 1000,2443 1000,2442 1000,2441 999,2441 998,2441 998,2440 998,2439 997,2439 996,2438 995,2438 995,2437 995,2436 993,2436 991,2435 991,2433 990,2432 990,2431 984,2425 984,2423 983,2422 983,2420 983,2419 982,2419 981,2419 981,2410 979,2408 979,2401 980,2400 981,2400 981,2400 981,2397 982,2396 984,2396 984,2396 984,2394 985,2393 986,2393 986,2393 986,2392 987,2391 988,2391 988,2391 988,2389 991,2386 991,2384 992,2383 997,2383 998,2382 998,2380 999,2379 1007,2379 1007,2379 1007,2378 1008,2377 1012,2377 1013,2376 1017,2376 1017,2376 1017,2375 1018,2374 1022,2374 1022,2374 1022,2344 1023,2343 1024,2343 1024,2343 1024,2341 1027,2338 1043,2338 1046,2341 1048,2341 1048,2342 1048,2370 1049,2370 1081,2370 1083,2372 1182,2372 1182,2372 1182,2370 1183,2369 1220,2369 1220,2369 1220,2348 1222,2346 1222,2344 1223,2343 1223,2341 1224,2340 1226,2340 1227,2339 1227,2335 1228,2334 1256,2334 1257,2333 1261,2333 1261,2333 1261,2332 1262,2331 1265,2331 1265,2331 1265,2330 1266,2329 1268,2329 1268,2330 1268,2331 1269,2331 1271,2331 1276,2336 1277,2336 1277,2337 1277,2364 1278,2364 1335,2364 1336,2365 1337,2365 1337,2366 1337,2374 1338,2374 1406,2374 1406,2374 1406,2372 1408,2370 1411,2370 1414,2367 1416,2367 1421,2362 1474,2362 1476,2360 1478,2360 1480,2358 1482,2358 1483,2360 1483,2369 1484,2369 1540,2369 1541,2370 1546,2370 1548,2372 1683,2372 1683,2372 1683,2365 1684,2364 1695,2364 1695,2364 1695,2339 1696,2338 1701,2338 1704,2335 1705,2335 1706,2336 1715,2336 1717,2339 1717,2343 1718,2343 1719,2343 1719,2344 1719,2369 1720,2369 1794,2369 1794,2370 1794,2377 1795,2377 1875,2377 1876,2376 1891,2376 1891,2376 1891,2370 1892,2369 1903,2369 1903,2370 1903,2376 1904,2376 2059,2376 2060,2377 2125,2377 2125,2377 2125,2370 2126,2369 2128,2369 2128,2370 2128,2379 2129,2379 2162,2379 2162,2379 2162,2339 2163,2338 2171,2338 2171,2339 2171,2379 2172,2379 2226,2379 2226,2379 2226,2377 2227,2376 2233,2376 2233,2376 2233,2372 2235,2370 2239,2370 2240,2372 2240,2376 2241,2376 2338,2376 2338,2376 2338,2375 2340,2373 2340,2365 2341,2364 2341,2360 2343,2358 2343,2354 2344,2353 2345,2353 2345,2353 2345,2349 2351,2343 2353,2343 2358,2338 2365,2338 2367,2336 2370,2336 2372,2334 2382,2334 2386,2338 2453,2338 2453,2338 2453,2337 2454,2336 2455,2336 2455,2336 2455,2335 2456,2334 2464,2334 2465,2333 2517,2333 2517,2334 2517,2362 2518,2362 2587,2362 2587,2362 2587,2353 2588,2352 2628,2352 2628,2352 2628,2333 2630,2331 2671,2331 2673,2329 2680,2329 2680,2330 2680,2331 2681,2331 2687,2331 2687,2332 2687,2333 2688,2333 2692,2333 2693,2334 2700,2334 2704,2339 2704,2372 2705,2372 2743,2372 2745,2374 2821,2374 2821,2374 2821,2355 2823,2353 2826,2353 2826,2354 2826,2356 2828,2358 2828,2369 2829,2369 2854,2369 2855,2370 2936,2370 2936,2370 2936,2343 2938,2341 2939,2341 2940,2343 2940,2364 2941,2364 2979,2364 2980,2365 3032,2365 3033,2367 3033,2370 3034,2370 3100,2370 3100,2370 3100,2363 3101,2362 3103,2362 3103,2363 3103,2367 3104,2367 3210,2367 3210,2367 3210,2366 3211,2365 3253,2365 3254,2364 3266,2364 3266,2365 3266,2366 3268,2367 3294,2367 3294,2368 3294,2369 3295,2369 3301,2369 3301,2370 3301,2408 3302,2408 3323,2408 3323,2409 3323,2410 3324,2410 3330,2410 3330,2411 3330,2412 3331,2412 3332,2412 3332,2413 3332,2425 3326,2431 3319,2431 3318,2432 3318,2434 3318,2434 3316,2434 3314,2436 3312,2436 3311,2437 3311,2438 3310,2439 3310,2440 3309,2441 3271,2441 3270,2442 3270,2443 3270,2443 3258,2443 3256,2441 3183,2441 3182,2442 3182,2480 3182,2480 3168,2480 3167,2480 3167,2442 3167,2441 3144,2441 3142,2443 3135,2443 3133,2445 3129,2445 3127,2443 3117,2443 3115,2441 3042,2441 3041,2442 3041,2443 3041,2443 2998,2443 2997,2444 2989,2444 2988,2445 2960,2445 2959,2446 2957,2446 2955,2448 2949,2448 2948,2449 2948,2450 2948,2450 2936,2450 2934,2448 2931,2448 2929,2446 2927,2446 2924,2443 2858,2443 2856,2445 2810,2445 2809,2446 2805,2446 2804,2447 2804,2448 2804,2448 2800,2448 2798,2446 2729,2446 2728,2447 2728,2485 2728,2485 2721,2485 2720,2486 2714,2486 2713,2486 2713,2447 2713,2446 2589,2446 2585,2450 2571,2450 2570,2451 2562,2451 2560,2450 2560,2449 2560,2448 2475,2448 2473,2450 2445,2450 2444,2451 2444,2490 2444,2490 2429,2490 2428,2490 2428,2451 2428,2450 2422,2450 2420,2448 2291,2448 2289,2450 2210,2450 2209,2451 2209,2453 2209,2453 2205,2453 2203,2455 2191,2455 2190,2455 2190,2454 2190,2453 2184,2453 2183,2453 2183,2452 2183,2451 2170,2451 2169,2450 2088,2450 2087,2450 2087,2449 2087,2448 1967,2448 1966,2449 1966,2450 1966,2450 1949,2450 1947,2448 1880,2448 1879,2449 1879,2489 1879,2489 1877,2489 1875,2491"/><TextEquiv><Unicode/></TextEquiv><TextEquiv index="1"><Unicode>dans le monde, pour en faire l'ornement.</Unicode></TextEquiv></TextLine><TextLine id="l14"><Coords points="2578,2646 2577,2645 1878,2645 1877,2644 1149,2644 1148,2644 1148,2605 1148,2604 1046,2604 1045,2603 991,2603 989,2601 986,2601 983,2599 983,2523 983,2522 956,2522 955,2522 955,2520 957,2518 983,2518 983,2518 983,2492 986,2489 986,2487 987,2486 1029,2486 1029,2486 1029,2477 1031,2475 1034,2475 1034,2476 1034,2484 1035,2484 1141,2484 1141,2485 1141,2487 1142,2487 2713,2487 2714,2486 2720,2486 2721,2485 3163,2485 3163,2485 3163,2484 3165,2482 3167,2482 3167,2482 3167,2481 3168,2480 3183,2480 3184,2482 3184,2484 3185,2484 3186,2484 3186,2485 3186,2515 3187,2515 3229,2515 3229,2516 3229,2524 3230,2524 3291,2524 3292,2525 3304,2525 3304,2526 3304,2528 3306,2529 3323,2529 3325,2532 3325,2582 3328,2585 3328,2598 3327,2599 3326,2599 3325,2600 3325,2601 3325,2601 3324,2601 3323,2602 3323,2603 3323,2603 3316,2603 3315,2604 3315,2607 3313,2609 3313,2611 3311,2613 3311,2615 3311,2615 3309,2615 3308,2616 3306,2616 3300,2622 3297,2622 3296,2623 3294,2623 3292,2625 3107,2625 3106,2626 3106,2641 3106,2641 2611,2641 2610,2642 2609,2642 2608,2643 2608,2644 2608,2644 2607,2644 2606,2645 2606,2646 2606,2646"/><TextEquiv><Unicode/></TextEquiv><TextEquiv index="1"><Unicode>Elle parut fâchée d'avoir pris l'habit;</Unicode></TextEquiv></TextLine><TextLine id="l15"><Coords points="2392,2804 2391,2803 1924,2803 1923,2803 1923,2765 1923,2764 1151,2764 1150,2765 1150,2797 1149,2798 1134,2798 1133,2798 1133,2762 1133,2761 989,2761 988,2761 988,2760 988,2759 987,2759 983,2756 983,2698 983,2697 982,2697 981,2697 981,2693 981,2692 980,2692 979,2692 979,2683 980,2682 1053,2682 1053,2682 1053,2676 1054,2675 1077,2675 1077,2675 1077,2673 1080,2670 1148,2670 1148,2670 1148,2645 1149,2644 1352,2644 1354,2642 1361,2642 1361,2643 1361,2644 1362,2644 1402,2644 1403,2645 1893,2645 1894,2646 1896,2646 1897,2647 3003,2647 3003,2647 3003,2642 3004,2641 3224,2641 3226,2639 3234,2639 3235,2640 3240,2640 3241,2642 3241,2651 3242,2652 3242,2677 3243,2677 3289,2677 3290,2678 3306,2678 3306,2679 3306,2680 3307,2680 3308,2680 3308,2681 3308,2682 3310,2683 3312,2685 3313,2685 3313,2686 3313,2687 3314,2687 3323,2687 3323,2688 3323,2695 3325,2696 3335,2696 3335,2697 3335,2699 3335,2699 3330,2699 3328,2701 3328,2702 3327,2703 3327,2704 3327,2704 3326,2704 3325,2705 3325,2742 3325,2742 3323,2742 3320,2745 3318,2745 3316,2747 3314,2747 3313,2748 3313,2749 3313,2749 3312,2749 3311,2750 3311,2751 3311,2751 3309,2751 3306,2754 3300,2754 3299,2755 3299,2756 3299,2756 3034,2756 3033,2757 3025,2757 3024,2758 2956,2758 2954,2760 2954,2762 2953,2763 2716,2763 2715,2764 2715,2798 2714,2799 2679,2799 2678,2800 2402,2800 2401,2801 2402,2802 2401,2803 2401,2804 2401,2804"/><TextEquiv><Unicode/></TextEquiv><TextEquiv index="1"><Unicode>mais elle me dit qu'elle ne pouvoit le</Unicode></TextEquiv></TextLine><TextLine id="l16"><Coords points="1905,2959 1904,2958 1243,2958 1242,2958 1242,2955 1242,2954 1019,2954 1015,2951 1015,2913 1015,2912 1004,2912 1003,2911 1000,2911 994,2905 992,2905 991,2905 991,2903 988,2900 988,2898 984,2894 984,2886 983,2885 983,2881 981,2879 981,2874 983,2872 983,2865 984,2864 984,2862 985,2861 986,2861 986,2861 986,2860 987,2859 988,2859 988,2859 988,2858 989,2857 990,2857 990,2857 990,2855 993,2852 993,2850 995,2848 995,2846 998,2843 1003,2843 1004,2842 1005,2842 1005,2842 1005,2841 1006,2840 1032,2840 1034,2838 1088,2838 1089,2837 1129,2837 1129,2837 1129,2802 1133,2798 1150,2798 1151,2800 1151,2803 1152,2803 2218,2803 2219,2802 2221,2802 2223,2800 2678,2800 2679,2799 2998,2799 2998,2799 2998,2798 2999,2797 3012,2797 3012,2798 3012,2799 3013,2799 3017,2799 3019,2802 3019,2804 3020,2804 3026,2804 3026,2805 3026,2806 3027,2807 3027,2824 3028,2824 3111,2824 3113,2827 3113,2828 3114,2828 3191,2828 3191,2829 3191,2831 3192,2831 3285,2831 3287,2833 3304,2833 3308,2837 3310,2837 3311,2838 3314,2838 3320,2845 3320,2852 3322,2854 3322,2885 3323,2885 3334,2885 3334,2886 3334,2889 3333,2890 3319,2890 3318,2891 3318,2893 3316,2895 3316,2898 3315,2899 3315,2900 3315,2900 3311,2900 3310,2901 3310,2904 3309,2905 3308,2905 3302,2911 3286,2911 3285,2912 3175,2912 3174,2913 3174,2946 3173,2947 3169,2947 3168,2948 3161,2948 3160,2949 3160,2950 3160,2950 3147,2950 3146,2951 3146,2952 3146,2952 3132,2952 3131,2952 3131,2948 3131,2947 3130,2947 3129,2947 3129,2920 3129,2919 2036,2919 2035,2920 2035,2958 2035,2958 1921,2958 1920,2959"/><TextEquiv><Unicode/></TextEquiv><TextEquiv index="1"><Unicode>quitter, au moins ſi-tôt. Ahl que</Unicode></TextEquiv></TextLine><TextLine id="l17"><Coords points="2041,3115 2040,3115 2040,3113 2040,3112 1366,3112 1364,3110 1362,3110 1361,3110 1361,3109 1361,3108 1360,3108 1359,3108 1359,3106 1359,3105 879,3105 878,3105 878,3099 879,3098 1359,3098 1359,3098 1359,3075 1359,3074 1134,3074 1132,3073 1132,3070 1131,3069 1131,3066 1131,3065 1006,3065 1005,3064 984,3064 983,3064 983,3062 981,3060 981,3001 982,3000 983,3000 983,3000 983,2994 984,2993 1014,2993 1014,2993 1014,2982 1015,2981 1242,2981 1242,2981 1242,2959 1243,2958 1583,2958 1584,2957 2159,2957 2159,2957 2159,2956 2160,2955 2782,2955 2782,2955 2782,2953 2783,2952 2783,2951 2784,2950 2800,2950 2802,2948 2806,2948 2807,2947 2809,2947 2809,2948 2809,2950 2810,2950 2811,2950 2811,2951 2811,2952 2812,2952 2814,2952 2816,2955 2816,2957 2817,2957 2819,2957 2819,2958 2819,2959 2820,2959 2978,2959 2979,2960 2986,2960 2986,2961 2986,2962 2987,2962 2988,2962 2988,2963 2988,2965 2990,2967 2990,2983 2991,2983 3174,2983 3175,2984 3180,2984 3182,2986 3228,2986 3230,2988 3235,2988 3237,2990 3241,2990 3242,2991 3247,2991 3248,2993 3248,2997 3249,2998 3249,3001 3251,3003 3251,3012 3252,3012 3287,3012 3289,3014 3313,3014 3314,3015 3317,3015 3319,3017 3330,3017 3330,3018 3330,3022 3328,3024 3328,3026 3328,3026 3321,3026 3320,3027 3320,3034 3320,3034 3316,3034 3315,3035 3315,3036 3315,3036 3312,3036 3311,3037 3311,3038 3311,3038 3300,3038 3299,3039 3299,3050 3299,3050 3262,3050 3261,3051 3261,3058 3260,3059 3260,3061 3257,3064 3199,3064 3198,3065 3196,3065 3194,3067 2992,3067 2991,3068 2991,3086 2990,3087 2990,3096 2990,3096 2988,3096 2986,3098 2986,3101 2983,3104 2983,3106 2983,3106 2053,3106 2052,3107 2052,3115 2052,3115"/><TextEquiv><Unicode/></TextEquiv><TextEquiv index="1"><Unicode>vais-je faire ici ſans vous? ajouta-</Unicode></TextEquiv></TextLine><TextLine id="l18"><Coords points="2040,3272 2038,3270 1880,3270 1879,3270 1879,3269 1879,3268 1790,3268 1789,3268 1789,3230 1789,3229 1586,3229 1584,3227 1223,3227 1221,3225 1128,3225 1127,3224 1122,3224 1119,3222 1119,3221 1119,3220 1006,3220 1004,3218 1003,3218 1002,3217 986,3217 983,3215 983,3211 983,3210 950,3210 947,3208 947,3159 947,3158 881,3158 879,3157 881,3155 983,3155 983,3155 983,3152 984,3151 984,3149 985,3148 1120,3148 1120,3148 1120,3147 1121,3146 1260,3146 1260,3146 1260,3116 1263,3113 1265,3113 1265,3113 1265,3111 1266,3110 1309,3110 1311,3112 2831,3112 2833,3110 2960,3110 2960,3110 2960,3107 2961,3106 3101,3106 3102,3105 3232,3105 3232,3105 3232,3104 3233,3103 3237,3103 3239,3101 3249,3101 3249,3102 3249,3103 3250,3103 3251,3103 3251,3104 3251,3105 3252,3105 3258,3105 3261,3108 3263,3108 3263,3109 3263,3110 3264,3110 3265,3110 3265,3111 3265,3141 3266,3141 3297,3141 3298,3143 3298,3148 3299,3148 3316,3148 3316,3149 3316,3151 3317,3151 3335,3151 3335,3152 3335,3154 3337,3156 3337,3161 3336,3162 3335,3162 3334,3163 3334,3199 3334,3199 3323,3199 3320,3202 3320,3206 3318,3208 3318,3210 3318,3210 3317,3210 3315,3212 3315,3213 3315,3213 3314,3213 3313,3214 3313,3215 3313,3215 3309,3215 3307,3217 3305,3217 3304,3218 3127,3218 3125,3220 3077,3220 3075,3222 3063,3222 3062,3223 2979,3223 2978,3224 2973,3224 2972,3225 2908,3225 2907,3226 2907,3227 2907,3227 2903,3227 2901,3229 2887,3229 2885,3231 2885,3232 2885,3232 2079,3232 2078,3233 2078,3268 2076,3270 2055,3270 2054,3271 2054,3272 2054,3272"/><TextEquiv><Unicode/></TextEquiv><TextEquiv index="1"><Unicode>t-elle d'un ton pénétré . Je lui fis</Unicode></TextEquiv></TextLine><TextLine id="l19"><Coords points="2129,3428 2128,3427 1987,3427 1986,3427 1986,3388 1986,3387 1516,3387 1515,3388 1515,3422 1515,3422 1500,3422 1499,3422 1499,3418 1499,3417 1206,3417 1205,3417 1205,3414 1204,3413 1204,3412 1204,3411 1032,3411 1031,3411 1031,3378 1031,3377 986,3377 981,3373 981,3355 981,3354 979,3354 977,3353 977,3344 979,3342 984,3342 984,3342 984,3275 986,3273 986,3268 988,3266 990,3266 991,3265 993,3265 993,3265 993,3264 994,3263 1000,3263 1000,3263 1000,3262 1001,3261 1006,3261 1010,3266 1010,3292 1011,3292 1037,3292 1038,3294 1038,3296 1039,3296 1413,3296 1413,3296 1413,3276 1416,3273 1617,3273 1617,3273 1617,3271 1618,3270 1622,3270 1627,3265 1664,3265 1664,3265 1664,3262 1665,3261 1674,3261 1674,3262 1674,3265 1675,3265 1686,3265 1687,3266 1690,3266 1692,3268 1793,3268 1793,3269 1793,3270 1794,3270 1882,3270 1882,3271 1882,3272 1883,3272 2226,3272 2226,3272 2226,3269 2227,3268 2472,3268 2474,3266 2481,3266 2482,3265 2494,3265 2495,3266 2500,3266 2502,3268 2914,3268 2917,3265 2919,3265 2919,3265 2919,3264 2920,3263 3234,3263 3234,3263 3234,3262 3235,3261 3240,3261 3242,3263 3244,3263 3244,3264 3244,3265 3245,3265 3248,3265 3248,3266 3248,3296 3249,3296 3291,3296 3292,3297 3295,3297 3296,3299 3296,3301 3299,3303 3316,3303 3316,3304 3316,3306 3317,3306 3318,3306 3318,3307 3318,3308 3319,3308 3330,3308 3330,3309 3330,3318 3331,3318 3333,3318 3335,3320 3337,3320 3337,3321 3337,3368 3338,3368 3356,3368 3356,3369 3356,3371 3356,3371 3311,3371 3307,3375 3304,3375 3303,3376 3303,3414 3303,3414 3290,3414 3289,3415 3289,3416 3289,3416 3261,3416 3260,3417 3247,3417 3246,3417 3246,3412 3246,3411 2989,3411 2988,3411 2988,3386 2988,3385 2219,3385 2218,3386 2218,3388 2217,3389 2213,3389 2212,3390 2212,3428 2212,3428"/><TextEquiv><Unicode/></TextEquiv><TextEquiv index="1"><Unicode>les promeſſes les plus ſolennelles de</Unicode></TextEquiv></TextLine><TextLine id="l20"><Coords points="1689,3583 1688,3583 1688,3581 1687,3579 1520,3579 1519,3579 1519,3577 1519,3576 1319,3576 1318,3576 1318,3574 1318,3573 1259,3573 1258,3573 1258,3539 1258,3538 1085,3538 1084,3537 1074,3537 1072,3535 1070,3535 1066,3531 1018,3531 1017,3530 981,3530 979,3529 979,3470 978,3468 977,3468 976,3468 976,3452 979,3449 981,3449 981,3449 981,3448 982,3447 1002,3447 1002,3447 1002,3443 1003,3442 1151,3442 1151,3442 1151,3429 1152,3428 1153,3428 1153,3428 1153,3424 1156,3421 1163,3421 1164,3420 1205,3420 1205,3420 1205,3418 1206,3417 1259,3417 1259,3418 1259,3421 1260,3421 1469,3421 1470,3422 1516,3422 1518,3425 1518,3426 1519,3427 1519,3433 1520,3433 1985,3433 1985,3433 1985,3428 1986,3427 2212,3427 2212,3427 2212,3426 2213,3425 2790,3425 2790,3425 2790,3423 2792,3421 3242,3421 3245,3418 3246,3418 3247,3417 3260,3417 3261,3416 3263,3416 3263,3417 3263,3418 3264,3418 3265,3418 3265,3419 3265,3452 3266,3452 3319,3452 3324,3457 3330,3457 3330,3458 3330,3459 3331,3459 3337,3459 3337,3460 3337,3469 3337,3469 3328,3469 3327,3470 3327,3474 3323,3478 3316,3478 3315,3479 3315,3527 3312,3530 3188,3530 3187,3531 3116,3531 3115,3532 3115,3533 3113,3535 3046,3535 3045,3536 3045,3567 3045,3567 2718,3567 2717,3568 2717,3578 2717,3578 2703,3578 2702,3578 2702,3544 2702,3543 2585,3543 2584,3543 2584,3541 2584,3540 2465,3540 2463,3538 2131,3538 2130,3539 2130,3541 2128,3543 2128,3547 2128,3547 2127,3547 2126,3548 2126,3550 2122,3554 2122,3580 2122,3580 2111,3580 2110,3580 2110,3562 2110,3561 1720,3561 1719,3562 1719,3572 1718,3573 1716,3573 1713,3576 1711,3576 1710,3577 1710,3578 1710,3578 1708,3578 1705,3581 1703,3581 1701,3583"/><TextEquiv><Unicode/></TextEquiv><TextEquiv index="1"><Unicode>ne l'oublier jamais, &amp; de venir la voir</Unicode></TextEquiv></TextLine><TextLine id="l21"><Coords points="1945,3737 1944,3736 1942,3736 1941,3735 1734,3735 1733,3735 1733,3701 1733,3700 1631,3700 1628,3698 1628,3697 1628,3696 1543,3696 1542,3695 1174,3695 1173,3696 1173,3700 1173,3700 1154,3700 1153,3701 1153,3725 1151,3727 1151,3729 1151,3729 1125,3729 1124,3729 1124,3691 1124,3690 983,3690 979,3687 979,3685 978,3684 978,3677 977,3676 977,3636 977,3635 868,3635 866,3634 866,3632 866,3631 865,3631 864,3631 864,3629 864,3628 862,3628 861,3628 861,3620 862,3619 972,3619 972,3619 972,3608 973,3607 984,3607 984,3607 984,3578 986,3576 988,3576 988,3576 988,3575 989,3574 996,3574 997,3573 998,3573 998,3573 998,3572 999,3571 1007,3571 1007,3572 1007,3574 1008,3574 1438,3574 1439,3573 1449,3573 1450,3574 1455,3574 1457,3577 1457,3579 1458,3579 1526,3579 1526,3580 1526,3612 1527,3612 1638,3612 1638,3613 1638,3614 1639,3614 1640,3614 1641,3615 2035,3615 2036,3614 2049,3614 2049,3614 2049,3613 2050,3612 2063,3612 2063,3612 2063,3589 2069,3583 2107,3583 2110,3580 2156,3580 2156,3580 2156,3579 2157,3578 2485,3578 2487,3576 2506,3576 2506,3577 2506,3578 2507,3578 3029,3578 3029,3578 3029,3569 3031,3567 3054,3567 3056,3569 3060,3569 3060,3570 3060,3573 3061,3573 3199,3573 3200,3574 3201,3574 3201,3575 3201,3605 3202,3605 3273,3605 3275,3607 3277,3607 3277,3608 3277,3617 3278,3617 3285,3617 3285,3618 3285,3620 3287,3622 3287,3624 3288,3624 3289,3624 3289,3625 3289,3628 3290,3628 3292,3628 3292,3629 3292,3653 3293,3653 3323,3653 3323,3654 3323,3658 3325,3660 3325,3669 3325,3669 3324,3669 3323,3670 3323,3674 3323,3674 3318,3674 3317,3675 3317,3728 3317,3728 3127,3728 3126,3729 2853,3729 2852,3730 2852,3736 2852,3736 2812,3736 2809,3734 2809,3697 2809,3696 2134,3696 2133,3697 2133,3700 2133,3700 1983,3700 1982,3701 1982,3727 1980,3729 1980,3731 1980,3731 1979,3731 1978,3732 1978,3734 1978,3734 1975,3734 1973,3736 1952,3736 1951,3737"/><TextEquiv><Unicode/></TextEquiv><TextEquiv index="1"><Unicode>le plus ſouvent qu'il me ſeroit poſſible.</Unicode></TextEquiv></TextLine><TextLine id="l22"><Coords points="2612,3892 2611,3891 2607,3891 2606,3891 2606,3890 2604,3888 2604,3873 2604,3872 1133,3872 1132,3873 1132,3887 1132,3887 1128,3887 1127,3886 1117,3886 1116,3886 1116,3847 1116,3846 1070,3846 1068,3844 994,3844 993,3843 989,3843 988,3843 988,3842 988,3841 987,3841 986,3841 986,3840 986,3839 984,3839 983,3839 983,3837 983,3836 982,3836 981,3836 981,3835 981,3834 977,3834 976,3834 974,3832 974,3825 976,3823 976,3821 977,3820 977,3815 979,3813 981,3813 982,3812 988,3812 988,3812 988,3732 990,3730 990,3728 991,3727 999,3727 1001,3729 1178,3729 1180,3731 1614,3731 1615,3732 1618,3732 1620,3734 1653,3734 1654,3735 3101,3735 3101,3735 3101,3731 3103,3729 3291,3729 3292,3728 3318,3728 3318,3729 3318,3731 3319,3731 3320,3731 3320,3732 3320,3777 3321,3777 3325,3777 3325,3778 3325,3793 3326,3793 3327,3793 3327,3794 3327,3820 3328,3820 3332,3820 3332,3821 3332,3825 3330,3827 3330,3830 3328,3832 3328,3836 3327,3837 3318,3837 3316,3839 3235,3839 3234,3840 3234,3841 3234,3841 3211,3841 3208,3844 3206,3844 3204,3846 3078,3846 3077,3847 3077,3886 3077,3886 3060,3886 3059,3887 2625,3887 2621,3891 2614,3891 2613,3892"/><TextEquiv><Unicode/></TextEquiv><TextEquiv index="1"><Unicode>Je l'embraſſai tendrement, je la quittai</Unicode></TextEquiv></TextLine><TextLine id="l23"><Coords points="1710,4054 1707,4052 1708,4051 1708,4050 1568,4050 1567,4050 1567,4047 1567,4046 1160,4046 1158,4045 1158,4041 1158,4040 1150,4040 1148,4039 1148,4037 1144,4033 1144,4026 1143,4025 1143,4002 1143,4001 1110,4001 1108,3999 986,3999 983,3997 983,3989 981,3987 981,3900 981,3899 980,3899 979,3899 979,3897 977,3895 977,3891 979,3889 979,3887 980,3886 984,3886 986,3884 1007,3884 1007,3885 1007,3886 1008,3886 1127,3886 1128,3887 1132,3887 1132,3888 1132,3889 1133,3889 1134,3889 1134,3890 1134,3891 1135,3891 1333,3891 1336,3894 2278,3894 2278,3894 2278,3893 2279,3892 2286,3892 2287,3891 2743,3891 2745,3889 2750,3889 2753,3886 3226,3886 3228,3884 3246,3884 3246,3885 3246,3917 3247,3917 3299,3917 3299,3918 3299,3921 3301,3922 3309,3922 3312,3925 3313,3925 3313,3926 3313,3927 3314,3927 3323,3927 3323,3928 3323,3935 3325,3937 3325,3939 3326,3939 3337,3939 3337,3940 3337,3947 3335,3949 3330,3949 3328,3951 3328,3953 3325,3956 3325,3989 3325,3989 3324,3989 3322,3991 3321,3991 3320,3992 3320,3994 3320,3994 3319,3994 3318,3995 3318,3996 3318,3996 3317,3996 3316,3997 3315,3998 3315,3999 3315,3999 3311,3999 3307,4003 3121,4003 3120,4004 3004,4004 3003,4005 3003,4006 3003,4006 2827,4006 2826,4007 2826,4008 2825,4009 2451,4009 2450,4010 2450,4033 2448,4035 2448,4037 2448,4037 2447,4037 2446,4038 2446,4040 2441,4045 2441,4049 2441,4049 2435,4049 2434,4050 2434,4051 2434,4051 1752,4051 1751,4052 1750,4052 1748,4054"/><TextEquiv><Unicode/></TextEquiv><TextEquiv index="1"><Unicode>baignée de pleurs; &amp; je m'enfuis le</Unicode></TextEquiv></TextLine><TextLine id="l24"><Coords points="1704,4242 1703,4242 1703,4119 1703,4118 1632,4118 1631,4119 1631,4159 1631,4159 1629,4159 1626,4162 1626,4164 1626,4164 1620,4164 1619,4165 1619,4166 1619,4166 1572,4166 1570,4168 1494,4168 1492,4170 1492,4176 1492,4176 1445,4176 1444,4177 1444,4205 1442,4207 1442,4209 1442,4209 1440,4209 1438,4208 1438,4186 1438,4185 1020,4185 1019,4185 1019,4155 1019,4154 998,4154 993,4149 991,4149 988,4147 988,4145 988,4144 986,4144 979,4138 979,4134 977,4132 977,4129 974,4126 974,4098 975,4097 981,4097 983,4095 983,4093 984,4092 986,4092 988,4090 988,4088 990,4086 990,4084 992,4082 999,4082 1001,4080 1003,4080 1003,4080 1003,4078 1005,4076 1113,4076 1114,4075 1328,4075 1328,4075 1328,4068 1330,4066 1330,4062 1331,4061 1332,4061 1332,4061 1332,4060 1333,4059 1334,4059 1334,4059 1334,4057 1335,4056 1335,4054 1340,4049 1340,4047 1341,4046 1347,4046 1347,4046 1347,4045 1348,4044 1354,4044 1354,4044 1354,4043 1355,4042 1371,4042 1371,4043 1371,4047 1372,4047 1378,4047 1378,4048 1378,4049 1379,4049 1380,4049 1381,4050 1570,4050 1571,4051 1578,4051 1581,4055 1581,4097 1582,4097 1583,4097 1583,4098 1583,4100 1585,4101 1586,4101 1587,4102 1588,4102 1588,4103 1588,4113 1589,4113 1834,4113 1834,4114 1834,4118 1834,4118 1713,4118 1712,4119 1712,4242 1712,4242"/><TextEquiv><Unicode/></TextEquiv><TextEquiv index="1"><Unicode>cœur ſerré.</Unicode></TextEquiv></TextLine><TextLine id="l25"><Coords points="1054,4316 3185,4316 3185,4581 1054,4581"/><TextEquiv><Unicode/></TextEquiv><TextEquiv index="1"><Unicode>Fn Li cinquieme.</Unicode></TextEquiv></TextLine><TextEquiv><Unicode/></TextEquiv></TextRegion></Page></PcGts>