4266 6032
888 324 3292 515 mais, dès le lendemain, je ne vis plus
907 484 3268 659 mon Amante. La Princeſſe me dit que
910 640 3275 817 l'inhumaine avoit abſolument voulu re-
914 790 3268 973 tourner à ſon couvent, qu'elle refuſa
893 948 3267 1130 deme faire connoître. Ahl c'en eſt fait,
917 1103 3310 1276 me dis-je avec amertume, j'ai perdu
926 1263 3285 1446 le cœur d'Adélaide. Je l'ai trop mé-
916 1409 3283 1587 rité: mais, Dieul ſi quelque- rival
934 1567 3322 1747 me l'enlévoit? ... Quelque rivall ô
936 1732 3141 1905 Ciell... Je punirois le traître...
892 1898 3294 2067 Chéri entra, tandis que je pronon-
945 2032 3303 2224 çois ces mots. Il voulut d'abord ſe re-
945 2186 3320 2378 irer; mais je le retins. Eh quoi, Chéri,
927 2344 3301 2531 ului dis-je, vous, mon unique ami,
888 2498 3342 2684 vous me fuyez, vous refuſez de par-
950 2657 3347 2843 ntager, avec un ſecond vous-même,
917 2795 3380 2997 les peines & les conſolations qu'il
879 2957 3335 3152 peut avoir? ... Après une amitié ſi
902 3120 3328 3303 tendre, & qui paroiſſoit devoir être
883 3271 3351 3457 inviolablel ... ous étiez mon ami,
902 3426 3332 3609 vous êtes à préſent mon confrere,
964 3579 3356 3765 vous ne pouvez vous diſpenſer de
967 3734 3372 3922 mevoir..uAh lChéri, tout le monde
895 3894 3365 4081 m'abandonne, & vous m'enfonçez
895 4039 3377 4239 le poignard dans le cœur . Chéri ne
878 4204 3366 4397 put retenir ſes larmes. Mon bon
991 4354 3378 4546 ami, me dit-il d'une voix entre-
905 4513 3385 4700 coupée, ſivous ſaviez tout, loin de
917 4670 3383 4885 me ſaiedes reproches, vous me
1400 4818 3385 5026 rezs- Vous n'êtes pas le ſeul
