4266 6032
926 312 3313 489 repris-je, qui s'éloigne de moi, la
929 475 3325 641 cruelle Adélaide me fuit. Quand tous
926 618 3380 795 nles obſtacles ſont levés pour notre
926 787 3303 952 union, quand nous pourrions aller
933 941 3308 1112 au pied des Autels prononcer les
938 1101 3313 1262 ſermens qui nous rendroient heu-
938 1256 3311 1418 reux, elle s'enſevelit dans un cloître,
919 1404 3313 1576 & m'envie juſqu'au plaiſir de con-
938 1566 3323 1732 noître ſa retraite -- Ahl mon cher
873 1724 3318 1891 Cataudin, reprit Chéri les larmes
947 1877 3315 2044 aux yeux, il y a de grands obſtacles
947 2039 3320 2200 que vous ne connoiſſez pas; ils ſont
950 2186 3377 2354 inſurmontables. -- Ils ſont inſurmon-
955 2350 3378 2525 tablesl repris-je; ahl cruel -- Oui,
953 2501 3356 2669 répliqua-t-il, il eſt trop vrai; Adé-
955 2663 3327 2825 laîde ne peut jamais être à vous; il
959 2814 3327 2978 faut que vous y renonciez. -- Ah
962 2971 3323 3134 barbare, m'écriai-je, vous me jetez
962 3125 3358 3288 dans la conſternation. Moi, renoncer
962 3280 3327 3443 à mon Adélaide... Ahl jamais...
964 3437 3335 3602 Non, Chéri, ne me faites jamais une
967 3593 3335 3758 pareille propoſition; je la prendrois
969 3754 3339 3917 pour une injure. Et que ferois-je,
953 3904 3340 4075 grand Dieu, dans l'Univers, ſans
971 4058 3366 4229 mon Adélade? -- Et, reprit Chéri,
952 4221 3385 4383 n'y a-t-il donc qu'elle au monde, qui
916 4365 3361 4541 npuiſſe être quelque choſe pour vous?
948 4532 3356 4696 Et ne pouvez-vous trouver aucune
979 4680 3389 4857 femme qui vous dédommage de ſa
979 4833 3358 5034 nperte ? --Et qui voulez-vous, m'é-
