4266 6032
957 319 3304 499 bien changée. Voyez la langueur qui
964 479 3330 659 couvre ſon viſage, & ſa ſanté qui
962 640 3311 813 s'altere chaque jour. Ohl mon cher
964 795 3304 957 Cataudin, c'eſt à vous à lui ſauver
962 947 3315 1117 une ſeconde fois la vie. -- Et que
926 1103 3304 1277 faut-il faire? demandai - je tout ému
967 1258 3311 1425 -- Il faut l'épouſer, répondit Chéri.
953 1414 3299 1587 -- Vous n'y penſez pas, repris-je. La
914 1567 3303 1735 Princeſſe ne ſonge point à commet-
959 1727 3311 1893 tre, avec moi, une ſi haute ſottiſe.
962 1882 3299 2045 Si je me propoſois, je ſerois ſûre-
969 2041 3303 2200 ment très -dédaignéuſement refuſé;
957 2190 3310 2355 elle mépriſeroit un malheureux tranſ-
971 2350 3308 2509 fuge qui voudroit lui préſenter le
962 2505 3339 2666 rebut d'Adélaide. La Princeſſe eſt
967 2661 3303 2821 noble & pure dans ſes généroſités; la
919 2811 3315 2978 ſoupçonner du motifdont vous parlez,
965 2971 3320 3132 la croire capable de dépouiller celle
971 3124 3315 3284 nqu'elle a comblée de ſes bienfaits, ce
952 3280 3316 3440 ſeroit l'outrager. Pouvez-vous, Mon-
967 3435 3308 3595 ſieur, vous vanter d'avoir ſon aveu,
948 3585 3311 3755 pour me faire une pareille propoſi-
969 3744 3346 3911 tion? -- Non ſûrement, répondit
924 3903 3316 4070 Chéri. -- Avez-vous du moins, re-
955 4058 3325 4226 pris-je, celui d'Adélaide? -- Je ne
972 4214 3318 4379 puis répliqua-t-il, vous rien dire là-
957 4369 3334 4533 deſſus. Je parle ſelon mon cœur. Je
938 4524 3322 4690 dis les choſes comme je les ſens.
960 4682 3335 4847 Vous ferez ce que vous voudrez.
964 4828 3342 5035 A ces mots, Chéri me quitta, un peu
