4266 6032
998 262 3328 432 Furie, ſortie des enfers, me frappe le
990 422 3327 587 yeux de ſa torche ardente, & me fait
1000 582 2826 711 voir un million de lumieres.
1039 737 3328 905 Ce changement d'Adélaîde, celui de
990 893 3315 1052 Chéri, le conſeil qu'il m'a donné d'é-
992 1046 3308 1215 pouſer la Princeſſe, l'aſſurance barbare
996 1206 3322 1374 qu'il m'a répétée, qu'Adélaide ne ſeroit
983 1366 3303 1529 jamais à moi, le bruit qui s'eſt répandu
983 1521 3299 1687 de ſon mariage prochain, bruit dont il
988 1682 3298 1837 eſt convenu lui-ême; toutes ces ci-
986 1836 3304 1998 conſtances déſeſpérantes, réunies, ſem.
981 1990 3323 2156 blent m'offrin le flambeau de l'évidence.
936 2145 3291 2317 Quoi me diſois-je, Adélaide, la pureté
977 2298 3277 2470 même, auroit pu trahir ſon honneur,
974 2451 3275 2626 ſe ſeroit expoſée à concevoir, dans ſon
969 2613 3328 2783 ſein, un fruit illégitimel auroit con-
971 2759 3335 2936 ſenti à trahir le premier choix de ſon
971 2919 3272 3099 cœur, l'ami de ſa tendre enfancel &
969 3079 3339 3246 Chéri, ce jeune homme ſi vertueux,
967 3223 3339 3391 dont tout le monde admire la ſageſſe,
967 3389 3339 3566 la douceur, & la bonne conduite;
965 3538 3339 3713 Chéri, lié avec moipar l'amitié la plus
965 3691 3339 3877 noble & la plus ſacrée, auroit pu
960 3846 3339 4030 jouer le rôle d'un vil ſuborneur, s'ex-
965 4001 3339 4192 poſer au mépris du public, à celuſ
962 4156 3339 4351 de la Princeſſe ſa bienfaitrice; & tra-
965 4302 3339 4511 hir ſon amil Non, cela n'eſt pas poſ-
960 4466 3339 4660 ſible. -- Je veux bien le croire, ré-
961 4611 3330 4826 pondit Baſile avec la plus inſigne
941 4776 3330 5003 nmalignité. Suppoſez que je n'ai rien
