<?xml version="1.0" encoding="UTF-8" standalone="no"?><PcGts xmlns="http://schema.primaresearch.org/PAGE/gts/pagecontent/2017-07-15" xmlns:xsi="http://www.w3.org/2001/XMLSchema-instance" xsi:schemaLocation="http://schema.primaresearch.org/PAGE/gts/pagecontent/2017-07-15 http://schema.primaresearch.org/PAGE/gts/pagecontent/2017-07-15/pagecontent.xsd"><Metadata><Creator/><Created>2020-10-14T10:23:20</Created><LastChange>1970-01-01T00:00:00</LastChange><Comments/></Metadata><Page imageFilename="0198.png" imageHeight="6032" imageWidth="4266"><TextRegion id="r1" orientation="0.0" type="paragraph"><Coords points="1,1 4264,1 4264,6030 1,6030"/><TextLine id="l1"><Coords points="2325,513 2324,512 2135,512 2134,512 2134,509 2134,508 2043,508 2042,508 2042,507 2042,506 1255,506 1254,506 1254,468 1254,467 1137,467 1136,467 1136,464 1136,463 1011,463 1010,463 1010,461 1010,460 984,460 981,458 981,452 982,451 983,451 983,451 983,399 984,398 1165,398 1165,398 1165,396 1167,394 1179,394 1179,394 1179,366 1180,365 1180,362 1182,360 1182,358 1185,355 1187,353 1189,353 1190,352 1589,352 1590,351 1590,349 1593,346 1603,346 1605,349 1605,351 1607,352 1609,352 1609,353 1609,358 1610,358 2178,358 2179,357 2219,357 2219,357 2219,356 2220,355 2229,355 2231,357 2274,357 2274,358 2274,362 2275,362 2704,362 2704,362 2704,361 2705,360 2706,360 2708,358 3079,358 3079,358 3079,351 3082,348 3093,348 3093,348 3093,347 3094,346 3099,346 3101,348 3103,348 3103,349 3103,350 3104,350 3108,350 3109,351 3219,351 3225,357 3227,357 3228,358 3230,358 3230,359 3230,360 3231,360 3232,360 3232,361 3232,367 3233,367 3241,367 3241,368 3241,369 3242,369 3244,369 3246,372 3246,376 3247,376 3248,376 3248,377 3248,379 3249,380 3249,384 3250,384 3251,384 3251,385 3251,396 3254,398 3306,398 3306,399 3306,401 3310,405 3310,407 3311,408 3311,456 3315,460 3315,468 3314,469 3221,469 3220,470 3220,479 3220,479 3095,479 3094,480 3094,509 3094,509 3080,509 3079,509 3079,471 3079,470 2623,470 2621,472 2339,472 2338,473 2338,513 2338,513"/><TextEquiv><Unicode/></TextEquiv><TextEquiv index="1"><Unicode>répondis -je, qu'ila ces lettres? On</Unicode></TextEquiv></TextLine><TextLine id="l2"><Coords points="2860,667 2859,667 2859,626 2859,625 2705,625 2704,626 2704,632 2702,634 2702,635 2702,635 2697,635 2694,632 2693,632 2692,632 2692,629 2692,628 2621,628 2620,627 2613,627 2611,625 2458,625 2455,628 2432,628 2431,627 2360,627 2358,625 2289,625 2288,625 2288,624 2288,623 2131,623 2130,624 2130,638 2129,639 2128,639 2123,635 2123,624 2123,623 1943,623 1942,622 1716,622 1715,623 1715,663 1715,663 1679,663 1677,662 1677,628 1677,627 1641,627 1640,627 1640,623 1640,622 1472,622 1471,623 1462,623 1459,620 1300,620 1298,622 1289,622 1287,620 1128,620 1127,621 1127,663 1127,663 1125,663 1124,663 1124,621 1124,620 991,620 989,622 979,622 977,620 975,620 974,620 974,612 975,611 976,611 976,611 976,607 977,606 979,606 979,606 979,552 980,551 981,551 981,551 981,550 982,549 993,549 993,550 993,551 994,551 1203,551 1203,551 1203,550 1204,549 1217,549 1217,549 1217,516 1218,515 1218,513 1221,510 1345,510 1347,508 1388,508 1390,506 1402,506 1402,507 1402,508 1403,508 1519,508 1519,509 1519,511 1521,513 1521,551 1522,551 1774,551 1774,551 1774,550 1775,549 1797,549 1801,553 2088,553 2088,553 2088,518 2089,517 2090,517 2090,517 2090,516 2091,515 2133,515 2133,515 2133,513 2134,512 2154,512 2154,513 2154,553 2155,553 2324,553 2324,553 2324,514 2325,513 2343,513 2343,514 2343,556 2344,556 2396,556 2398,558 2663,558 2663,558 2663,557 2664,556 2745,556 2745,556 2745,551 2747,549 2826,549 2826,550 2826,551 2827,551 2976,551 2976,551 2976,550 2977,549 3048,549 3050,547 3050,545 3051,544 3051,531 3053,529 3053,521 3054,520 3055,520 3058,517 3058,515 3060,513 3062,513 3064,511 3064,509 3065,508 3067,508 3067,508 3067,507 3068,506 3073,506 3074,508 3074,509 3075,509 3095,509 3095,510 3095,546 3096,546 3211,546 3213,548 3215,548 3215,549 3215,554 3216,554 3261,554 3261,555 3261,556 3262,556 3302,556 3304,558 3306,558 3308,561 3308,597 3310,599 3310,617 3309,618 3307,618 3306,619 3306,620 3306,620 3300,620 3297,623 3249,623 3248,622 3213,622 3211,620 3156,620 3155,620 3155,619 3155,618 3004,618 2991,618 2989,620 2941,620 2939,622 2934,622 2933,623 2875,623 2874,624 2874,667 2874,667"/><TextEquiv><Unicode/></TextEquiv><TextEquiv index="1"><Unicode>n'affiche pas ordinairement ces ſortes</Unicode></TextEquiv></TextLine><TextLine id="l3"><Coords points="3149,818 3148,818 3148,815 3148,814 3142,814 3139,812 3139,777 3139,776 2961,776 2960,777 2960,781 2959,782 2959,783 2959,783 2958,783 2957,784 2957,785 2957,785 2956,785 2955,786 2955,788 2952,791 2952,793 2951,794 2949,794 2948,795 2948,797 2946,799 2941,799 2940,799 2940,798 2940,797 2939,797 2938,797 2938,796 2938,795 2937,795 2936,795 2936,777 2936,776 2788,776 2787,777 2787,778 2787,778 2717,778 2716,779 2716,780 2716,780 2715,781 2714,781 2713,782 2494,782 2493,783 2405,783 2403,785 2396,785 2394,783 2390,783 2389,783 2389,781 2389,780 2043,780 2042,780 2042,779 2042,778 2041,778 2040,778 2040,752 2040,751 1873,751 1872,752 1804,752 1803,753 1803,768 1803,768 1802,768 1801,769 1801,773 1799,775 1797,775 1796,776 1794,776 1793,777 1793,778 1793,778 1787,778 1784,775 1568,775 1566,777 1566,778 1566,778 1479,778 1478,779 1478,780 1478,780 1477,780 1475,782 1473,782 1471,781 1471,779 1471,778 1470,778 1469,778 1469,777 1469,776 1265,776 1263,778 1194,778 1192,776 1163,776 1162,776 1162,775 1161,773 1011,773 1010,773 1010,772 1010,771 982,771 979,769 979,767 977,765 977,717 976,716 976,709 978,707 982,707 984,709 987,709 989,711 1170,711 1172,709 1174,709 1175,708 1186,708 1186,708 1186,671 1187,670 1189,670 1189,670 1189,669 1190,668 1196,668 1196,668 1196,667 1197,666 1201,666 1203,664 1206,664 1207,663 1208,663 1208,664 1208,671 1209,671 1356,671 1357,670 1362,670 1363,669 1363,666 1364,665 1381,665 1382,664 1383,665 1385,665 1385,666 1385,675 1386,675 1387,675 1389,678 1389,706 1390,706 1414,706 1415,707 1678,707 1679,706 1748,706 1751,709 1754,709 1758,713 1762,713 1762,714 1762,732 1763,732 2051,732 2051,732 2051,671 2052,670 2159,670 2160,671 2162,671 2164,673 2166,673 2166,674 2166,709 2167,709 2215,709 2217,711 2369,711 2369,711 2369,676 2372,673 2382,673 2384,671 2386,671 2387,670 2393,670 2395,673 2395,713 2396,713 2570,713 2570,713 2570,712 2571,711 2675,711 2675,711 2675,710 2676,709 2807,709 2807,709 2807,680 2809,678 2857,678 2857,678 2857,669 2858,668 2859,668 2860,667 2875,667 2878,671 2878,732 2879,732 3033,732 3033,732 3033,709 3034,708 3042,708 3044,706 3062,706 3062,706 3062,705 3063,704 3075,704 3077,706 3260,706 3260,706 3260,669 3261,668 3261,666 3262,665 3273,665 3274,666 3275,666 3275,667 3275,701 3276,701 3297,701 3297,702 3297,705 3299,707 3299,711 3300,711 3308,711 3308,712 3308,713 3310,715 3310,762 3311,762 3324,762 3325,764 3325,764 3311,764 3310,765 3310,775 3308,777 3308,778 3308,778 3273,778 3272,779 3272,786 3271,787 3176,787 3175,788 3175,814 3173,816 3152,816 3151,817 3151,818 3151,818"/><TextEquiv><Unicode/></TextEquiv><TextEquiv index="1"><Unicode>de faveurs. -- Mon bon ami, reprit</Unicode></TextEquiv></TextLine><TextLine id="l4"><Coords points="2501,983 2498,981 2498,973 2498,972 1589,972 1588,971 1586,971 1585,971 1585,954 1585,953 1519,953 1518,953 1518,951 1517,950 1517,937 1517,936 1453,936 1452,935 1450,935 1449,935 1449,934 1449,933 1139,933 1137,931 1133,931 1132,931 1132,930 1132,929 1004,929 1003,928 984,928 983,928 983,927 983,926 972,926 971,926 971,871 970,869 968,869 967,869 967,864 969,862 972,862 973,861 1132,861 1132,861 1132,853 1133,852 1134,852 1134,852 1134,851 1135,850 1136,850 1136,850 1136,822 1137,821 1330,821 1332,819 1755,819 1756,818 1758,818 1758,818 1758,817 1759,816 1772,816 1774,818 1861,818 1862,819 1866,819 1870,823 2986,823 2986,823 2986,822 2987,821 2998,821 3001,818 3003,818 3003,818 3003,817 3004,816 3010,816 3015,821 3019,821 3019,822 3019,859 3020,859 3247,859 3250,862 3292,862 3292,863 3292,864 3293,864 3296,864 3296,865 3296,866 3297,866 3299,866 3303,871 3303,891 3304,891 3316,891 3316,892 3316,893 3316,893 3305,893 3304,894 3304,921 3303,922 3303,924 3303,924 3302,924 3301,925 3301,927 3300,928 3298,928 3297,929 3292,929 3289,932 3289,933 3289,933 2870,933 2867,936 2864,936 2862,938 2781,938 2780,939 2780,943 2780,943 2779,943 2778,944 2778,948 2776,950 2776,957 2775,958 2775,963 2773,965 2773,967 2769,971 2769,972 2768,973 2768,974 2768,974 2621,974 2620,975 2620,979 2620,979 2568,979 2567,980 2567,983 2567,983"/><TextEquiv><Unicode/></TextEquiv><TextEquiv index="1"><Unicode>Baſile, je ſuis fâché d'appuyer ſurvos</Unicode></TextEquiv></TextLine><TextLine id="l5"><Coords points="2291,1134 2290,1134 2290,1092 2290,1091 2085,1091 2083,1093 2083,1096 2083,1096 2076,1096 2075,1096 2075,1092 2075,1091 2074,1091 2073,1091 2073,1089 2073,1088 1876,1088 1875,1089 1875,1091 1873,1093 1734,1093 1733,1094 1733,1095 1731,1097 1731,1098 1731,1098 1730,1098 1729,1099 1729,1101 1727,1103 1725,1103 1724,1104 1724,1105 1724,1105 1723,1105 1722,1106 1722,1108 1722,1108 1720,1108 1719,1109 1719,1110 1719,1110 1715,1110 1713,1112 1708,1112 1707,1112 1707,1111 1707,1110 1706,1110 1705,1110 1705,1090 1705,1089 1563,1089 1562,1088 1293,1088 1292,1089 1287,1089 1285,1091 1140,1091 1139,1091 1139,1089 1139,1088 1003,1088 1002,1088 1002,1085 1002,1084 972,1084 971,1084 971,1080 971,1079 970,1079 969,1079 969,1077 970,1076 972,1076 972,1076 972,1032 970,1029 968,1029 967,1029 967,1028 967,1027 966,1027 965,1027 965,1021 967,1019 977,1019 978,1020 1125,1020 1125,1020 1125,983 1129,979 1137,979 1138,978 1149,978 1150,977 1342,977 1345,974 1354,974 1356,972 1358,972 1359,971 1375,971 1376,972 1416,972 1416,973 1416,976 1417,976 1418,976 1420,979 1420,981 1421,982 1421,1015 1422,1015 1531,1015 1531,1016 1531,1017 1532,1017 1584,1017 1586,1019 1646,1019 1647,1021 1647,1024 1648,1024 1650,1024 1650,1025 1650,1060 1651,1060 1827,1060 1827,1060 1827,1046 1829,1044 1829,1041 1831,1039 1831,1037 1832,1036 1832,1034 1837,1029 1837,1027 1838,1026 1839,1026 1839,1026 1839,1025 1840,1024 1844,1024 1848,1020 1898,1020 1899,1019 1908,1019 1908,1019 1908,1018 1909,1017 1949,1017 1949,1018 1949,1020 1950,1020 2150,1020 2151,1019 2171,1019 2172,1020 2263,1020 2265,1022 2438,1022 2438,1022 2438,1013 2439,1012 2441,1012 2441,1012 2441,1003 2443,1001 2443,999 2444,998 2444,996 2445,995 2446,995 2446,995 2446,993 2448,991 2450,991 2451,990 2451,989 2452,988 2453,988 2453,988 2453,987 2454,986 2456,986 2461,981 2585,981 2585,981 2585,980 2586,979 2619,979 2619,980 2619,981 2620,981 2640,981 2641,983 2641,984 2642,985 2642,1019 2643,1019 2776,1019 2780,1015 2912,1015 2913,1014 3155,1014 3155,1014 3155,980 3157,978 3159,978 3161,976 3172,976 3172,977 3172,1005 3174,1007 3174,1014 3175,1014 3296,1014 3297,1015 3299,1015 3299,1016 3299,1032 3297,1034 3295,1034 3294,1035 3294,1087 3293,1088 3285,1088 3284,1088 3284,1087 3284,1086 3252,1086 3251,1087 3251,1129 3251,1129 3240,1129 3239,1129 3239,1087 3239,1086 3233,1086 3232,1086 3232,1085 3232,1084 2993,1084 2989,1088 2934,1088 2933,1089 2809,1089 2807,1091 2802,1091 2800,1093 2650,1093 2648,1095 2489,1095 2487,1093 2313,1093 2311,1095 2300,1095 2299,1094 2298,1095 2298,1134 2298,1134"/><TextEquiv><Unicode/></TextEquiv><TextEquiv index="1"><Unicode>bleſſures, en vous faiſant toucher</Unicode></TextEquiv></TextLine><TextLine id="l6"><Coords points="2624,1292 2623,1292 2623,1249 2623,1248 2428,1248 2427,1249 2425,1249 2424,1250 2424,1251 2424,1251 2387,1251 2386,1252 2386,1271 2385,1272 2384,1272 2383,1273 2383,1278 2382,1279 2380,1279 2377,1282 2377,1284 2377,1284 2373,1284 2370,1287 2365,1287 2363,1289 2351,1289 2349,1291 2346,1291 2345,1292 2337,1292 2336,1291 2333,1291 2329,1287 2322,1287 2321,1287 2321,1285 2321,1284 2320,1284 2319,1284 2319,1283 2319,1282 2318,1282 2317,1282 2317,1250 2317,1249 2279,1249 2278,1248 1710,1248 1708,1246 1439,1246 1438,1247 1438,1285 1438,1285 1419,1285 1418,1286 1418,1287 1418,1287 1402,1287 1400,1285 1398,1285 1397,1285 1397,1249 1397,1248 1273,1248 1272,1248 1272,1247 1272,1246 1266,1246 1265,1246 1265,1245 1265,1244 1128,1244 1127,1244 1127,1243 1127,1242 973,1242 972,1241 970,1241 969,1241 969,1183 969,1182 968,1182 967,1182 967,1177 969,1175 979,1175 979,1176 979,1177 980,1177 981,1177 982,1178 1129,1178 1130,1177 1161,1177 1163,1175 1352,1175 1352,1175 1352,1161 1353,1160 1354,1160 1354,1160 1354,1159 1355,1158 1356,1158 1356,1159 1356,1175 1357,1175 1492,1175 1493,1174 1515,1174 1517,1172 1523,1172 1523,1173 1523,1174 1524,1174 1665,1174 1666,1175 1939,1175 1940,1174 1951,1174 1952,1175 2161,1175 2161,1175 2161,1142 2164,1139 2166,1139 2168,1137 2285,1137 2286,1136 2289,1136 2291,1134 2302,1134 2302,1135 2302,1136 2303,1137 2303,1140 2305,1142 2305,1177 2306,1177 2400,1177 2400,1177 2400,1175 2401,1174 2482,1174 2482,1174 2482,1161 2483,1160 2484,1160 2484,1160 2484,1156 2486,1154 2486,1152 2487,1151 2487,1148 2489,1146 2489,1144 2496,1137 2629,1137 2630,1136 2730,1136 2731,1137 2914,1137 2914,1137 2914,1135 2915,1134 2916,1134 2916,1134 2916,1132 2917,1131 2926,1131 2927,1132 2969,1132 2969,1133 2969,1134 2970,1134 2971,1134 2971,1135 2971,1170 2972,1170 3189,1170 3189,1170 3189,1168 3190,1167 3239,1167 3239,1167 3239,1130 3240,1129 3253,1129 3253,1130 3253,1172 3254,1172 3278,1172 3280,1174 3285,1174 3286,1175 3288,1175 3289,1177 3289,1179 3290,1179 3291,1179 3291,1180 3291,1217 3292,1218 3292,1221 3294,1223 3294,1228 3292,1230 3292,1234 3285,1241 3274,1241 3273,1242 3250,1242 3249,1243 3249,1251 3249,1251 3247,1251 3246,1251 3246,1240 3246,1239 3096,1239 3094,1241 3041,1241 3040,1242 3040,1247 3038,1249 3038,1252 3036,1254 3036,1256 3034,1258 3034,1261 3034,1261 3031,1261 3029,1263 3029,1266 3023,1272 3010,1272 3009,1273 3006,1273 3005,1273 3005,1245 3005,1244 2872,1244 2871,1245 2871,1246 2871,1246 2741,1246 2740,1247 2740,1248 2740,1248 2674,1248 2673,1249 2633,1249 2632,1250 2632,1292 2632,1292"/><TextEquiv><Unicode/></TextEquiv><TextEquiv index="1"><Unicode>mes preuves au doigt &amp; à l'œil; mais</Unicode></TextEquiv></TextLine><TextLine id="l7"><Coords points="2241,1452 2240,1452 2240,1450 2240,1449 2146,1449 2145,1449 2145,1405 2145,1404 1983,1404 1982,1405 1982,1436 1981,1437 1979,1437 1978,1438 1975,1438 1973,1440 1971,1440 1970,1441 1970,1442 1970,1442 1961,1442 1959,1440 1945,1440 1944,1440 1944,1405 1944,1404 1830,1404 1828,1402 1826,1402 1825,1401 1725,1401 1724,1402 1724,1416 1724,1416 1666,1416 1665,1417 1665,1420 1664,1421 1664,1424 1662,1426 1662,1431 1660,1433 1660,1435 1658,1437 1654,1437 1653,1438 1653,1440 1651,1442 1535,1442 1534,1442 1534,1400 1534,1399 1321,1399 1320,1400 1320,1402 1320,1402 1151,1402 1150,1403 1150,1427 1148,1429 1148,1433 1148,1433 1147,1433 1146,1434 1146,1437 1146,1437 1145,1437 1144,1438 1141,1438 1137,1442 1123,1442 1122,1442 1122,1398 1122,1397 970,1397 969,1397 969,1335 971,1333 977,1333 979,1335 1131,1335 1131,1335 1131,1302 1132,1301 1132,1299 1134,1297 1145,1297 1147,1299 1148,1299 1148,1300 1148,1330 1149,1330 1203,1330 1203,1331 1203,1333 1204,1333 1382,1333 1383,1332 1387,1332 1387,1332 1387,1331 1388,1330 1478,1330 1478,1330 1478,1329 1479,1328 1495,1328 1495,1329 1495,1330 1496,1330 1645,1330 1645,1330 1645,1298 1646,1297 1648,1297 1649,1296 1660,1296 1664,1301 1664,1328 1665,1328 1729,1328 1729,1329 1729,1330 1730,1330 1739,1330 1739,1331 1739,1332 1740,1332 1794,1332 1795,1333 1958,1333 1959,1332 2192,1332 2192,1332 2192,1305 2193,1304 2193,1299 2195,1297 2356,1297 2357,1299 2357,1335 2358,1335 2556,1335 2558,1333 2616,1333 2616,1333 2616,1297 2617,1296 2619,1296 2620,1295 2620,1293 2621,1292 2633,1292 2634,1294 2634,1296 2635,1296 2637,1296 2637,1297 2637,1333 2638,1333 2790,1333 2791,1332 3067,1332 3067,1332 3067,1330 3069,1328 3113,1328 3114,1327 3180,1327 3180,1327 3180,1323 3182,1321 3190,1321 3192,1323 3239,1323 3239,1324 3239,1326 3242,1328 3275,1328 3275,1329 3275,1330 3276,1330 3280,1330 3282,1333 3282,1335 3285,1338 3285,1340 3286,1340 3287,1340 3287,1341 3287,1344 3288,1344 3289,1344 3289,1345 3289,1390 3289,1390 3287,1390 3285,1392 3283,1392 3282,1393 3282,1394 3282,1394 3281,1394 3278,1397 3273,1397 3271,1399 3090,1399 3089,1400 3089,1401 3089,1401 3087,1401 3086,1402 3078,1402 3077,1401 3076,1401 3074,1399 2922,1399 2919,1402 2914,1402 2912,1404 2898,1404 2895,1401 2748,1401 2747,1402 2745,1402 2744,1403 2744,1407 2743,1408 2742,1407 2740,1407 2739,1407 2739,1405 2739,1404 2590,1404 2589,1405 2589,1406 2589,1406 2583,1406 2582,1406 2582,1405 2582,1404 2422,1404 2420,1406 2415,1406 2414,1407 2396,1407 2395,1406 2394,1406 2393,1406 2393,1405 2393,1404 2380,1404 2379,1405 2379,1444 2379,1444 2374,1444 2372,1443 2372,1405 2372,1404 2261,1404 2260,1405 2260,1452 2260,1452"/><TextEquiv><Unicode/></TextEquiv><TextEquiv index="1"><Unicode>je vous jure que je les ai vues entre</Unicode></TextEquiv></TextLine><TextLine id="l8"><Coords points="2698,1603 2697,1603 2697,1562 2697,1561 2556,1561 2555,1562 2555,1574 2555,1574 2554,1574 2553,1575 2553,1576 2553,1576 2551,1576 2549,1575 2549,1562 2549,1561 2513,1561 2510,1559 2510,1537 2510,1536 2306,1536 2305,1537 2305,1548 2303,1550 2303,1554 2300,1557 2300,1559 2300,1559 1842,1559 1841,1559 1841,1558 1841,1557 1840,1557 1839,1557 1839,1556 1839,1555 1762,1555 1761,1556 1761,1599 1761,1599 1749,1599 1748,1599 1748,1556 1748,1555 1676,1555 1674,1557 1667,1557 1665,1555 1514,1555 1512,1557 1498,1557 1496,1555 1465,1555 1464,1554 1276,1554 1275,1555 1271,1555 1270,1556 1270,1557 1270,1557 1221,1557 1220,1558 1220,1559 1220,1559 1214,1559 1212,1561 1203,1561 1201,1559 1199,1559 1197,1557 1190,1557 1188,1555 1128,1555 1127,1555 1127,1553 1127,1552 1001,1552 1000,1553 1000,1576 1000,1576 996,1576 993,1573 988,1573 986,1571 974,1571 972,1569 968,1569 967,1569 967,1568 967,1567 963,1567 959,1564 959,1562 960,1561 960,1560 961,1559 964,1559 964,1559 964,1491 965,1490 967,1490 967,1490 967,1488 968,1487 977,1487 979,1485 1136,1485 1136,1485 1136,1452 1139,1449 1146,1449 1146,1449 1146,1448 1147,1447 1153,1447 1153,1448 1153,1449 1154,1449 1156,1449 1156,1450 1156,1488 1157,1488 1335,1488 1336,1487 1367,1487 1369,1485 1476,1485 1478,1483 1531,1483 1531,1483 1531,1445 1534,1442 1550,1442 1550,1443 1550,1445 1551,1445 1553,1445 1554,1447 1554,1483 1555,1483 1620,1483 1622,1485 1624,1485 1625,1486 1776,1486 1777,1485 1780,1485 1781,1484 1781,1451 1783,1449 1791,1449 1791,1449 1791,1448 1792,1447 1801,1447 1801,1448 1801,1452 1802,1452 1953,1452 1953,1452 1953,1451 1954,1450 1965,1450 1966,1449 1969,1449 1971,1447 1990,1447 1992,1445 1997,1445 1997,1446 1997,1447 1998,1447 2009,1447 2011,1449 2156,1449 2156,1450 2156,1452 2157,1452 2260,1452 2260,1453 2260,1512 2261,1512 2511,1512 2511,1512 2511,1449 2513,1447 2563,1447 2565,1449 2599,1449 2601,1452 2601,1488 2602,1488 2857,1488 2859,1486 2859,1484 2860,1483 2861,1483 2861,1483 2861,1469 2862,1468 2862,1464 2864,1462 2864,1459 2866,1457 2866,1453 2867,1452 2869,1452 2871,1450 2873,1450 2876,1447 2878,1447 2878,1447 2878,1446 2879,1445 2880,1445 2881,1444 2884,1444 2886,1442 3041,1442 3041,1442 3041,1441 3042,1440 3053,1440 3055,1442 3060,1442 3060,1443 3060,1445 3061,1446 3063,1447 3065,1447 3065,1448 3065,1474 3066,1474 3097,1474 3098,1476 3098,1480 3099,1480 3100,1480 3101,1481 3265,1481 3266,1480 3280,1480 3285,1485 3287,1485 3287,1486 3287,1531 3289,1533 3289,1541 3287,1543 3287,1545 3285,1547 3281,1547 3278,1550 3247,1550 3246,1551 3246,1552 3246,1552 3245,1552 3244,1553 3244,1555 3244,1555 3240,1555 3239,1556 3239,1596 3239,1596 3230,1596 3229,1597 3227,1597 3226,1597 3226,1594 3226,1593 3149,1593 3148,1593 3148,1553 3148,1552 2992,1552 2991,1553 2991,1554 2991,1554 2875,1554 2874,1555 2790,1555 2786,1559 2781,1559 2779,1561 2772,1561 2771,1562 2762,1562 2761,1561 2714,1561 2713,1562 2713,1603 2713,1603"/><TextEquiv><Unicode/></TextEquiv><TextEquiv index="1"><Unicode>les mains de Chéri. -- Il ne ſuffit pas</Unicode></TextEquiv></TextLine><TextLine id="l9"><Coords points="2366,1758 2365,1758 2365,1716 2365,1715 2200,1715 2195,1720 2195,1722 2193,1724 2193,1727 2193,1727 2191,1727 2190,1728 2190,1729 2190,1729 2189,1729 2188,1730 2188,1731 2186,1733 2184,1733 2181,1736 2172,1736 2171,1736 2171,1716 2171,1715 2047,1715 2046,1714 1896,1714 1894,1712 1890,1712 1889,1712 1889,1711 1889,1710 1698,1710 1696,1712 1613,1712 1612,1713 1612,1715 1612,1715 1606,1715 1605,1715 1605,1711 1605,1710 1458,1710 1457,1711 1457,1754 1457,1754 1456,1754 1456,1711 1456,1710 1448,1710 1447,1711 1447,1712 1447,1712 1391,1712 1390,1713 1390,1714 1390,1714 1235,1714 1234,1714 1234,1713 1234,1712 1151,1712 1146,1707 974,1707 972,1706 972,1698 974,1696 974,1646 975,1645 1161,1645 1165,1641 1174,1641 1174,1641 1174,1606 1175,1605 1177,1605 1179,1603 1322,1603 1323,1602 1326,1602 1328,1600 1335,1600 1337,1603 1337,1643 1338,1643 1524,1643 1527,1640 1539,1640 1541,1638 1545,1638 1545,1639 1545,1640 1546,1640 1746,1640 1746,1640 1746,1601 1747,1600 1748,1600 1749,1599 1762,1599 1763,1600 1765,1600 1767,1603 1767,1640 1768,1640 1818,1640 1819,1641 1820,1641 1820,1642 1820,1643 1821,1643 2061,1643 2061,1644 2061,1645 2062,1645 2128,1645 2129,1646 2238,1646 2238,1646 2238,1631 2240,1629 2242,1629 2242,1629 2242,1627 2243,1626 2331,1626 2331,1626 2331,1624 2334,1621 2334,1610 2335,1609 2336,1609 2336,1609 2336,1608 2337,1607 2351,1607 2352,1609 2352,1646 2353,1646 2565,1646 2566,1645 2649,1645 2649,1645 2649,1608 2650,1607 2651,1607 2651,1607 2651,1606 2652,1605 2696,1605 2696,1605 2696,1604 2697,1603 2713,1603 2714,1602 2716,1605 2716,1607 2717,1607 2862,1607 2866,1612 2866,1641 2867,1641 3021,1641 3022,1640 3087,1640 3091,1636 3131,1636 3131,1636 3131,1623 3132,1622 3134,1622 3134,1622 3134,1610 3136,1608 3136,1603 3139,1600 3225,1600 3225,1600 3225,1598 3226,1597 3229,1597 3230,1596 3239,1596 3239,1597 3239,1660 3240,1660 3285,1660 3285,1661 3285,1676 3282,1679 3242,1679 3241,1680 3241,1705 3241,1705 3202,1705 3201,1706 3201,1707 3201,1707 3200,1707 3198,1709 3198,1710 3198,1710 3020,1710 3019,1711 3019,1751 3019,1751 3010,1751 3008,1753 2998,1753 2996,1755 2855,1755 2853,1757 2843,1757 2842,1757 2842,1718 2842,1717 2659,1717 2658,1717 2658,1716 2658,1715 2501,1715 2497,1719 2492,1719 2490,1721 2403,1721 2402,1722 2402,1756 2400,1758"/><TextEquiv><Unicode/></TextEquiv><TextEquiv index="1"><Unicode>de les avoir vues, répondis-je préci-</Unicode></TextEquiv></TextLine><TextLine id="l10"><Coords points="2535,1915 2534,1915 2534,1914 2534,1913 2532,1913 2530,1912 2530,1873 2530,1872 2454,1872 2453,1872 2453,1871 2453,1870 2315,1870 2313,1868 2143,1868 2142,1869 2142,1870 2142,1870 2136,1870 2135,1871 2135,1872 2135,1872 2133,1872 2131,1874 2118,1874 2116,1872 2114,1872 2112,1870 2110,1870 2109,1870 2109,1869 2109,1868 2012,1868 2011,1869 2011,1912 2011,1912 1999,1912 1998,1912 1998,1869 1998,1868 1832,1868 1829,1871 1829,1875 1829,1875 1828,1875 1827,1876 1827,1877 1827,1877 1826,1877 1825,1878 1825,1880 1825,1880 1823,1880 1822,1881 1822,1885 1821,1886 1816,1886 1815,1887 1815,1889 1813,1891 1803,1891 1801,1890 1801,1869 1801,1868 1618,1868 1615,1865 1612,1865 1610,1863 1558,1863 1557,1864 1557,1908 1557,1908 1549,1908 1548,1908 1548,1864 1548,1863 1350,1863 1349,1864 1349,1865 1349,1865 1348,1865 1347,1866 1347,1867 1347,1867 1285,1867 1282,1870 1164,1870 1163,1871 1163,1908 1163,1908 1149,1908 1147,1910 1137,1910 1136,1911 1128,1911 1127,1911 1127,1909 1127,1908 1125,1908 1124,1908 1124,1864 1124,1863 1004,1863 1003,1862 974,1862 972,1861 972,1853 974,1851 974,1801 975,1800 981,1800 982,1801 1143,1801 1144,1800 1166,1800 1168,1798 1222,1798 1222,1798 1222,1759 1226,1755 1239,1755 1239,1756 1239,1796 1240,1796 1263,1796 1263,1796 1263,1794 1264,1793 1278,1793 1279,1794 1321,1794 1323,1796 1456,1796 1456,1796 1456,1755 1457,1754 1458,1754 1459,1755 1461,1755 1461,1756 1461,1796 1462,1796 1516,1796 1516,1796 1516,1795 1517,1794 1526,1794 1526,1795 1526,1796 1527,1796 1696,1796 1698,1794 1745,1794 1746,1793 1746,1792 1747,1791 1758,1791 1758,1792 1758,1794 1760,1796 1760,1800 1761,1800 1894,1800 1894,1800 1894,1763 1899,1758 1901,1758 1902,1757 1911,1757 1912,1758 1954,1758 1956,1761 1956,1800 1957,1800 2202,1800 2202,1800 2202,1787 2204,1785 2204,1780 2205,1779 2205,1775 2206,1774 2207,1774 2207,1774 2207,1772 2212,1767 2212,1765 2214,1763 2216,1763 2219,1760 2221,1760 2221,1760 2221,1759 2222,1758 2228,1758 2231,1755 2243,1755 2245,1757 2248,1757 2249,1758 2250,1758 2250,1759 2250,1760 2251,1760 2360,1760 2362,1762 2407,1762 2408,1763 2413,1763 2415,1766 2415,1796 2416,1796 2451,1796 2451,1797 2451,1801 2452,1801 2632,1801 2633,1800 2761,1800 2761,1800 2761,1789 2763,1787 2765,1787 2769,1791 2773,1791 2773,1792 2773,1798 2774,1798 2919,1798 2919,1798 2919,1787 2923,1783 2923,1782 2924,1781 2924,1780 2925,1779 2926,1779 2926,1779 2926,1775 2928,1773 2928,1770 2929,1769 2929,1767 2931,1765 2931,1761 2932,1760 2933,1760 2933,1760 2933,1759 2934,1758 2943,1758 2943,1759 2943,1763 2945,1765 2945,1770 2950,1775 2950,1777 2952,1779 2952,1798 2953,1798 3091,1798 3091,1798 3091,1797 3092,1796 3093,1796 3093,1796 3093,1795 3094,1794 3100,1794 3101,1793 3218,1793 3218,1793 3218,1758 3221,1755 3225,1755 3225,1755 3225,1754 3226,1753 3232,1753 3232,1754 3232,1755 3233,1755 3234,1755 3234,1756 3234,1789 3235,1789 3271,1789 3273,1792 3273,1794 3276,1796 3277,1796 3277,1797 3277,1798 3280,1801 3280,1803 3281,1803 3282,1803 3282,1804 3282,1810 3283,1810 3284,1810 3284,1811 3284,1821 3282,1823 3282,1851 3282,1851 3280,1851 3279,1852 3279,1854 3275,1858 3275,1860 3275,1860 3274,1860 3272,1862 3128,1862 3127,1863 3122,1863 3120,1865 3111,1865 3109,1867 3098,1867 3096,1865 2949,1865 2948,1866 2948,1867 2948,1867 2946,1867 2945,1868 2945,1911 2945,1911 2934,1911 2933,1911 2933,1868 2933,1867 2721,1867 2720,1868 2718,1868 2716,1870 2569,1870 2568,1871 2568,1913 2568,1913 2547,1913 2546,1914 2546,1915 2546,1915"/><TextEquiv><Unicode/></TextEquiv><TextEquiv index="1"><Unicode>pitamment, il ne ſuffit pas même de</Unicode></TextEquiv></TextLine><TextLine id="l11"><Coords points="2551,2070 2549,2068 2545,2068 2544,2068 2544,2034 2544,2033 2416,2033 2415,2032 2413,2032 2412,2032 2412,2029 2412,2028 2165,2028 2164,2029 2164,2030 2164,2030 2162,2030 2159,2028 2159,2026 2159,2025 2155,2025 2154,2025 2154,2024 2154,2023 2153,2023 2152,2022 1933,2022 1932,2023 1932,2025 1932,2025 1931,2025 1930,2026 1930,2030 1929,2031 1929,2033 1927,2035 1926,2035 1925,2036 1925,2039 1925,2039 1921,2039 1920,2040 1920,2044 1920,2044 1918,2044 1916,2046 1914,2046 1913,2047 1902,2047 1901,2047 1901,2026 1901,2025 1792,2025 1791,2025 1791,2024 1791,2023 1787,2023 1785,2021 1414,2021 1413,2022 1413,2023 1413,2023 1412,2023 1411,2024 1411,2026 1410,2027 1335,2027 1334,2028 1334,2034 1333,2035 1319,2035 1318,2036 1318,2045 1316,2047 1314,2047 1313,2047 1313,2024 1313,2023 1208,2023 1206,2025 1195,2025 1194,2025 1194,2024 1194,2023 1188,2023 1187,2023 1187,2022 1187,2021 1128,2021 1127,2020 1005,2020 1003,2019 1003,2017 1003,2016 972,2016 971,2016 971,1961 969,1959 969,1957 970,1956 972,1956 974,1954 986,1954 986,1955 986,1958 987,1958 1134,1958 1134,1958 1134,1919 1135,1918 1137,1918 1139,1916 1143,1916 1144,1915 1155,1915 1156,1917 1156,1954 1157,1954 1321,1954 1322,1953 1328,1953 1328,1953 1328,1952 1329,1951 1333,1951 1335,1949 1347,1949 1349,1951 1543,1951 1543,1951 1543,1913 1548,1908 1560,1908 1562,1911 1562,1913 1563,1913 1670,1913 1671,1915 1671,1951 1672,1951 1806,1951 1808,1953 1812,1953 1813,1954 1996,1954 1996,1954 1996,1914 1998,1912 2011,1912 2012,1913 2148,1913 2151,1916 2153,1916 2156,1920 2156,1953 2157,1953 2293,1953 2293,1953 2293,1952 2294,1951 2357,1951 2357,1951 2357,1921 2360,1918 2375,1918 2376,1920 2376,1939 2377,1940 2377,1959 2378,1959 2582,1959 2583,1958 2661,1958 2661,1958 2661,1957 2662,1956 2714,1956 2716,1954 2806,1954 2806,1954 2806,1919 2809,1916 2813,1916 2814,1915 2931,1915 2931,1915 2931,1913 2933,1911 2946,1911 2947,1913 2947,1915 2948,1916 2948,1953 2949,1953 3100,1953 3100,1953 3100,1950 3101,1949 3101,1930 3103,1928 3103,1925 3105,1923 3107,1923 3107,1923 3107,1919 3108,1918 3112,1918 3112,1918 3112,1914 3115,1911 3117,1911 3118,1910 3123,1910 3125,1908 3139,1908 3141,1910 3143,1910 3144,1912 3144,1944 3145,1944 3271,1944 3273,1947 3273,1949 3274,1949 3277,1949 3277,1950 3277,2002 3278,2002 3305,2002 3306,2004 3306,2011 3306,2011 3266,2011 3264,2013 3240,2013 3237,2016 3226,2016 3225,2017 3225,2062 3225,2062 3101,2062 3100,2063 3100,2064 3100,2064 3087,2064 3086,2064 3086,2019 3086,2018 3065,2018 3062,2021 3058,2021 3057,2022 3057,2023 3057,2023 3051,2023 3050,2024 3050,2025 3050,2025 3036,2025 3034,2023 2838,2023 2836,2025 2729,2025 2728,2026 2728,2027 2728,2027 2583,2027 2582,2028 2582,2066 2582,2066 2570,2066 2568,2068 2561,2068 2559,2070"/><TextEquiv><Unicode/></TextEquiv><TextEquiv index="1"><Unicode>les avoir lues, il faut les produire ſous</Unicode></TextEquiv></TextLine><TextLine id="l12"><Coords points="2423,2226 2422,2226 2422,2225 2422,2224 2420,2224 2419,2224 2419,2208 2419,2207 2315,2207 2314,2207 2314,2184 2314,2183 2129,2183 2128,2183 2128,2181 2128,2180 1906,2180 1904,2178 1522,2178 1520,2180 1515,2180 1514,2181 1441,2181 1440,2182 1440,2185 1440,2185 1439,2185 1438,2186 1438,2190 1437,2191 1437,2195 1437,2195 1436,2195 1435,2196 1435,2200 1433,2202 1433,2205 1430,2208 1430,2210 1428,2212 1426,2212 1425,2213 1425,2214 1425,2214 1414,2214 1411,2212 1411,2210 1411,2209 1410,2209 1409,2209 1409,2181 1409,2180 1338,2180 1337,2181 1337,2221 1337,2221 1324,2221 1323,2221 1323,2181 1323,2180 1261,2180 1259,2178 1257,2178 1256,2178 1256,2177 1256,2176 996,2176 995,2175 964,2175 962,2174 962,2110 963,2109 1156,2109 1158,2107 1170,2107 1170,2108 1170,2109 1171,2109 1210,2109 1210,2109 1210,2071 1212,2069 1213,2071 1213,2109 1214,2109 1545,2109 1548,2106 1645,2106 1646,2107 1794,2107 1794,2107 1794,2068 1796,2066 1825,2066 1827,2068 1863,2068 1865,2070 2017,2070 2019,2068 2032,2068 2032,2069 2032,2107 2033,2107 2122,2107 2124,2109 2126,2109 2128,2111 2193,2111 2195,2113 2254,2113 2255,2115 2255,2116 2256,2116 2262,2116 2262,2117 2262,2119 2265,2121 2267,2121 2267,2122 2267,2126 2268,2126 2269,2126 2269,2127 2269,2154 2270,2154 2281,2154 2281,2154 2281,2102 2283,2100 2284,2100 2285,2102 2285,2154 2286,2154 2302,2154 2302,2154 2302,2105 2303,2104 2310,2104 2310,2105 2310,2154 2311,2154 2388,2154 2388,2154 2388,2146 2389,2145 2424,2145 2424,2145 2424,2121 2426,2119 2426,2117 2427,2116 2429,2116 2429,2116 2429,2083 2434,2078 2436,2078 2438,2076 2444,2076 2446,2078 2448,2078 2448,2079 2448,2109 2449,2109 2580,2109 2580,2109 2580,2105 2581,2104 2615,2104 2615,2104 2615,2086 2616,2085 2616,2076 2617,2075 2618,2075 2618,2075 2618,2074 2619,2073 2620,2073 2620,2073 2620,2072 2621,2071 2622,2071 2623,2070 2634,2070 2637,2074 2637,2075 2638,2075 2641,2075 2641,2076 2641,2080 2642,2081 2642,2109 2643,2109 2759,2109 2759,2110 2759,2111 2760,2111 2965,2111 2967,2109 3036,2109 3038,2107 3084,2107 3084,2107 3084,2066 3086,2064 3210,2064 3212,2062 3225,2062 3225,2063 3225,2101 3226,2101 3255,2101 3257,2099 3263,2099 3268,2104 3272,2104 3272,2105 3272,2109 3273,2110 3273,2130 3274,2130 3339,2130 3339,2131 3339,2138 3339,2138 3276,2138 3275,2139 3275,2174 3273,2176 3273,2178 3272,2179 3272,2181 3272,2181 3271,2181 3270,2182 3270,2186 3268,2188 3268,2190 3266,2192 3262,2192 3261,2193 3258,2193 3256,2195 3247,2195 3246,2195 3246,2177 3246,2176 2960,2176 2958,2178 2893,2178 2891,2180 2889,2180 2888,2181 2884,2181 2883,2182 2883,2222 2882,2223 2856,2223 2855,2224 2850,2224 2849,2223 2847,2223 2843,2220 2843,2181 2843,2180 2693,2180 2692,2181 2687,2181 2685,2183 2501,2183 2499,2185 2449,2185 2448,2186 2448,2209 2448,2209 2447,2209 2446,2210 2446,2214 2444,2216 2444,2218 2443,2219 2441,2219 2438,2222 2438,2224 2438,2224 2432,2224 2431,2225 2431,2226 2431,2226"/><TextEquiv><Unicode/></TextEquiv><TextEquiv index="1"><Unicode>mes yeux. Barbare, je t'en punirai;</Unicode></TextEquiv></TextLine><TextLine id="l13"><Coords points="1790,2376 1789,2376 1789,2339 1789,2338 1706,2338 1705,2338 1705,2337 1705,2336 1703,2336 1700,2333 1258,2333 1256,2331 1001,2331 1000,2331 1000,2329 1000,2328 969,2328 967,2327 967,2274 965,2272 965,2270 964,2269 964,2265 965,2264 1254,2264 1256,2262 1318,2262 1318,2262 1318,2224 1319,2223 1321,2223 1323,2221 1339,2221 1339,2222 1339,2223 1340,2223 3232,2223 3232,2223 3232,2220 3233,2219 3234,2219 3236,2217 3237,2217 3238,2216 3240,2216 3242,2214 3249,2214 3251,2217 3251,2276 3252,2276 3268,2276 3270,2278 3273,2278 3274,2279 3275,2279 3275,2280 3275,2284 3277,2286 3277,2293 3277,2293 3276,2293 3275,2294 3275,2300 3273,2302 3273,2305 3273,2305 3255,2305 3254,2306 3254,2328 3254,2328 3224,2328 3223,2329 3223,2373 3223,2373 1803,2373 1802,2374 1802,2376 1802,2376"/><TextEquiv><Unicode/></TextEquiv><TextEquiv index="1"><Unicode>mais acheve de me donner une af-</Unicode></TextEquiv></TextLine><TextLine id="l14"><Coords points="2452,2535 2451,2535 2451,2494 2451,2493 2400,2493 2398,2491 2296,2491 2295,2491 2295,2490 2295,2489 2065,2489 2064,2490 2064,2491 2063,2492 2063,2494 2063,2494 2062,2494 2061,2495 2061,2498 2061,2498 2060,2498 2059,2499 2059,2503 2054,2508 2052,2508 2048,2512 2030,2512 2028,2511 2028,2501 2028,2500 1963,2500 1961,2499 1961,2492 1961,2491 1840,2491 1839,2491 1839,2490 1839,2489 1838,2489 1837,2488 1602,2488 1601,2487 1447,2487 1445,2489 1436,2489 1435,2488 1432,2488 1431,2487 1265,2487 1263,2489 1237,2489 1236,2488 1172,2488 1170,2486 998,2486 996,2485 996,2483 996,2482 970,2482 965,2478 965,2476 964,2475 964,2446 964,2445 947,2445 945,2443 939,2443 938,2443 938,2440 939,2439 965,2439 965,2439 965,2421 967,2419 1127,2419 1127,2419 1127,2415 1129,2413 1129,2401 1132,2398 1132,2394 1133,2393 1134,2393 1134,2393 1134,2391 1137,2388 1139,2388 1139,2388 1139,2387 1140,2386 1141,2386 1141,2386 1141,2384 1146,2379 1148,2379 1148,2379 1148,2378 1149,2377 1158,2377 1159,2376 1167,2376 1168,2377 1171,2377 1174,2381 1174,2383 1175,2384 1175,2391 1176,2391 1177,2391 1177,2392 1177,2417 1178,2417 1373,2417 1373,2417 1373,2399 1374,2398 1375,2398 1375,2398 1375,2392 1379,2388 1380,2388 1380,2388 1380,2385 1381,2384 1382,2384 1382,2384 1382,2380 1383,2379 1387,2379 1387,2379 1387,2378 1388,2377 1389,2377 1390,2376 1393,2376 1395,2374 1400,2374 1402,2372 1411,2372 1411,2373 1411,2374 1412,2374 1418,2374 1418,2375 1418,2376 1419,2376 1423,2376 1424,2377 1560,2377 1562,2380 1562,2384 1563,2384 1564,2384 1564,2385 1564,2417 1565,2417 1720,2417 1722,2415 1722,2411 1723,2410 1726,2410 1726,2410 1726,2406 1727,2405 1727,2401 1728,2400 1730,2400 1731,2399 1731,2394 1732,2393 1784,2393 1784,2393 1784,2379 1787,2376 1803,2376 1805,2379 1805,2419 1806,2419 1977,2419 1978,2420 1981,2420 1985,2424 1987,2424 1990,2427 2130,2427 2130,2427 2130,2404 2131,2403 2131,2391 2136,2386 2138,2386 2143,2381 2166,2381 2168,2383 2174,2383 2174,2384 2174,2385 2178,2388 2180,2388 2181,2390 2181,2391 2182,2391 2183,2391 2183,2392 2183,2419 2184,2419 2223,2419 2224,2420 2389,2420 2390,2419 2400,2419 2400,2420 2400,2422 2401,2422 2405,2422 2405,2423 2405,2424 2406,2424 2647,2424 2649,2422 2750,2422 2751,2421 2751,2420 2752,2419 2752,2418 2753,2417 2795,2417 2795,2417 2795,2384 2797,2382 2797,2380 2798,2379 2809,2379 2809,2380 2809,2381 2810,2381 2812,2381 2814,2384 2814,2386 2815,2386 2816,2386 2816,2387 2816,2417 2817,2417 2988,2417 2988,2417 2988,2384 2991,2381 3007,2381 3007,2382 3007,2396 3009,2398 3009,2413 3010,2413 3162,2413 3163,2412 3165,2412 3165,2412 3165,2377 3166,2376 3173,2376 3175,2374 3217,2374 3218,2373 3224,2373 3225,2374 3227,2374 3227,2375 3227,2419 3228,2419 3230,2419 3230,2420 3230,2432 3231,2432 3268,2432 3268,2433 3268,2451 3268,2451 3261,2451 3260,2452 3260,2461 3259,2462 3231,2462 3230,2463 3230,2474 3229,2475 3229,2478 3226,2481 3224,2481 3223,2482 3184,2482 3182,2484 3145,2484 3144,2485 3144,2486 3144,2486 3070,2486 3065,2491 3061,2491 3060,2492 3060,2493 3060,2493 3046,2493 3045,2493 3045,2492 3045,2491 3042,2491 3041,2491 3041,2490 3041,2489 2869,2489 2867,2491 2862,2491 2860,2493 2669,2493 2668,2494 2648,2494 2647,2493 2480,2493 2479,2494 2464,2494 2463,2495 2463,2535 2463,2535"/><TextEquiv><Unicode/></TextEquiv><TextEquiv index="1"><Unicode>freuſe lumiere, &amp; une certitude dé-</Unicode></TextEquiv></TextLine><TextLine id="l15"><Coords points="2509,2692 2508,2692 2508,2691 2508,2690 2504,2690 2503,2689 2496,2689 2494,2687 2492,2687 2491,2687 2491,2686 2491,2685 2489,2685 2486,2683 2486,2681 2486,2680 2485,2680 2484,2680 2484,2676 2482,2674 2482,2650 2482,2649 2184,2649 2183,2650 2183,2651 2183,2651 2093,2651 2091,2653 2090,2653 2086,2649 1950,2649 1949,2649 1949,2648 1949,2647 1940,2647 1939,2646 1860,2646 1858,2644 1703,2644 1701,2646 1634,2646 1633,2646 1633,2645 1633,2644 1311,2644 1310,2645 1310,2679 1305,2684 1302,2684 1301,2685 1269,2685 1268,2685 1268,2674 1268,2673 1207,2673 1206,2673 1206,2647 1206,2646 1185,2646 1184,2646 1184,2643 1184,2642 1176,2642 1175,2641 1120,2641 1119,2641 1119,2640 1119,2639 994,2639 993,2639 993,2636 993,2635 963,2635 962,2635 962,2578 960,2576 960,2575 962,2573 1125,2573 1125,2573 1125,2572 1127,2570 1127,2559 1128,2558 1129,2558 1129,2558 1129,2556 1131,2554 1131,2552 1132,2551 1132,2544 1134,2542 1136,2542 1136,2542 1136,2538 1137,2537 1141,2537 1143,2535 1143,2533 1144,2532 1149,2532 1151,2530 1153,2530 1154,2529 1161,2529 1163,2527 1168,2527 1168,2528 1168,2529 1169,2529 1284,2529 1285,2531 1285,2532 1286,2532 1289,2532 1289,2533 1289,2534 1290,2534 1402,2534 1404,2536 1407,2536 1407,2537 1407,2539 1408,2540 1408,2572 1409,2572 1624,2572 1624,2572 1624,2570 1627,2567 1635,2567 1636,2569 1636,2570 1637,2570 1639,2570 1642,2573 1692,2573 1694,2575 1706,2575 1711,2580 1713,2580 1715,2583 1715,2585 1719,2589 1719,2597 1720,2597 1722,2597 1722,2597 1722,2558 1724,2556 1858,2556 1858,2556 1858,2537 1861,2534 1911,2534 1913,2537 1913,2577 1914,2577 1966,2577 1968,2579 2205,2579 2207,2577 2240,2577 2240,2577 2240,2576 2241,2575 2267,2575 2267,2576 2267,2577 2268,2577 2448,2577 2448,2577 2448,2540 2451,2537 2451,2536 2452,2535 2464,2535 2465,2536 2470,2536 2470,2537 2470,2577 2471,2577 2568,2577 2570,2575 2759,2575 2759,2576 2759,2577 2760,2577 2879,2577 2883,2582 2883,2584 2884,2584 2885,2584 2885,2585 2885,2618 2886,2618 3046,2618 3046,2618 3046,2609 3047,2608 3048,2608 3048,2608 3048,2600 3049,2599 3050,2599 3050,2599 3050,2597 3053,2594 3053,2590 3054,2589 3055,2589 3055,2589 3055,2588 3056,2587 3057,2587 3058,2586 3058,2586 3058,2585 3059,2584 3062,2584 3062,2584 3062,2581 3063,2580 3064,2580 3064,2580 3064,2554 3065,2553 3065,2549 3067,2547 3067,2544 3074,2537 3076,2537 3076,2537 3076,2535 3079,2532 3215,2532 3215,2533 3215,2535 3217,2537 3217,2565 3218,2565 3249,2565 3251,2567 3253,2567 3254,2568 3256,2568 3256,2569 3256,2570 3257,2570 3258,2570 3258,2571 3258,2572 3259,2572 3260,2572 3261,2573 3262,2573 3263,2575 3263,2578 3265,2580 3265,2599 3265,2599 3264,2599 3263,2600 3263,2628 3261,2630 3261,2635 3260,2636 3260,2638 3257,2641 3219,2641 3218,2642 3218,2668 3217,2669 3217,2676 3215,2678 3215,2680 3215,2680 3201,2680 3199,2679 3199,2676 3198,2675 3198,2642 3198,2641 2968,2641 2967,2642 2967,2649 2966,2650 2966,2655 2962,2659 2962,2661 2959,2664 2959,2666 2959,2666 2958,2666 2957,2667 2957,2668 2957,2668 2953,2668 2951,2670 2949,2670 2947,2672 2943,2672 2941,2670 2939,2670 2938,2670 2938,2652 2938,2651 2800,2651 2798,2649 2556,2649 2555,2650 2555,2666 2555,2666 2554,2666 2553,2667 2553,2676 2551,2678 2551,2680 2549,2682 2545,2682 2543,2684 2542,2684 2541,2685 2540,2685 2539,2686 2539,2687 2539,2687 2537,2687 2535,2689 2533,2689 2532,2690 2530,2690 2529,2691 2529,2692 2529,2692"/><TextEquiv><Unicode/></TextEquiv><TextEquiv index="1"><Unicode>ſeſpérante. Je veux ignorer, &amp; je</Unicode></TextEquiv></TextLine><TextLine id="l16"><Coords points="1651,2847 1650,2847 1650,2846 1650,2845 1649,2845 1648,2845 1648,2844 1648,2843 1644,2843 1643,2843 1643,2805 1643,2804 1400,2804 1399,2804 1399,2803 1399,2802 1161,2802 1159,2800 1130,2800 1129,2800 1129,2798 1129,2797 996,2797 995,2797 995,2796 995,2795 965,2795 964,2795 964,2791 964,2790 963,2790 962,2790 962,2738 960,2736 960,2730 962,2728 1120,2728 1120,2728 1120,2695 1121,2694 1122,2694 1122,2694 1122,2693 1123,2692 1125,2692 1127,2690 1132,2690 1133,2689 1135,2689 1137,2687 1146,2687 1146,2688 1146,2689 1147,2689 2070,2689 2070,2690 2070,2694 2071,2695 2071,2697 2072,2697 2073,2697 2073,2698 2073,2732 2074,2732 2130,2732 2131,2733 2183,2733 2183,2734 2183,2735 2184,2735 2269,2735 2269,2736 2269,2738 2273,2742 2273,2745 2274,2746 2274,2747 2275,2747 2276,2747 2276,2748 2276,2749 2277,2749 2278,2749 2278,2750 2278,2752 2279,2752 2281,2752 2281,2753 2281,2754 2282,2754 2565,2754 2565,2755 2565,2757 2567,2759 2567,2759 2285,2759 2284,2760 2285,2761 2285,2775 2286,2775 2328,2775 2329,2776 2330,2776 2332,2778 2334,2778 2336,2780 2338,2780 2338,2781 2338,2783 2341,2786 2341,2794 2340,2795 2340,2796 2338,2798 2338,2800 2338,2800 2336,2800 2334,2802 2334,2804 2334,2804 2186,2804 2184,2806 1763,2806 1762,2807 1762,2840 1762,2840 1759,2840 1758,2841 1758,2842 1758,2842 1746,2842 1745,2843 1659,2843 1657,2845 1657,2847 1657,2847"/><TextEquiv><Unicode/></TextEquiv><TextEquiv index="1"><Unicode>brûle d'apprendren.</Unicode></TextEquiv></TextLine><TextLine id="l17"><Coords points="2661,3001 2660,3001 2660,2973 2660,2972 1488,2972 1487,2973 1487,2975 1485,2977 1485,2979 1485,2979 1317,2979 1316,2980 1316,2998 1316,2998 1304,2998 1303,2998 1303,2956 1303,2955 1128,2955 1124,2952 1124,2946 1125,2945 1125,2847 1127,2845 1127,2843 1128,2842 1153,2842 1154,2843 1391,2843 1393,2845 1834,2845 1834,2846 1834,2847 1835,2847 1836,2847 1836,2848 1836,2849 1837,2849 2463,2849 2464,2850 2465,2850 2465,2851 2465,2873 2466,2873 3260,2873 3260,2874 3260,2885 3261,2886 3261,2931 3262,2931 3283,2931 3284,2933 3284,2936 3284,2936 3256,2936 3255,2937 3255,2942 3254,2943 3251,2943 3249,2945 3163,2945 3160,2948 3093,2948 3091,2950 3084,2950 3083,2951 3083,2990 3082,2991 3069,2991 3067,2993 3063,2993 3062,2994 3062,2995 3062,2995 3053,2995 3050,2993 3050,2973 3050,2972 2674,2972 2673,2973 2673,3001 2673,3001"/><TextEquiv><Unicode/></TextEquiv><TextEquiv index="1"><Unicode>Baſile me donna rendez - vous pour</Unicode></TextEquiv></TextLine><TextLine id="l18"><Coords points="2766,3157 2765,3157 2765,3116 2765,3115 2527,3115 2525,3117 2464,3117 2463,3118 2463,3119 2463,3119 2453,3119 2451,3117 2399,3117 2398,3117 2398,3116 2398,3115 2294,3115 2293,3116 2293,3156 2293,3156 2283,3156 2282,3157 2279,3157 2278,3157 2278,3116 2278,3115 2245,3115 2243,3117 2076,3117 2074,3115 2072,3115 2071,3115 2071,3114 2071,3113 2014,3113 2013,3112 1865,3112 1863,3110 1752,3110 1751,3111 1751,3120 1751,3120 1747,3120 1746,3120 1746,3111 1746,3110 1632,3110 1631,3111 1631,3112 1631,3112 1517,3112 1516,3113 1510,3113 1509,3112 1352,3112 1351,3112 1351,3111 1351,3110 1109,3110 1108,3111 1108,3112 1108,3112 967,3112 965,3110 963,3110 962,3110 962,3106 965,3103 965,3048 967,3046 1005,3046 1006,3045 1098,3045 1098,3045 1098,3003 1099,3002 1101,3002 1101,3002 1101,3001 1102,3000 1110,3000 1110,3001 1110,3002 1111,3002 1115,3002 1117,3005 1117,3007 1119,3009 1119,3043 1120,3043 1247,3043 1249,3041 1301,3041 1301,3041 1301,2999 1302,2998 1316,2998 1316,2999 1316,3001 1318,3003 1318,3034 1319,3034 1354,3034 1354,3035 1354,3036 1355,3036 1356,3036 1356,3037 1356,3045 1357,3045 1371,3045 1371,3046 1371,3082 1372,3082 1518,3082 1518,3082 1518,3014 1517,3012 1512,3012 1509,3010 1509,3004 1510,3003 1512,3003 1513,3002 1514,3002 1514,3002 1514,3001 1515,3000 1533,3000 1533,3001 1533,3002 1534,3002 1566,3002 1567,3004 1567,3039 1568,3039 1722,3039 1722,3039 1722,2999 1723,2998 1731,2998 1733,2996 1737,2996 1739,2998 1885,2998 1887,3001 1887,3003 1888,3003 1890,3003 1891,3005 1891,3039 1892,3039 1955,3039 1957,3041 1959,3041 1961,3043 2123,3043 2123,3043 2123,3037 2124,3036 2133,3036 2133,3036 2133,3034 2135,3032 2135,3027 2137,3025 2137,3020 2138,3019 2138,3015 2139,3014 2140,3014 2140,3014 2140,3008 2143,3005 2145,3005 2147,3003 2147,3001 2148,3000 2157,3000 2159,2998 2162,2998 2164,2996 2175,2996 2177,2998 2207,2998 2207,2999 2207,3000 2208,3000 2214,3000 2216,3002 2217,3002 2218,3003 2222,3003 2223,3005 2223,3009 2224,3010 2224,3045 2225,3045 2391,3045 2391,3045 2391,3010 2393,3008 2396,3008 2397,3007 2399,3007 2401,3005 2410,3005 2410,3006 2410,3008 2412,3010 2412,3043 2413,3043 2658,3043 2658,3043 2658,3004 2659,3003 2659,3002 2660,3001 2674,3001 2678,3006 2678,3038 2679,3038 2714,3038 2717,3041 2867,3041 2867,3041 2867,3011 2868,3010 2868,3009 2870,3007 2874,3007 2876,3005 2878,3005 2878,3005 2878,3004 2879,3003 2925,3003 2928,3007 2928,3038 2929,3038 3103,3038 3103,3038 3103,2996 3104,2995 3203,2995 3203,2995 3203,2992 3204,2991 3209,2991 3211,2994 3211,2996 3213,2998 3213,3027 3214,3027 3243,3027 3245,3029 3246,3029 3246,3030 3246,3031 3248,3033 3248,3034 3249,3035 3249,3041 3250,3041 3251,3041 3251,3042 3251,3081 3252,3081 3253,3081 3254,3082 3255,3082 3256,3084 3256,3093 3254,3095 3252,3095 3251,3096 3235,3096 3234,3097 3234,3098 3234,3098 3211,3098 3209,3100 3207,3100 3206,3101 3139,3101 3138,3102 3138,3150 3138,3150 3135,3150 3134,3150 3134,3102 3134,3101 3117,3101 3115,3103 3113,3103 3111,3105 3035,3105 3034,3106 3034,3108 3034,3108 3031,3108 3029,3110 2986,3110 2983,3113 2976,3113 2974,3115 2974,3119 2974,3119 2972,3119 2971,3119 2971,3117 2968,3113 2818,3113 2816,3115 2777,3115 2776,3116 2776,3157 2776,3157"/><TextEquiv><Unicode/></TextEquiv><TextEquiv index="1"><Unicode>minuit. La Princeſſe devoit aller à la</Unicode></TextEquiv></TextLine><TextLine id="l19"><Coords points="2808,3311 2807,3310 2804,3310 2795,3302 2795,3273 2795,3272 2726,3272 2725,3272 2725,3271 2725,3270 2698,3270 2697,3270 2697,3269 2697,3268 2508,3268 2506,3270 2423,3270 2422,3271 2422,3272 2422,3272 2417,3272 2415,3270 2067,3270 2035,3270 2033,3272 2025,3272 2023,3270 2021,3270 2019,3268 1844,3268 1843,3269 1843,3309 1843,3309 1825,3309 1824,3309 1824,3271 1824,3270 1735,3270 1734,3270 1734,3268 1734,3267 1568,3267 1567,3268 1526,3268 1525,3269 1525,3310 1525,3310 1508,3310 1507,3310 1507,3269 1507,3268 1487,3268 1438,3268 1437,3269 1437,3288 1435,3290 1435,3294 1435,3294 1433,3294 1432,3295 1432,3297 1430,3299 1428,3299 1426,3301 1424,3301 1423,3302 1423,3304 1423,3304 1418,3304 1416,3306 1414,3306 1412,3308 1250,3308 1248,3310 1218,3310 1217,3310 1217,3309 1217,3308 1216,3308 1215,3308 1215,3268 1215,3267 997,3267 995,3265 993,3265 991,3263 989,3263 987,3261 984,3261 983,3260 981,3260 977,3256 975,3256 974,3256 974,3252 972,3250 972,3249 971,3248 971,3244 969,3242 969,3240 969,3239 968,3239 967,3239 967,3233 965,3231 965,3225 967,3223 967,3221 968,3220 969,3220 969,3220 969,3216 972,3213 976,3213 976,3213 976,3211 977,3210 982,3210 983,3209 983,3206 984,3205 989,3205 991,3203 993,3203 993,3203 993,3202 994,3201 1002,3201 1002,3201 1002,3200 1003,3199 1048,3199 1049,3198 1256,3198 1256,3198 1256,3197 1257,3196 1481,3196 1481,3196 1481,3170 1483,3168 1488,3168 1488,3169 1488,3194 1489,3194 1496,3194 1500,3198 1653,3198 1655,3196 1657,3196 1657,3196 1657,3195 1658,3194 1662,3194 1663,3193 1674,3193 1675,3194 1677,3194 1679,3196 1682,3196 1684,3198 1965,3198 1965,3198 1965,3194 1966,3193 1966,3192 1967,3191 1968,3191 1968,3191 1968,3185 1969,3184 1971,3184 1973,3182 1975,3182 1977,3180 1977,3178 1978,3177 1978,3174 1980,3172 1982,3172 1982,3172 1982,3171 1983,3170 1984,3170 1984,3170 1984,3169 1986,3167 1988,3167 1993,3162 1998,3162 2000,3160 2002,3160 2004,3158 2006,3158 2008,3156 2021,3156 2022,3155 2027,3155 2027,3156 2027,3158 2028,3158 2038,3158 2040,3160 2277,3160 2278,3159 2278,3158 2279,3157 2282,3157 2283,3156 2294,3156 2296,3158 2565,3158 2567,3156 2573,3156 2575,3158 2577,3158 2577,3159 2577,3162 2578,3162 2763,3162 2763,3162 2763,3159 2765,3157 2776,3157 2777,3158 2780,3158 2780,3159 2780,3162 2781,3162 2782,3162 2782,3163 2782,3198 2783,3198 3056,3198 3057,3197 3057,3195 3059,3193 3077,3193 3077,3193 3077,3156 3078,3155 3080,3155 3082,3153 3134,3153 3134,3153 3134,3151 3135,3150 3165,3150 3165,3150 3165,3149 3168,3146 3179,3146 3179,3147 3179,3184 3180,3184 3213,3184 3217,3189 3217,3191 3218,3192 3218,3208 3219,3208 3254,3208 3256,3211 3256,3225 3256,3225 3228,3225 3227,3226 3227,3246 3227,3246 3226,3246 3225,3247 3225,3253 3225,3253 3206,3253 3204,3255 3173,3255 3172,3256 3145,3256 3144,3257 3144,3258 3142,3260 3101,3260 3100,3261 3096,3261 3094,3263 2994,3263 2993,3264 2993,3265 2993,3265 2992,3265 2990,3267 2990,3268 2990,3268 2865,3268 2864,3269 2864,3292 2862,3294 2862,3301 2862,3301 2858,3301 2857,3302 2857,3303 2856,3304 2856,3305 2855,3306 2852,3306 2848,3310 2834,3310 2833,3311"/><TextEquiv><Unicode/></TextEquiv><TextEquiv index="1"><Unicode>campagne avec Chéri. L'indigne déla-</Unicode></TextEquiv></TextLine><TextLine id="l20"><Coords points="2817,3466 2816,3466 2816,3426 2816,3425 2741,3425 2740,3426 2732,3426 2730,3428 2728,3428 2727,3429 2727,3431 2726,3432 2725,3432 2723,3431 2723,3429 2723,3428 2722,3428 2721,3428 2721,3427 2721,3426 2539,3426 2537,3428 2525,3428 2523,3426 2371,3426 2370,3425 2365,3425 2363,3423 2208,3423 2207,3424 2207,3425 2207,3425 2145,3425 2144,3426 2022,3426 2020,3425 2020,3424 2020,3423 1696,3423 1694,3425 1687,3425 1686,3425 1686,3421 1686,3420 1414,3420 1413,3421 1413,3459 1413,3459 1388,3459 1387,3460 1387,3461 1387,3461 1376,3461 1375,3461 1375,3459 1373,3457 1373,3445 1373,3444 1230,3444 1227,3442 1227,3422 1227,3421 1063,3421 1062,3422 1062,3423 1062,3423 1051,3423 1049,3425 989,3425 988,3425 988,3424 988,3423 986,3423 984,3421 982,3421 981,3421 981,3419 981,3418 975,3418 974,3418 974,3371 972,3368 968,3368 967,3368 967,3362 968,3361 969,3361 969,3361 969,3360 970,3359 976,3359 976,3359 976,3350 977,3349 1038,3349 1038,3349 1038,3312 1039,3311 1043,3311 1043,3312 1043,3352 1044,3352 1187,3352 1188,3351 1190,3351 1192,3349 1505,3349 1505,3349 1505,3315 1507,3313 1507,3311 1508,3310 1526,3310 1526,3311 1526,3339 1527,3339 1571,3339 1573,3342 1573,3344 1574,3345 1574,3349 1575,3349 1631,3349 1631,3350 1631,3351 1632,3351 1824,3351 1824,3351 1824,3310 1825,3309 1843,3309 1843,3310 1843,3311 1844,3311 1961,3311 1961,3312 1961,3315 1962,3315 2116,3315 2116,3315 2116,3314 2117,3313 2119,3313 2121,3311 2128,3311 2128,3312 2128,3313 2129,3313 2281,3313 2281,3313 2281,3312 2282,3311 2286,3311 2288,3309 2448,3309 2449,3308 2460,3308 2461,3309 2492,3309 2494,3311 2504,3311 2506,3313 2508,3313 2508,3314 2508,3315 2509,3315 2671,3315 2672,3316 2673,3316 2673,3317 2673,3321 2675,3323 2675,3354 2676,3354 2837,3354 2837,3354 2837,3352 2838,3351 2838,3337 2840,3335 2840,3333 2842,3331 2842,3328 2843,3327 2845,3327 2845,3327 2845,3325 2848,3322 2850,3322 2850,3322 2850,3321 2851,3320 2852,3320 2852,3320 2852,3319 2853,3318 2855,3318 2857,3316 2861,3316 2864,3313 2864,3312 2865,3311 2967,3311 2969,3314 2969,3335 2971,3337 2971,3340 2972,3340 3205,3340 3206,3339 3244,3339 3244,3339 3244,3338 3245,3337 3246,3337 3246,3337 3246,3336 3247,3335 3254,3335 3258,3340 3258,3345 3259,3345 3317,3345 3318,3347 3318,3366 3319,3366 3335,3366 3337,3368 3339,3368 3339,3369 3339,3418 3339,3418 3338,3418 3337,3418 3337,3371 3337,3370 3252,3370 3251,3371 3251,3406 3251,3406 3218,3406 3215,3409 3211,3409 3210,3410 3210,3411 3210,3411 3118,3411 3116,3413 3106,3413 3105,3414 3063,3414 3062,3415 3062,3416 3062,3416 3001,3416 3000,3417 3000,3418 3000,3418 2996,3418 2994,3420 2991,3420 2990,3421 2984,3421 2983,3422 2983,3423 2983,3423 2846,3423 2845,3424 2845,3425 2845,3425 2833,3425 2832,3426 2832,3466 2832,3466"/><TextEquiv><Unicode/></TextEquiv><TextEquiv index="1"><Unicode>teur, qui avoit la baſſeſſe de ſuborner</Unicode></TextEquiv></TextLine><TextLine id="l21"><Coords points="1477,3617 1476,3617 1476,3577 1476,3576 1474,3576 1472,3574 1465,3574 1464,3573 1300,3573 1299,3574 1289,3574 1287,3576 1058,3576 1056,3578 980,3578 978,3580 975,3580 974,3581 963,3581 962,3581 962,3579 962,3578 960,3578 957,3576 957,3569 960,3566 967,3566 967,3566 967,3474 968,3473 970,3473 974,3469 990,3469 991,3468 995,3468 995,3469 995,3473 996,3474 996,3509 997,3509 1199,3509 1203,3505 1217,3505 1217,3505 1217,3470 1218,3469 1222,3469 1223,3468 1228,3468 1230,3466 1235,3466 1237,3469 1237,3504 1238,3504 1290,3504 1291,3505 1524,3505 1525,3504 1526,3504 1526,3504 1526,3493 1527,3492 1528,3492 1528,3492 1528,3489 1529,3488 1531,3488 1531,3488 1531,3479 1532,3478 1540,3478 1540,3478 1540,3471 1542,3469 1545,3469 1546,3468 1553,3468 1555,3466 1560,3466 1562,3464 1624,3464 1624,3465 1624,3466 1625,3466 1629,3466 1629,3467 1629,3506 1630,3506 1782,3506 1783,3507 1840,3507 1842,3509 1899,3509 1901,3511 1903,3511 1904,3512 1906,3512 1906,3513 1906,3514 1907,3514 1908,3514 1908,3515 1908,3516 1909,3516 1913,3516 1913,3517 1913,3519 1914,3519 2059,3519 2061,3517 2061,3515 2062,3514 2068,3514 2070,3512 2070,3510 2071,3509 2085,3509 2085,3509 2085,3508 2086,3507 2094,3507 2094,3507 2094,3472 2097,3469 2114,3469 2114,3470 2114,3474 2116,3476 2116,3509 2117,3509 2298,3509 2300,3507 2302,3507 2303,3506 2362,3506 2362,3506 2362,3472 2363,3471 2364,3471 2364,3471 2364,3469 2365,3468 2381,3468 2383,3471 2383,3504 2384,3504 2419,3504 2419,3505 2419,3509 2420,3509 2699,3509 2699,3509 2699,3498 2700,3497 2701,3497 2701,3497 2701,3489 2702,3488 2704,3488 2704,3488 2704,3484 2705,3483 2706,3483 2708,3481 2709,3481 2709,3481 2709,3478 2711,3476 2714,3476 2714,3476 2714,3473 2716,3471 2721,3471 2724,3468 2814,3468 2814,3468 2814,3467 2815,3466 2833,3466 2833,3467 2833,3473 2834,3473 2835,3473 2835,3474 2835,3507 2836,3507 3024,3507 3026,3505 3053,3505 3053,3505 3053,3502 3055,3500 3074,3500 3074,3500 3074,3472 3075,3471 3079,3471 3079,3472 3079,3492 3080,3492 3239,3492 3239,3492 3239,3491 3240,3490 3241,3490 3241,3490 3241,3489 3242,3488 3251,3488 3251,3489 3251,3490 3252,3490 3253,3490 3253,3491 3253,3497 3254,3497 3339,3497 3339,3498 3339,3583 3339,3583 3338,3583 3337,3584 3337,3591 3335,3593 3335,3604 3335,3604 3333,3604 3332,3604 3332,3559 3332,3558 3248,3558 3247,3559 3213,3559 3208,3564 3192,3564 3191,3565 3191,3572 3190,3573 3039,3573 3038,3574 3034,3574 3032,3576 3027,3576 3025,3578 2939,3578 2937,3580 2936,3580 2935,3581 2918,3581 2917,3580 2636,3580 2635,3581 2633,3581 2632,3582 2632,3583 2632,3583 2611,3583 2608,3581 2608,3579 2608,3578 2432,3578 2429,3581 2409,3581 2408,3580 2230,3580 2229,3581 2222,3581 2221,3580 1988,3580 1987,3581 1987,3583 1987,3583 1986,3583 1985,3584 1985,3586 1984,3587 1984,3589 1980,3593 1980,3595 1980,3595 1978,3595 1973,3600 1968,3600 1966,3602 1961,3602 1958,3600 1958,3579 1958,3578 1715,3578 1714,3579 1714,3613 1713,3614 1708,3614 1706,3616 1689,3616 1688,3616 1688,3615 1688,3614 1686,3614 1683,3612 1683,3575 1683,3574 1503,3574 1502,3575 1502,3576 1502,3576 1488,3576 1487,3577 1487,3617 1487,3617"/><TextEquiv><Unicode/></TextEquiv><TextEquiv index="1"><Unicode>les domeſtiques, devoit me faire entrer</Unicode></TextEquiv></TextLine><TextLine id="l22"><Coords points="2301,3779 2300,3779 2300,3747 2300,3746 1685,3746 1684,3746 1684,3739 1684,3738 1055,3738 1053,3736 975,3736 974,3736 974,3735 974,3734 973,3734 972,3733 969,3733 967,3731 962,3731 959,3729 959,3722 957,3720 957,3713 957,3710 959,3708 959,3673 960,3672 960,3670 961,3669 967,3669 971,3665 972,3665 973,3664 1122,3664 1122,3664 1122,3663 1123,3662 1217,3662 1217,3662 1217,3630 1218,3629 1347,3629 1347,3629 1347,3624 1349,3622 1354,3622 1355,3621 1357,3621 1359,3619 1475,3619 1475,3619 1475,3618 1476,3617 1491,3617 1495,3621 1980,3621 1981,3622 3328,3622 3328,3622 3328,3619 3330,3617 3334,3617 3335,3616 3335,3613 3336,3612 3337,3612 3337,3612 3337,3610 3338,3609 3339,3609 3339,3610 3339,3729 3339,3729 3336,3729 3335,3730 3335,3760 3335,3760 3333,3760 3332,3761 3332,3763 3332,3763 3034,3763 3033,3764 3033,3765 3033,3765 3032,3765 3031,3766 3031,3767 3031,3767 3030,3767 3029,3768 3029,3769 3029,3769 3027,3769 3026,3770 2313,3770 2312,3771 2312,3779 2312,3779"/><TextEquiv><Unicode/></TextEquiv><TextEquiv index="1"><Unicode>avec lui dans la chambre du jeune</Unicode></TextEquiv></TextLine><TextLine id="l23"><Coords points="2562,3935 2561,3935 2561,3894 2561,3893 2549,3893 2548,3894 2298,3894 2297,3895 2297,3902 2294,3905 2293,3905 2291,3904 2291,3894 2291,3893 2143,3893 2142,3894 2024,3894 2023,3893 1891,3893 1889,3891 1878,3891 1877,3891 1877,3890 1877,3889 1718,3889 1717,3890 1717,3891 1717,3891 1575,3891 1574,3892 1574,3932 1574,3932 1555,3932 1553,3934 1487,3934 1486,3934 1486,3916 1486,3915 1455,3915 1454,3915 1454,3914 1454,3913 1453,3913 1452,3913 1452,3894 1452,3893 1384,3893 1382,3891 1381,3891 1380,3891 1380,3890 1380,3889 1378,3889 1376,3887 1371,3887 1370,3886 1340,3886 1339,3887 1339,3930 1339,3930 1336,3930 1335,3930 1335,3928 1333,3926 1333,3887 1333,3886 1149,3886 1148,3887 1091,3887 1089,3889 1082,3889 1080,3891 958,3891 957,3891 957,3890 957,3889 956,3889 955,3889 955,3887 953,3885 953,3882 955,3880 957,3880 958,3879 964,3879 964,3879 964,3798 961,3794 960,3794 959,3793 958,3793 957,3793 957,3787 962,3782 984,3782 986,3785 986,3815 987,3815 1072,3815 1072,3816 1072,3818 1073,3818 1239,3818 1240,3817 1325,3817 1326,3818 1401,3818 1403,3820 1578,3820 1581,3817 1793,3817 1793,3817 1793,3782 1794,3781 1799,3781 1801,3779 1805,3779 1805,3779 1805,3778 1806,3777 1811,3777 1813,3779 1846,3779 1846,3780 1846,3781 1847,3781 1849,3781 1850,3782 1852,3782 1855,3786 1855,3788 1856,3789 1856,3792 1858,3794 1858,3818 1859,3818 2016,3818 2016,3818 2016,3816 2017,3815 2030,3815 2030,3816 2030,3817 2031,3817 2032,3817 2033,3819 2033,3820 2034,3820 2212,3820 2214,3818 2271,3818 2271,3818 2271,3780 2272,3779 2360,3779 2362,3777 2384,3777 2384,3778 2384,3780 2387,3782 2567,3782 2568,3781 2568,3780 2569,3779 2578,3779 2581,3782 2585,3782 2587,3785 2587,3787 2589,3789 2589,3791 2591,3793 2591,3820 2592,3820 2878,3820 2878,3820 2878,3780 2879,3779 2931,3779 2933,3777 2943,3777 2943,3778 2943,3779 2944,3779 2962,3779 2964,3782 2964,3812 2965,3812 3129,3812 3129,3812 3129,3811 3130,3810 3155,3810 3155,3810 3155,3809 3158,3806 3217,3806 3218,3805 3218,3803 3220,3801 3222,3801 3223,3800 3226,3800 3228,3798 3330,3798 3330,3798 3330,3764 3331,3763 3335,3763 3335,3764 3335,3784 3336,3784 3339,3784 3339,3785 3339,3799 3338,3800 3336,3800 3333,3803 3331,3803 3330,3804 3330,3880 3331,3880 3335,3880 3335,3881 3335,3899 3333,3901 3331,3901 3330,3901 3330,3894 3330,3893 3329,3893 3327,3892 3327,3885 3327,3884 3326,3884 3325,3884 3325,3856 3325,3855 3247,3855 3246,3856 3246,3858 3246,3858 3245,3858 3244,3859 3244,3863 3241,3866 3241,3868 3241,3868 3198,3868 3196,3870 3194,3870 3190,3874 3163,3874 3162,3875 3162,3923 3162,3923 3151,3923 3150,3923 3150,3876 3150,3875 3144,3875 3143,3876 3143,3877 3143,3877 3096,3877 3094,3879 3090,3879 3089,3880 3045,3880 3043,3882 3022,3882 3020,3884 3018,3884 3017,3885 3017,3887 3015,3889 3011,3889 3010,3890 3010,3891 3010,3891 2803,3891 2801,3893 2791,3893 2790,3894 2781,3894 2780,3893 2578,3893 2577,3894 2577,3935 2577,3935"/><TextEquiv><Unicode/></TextEquiv><TextEquiv index="1"><Unicode>homme, par l'entremiſe d'une Femme</Unicode></TextEquiv></TextLine><TextLine id="l24"><Coords points="2179,4091 2178,4091 2178,4048 2178,4047 2107,4047 2105,4049 2093,4049 2092,4049 2092,4048 2092,4047 1981,4047 1978,4045 1978,4043 1978,4042 1840,4042 1839,4043 1839,4044 1839,4044 1739,4044 1738,4045 1738,4052 1736,4054 1736,4059 1734,4061 1734,4063 1731,4066 1730,4066 1729,4067 1729,4068 1729,4068 1728,4068 1727,4069 1727,4070 1726,4071 1725,4071 1724,4072 1724,4073 1724,4073 1720,4073 1718,4075 1716,4075 1714,4077 1709,4077 1707,4075 1701,4075 1700,4075 1700,4048 1700,4047 1651,4047 1650,4046 1589,4046 1588,4047 1588,4090 1588,4090 1570,4090 1569,4090 1569,4047 1569,4046 1493,4046 1492,4046 1492,4045 1492,4044 1354,4044 1352,4046 1342,4046 1340,4044 1200,4044 1199,4045 1199,4046 1198,4047 1086,4047 1084,4049 1013,4049 1012,4049 1012,4047 1012,4046 981,4046 977,4042 972,4042 970,4040 968,4040 967,4040 967,4038 965,4036 965,4033 964,4032 964,4031 964,4030 961,4030 960,4030 960,4026 959,4025 959,4007 960,4006 960,4001 962,3999 962,3995 963,3994 964,3994 964,3994 964,3993 965,3992 965,3991 967,3989 967,3988 968,3987 969,3987 972,3984 975,3984 979,3980 981,3980 983,3978 1002,3978 1002,3978 1002,3976 1003,3975 1003,3939 1005,3937 1010,3937 1010,3938 1010,3939 1011,3939 1024,3939 1024,3940 1024,3944 1026,3946 1026,3977 1027,3977 1223,3977 1223,3977 1223,3941 1229,3935 1232,3935 1233,3934 1244,3934 1244,3935 1244,3972 1245,3972 1332,3972 1333,3973 1483,3973 1483,3973 1483,3938 1484,3937 1485,3937 1485,3937 1485,3935 1486,3934 1507,3934 1507,3935 1507,3937 1508,3937 1509,3937 1509,3938 1509,3973 1510,3973 1648,3973 1649,3972 1652,3972 1652,3973 1652,3975 1653,3975 1655,3975 1655,3976 1655,3977 1656,3977 1660,3977 1661,3978 1813,3978 1813,3978 1813,3952 1814,3951 1817,3951 1817,3951 1817,3947 1818,3946 1818,3944 1821,3941 1823,3941 1824,3940 1824,3938 1827,3935 1834,3935 1835,3934 1840,3934 1842,3932 1848,3932 1848,3933 1848,3934 1850,3935 1852,3935 1854,3937 1858,3937 1858,3938 1858,3939 1859,3939 1860,3939 1860,3940 1860,3942 1861,3942 1863,3942 1863,3943 1863,3947 1865,3949 1865,3978 1866,3978 1980,3978 1981,3977 1997,3977 1999,3975 2111,3975 2111,3976 2111,3977 2112,3977 2202,3977 2205,3980 2350,3980 2352,3978 2367,3978 2368,3977 2370,3977 2370,3977 2370,3943 2372,3941 2372,3940 2373,3939 2374,3939 2374,3939 2374,3938 2375,3937 2382,3937 2384,3935 2392,3935 2395,3939 2395,3966 2396,3966 2473,3966 2475,3969 2475,3978 2476,3978 2560,3978 2560,3978 2560,3938 2561,3937 2561,3936 2562,3935 2578,3935 2580,3938 2580,3977 2581,3977 2626,3977 2628,3975 2732,3975 2732,3976 2732,3978 2733,3978 2902,3978 2903,3977 2929,3977 2931,3975 3010,3975 3012,3973 3022,3973 3023,3972 3090,3972 3091,3971 3091,3969 3092,3968 3103,3968 3105,3966 3105,3964 3106,3963 3148,3963 3148,3963 3148,3925 3150,3923 3162,3923 3162,3924 3162,3956 3163,3956 3196,3956 3196,3957 3196,3958 3197,3958 3198,3958 3198,3959 3198,3961 3199,3962 3199,3996 3200,3996 3236,3996 3237,3998 3237,3999 3238,3999 3239,3999 3239,4000 3239,4004 3241,4006 3241,4009 3242,4010 3242,4011 3243,4011 3261,4011 3261,4012 3261,4028 3262,4028 3322,4028 3322,4028 3322,3985 3323,3984 3328,3984 3328,3985 3328,4028 3329,4028 3330,4028 3330,4029 3330,4030 3331,4030 3333,4030 3335,4032 3337,4032 3339,4035 3339,4062 3338,4063 3333,4063 3332,4063 3332,4059 3332,4058 3323,4058 3322,4058 3322,4050 3322,4049 3319,4049 3318,4049 3318,4047 3318,4046 3222,4046 3220,4045 3220,4036 3220,4035 3044,4035 3043,4036 3043,4038 3041,4040 3041,4042 3041,4042 2926,4042 2924,4044 2924,4047 2923,4048 2923,4053 2921,4055 2921,4061 2921,4061 2920,4061 2919,4062 2919,4064 2917,4066 2917,4071 2916,4072 2916,4076 2915,4077 2913,4077 2912,4078 2912,4080 2910,4082 2900,4082 2893,4076 2893,4040 2893,4039 2798,4039 2797,4040 2797,4042 2797,4042 2795,4042 2790,4047 2781,4047 2780,4048 2780,4049 2780,4049 2771,4049 2769,4047 2641,4047 2633,4047 2632,4048 2632,4049 2632,4049 2509,4049 2508,4050 2508,4051 2508,4051 2507,4051 2505,4053 2505,4054 2505,4054 2501,4054 2499,4052 2433,4052 2431,4051 2431,4050 2431,4049 2248,4049 2246,4051 2236,4051 2234,4049 2232,4049 2231,4049 2231,4048 2231,4047 2186,4047 2185,4048 2185,4090 2185,4090 2183,4090 2182,4091"/><TextEquiv><Unicode/></TextEquiv><TextEquiv index="1"><Unicode>de chambre; &amp; nous devions y voir,</Unicode></TextEquiv></TextLine><TextLine id="l25"><Coords points="2824,4244 2823,4244 2823,4205 2823,4204 2817,4204 2816,4204 2816,4203 2816,4202 2551,4202 2549,4204 2545,4204 2543,4206 2538,4206 2537,4207 2523,4207 2520,4204 2413,4204 2412,4205 2412,4243 2412,4243 2373,4243 2372,4243 2372,4207 2372,4206 2260,4206 2259,4207 2231,4207 2230,4206 2056,4206 2054,4205 2054,4203 2054,4202 1919,4202 1918,4203 1918,4204 1918,4204 1908,4204 1906,4202 1766,4202 1765,4203 1765,4204 1765,4204 1764,4204 1763,4205 1763,4209 1763,4209 1761,4209 1760,4210 1760,4212 1757,4215 1757,4217 1755,4219 1755,4221 1755,4221 1753,4221 1751,4223 1739,4223 1738,4223 1738,4205 1738,4204 1679,4204 1677,4202 1672,4202 1670,4200 1663,4200 1662,4199 1546,4199 1545,4200 1507,4200 1506,4199 1391,4199 1388,4202 1199,4202 1196,4199 1015,4199 1014,4200 968,4200 965,4198 965,4196 965,4195 960,4195 953,4189 953,4151 952,4150 952,4145 953,4144 953,4140 955,4138 957,4138 957,4138 957,4091 958,4090 975,4090 977,4092 983,4092 983,4093 983,4095 986,4098 986,4102 993,4109 993,4111 994,4111 995,4111 995,4112 995,4114 996,4115 996,4133 997,4133 1088,4133 1090,4131 1093,4131 1094,4130 1099,4130 1101,4128 1110,4128 1110,4129 1110,4130 1111,4130 1254,4130 1254,4130 1254,4128 1257,4125 1270,4125 1273,4128 1332,4128 1332,4129 1332,4130 1334,4131 1386,4131 1388,4133 1502,4133 1505,4130 1510,4130 1512,4128 1569,4128 1569,4128 1569,4091 1570,4090 1633,4090 1634,4089 1634,4087 1636,4085 1650,4085 1650,4086 1650,4087 1651,4087 1658,4087 1660,4090 1660,4092 1661,4092 1662,4092 1662,4093 1662,4131 1663,4131 1688,4131 1689,4132 1690,4132 1691,4133 1696,4133 1696,4134 1696,4136 1697,4136 1699,4138 1701,4138 1702,4140 1702,4142 1703,4143 1703,4147 1704,4147 1705,4147 1705,4148 1705,4171 1706,4171 1830,4171 1830,4171 1830,4140 1832,4138 1839,4138 1839,4138 1839,4129 1840,4128 1856,4128 1856,4129 1856,4130 1857,4130 1915,4130 1916,4131 2044,4131 2044,4131 2044,4129 2045,4128 2045,4126 2046,4125 2056,4125 2056,4126 2056,4128 2059,4131 2059,4133 2060,4133 2178,4133 2178,4133 2178,4092 2179,4091 2181,4091 2181,4092 2181,4133 2182,4133 2190,4133 2190,4134 2190,4135 2191,4135 2384,4135 2386,4133 2455,4133 2458,4130 2465,4130 2466,4131 2480,4131 2482,4133 2737,4133 2737,4133 2737,4098 2740,4095 2740,4093 2741,4092 2756,4092 2756,4093 2756,4094 2758,4095 2759,4095 2759,4096 2759,4099 2760,4099 2761,4099 2763,4102 2763,4104 2764,4105 2764,4107 2766,4109 2766,4119 2767,4119 2817,4119 2818,4121 2818,4123 2819,4123 2821,4123 2821,4124 2821,4133 2822,4133 2929,4133 2932,4130 2993,4130 2993,4130 2993,4090 2998,4085 3010,4085 3010,4086 3010,4090 3011,4090 3012,4090 3012,4091 3012,4121 3013,4121 3124,4121 3126,4119 3129,4119 3132,4116 3136,4116 3136,4116 3136,4115 3137,4114 3174,4114 3175,4113 3178,4113 3180,4111 3203,4111 3206,4115 3206,4116 3207,4116 3208,4116 3208,4117 3208,4125 3209,4125 3318,4125 3318,4125 3318,4088 3319,4087 3325,4087 3325,4087 3325,4067 3326,4066 3327,4066 3327,4066 3327,4064 3328,4063 3329,4064 3333,4064 3335,4066 3338,4066 3339,4068 3339,4129 3338,4130 3328,4130 3327,4131 3327,4221 3327,4221 3322,4221 3321,4222 3321,4226 3321,4226 3319,4226 3318,4226 3318,4172 3318,4171 3213,4171 3212,4172 3212,4177 3211,4178 3185,4178 3184,4179 3184,4180 3184,4180 3180,4180 3179,4181 3177,4181 3175,4183 3163,4183 3159,4187 3137,4187 3136,4188 3058,4188 3057,4189 3057,4195 3057,4195 3055,4195 3053,4197 3013,4197 3011,4199 2951,4199 2950,4200 2870,4200 2869,4201 2869,4202 2867,4204 2830,4204 2829,4205 2829,4244 2829,4244"/><TextEquiv><Unicode/></TextEquiv><TextEquiv index="1"><Unicode>à notre aiſe, tout ce que m'avoit an-</Unicode></TextEquiv></TextLine><TextLine id="l26"><Coords points="2329,4403 2328,4403 2328,4361 2328,4360 2178,4360 2176,4362 2139,4362 2138,4363 2138,4372 2138,4372 2136,4372 2135,4372 2135,4363 2135,4362 2086,4362 2085,4362 2085,4361 2085,4360 2072,4360 2071,4359 1895,4359 1894,4360 1783,4360 1782,4359 1779,4359 1777,4357 1603,4357 1601,4359 1598,4359 1597,4360 1595,4360 1593,4362 1588,4362 1586,4360 1584,4360 1583,4359 1469,4359 1468,4359 1468,4358 1468,4357 1467,4357 1466,4357 1466,4356 1466,4355 1311,4355 1309,4357 1300,4357 1298,4359 1234,4359 1232,4357 1082,4357 1080,4359 1069,4359 1065,4355 958,4355 957,4355 957,4287 958,4286 959,4286 960,4285 1022,4285 1022,4285 1022,4276 1024,4274 1024,4270 1025,4269 1034,4269 1034,4270 1034,4285 1035,4285 1157,4285 1159,4283 1167,4283 1167,4284 1167,4285 1168,4285 1172,4285 1173,4286 1296,4286 1296,4286 1296,4265 1297,4264 1297,4257 1299,4255 1299,4253 1300,4252 1301,4252 1301,4252 1301,4250 1304,4247 1417,4247 1419,4245 1431,4245 1432,4247 1432,4283 1433,4283 1583,4283 1583,4284 1583,4285 1584,4285 1722,4285 1722,4285 1722,4267 1724,4265 1724,4263 1725,4262 1726,4262 1726,4262 1726,4260 1727,4259 1727,4257 1729,4255 1729,4251 1730,4250 1731,4250 1733,4248 1742,4248 1743,4250 1743,4252 1745,4254 1745,4255 1746,4255 1753,4255 1753,4256 1753,4283 1754,4283 1786,4283 1786,4284 1786,4285 1787,4285 1788,4285 1789,4286 1849,4286 1851,4288 1896,4288 1896,4289 1896,4290 1897,4290 1904,4290 1907,4293 1908,4293 1908,4294 1908,4295 1909,4295 1913,4295 1913,4296 1913,4300 1914,4300 1915,4300 1915,4301 1915,4302 1917,4304 1917,4305 1918,4306 1918,4310 1920,4312 1920,4333 1921,4333 2063,4333 2063,4333 2063,4332 2064,4331 2073,4331 2073,4331 2073,4251 2074,4250 2075,4250 2075,4250 2075,4249 2076,4248 2110,4248 2112,4250 2269,4250 2271,4248 2285,4248 2286,4250 2286,4285 2287,4285 2434,4285 2434,4286 2434,4288 2435,4288 2768,4288 2768,4288 2768,4287 2769,4286 2818,4286 2818,4286 2818,4246 2819,4245 2823,4245 2824,4244 2830,4244 2831,4245 2836,4245 2837,4247 2837,4286 2838,4286 2919,4286 2920,4285 3003,4285 3003,4285 3003,4284 3004,4283 3005,4283 3005,4283 3005,4282 3006,4281 3077,4281 3080,4278 3098,4278 3098,4278 3098,4277 3099,4276 3100,4276 3100,4276 3100,4274 3101,4273 3103,4273 3104,4272 3167,4272 3168,4271 3168,4269 3171,4266 3194,4266 3194,4266 3194,4265 3195,4264 3320,4264 3320,4264 3320,4243 3321,4242 3321,4230 3323,4228 3327,4228 3327,4229 3327,4267 3327,4267 3323,4267 3322,4268 3322,4392 3321,4393 3316,4393 3315,4393 3315,4316 3315,4315 3213,4315 3212,4316 3212,4330 3209,4333 3187,4333 3186,4334 3177,4334 3175,4336 3156,4336 3155,4337 3155,4341 3155,4341 3151,4341 3149,4343 3094,4343 3092,4345 3034,4345 3033,4346 3033,4349 3032,4350 3004,4350 3003,4351 3003,4352 3002,4353 2957,4353 2955,4355 2953,4355 2951,4357 2820,4357 2819,4358 2819,4359 2819,4359 2703,4359 2701,4361 2701,4363 2700,4364 2694,4364 2692,4363 2692,4361 2692,4360 2554,4360 2553,4361 2553,4367 2553,4367 2552,4367 2551,4368 2551,4370 2550,4371 2549,4371 2548,4371 2548,4361 2548,4360 2442,4360 2441,4361 2441,4362 2441,4362 2344,4362 2343,4363 2343,4403 2343,4403"/><TextEquiv><Unicode/></TextEquiv><TextEquiv index="1"><Unicode>noncé le traître. Je le trouvai au ren-</Unicode></TextEquiv></TextLine><TextLine id="l27"><Coords points="2315,4558 2314,4558 2314,4555 2314,4554 1161,4554 1160,4554 1160,4514 1160,4513 1065,4513 1064,4512 995,4512 993,4510 986,4510 984,4508 982,4508 980,4506 978,4506 977,4505 974,4505 969,4500 962,4500 960,4499 960,4483 959,4482 959,4468 960,4467 960,4465 962,4463 962,4461 963,4460 964,4460 964,4460 964,4454 965,4453 967,4453 972,4448 974,4448 974,4448 974,4447 975,4446 977,4446 979,4444 981,4444 982,4443 989,4443 991,4441 1002,4441 1002,4441 1002,4406 1003,4405 1005,4405 1005,4405 1005,4404 1006,4403 1015,4403 1017,4401 1019,4401 1020,4400 3081,4400 3081,4400 3081,4391 3083,4389 3088,4389 3089,4388 3094,4388 3096,4386 3148,4386 3148,4387 3148,4408 3150,4410 3150,4415 3151,4415 3240,4415 3241,4417 3241,4419 3242,4419 3321,4419 3322,4420 3326,4420 3328,4422 3332,4422 3332,4423 3332,4424 3333,4424 3339,4424 3339,4425 3339,4543 3339,4543 3164,4543 3163,4544 2322,4544 2321,4545 2321,4558 2321,4558"/><TextEquiv><Unicode/></TextEquiv><TextEquiv index="1"><Unicode>dez-vous. Il m'y avoit devancé. Il y</Unicode></TextEquiv></TextLine><TextLine id="l28"><Coords points="1691,4711 1689,4710 1689,4707 1688,4706 1688,4667 1688,4666 1619,4666 1617,4668 1612,4668 1610,4666 1534,4666 1533,4667 1533,4710 1533,4710 1517,4710 1516,4710 1516,4669 1516,4668 1512,4668 1510,4670 1496,4670 1495,4670 1495,4669 1495,4668 1359,4668 1358,4669 1358,4671 1357,4672 1351,4672 1349,4671 1349,4667 1349,4666 1266,4666 1265,4667 1265,4688 1264,4689 1261,4689 1260,4689 1260,4669 1260,4668 1225,4668 1223,4666 1209,4666 1208,4665 1123,4665 1122,4666 1117,4666 1115,4668 1065,4668 1064,4669 1064,4671 1063,4672 1056,4672 1055,4673 1044,4673 1043,4674 1043,4678 1041,4680 1041,4697 1041,4697 1039,4697 1038,4698 1038,4700 1036,4702 1036,4706 1036,4706 1032,4706 1031,4706 1031,4698 1031,4697 1030,4697 1029,4697 1029,4693 1029,4692 1027,4692 1025,4690 1023,4690 1022,4690 1022,4669 1022,4668 991,4668 988,4665 987,4665 986,4666 986,4711 986,4711 963,4711 962,4711 964,4709 967,4709 967,4709 967,4652 965,4650 965,4648 964,4647 964,4642 962,4640 962,4638 962,4637 961,4637 960,4637 960,4628 961,4627 962,4627 962,4627 962,4621 963,4620 964,4620 964,4620 964,4616 965,4615 965,4611 966,4610 967,4610 967,4610 967,4609 968,4608 970,4608 971,4607 971,4605 973,4603 982,4603 983,4602 983,4600 984,4599 988,4599 988,4599 988,4580 988,4579 926,4579 924,4578 924,4577 926,4575 988,4575 991,4572 991,4568 993,4566 993,4564 994,4563 996,4563 998,4561 1000,4561 1003,4558 1012,4558 1012,4559 1012,4567 1013,4567 1057,4567 1058,4569 1058,4570 1059,4570 1062,4570 1062,4571 1062,4572 1063,4572 1065,4572 1065,4573 1065,4596 1066,4596 1132,4596 1132,4596 1132,4572 1136,4568 1158,4568 1158,4568 1158,4556 1160,4554 1176,4554 1180,4558 1210,4558 1210,4559 1210,4591 1211,4591 1213,4591 1213,4592 1213,4594 1214,4594 1282,4594 1282,4595 1282,4596 1283,4596 1352,4596 1352,4596 1352,4570 1354,4568 1356,4568 1356,4569 1356,4587 1357,4587 1378,4587 1378,4588 1378,4596 1379,4596 1443,4596 1445,4598 1560,4598 1560,4598 1560,4560 1562,4558 1566,4558 1566,4558 1566,4557 1567,4556 1569,4556 1570,4555 1581,4555 1581,4556 1581,4591 1582,4591 1598,4591 1598,4592 1598,4594 1599,4594 1633,4594 1633,4595 1633,4598 1634,4598 1640,4598 1641,4599 1731,4599 1732,4598 1748,4598 1748,4598 1748,4585 1749,4584 1751,4584 1753,4587 1753,4594 1754,4594 1844,4594 1844,4594 1844,4578 1845,4577 1903,4577 1903,4577 1903,4571 1908,4566 1908,4564 1909,4563 1913,4563 1915,4561 1917,4561 1918,4560 1918,4559 1919,4558 1922,4558 1922,4558 1922,4557 1923,4556 1930,4556 1931,4555 1944,4555 1945,4556 1949,4556 1949,4557 1949,4558 1950,4558 1951,4558 1951,4559 1951,4560 1952,4560 1954,4560 1955,4561 2021,4561 2022,4560 2033,4560 2033,4561 2033,4601 2034,4601 2142,4601 2142,4601 2142,4588 2143,4587 2143,4577 2145,4575 2145,4571 2146,4570 2149,4570 2149,4570 2149,4569 2150,4568 2150,4566 2151,4565 2154,4565 2154,4565 2154,4564 2156,4562 2156,4561 2157,4560 2167,4560 2169,4558 2171,4558 2171,4558 2171,4557 2172,4556 2190,4556 2190,4557 2190,4558 2193,4560 2195,4560 2196,4561 2205,4561 2205,4562 2205,4566 2207,4568 2207,4572 2208,4572 2209,4572 2209,4573 2209,4599 2210,4599 2307,4599 2307,4599 2307,4563 2312,4558 2326,4558 2326,4559 2326,4560 2329,4563 2329,4603 2330,4603 2420,4603 2424,4599 2431,4599 2432,4598 2437,4598 2439,4596 2448,4596 2450,4598 2582,4598 2582,4599 2582,4601 2583,4601 2671,4601 2671,4601 2671,4598 2673,4596 2702,4596 2704,4594 2714,4594 2716,4596 2718,4596 2720,4598 2783,4598 2784,4599 2854,4599 2854,4599 2854,4597 2855,4596 2871,4596 2871,4596 2871,4592 2872,4591 2912,4591 2913,4592 3058,4592 3059,4591 3060,4591 3060,4591 3060,4590 3061,4589 3091,4589 3091,4589 3091,4588 3092,4587 3093,4587 3093,4587 3093,4583 3094,4582 3146,4582 3146,4582 3146,4566 3147,4565 3148,4565 3148,4565 3148,4559 3150,4557 3150,4554 3151,4553 3151,4549 3152,4548 3153,4548 3153,4548 3153,4545 3154,4544 3163,4544 3163,4545 3163,4546 3164,4546 3165,4546 3165,4547 3165,4549 3167,4551 3167,4553 3169,4555 3169,4558 3170,4559 3170,4568 3171,4568 3192,4568 3194,4570 3230,4570 3232,4572 3294,4572 3294,4572 3294,4545 3294,4544 3293,4544 3292,4544 3293,4543 3294,4543 3295,4542 3324,4542 3325,4543 3339,4543 3339,4544 3339,4599 3339,4599 3316,4599 3315,4600 3315,4681 3314,4682 3309,4682 3308,4683 3308,4691 3308,4691 3307,4691 3306,4691 3306,4690 3306,4689 3299,4689 3298,4689 3298,4678 3298,4677 3288,4677 3287,4677 3287,4643 3287,4642 3223,4642 3222,4643 3222,4644 3222,4644 3207,4644 3206,4645 3206,4693 3205,4694 3194,4694 3193,4694 3193,4645 3193,4644 3171,4644 3170,4645 3170,4646 3170,4646 3168,4646 3167,4647 3121,4647 3120,4648 3120,4651 3120,4651 3118,4651 3116,4653 3101,4653 3100,4654 3070,4654 3069,4655 3069,4656 3069,4656 3066,4656 3065,4657 3065,4658 3065,4658 3063,4658 3061,4660 3059,4660 3058,4661 3058,4701 3058,4701 3048,4701 3047,4702 3034,4702 3033,4701 3027,4701 3026,4701 3026,4667 3026,4666 2917,4666 2916,4667 2916,4668 2916,4668 2915,4668 2914,4668 2914,4667 2914,4666 2845,4666 2843,4668 2781,4668 2780,4669 2780,4670 2780,4670 2776,4670 2774,4672 2716,4672 2715,4671 2649,4671 2648,4672 2647,4672 2646,4673 2589,4673 2587,4675 2578,4675 2577,4675 2577,4674 2577,4673 2573,4673 2572,4672 2570,4672 2568,4670 2466,4670 2464,4672 2460,4672 2458,4670 2377,4670 2372,4675 2372,4677 2372,4677 2367,4677 2364,4675 2364,4673 2364,4672 2243,4672 2241,4670 2100,4670 2098,4672 2093,4672 2092,4673 2076,4673 2075,4672 2066,4672 2064,4670 1988,4670 1987,4670 1987,4669 1987,4668 1910,4668 1825,4668 1823,4670 1821,4670 1819,4672 1805,4672 1803,4670 1801,4670 1799,4668 1794,4668 1792,4666 1730,4666 1729,4667 1729,4711 1729,4711"/><TextEquiv><Unicode/></TextEquiv><TextEquiv index="1"><Unicode>étoit avec la perfide Suivante toute prête?</Unicode></TextEquiv></TextLine><TextLine id="l29"><Coords points="3302,4887 3301,4887 3301,4853 3301,4852 3300,4852 3299,4852 3299,4850 3299,4849 3276,4849 3275,4849 3275,4808 3275,4807 3113,4807 3112,4808 3112,4809 3112,4809 3085,4809 3084,4810 3084,4811 3084,4811 3080,4811 3077,4814 2967,4814 2965,4816 2962,4816 2959,4819 2959,4821 2959,4821 2905,4821 2904,4822 2904,4833 2904,4833 2903,4833 2902,4834 2902,4843 2900,4845 2900,4849 2899,4850 2899,4855 2897,4857 2896,4857 2895,4858 2895,4861 2895,4861 2891,4861 2890,4862 2879,4862 2878,4862 2878,4829 2878,4828 2690,4828 2689,4829 2689,4865 2688,4866 2683,4866 2681,4868 2540,4868 2539,4869 2539,4870 2539,4870 2532,4870 2531,4869 2528,4869 2527,4869 2527,4827 2527,4826 2406,4826 2405,4827 2405,4828 2405,4828 2404,4828 2403,4829 2403,4847 2403,4847 2401,4847 2400,4847 2400,4832 2400,4831 2310,4831 2309,4831 2309,4829 2309,4828 1961,4828 1959,4830 1890,4830 1889,4831 1889,4855 1888,4856 1887,4856 1886,4857 1886,4862 1886,4862 1880,4862 1879,4862 1879,4860 1879,4859 1878,4859 1877,4859 1877,4858 1877,4857 1876,4857 1875,4857 1875,4853 1875,4852 1871,4852 1868,4850 1868,4827 1868,4826 1708,4826 1707,4825 1566,4825 1565,4826 1565,4865 1565,4865 1563,4865 1562,4865 1562,4822 1562,4821 1330,4821 1328,4823 1326,4823 1324,4825 1323,4825 1321,4824 1321,4822 1321,4821 1192,4821 1191,4822 1191,4823 1191,4823 1188,4823 1187,4824 1187,4825 1187,4825 1180,4825 1179,4825 1179,4824 1179,4823 1173,4823 1172,4823 1172,4822 1172,4821 1068,4821 1067,4822 1067,4859 1067,4859 1065,4859 1062,4862 1062,4864 1062,4864 1061,4864 1060,4865 1053,4865 1052,4865 1052,4822 1052,4821 970,4821 968,4819 965,4819 964,4819 964,4817 964,4816 963,4816 962,4816 962,4815 962,4814 961,4814 959,4813 959,4811 957,4809 957,4760 958,4759 959,4759 961,4757 962,4757 962,4757 962,4712 963,4711 986,4711 986,4712 986,4716 990,4720 990,4721 991,4722 991,4724 993,4726 993,4728 996,4730 1112,4730 1112,4730 1112,4715 1113,4714 1114,4714 1115,4716 1115,4742 1116,4742 1232,4742 1232,4742 1232,4717 1233,4716 1237,4716 1237,4717 1237,4718 1238,4718 1416,4718 1416,4718 1416,4717 1417,4716 1418,4716 1420,4714 1425,4714 1425,4714 1425,4712 1426,4711 1428,4711 1430,4709 1450,4709 1451,4710 1533,4710 1533,4711 1533,4740 1534,4740 1588,4740 1588,4741 1588,4752 1589,4752 1757,4752 1758,4751 1839,4751 1839,4751 1839,4748 1840,4747 1894,4747 1894,4747 1894,4745 1895,4744 1911,4744 1912,4745 2061,4745 2061,4745 2061,4740 2062,4739 2128,4739 2128,4739 2128,4717 2129,4716 2130,4716 2132,4714 2201,4714 2203,4716 2212,4716 2214,4719 2214,4721 2216,4723 2216,4754 2217,4754 2253,4754 2255,4756 2257,4756 2258,4757 2383,4757 2384,4756 2436,4756 2436,4756 2436,4755 2437,4754 2448,4754 2448,4755 2448,4756 2449,4756 2591,4756 2591,4756 2591,4740 2592,4739 2592,4738 2593,4737 2725,4737 2725,4737 2725,4736 2727,4734 2727,4733 2728,4732 2730,4732 2730,4733 2730,4756 2731,4756 2883,4756 2883,4756 2883,4723 2886,4720 2889,4720 2891,4718 3019,4718 3019,4718 3019,4716 3021,4714 3021,4712 3022,4711 3026,4711 3026,4711 3026,4710 3028,4708 3029,4708 3029,4708 3029,4707 3030,4706 3031,4706 3031,4706 3031,4705 3032,4704 3033,4704 3033,4704 3033,4703 3034,4702 3047,4702 3048,4701 3058,4701 3061,4704 3062,4704 3062,4705 3062,4725 3063,4725 3193,4725 3193,4725 3193,4695 3194,4694 3205,4694 3206,4693 3306,4693 3306,4693 3306,4692 3307,4691 3308,4691 3308,4692 3308,4711 3309,4712 3309,4743 3310,4744 3310,4745 3311,4745 3338,4745 3339,4747 3339,4886 3338,4887"/><TextEquiv><Unicode/></TextEquiv><TextEquiv index="1"><Unicode>à nous faire entrer. J'avoue que je ſents</Unicode></TextEquiv></TextLine><TextLine id="l30"><Coords points="3309,5029 3308,5029 3308,5028 3308,5027 3302,5027 3301,5027 3301,4996 3301,4995 3163,4995 3162,4995 3162,4987 3162,4986 2840,4986 2838,4988 2736,4988 2735,4989 2735,5002 2735,5002 2732,5000 2732,4998 2728,4993 2630,4993 2628,4991 2251,4991 2250,4992 2250,5007 2250,5007 2244,5007 2243,5008 2243,5009 2243,5009 2206,5009 2205,5010 2205,5019 2203,5021 2198,5021 2197,5021 2197,4992 2197,4991 2045,4991 2042,4988 2036,4988 2035,4988 2035,4987 2035,4986 1985,4986 1984,4985 1634,4985 1633,4986 1633,4989 1632,4990 1629,4990 1628,4991 1584,4991 1583,4992 1583,5003 1583,5003 1281,5003 1280,5004 1280,5005 1280,5005 1274,5005 1273,5005 1273,5004 1273,5003 1054,5003 1053,5003 1053,4999 1053,4998 972,4998 969,4995 958,4995 957,4995 957,4993 960,4990 960,4924 962,4922 962,4920 963,4919 964,4919 964,4919 967,4916 967,4915 968,4914 969,4914 969,4914 969,4913 970,4912 972,4912 975,4909 982,4909 984,4907 1000,4907 1000,4907 1000,4869 1001,4868 1016,4868 1018,4866 1051,4866 1052,4865 1060,4865 1060,4866 1060,4868 1061,4868 1167,4868 1167,4869 1167,4873 1168,4873 1562,4873 1562,4873 1562,4866 1563,4865 1566,4865 1567,4866 1626,4866 1628,4868 1801,4868 1802,4869 1830,4869 1832,4871 1839,4871 1839,4872 1839,4876 1840,4876 1842,4876 1843,4878 1843,4883 1844,4884 1844,4900 1845,4900 1899,4900 1899,4901 1899,4911 1900,4911 2393,4911 2393,4911 2393,4879 2394,4878 2405,4878 2405,4878 2405,4877 2406,4876 2520,4876 2520,4876 2520,4874 2523,4871 2527,4871 2527,4871 2527,4870 2528,4869 2745,4869 2746,4868 2838,4868 2838,4868 2838,4867 2839,4866 2984,4866 2988,4862 2988,4860 2989,4859 2993,4859 2993,4859 2993,4858 2994,4857 2998,4857 3000,4855 3003,4855 3004,4854 3167,4854 3167,4854 3167,4845 3169,4843 3193,4843 3194,4842 3199,4842 3201,4845 3201,4852 3202,4852 3301,4852 3301,4853 3301,4887 3302,4887 3303,4887 3303,4888 3303,4895 3304,4895 3339,4895 3339,4896 3339,5029 3339,5029"/><TextEquiv><Unicode/></TextEquiv><TextEquiv index="1"><Unicode>des remords d'une conduite ſi baſſe. Je</Unicode></TextEquiv></TextLine><TextEquiv><Unicode/></TextEquiv></TextRegion></Page></PcGts>