4266 6032
1039 331 3349 514 la ſtupeur, preſque privé dé tout ſent-
1036 489 3349 674 ment. Un ſommeil de fer me ſurpriten-
1024 637 3349 832 fin; mais il fut troublé par des ſonges
1031 799 3349 981 cruels, ſans ſuite, ſans liaiſon, de vrais
1024 955 3349 1122 rêves d'un malade. Je voyois Adélaide,
1026 1105 3349 1289 Chéri, qui m'aſſailloient au fond d'un
1024 1263 3342 1440 bois, le poignard à la main; qui me
1014 1425 3330 1587 perçoient & me déchiroient à l'envi la
1012 1577 3320 1744 poitrine; qui m'enterroient, encoretou
1012 1729 3316 1896 vivant, & qui, après avoir danſé ſu
1008 1886 3349 2088 ma tombe, s' joignoient enſemble par
1007 2042 2417 2200 des nœuds abhortés.
1149 2193 3339 2362 Je me levai de grand matin; mais,
990 2352 3349 2675 larimeſt ne eniernavoit ade
984 2654 3346 2825 ſieurs jours. Je me trouvois ſeul, ſans
988 2811 3289 2983 conſolation. Ma ſituation ne pouvoi
984 2971 3284 3137 étre plus affreuſe. J'allois me promener
979 3125 3349 3292 dans le fatal cimetiere dont j'ai parlé,
981 3280 3349 3451 qui n'étoit plus au pouvoir des charla-
974 3440 3349 3603 tans. J'errois le ſoir, dans l'ombre, au
965 3586 3349 3759 milieu des tombeaux. J'y méditois ſur
969 3751 3349 3920 mon état déplorable; j'y formois le pro-
957 3901 3349 4065 jet de quitter Milan, de m'enfuir aux
959 4054 3349 4226 extrémités du monde. Au bout de quel-
959 4213 3349 4385 ques jours, mon déſeſpoir s'adouciſſant,
924 4364 3349 4542 & ſe changeant par degrés en une mé-
952 4512 3349 4692 lancolie plus douce, comme un froid
952 4667 3349 4846 glacial qui ſe deſſerre & devient bu-
948 4823 3349 5034 mide; j'eus la force de compoſer, ſut
