4266 6032
867 294 3339 479 mon infortune, une Romance, dont je
869 455 3328 637 ſis les paroles & la muſique. Je la chan-
871 613 3328 790 tois le ſoir, dans mon cimetiere, ſous
873 769 3336 946 les rayons paiſibles de la lune, en m'ac-
874 929 3328 1100 compagnant d'un luth amoureux; & je
876 1086 3320 1253 verſois de douces larmes. Sans doute
878 1242 3320 1407 cet air étoit touchant, puiſque j'ai vu
878 1397 3318 1563 pluſieurs fois des gens indifférens fon-
879 1550 3320 1734 de en pleurs, en me l'entendant ſim-
881 1708 1939 1874 plement chanter.
883 1865 3318 2029 Pour mon malheur, je ne voyois que
885 2003 3311 2178 l'indigne Abbé. Je le queſtionnois ſur
886 2171 3301 2353 ce qui ſe paſſoit dans le monde. Il me
888 2324 3301 2495 diſoit ce qu'il vouloit. Je lui demandai
888 2466 3304 2651 ſi la trahiſon de Chéri mn'avoit point
890 2635 3301 2803 tanſpiré. Il parut d'abord vouloir faire
891 2793 3301 2964 encore le myſterieux; mais, preſſé par
893 2949 3299 3118 moi, il me dit enfin que cette nouvelle
895 3101 3301 3273 étoit très-répandue, qu'elle faiſoit l'en-
897 3259 3306 3429 reuen public, qu'on en parloit diver-
898 3401 3280 3583 ſement; mais qu'on s'attendoit à un
900 3567 3289 3740 combat ſingulier entre le Chevalier de
902 3708 3282 3892 ſamene & Chéri. Je friſſonnai de
953 3881 3282 4057 ceue idée, & je ne répondis pas. Je ſen-
903 4034 3294 4211 tois, en frémiſſant, qu'en qualité de mi-
953 4180 3280 4365 linire, je ne pouvois me diſpenſer d'en
907 4346 3284 4522 venir à cette horrible extrémité. Quel-
911 4503 3270 4682 ques jours après, l'Abbé me dit que les
911 4631 3268 4840 ôfioiers étoient ſurpris & ſcandaliſés
919 4799 3287 5002 dece que je ne m'étois pas encore com-
2613 4990 2845 5114 I
