4266 6032
938 248 3334 429 porté en homme d'honneur; qu'on fai-
934 404 3334 597 ſoit des paris dans la Ville, pour ou con-
941 572 3334 752 tre ma conduite brave ou lâche; que
934 722 3334 904 mon honneur ne pouvoit être plus com-
960 877 3334 1061 promis. Il m'apprit, de plus, que le
969 1033 3334 1212 mariage de mon rival devoit ſe faire le
952 1189 3332 1363 lendemain. Cette nouvelle me rendit
969 1346 3334 1520 ma fureur, & me décida. Je ſortis pour
947 1505 3328 1669 chercher mon ennemi. Je le trouvai ſur
974 1658 3287 1827 la place du Dôme avec plufieurs Offi-
953 1817 3334 1980 ciers. Je vis qu'on s'attendoit à une ex-
952 1971 3334 2293 eit aboai te jene lomnnesi
948 2286 3334 2446 parut embarraſſé devant moi; mais ce-
947 2439 3334 2604 pendant il s'avança pour m'embraſſer.
986 2594 3285 2758 Je le repouſſai avec horreur. uPerfide,
988 2752 3334 2919 lui dis-je, quel eſt ton projet? Set-
957 2906 3287 3073 pent que j'ai réchauffé dans mon ſein,
955 3066 3292 3225 tu veux m'embraſſerl Fuis. Je rougis
964 3222 3334 3383 de l'uniforme que je porte, quandje
993 3370 3334 3533 vois qu'il m'eſt commun avec toi, &
998 3535 2780 3692 que tu le déshonoresn.
969 3677 3334 3851 Chéri voulut ſe juſtifier. Les Officien
974 3843 3301 4008 ſcandaliſés lui dirent: uMonſieur, vous
969 4001 3320 4165 êtes Militaire, vous ſavez où les gens
957 4150 3304 4322 de notre état portent leur juſtification.
979 4306 3310 4475 Après ce que M. le Chevalier vous
979 4447 3320 4635 a dit, il n'y a pas deux partis n. A
984 4606 3330 4794 ces mots, on nous tourna le dos. Nous
1019 4773 3330 4954 reſtâmes ſeuls vis-à-vis l'un de l'autre-
