4266 6032
898 208 3339 437 Une heure après, je me promenai
898 424 3322 592 dans le jardin de la Princeſſe. J'entrai
898 582 3320 745 ſous un berceau, pour rêver à ma triſte
898 735 3318 900 aventure. J'étois auſſi immobile qu'un
904 886 3315 1067 homme qui ſeroit plongé dans un pro-
900 1046 2016 1204 fond ſommeil.
898 1186 3318 1380 Bientôt je fus tiré de ma rêverie par
902 1360 3337 1526 la voix de Chéri même, que j'entendis
984 1517 3311 1681 parler près de moi. Je regardai douce-
984 1672 3306 1843 ment entre les feuillages, je l'apperçus,
979 1824 3310 2004 & je fus tenté de voler dans ſes bras,
898 1980 3301 2150 pour lui fournir les moyens de ſe juſti-
898 2134 3296 2297 fier: mais je le vis tout entier à la con-
972 2284 3321 2464 verſation qu'il avoit avec Baſile. Le ſcé-
969 2444 3310 2615 lérat l'avoit amené là, par une perfidie,
929 2604 3341 2768 pour me mettre à portée d'entendre
933 2754 3318 2917 tout ce qu'il diroit. Ce malheureux s'é-
962 2909 3309 3083 toit auſſi inſinué dans la confiance de
955 3058 3311 3241 l'infortuné jeune homme. Ils s'aſſirent
902 3213 3310 3397 ſur un banc auprès de mon berceau. Je
898 3370 3308 3549 e diſpoſai à les écouter, je pouvois les
898 3534 1610 3694 entendre.
898 3659 3308 3863 Mais, diſoit l'Abbé, ne pourriez-
945 3838 3358 4022 vous pas chercher à le voir, pour
950 4009 3303 4176 vous juſtifier à ſes yeux, pour le ſa-
941 4154 3306 4332 tisfaire? --Et, répondit Chéri, quelle
940 4309 3315 4490 juſtification voulez-vous que je pro-
898 4465 3306 4644 duiſe devant lui? Quelle ſatisfaction
905 4625 3313 4802 puis-je lui donner? Il veut épouſer
924 4773 3303 4974 Adélaide; & moi je ne veux pas qu'il
2687 4965 3198 5107 L
