4266 6032
993 181 3354 404 l'épouſe. -- Mais enfin, reprit l'Abbé,
1002 386 3354 553 il va donc ſe trouver ſeul dans le
1003 544 3354 716 monde, privé de ce qu'il aime. Ahl
978 701 3354 873 vous êtes cruel à ſon égard. -- Moi
984 859 3354 1024 cruell répliqua vivement Chéri: je
996 1014 3354 1176 veux qu'il épouſe une Princeſſe ado-
977 1172 3339 1334 rable, qui eſt la réunion de toutes
995 1327 3322 1488 les vertus & de toutes les perfections,
977 1483 3349 1650 à qui il doit tout. -- Mais enfin, dit
995 1640 3335 1799 Baſile, que ne le menez -vous voir
988 1791 3347 1957 ſon Adélaide? Peut-être la voix de
986 1949 3354 2113 cette perſonne, qu'on dit ſi belle,
981 2104 3349 2267 auroit quelque poids ſur ſon cœur,
976 2264 3340 2421 & l'engageroit à faire ce que vous
953 2417 3311 2578 déſirez. -- Moi, répondit Chéri, que
974 2575 3313 2733 je le mene voir Adélaide, pour
940 2727 3311 2890 que tout ſon feu renaiſſe auprès
971 2886 3318 3047 d'elle, & qu'il devienne plus incor-
971 3041 3311 3202 rigible que jamais Je ſais combien
972 3198 3349 3358 il devient fou en préſence de cette
969 3349 3334 3516 fille, je veux qu'il ignore ce qu'ele
934 3509 3339 3668 eſt devenue, afin que je ſois obéi;
960 3662 3341 3827 car enfin cela eſt fixé dans mon
959 3817 3322 3982 cœur. Jamais Cataudin n'épouſera
953 3977 3322 4171 Adélaide; & je m'y oppoſerai de tout
955 4141 2073 4290 mon pouvoirn.
1120 4269 3346 4458 Ahl perfide, m'écriai-je, en ſor-
941 4441 3354 4614 tant du berceau; j'en ſuis donc ſûr
940 4601 3339 4768 enfin, c'eſt donc toi qui es le véritable
929 4756 3342 4954 nartiſan de mes maux. je l'ai entendu
