4266 6032
905 293 3313 474 de ta propre bouche. C'eſt toi qui
910 455 3334 618 ne veux pas que j'épouſe Adélaide
921 609 3303 787 Rends grace à la Princeſſe, que je ré-
902 766 3313 928 vere & dont je reſpecte la demeure,
936 920 3299 1094 ſi je ne te punis pas ſur le champn.
933 1069 3311 1250 En diſant ces mots, je lui appuyois bru-
941 1232 3308 1402 talement le poing ſur le viſage. Il étoit
940 1385 3311 1552 muet & immobile, & me regardoit d'un
941 1542 2751 1684 œil douloureux, mais tendre.
934 1681 3339 1866 Dans ce moment, nous ſommes abor-
902 1854 3318 2023 dés par quatre Officiers qui venoient
898 2009 3310 2167 pour voir Chéri. Allons, mes amis,
974 2162 3337 2332 dirent-ils, il n'y a pas moyen de
928 2321 3339 2486 vous en défendre. Nous venions pour
917 2470 3337 2644 tenter un dernier effort, malgré les
972 2625 3339 2799 lois de l'honneur, que vous auriez
936 2783 3320 2951 déjà dû ſuivre; nous voulions voir
940 2937 3339 3110 s'il n'y auroit pas quelque biais pour
938 3096 3316 3267 réconcilier deux amis ſi étranges que
931 3249 3339 3419 vous, ſans en venir à l'extrémité ho-
917 3406 3342 3575 norable que vous ſemblez craindre
935 3564 3316 3733 tous les deux; nous en rougiſſons
931 3726 3318 3891 pour vous; mais enſin il n'y a plus
936 3872 3344 4028 moyen de reculer. Nous voulons ré-
943 4030 3332 4202 gler cela. Il ne faut pas que deux
923 4190 3315 4360 aimables jeunes gens, comme vous,
943 4343 3327 4515 périſſent. Au premier ſang, morbleu,
909 4490 3328 4694 celà ſuffit; après cela, vous vous
928 4658 3337 4818 retrouverez les meilleurs amis du
898 4802 1719 4959 monden.
