4266 6032
914 260 3303 420 noit ſur les vents, la pluie & le ton-
971 417 3267 579 nerre, & me crioit: uArrête. -- Ahl
965 568 3301 737 me diſois-je, ſa reſſemblance ſeule
967 728 3294 880 avec mon Adélaide ne devroit - elle
967 881 3310 1051 pas me le rendre ſacré? Je m'é-
967 1036 3280 1207 veillai tout tranſi, couvert d'une ſueur
967 1191 3308 1363 froide, maudiſſant les malheureux té-
969 1353 3310 1513 moins qui m'entraînoient à un combat
965 1511 3304 1671 ſuneſte que je me reprochois; & il eſt
962 1662 3313 1827 certain que, ſans eux, je n'aurois pas
955 1817 3308 2134 nioit céde a ar oie ces aetmonde
965 2131 3289 2288 Ces barbares entrerent chez moi dès
960 2283 3316 2442 cinq heures du matin. Il fallut me le-
947 2441 3285 2598 ver. Mes genoux trembloient, quand
957 2592 3284 2756 je fus debout. Je fis mes efforts pour
957 2749 3323 2910 déguiſer à mes témoins ce ſecret incon-
953 2905 3287 3067 vénient. Je m'habillai avec peine, &
952 3060 3310 3221 je les ſuivis avec mon épée & deux piſ-
953 3213 3308 3375 tolets. Je marchois péniblement. J'a-
950 3372 3313 3535 vois, à mes yeux, l'air d'un patient qu'on
952 3530 3297 3689 mene à la mort. Un vent très-violent
952 3683 3292 3847 nous ſouffloit au viſage, & paroiſſoit
947 3841 3323 4003 me repouſſer. Je cédois preſque à ſa
940 3994 3320 4159 violence; & mes deux barbares me ti-
945 4154 3306 4316 re-nt, pour me faire ſurmonter cet
945 4302 3289 4473 obſtacle. Il me ſembloit que j'étois en-
940 4464 3304 4632 traîné par les Eménides. uMalheureuxl
936 4624 3316 4790 me diſois-je, la nature même t'arrête,
933 4771 3315 4950 l'Etre ſuprême fait ſouffler l'Aquilon
