4266 6032
929 324 3315 506 point barbare à cet excès, m'écriai-
991 482 3303 658 je, tironsn. J'éleve mon bras, le
928 640 3304 813 coup part. Non, ce n'eſt pas moi qui
924 795 3298 974 ai frappé mon ami. J'élevois la main
924 948 3298 1127 pour tirer en l'air. Un malheureux me
924 1106 3289 1281 tire le bras tandis que je lâche le coup,
928 1258 3292 1426 en change la direction, & la balle ſacri-
993 1413 3298 1581 lége va ſe plonger dans le ſein de l'in-
926 1567 3296 1736 ſortuné Chéri. Ses deux témoins le ſou-
986 1722 3285 1887 iennent, & lui crient: Venge-toi.
990 1877 3292 2040 Les deux miens furieux jettent dans un
926 2032 3306 2200 ſoſſé le malheureux qui m'a voulu arrê-
927 2186 3280 2357 ter le bras. uAhl mon ami, m'écriai-je,
986 2346 3285 2510 je n'ai pas voulu te frapper; mais je
983 2501 3294 2661 ſuis un monſtre, punis-moi. Je me
981 2653 3284 2835 tiens fixe, dans l'attitude néceſſaire pour
976 2811 3280 2970 recevoir la mort que j'implore. Chéri
977 2962 3289 3126 me peint, dans ſes yeux, le plus tendre
979 3120 3277 3282 intérêt. Il a la force de faire ce que je
974 3273 3285 3435 n'ai pas eu le bonheur d'exécuter; il
972 3428 3284 3595 tire en l'air ſou piſtolet, me donne la
971 3584 1935 3744 vie, & tombe.
1079 3729 3272 3936 Tout à coup nous entendons crier:
962 3889 3285 4058 Atrête, arrêten. C'eſt la Princeſſe
962 4046 3273 4213 qui arrive à ſix chevaux, qui ſe préci-
955 4199 3299 4371 pite de la portiere. C'étoit ſon Coureur
955 4360 3272 4525 qui avoit eu la force d'arriver avant
954 4510 3268 4684 elle, qui n'avoit pas eu celle de parler,
950 4666 3270 4835 qui, voulant me retenir le bras, pour
948 4828 3291 5000 empêcher le coup, lui avoit donné la plus
