4266 6032
947 258 3359 454 affreuſe direction. uAhl malheureux,
950 432 3359 598 s'écrie la Princeſſe, épargne ton Adé-
952 587 3359 912 neſ piue tenp chéli éoi adelaiſ
965 902 3359 1065 Elle mouroit par mes mains; je vis ſon
964 1057 3360 1222 beau ſein qu'on découvrit, je vis le ſang
965 1209 3359 1377 qui en couloit, je crus voir la ſoudre
964 1366 3359 1528 tomber ſur moi, le Ciel s'écrouler ſur
967 1523 3359 1687 ma tête. Ohl que n'avois-je un goufſie
976 1675 3352 1841 ouvert à mes piedsl que n'avois-je un
979 1830 3359 1996 bûcher allumé je m'y ſerois jeté. Je
964 1985 3359 2157 ſaute, comme un éclair, ſur l'épée d'un
981 2138 3359 2312 témoin, je me la paſſe au travers du
976 2292 3356 2467 corps; & je me précipite ſur l'herbe,
988 2446 3356 2608 dans les bras de mon Amante. Mon ſang
993 2603 3294 2770 ſe confond avec le ſien. Elle ſouleve
988 2764 3299 2932 ſes yeux appeſantis: quel tendre amour
991 2914 3299 3091 s'y peint à travers les ombres de la
996 3067 3301 3234 mortl uO mon amil dit- elle, qu'as-
995 3223 3304 3393 tu fait? O ma noble amie, quelle
991 3380 3306 3552 affreuſe lumiere vous avez offente
986 3530 3308 3700 nà cet infortuné Vous lui donnez la
998 3683 3313 3863 mort la plus cruelle, ou des remords
1000 3838 3328 4020 éternels. -- Ahl malheur à moi s'é-
1002 3999 3322 4171 ncrioit la Princeſſe. Pourquoi ai-je
919 4140 3330 4329 été ſi fidelle à votre funeſte myſtere?
1007 4317 3334 4486 C'eſt moi qui ſuis la cauſe de vote
1007 4458 3356 4622 mort à tous deux. Chere & cruelle
1007 4623 3344 4796 Adélaide, c'eſt à mon fol amour que
1010 4761 3353 4947 tu voulois t'immoler, malgré moinl
