4266 6032
950 178 3301 434 Princeſſe Sémelli vouloit vous faire
950 389 3299 565 tanſporter chez elle, pour vous ſoi-
950 542 3301 721 gner avec Adélaide; mais le barbare
950 705 3285 880 l'a emporté. -- Et mon Adélaide?
950 859 3297 1039 m'écriai-je. --Elle eſt auſſi bien qu'elle
955 1015 3291 1200 peut être, répondit Artémiſe; on ne
950 1165 3287 1351 juge pas ſa plaie mortelle, ni la vôtre,
950 1327 3287 1500 mon bon ami. Soyez ſans inquiétude
957 1481 3290 1658 ſur cette chere perſonne, vous ſavez
1000 1634 3289 1810 qu'elle eſt entre bonnes mains. La
950 1784 3289 1977 Princeſſe n'épargnera rien pour la
950 1944 3284 2119 ſauver; & quant à vous, mon cher
950 2099 3287 2290 ami, tant qu'il me reſtera un ſouffle,
950 2255 3291 2434 je l'employerai pour vousn. Je baiſai
950 2405 3289 2587 tendrement la main de cet Ange tuté-
950 2563 3277 2747 laite. O Vierge pure & céleſte, lui
950 2719 3279 2905 dis-je, vous perdez vos ſoins pour
955 2875 3272 3048 un ſcélérat. Ahl qu'Adélaide vive;
995 3026 3272 3217 & que je fois rayé du nombre des
950 3182 3273 3369 vivans Quoi, vous, ame chaſte, in-
981 3337 3273 3507 nocente, vous daignez vous intéreſ-
950 3483 3272 3671 ſer en faveur d'un monſtre que l'Uni-
955 3645 3268 3822 vers doit abhorrer? Ahl quel baume
972 3793 3267 3977 ſur les plaies affreuſes de mon cœur,
979 3954 3208 4138 que l'intérêt d'une ame ſi bellel
1058 4106 3266 4301 Je commençai alors à ſentir ma bleſ-
955 4248 3266 4460 ſire; elle étoit très - douloureuſe; mais
952 4408 3261 4607 Atémiſe m'aſſuroit qu'on ne la jugeoit
950 4573 3256 4768 nottélle.. Quel tendre intérêt ſe
950 4725 3257 4942 Pignit dans ſes-yeux, quand elle vit
