4266 6032
940 219 3296 417 pu vous écrire; & je vais vous en
940 403 3299 605 dire la raiſon, en vous apprenant
940 561 3293 742 ce qu'eſt devenue cette protectrice
940 721 3294 898 chérie. -- Qu'eſt-ce donc qu'elle eſt
940 869 3289 1046 devenue? m'écriai-je. -- Monſieur le
940 1028 3285 1215 Chevalier, reprit - il, vous ſavez
940 1185 3285 1365 qu'elle avoit fait tranſporter Made-
940 1340 3282 1529 moiſelle Adélaide chez elle. Elle lui
940 1493 3279 1669 aprodigué les plus tendres ſoins. Elle
940 1648 3275 1831 a paſſé la nuit auprès d'elle; & l'on
940 1805 3271 2007 commençoit à bien augurer de cette
940 1946 3268 2169 chere perſonne. -- Ciell m'écriai -je
940 2112 3272 2328 auroit- elle changé, auroit-elle empiré?
940 2269 3261 2479 Pour Dieu, daignez m'écouter, répli-
940 2416 3253 2636 qua le fourbe. Le lendemain matin, la
940 2573 3253 2781 Princeſſe, qui vous aime, alloit ſortir
940 2728 3244 2954 pour venir vous voir. Tout à coup
940 2890 3249 3069 ndes envoyés ſecrets l'ont arrêtée
940 3040 3247 3231 par ordre du ouvernement. A ces
940 3194 3248 3414 mous, je pouſſe un cri, & je reſte quel-
940 3349 3242 3571 que temps immobile & muet, regar-
940 3503 3238 3703 dant le malheureux qui m'avoit fait ces
940 3657 2027 3853 els rapports.
940 3819 3225 4039 Qu'a-t-elle donc fait? dis-je enfin
940 3968 3227 4199 au ſcélérat. -- On l'ignore, répon-
940 4123 3231 4362 dit-il. On ne lui a pas donné le temps
940 4279 3226 4505 de regarder autour d'elle, de dire un
1022 4463 3222 4669 ot à qui que ce ſoit, d'écrire une
940 4541 3224 4830 llabe. -Et mon Adélaide, repris-je
940 4736 3223 4962 frémiſlani, qu'eſt- elle devenue?
2294 4959 3178 5120 a
