4266 6032
993 284 3303 484 -- Vous jugez bien, dit-il, qu'unpa-
960 443 3303 644 reil coup de foudre ... dans unepa
986 603 3303 802 reille circonſtance ... Je ne ſais que
986 762 3303 933 vous dire... au moins, ſi elle y ſuc
990 916 3303 1110 comboit, ce ne ſeroit pas vous qui
990 1072 3303 1260 l'auriez immolée. C'eſt le Couveme
991 1235 3303 1420 ment, c'eſt cette nouvelle affreuſe de
993 1390 3303 1573 la détention de la Princeſſe. -- Ele
991 1547 3303 1731 reſpire donc encore? lui répliquaije
993 1705 3303 1872 -- Mais, reprit-il, j'ai tout lieu de le
990 1860 3303 2043 croire. -- Malheureux, interrompis
988 2018 3303 2194 je, tu ne fais que le croire; & ol
986 2166 3303 2346 eſt -elle? -- C'eſt ce que j'ignore,
983 2329 3303 2501 répondit-il; mais ſoyez ſûr que je la
990 2486 3303 2660 découvrirai, ſi elle exiſte encote.
988 2642 3303 2811 -- Si elle exiſte encore m'écriai-je
991 2797 3303 2969 Son exiſtence eſt douteuſe, & la Prin
988 2952 3303 3130 ceſſe eſt partie, & l'on ignore ſans
991 3116 3303 3284 ndoute où elle eſt enfermée,. O Ciell..
979 3402 3303 3605 Dans un inſtant de calme, où lam-
991 3589 3303 3761 ladie me laiſſe quelque omhre de repos,
995 3753 3303 3920 je reprends ma narration. Je me cioi
991 3910 3303 4077 menacé d'une fin prochaine, & je veur
986 4064 3303 4250 conſigner ſur le papier la ſuite de me
1000 4221 3303 4394 aventures, auſſi loi que je pourai l
988 4369 3303 4549 conduire. Je prie la tendre Artémiſe
984 4525 3303 4707 qui daigne me ſoigner, & dont le ſl
979 4685 3303 4861 eſt auſſi pur que ſon cœur, elle qu
981 4842 3303 5179 aura vu mes. derniers momens, det
