4266 6032
954 247 3309 442 miner mon récit, quand je ne ſerai
955 446 1248 577 plus.
955 566 3303 747 On ſent que tout ce que m'avoit dit
955 726 3309 893 le cruel Baſile avoit porté de nouveaux
955 876 3306 1063 coups de poignard dans mon cœur,
955 1036 3299 1217 & rendu ma ſituation plus déplorable;
955 1191 3308 1363 comme un orage empire l'état d'un ma-
955 1342 3308 1523 lade & le fait tourner à ia mort. Je fus
967 1500 3303 1671 tourmenté de la fievre la plus violente,
964 1660 3304 1849 j'eus le tranſport, je fus garrotté dans
955 1812 3308 1986 mon lit; & à mon réveil, je ſentis que
955 1970 3298 2144 ce tranſport ayant confirmé l'idée qu'on
955 2125 3304 2293 aoit de ma folie, ſi je n'avois pas le
955 2279 3291 2449 bonheur de mourir, je ſerois condamné
955 2443 2407 2606 àune éternelle captivité.
957 2590 3306 2758 Ma plaie ſe rouvrit vingt fois, & mon
1000 2733 3308 2916 litfutbaigné de mon ſang. Enfin le monſ-
1000 2907 3296 3070 tueux Abbé vint me porter le dernier
955 3062 3294 3230 coup. A ſon aſpect abhorté: uQu'eſt
959 3217 3289 3384 ndevenue mon Adélaide? lui criai-je
962 3375 3292 3543 d'une voix forten. Le barbare étoit
967 3533 3289 3698 en grand deuil, un mouchoir blanc à
966 3683 3301 3858 la main, comme un perſonnage théâ-
966 3841 3301 4016 tal. Il n'épargna ni les ſanglots, ni les
969 3994 3282 4166 larmes, ni les mots entrecoupés. Il me
972 4152 3285 4326 préſenta une lettre d'Adélaide, conte-
955 4317 3275 4485 nant, diſoit-il, ſes dernieres volontés.
955 4458 3304 4643 Je voulus la lire, je n'en eus pas la
955 4611 3308 4799 ſorce. J'avois un voile répandu ſur les
969 4782 3280 4974 yeux. uMais, barbare, lui dis-je, parle
