4266 6032
976 247 3272 424 deux peut- être à une mort que je n'oſe
981 401 3270 578 euviſager ſans horreur? C'eſt ma cruelle
964 556 3270 749 jlouſie, c'eſt cette ſuite fatale de l'a-
965 711 3277 885 mour porté à ſon comble, qui a peut-
986 874 3275 1042 être cauſé tous nos maux. Je ne pou-
964 1026 3277 1189 vois forcer tout mon ſexe à fermer les
990 1180 3280 1354 yeux ſur toi. Des circonſtances, ſans
990 1340 3284 1505 doute irréfiſtibles, t'ont entraîné dans des
991 1490 3289 1660 fidélités paſſageres, pendantleſquelles
995 1645 3287 1812 ton cœur m'eſt toujours reſté. J'ai oſé
955 1805 3291 1967 m'initer contre ces effets naturels & in-
993 1959 3292 2125 diſpenſables de la préſence du plus
955 2111 3294 2279 chéri des hommes. J'ai oſé aſpirer à
979 2269 3294 2450 'éprouver... Epreuves cruelles, qui ne
993 2424 3297 2592 l'ont été que pour moi Enfin j'ai ſenti
996 2573 3301 2726 les triſtes effets de ces réſolutions indiſ-
995 2727 3303 2899 cretes & de ces erreurs fatales. J'ai
1002 2888 3303 3058 voulu les réparer. Je me ſuis apperçu
1002 3050 3304 3218 que notre auguſte bienfaitrice avoit
1000 3203 3306 3369 toujours ſenti pour toi un noble atta-
996 3358 3308 3549 chement qu'elle prenoit pour de l'a-
1000 3512 3308 3683 mitié, & qui étoit quelque choſe de
996 3662 3308 3837 plus tendre. J'ai vu qu'elle avoit tou-
986 3829 3308 3994 ours eu la force de ſoumettre aux
996 3980 3308 4151 lois de ſa généroſité, ce ſentiment ca-
998 4131 3308 4302 ché; qu'elle avoit toujours travaillé ſin-
966 4299 3308 4465 cetement pour notre bonheur récipro-
995 4451 3308 4617 que, & je me ſuis prêtée à recueillir
955 4597 3308 4774 les fruits de ſes nobles ſacrifices: mais
984 4752 3308 4940 jai cru m'appercevoir enfin que ſa der-
