<?xml version="1.0" encoding="UTF-8" standalone="no"?><PcGts xmlns="http://schema.primaresearch.org/PAGE/gts/pagecontent/2017-07-15" xmlns:xsi="http://www.w3.org/2001/XMLSchema-instance" xsi:schemaLocation="http://schema.primaresearch.org/PAGE/gts/pagecontent/2017-07-15 http://schema.primaresearch.org/PAGE/gts/pagecontent/2017-07-15/pagecontent.xsd"><Metadata><Creator/><Created>2020-10-14T10:27:26</Created><LastChange>1970-01-01T00:00:00</LastChange><Comments/></Metadata><Page imageFilename="0226.png" imageHeight="6032" imageWidth="4266"><TextRegion id="r1" orientation="0.0" type="paragraph"><Coords points="1,1 4264,1 4264,6030 1,6030"/><TextLine id="l1"><Coords points="3125,526 3124,526 3124,497 3124,496 2779,496 2778,497 2778,510 2778,510 2776,510 2774,512 2755,512 2754,513 2709,513 2708,514 2708,515 2708,515 2691,515 2690,515 2690,506 2690,505 2561,505 2560,505 2560,475 2560,474 2190,474 2188,472 1876,472 1875,473 1875,474 1874,475 1874,476 1871,479 1869,479 1868,480 1868,482 1861,489 1838,489 1837,490 1837,511 1837,511 1836,511 1835,511 1835,510 1835,509 1601,509 1600,509 1600,468 1600,467 1583,467 1581,465 1244,465 1242,467 1209,467 1208,468 1208,508 1208,508 1188,508 1187,508 1187,468 1187,467 1048,467 1046,466 1046,464 1046,463 953,463 950,461 950,454 951,453 952,453 952,453 952,392 953,391 1046,391 1046,391 1046,355 1048,353 1048,351 1049,350 1051,350 1053,348 1063,348 1068,353 1070,353 1070,354 1070,388 1071,388 1366,388 1366,388 1366,351 1367,350 1703,350 1705,348 1717,348 1717,349 1717,350 1718,350 1719,350 1719,351 1719,352 1720,352 1722,352 1723,353 2135,353 2137,351 2376,351 2377,350 2381,350 2381,350 2381,349 2382,348 2499,348 2500,350 2500,357 2501,357 2503,357 2504,358 2506,358 2506,359 2506,362 2507,362 2876,362 2876,362 2876,360 2878,358 2881,358 2881,358 2881,353 2882,352 2884,352 2886,350 2888,350 2888,350 2888,346 2890,344 2890,343 2891,342 2904,342 2905,344 2905,393 2906,393 3175,393 3175,393 3175,379 3177,377 3177,375 3178,374 3179,374 3179,374 3179,370 3184,365 3184,363 3185,362 3246,362 3246,362 3246,353 3247,352 3254,352 3254,353 3254,356 3256,357 3258,357 3258,358 3258,367 3259,367 3289,367 3289,368 3289,369 3290,369 3291,369 3292,370 3293,370 3295,372 3299,372 3299,373 3299,375 3301,377 3301,468 3302,468 3314,468 3315,470 3315,470 3300,470 3299,471 3299,486 3299,486 3298,486 3297,487 3297,489 3297,489 3295,489 3294,490 3294,491 3294,491 3293,491 3292,492 3292,493 3292,493 3183,493 3182,494 3145,494 3144,495 3144,522 3145,522 3330,522 3330,523 3330,524 3330,524 3145,524 3144,525 3144,526 3144,526"/><TextEquiv><Unicode/></TextEquiv><TextEquiv index="1"><Unicode>niere maladie, &amp; les ſoins que tu lui</Unicode></TextEquiv></TextLine><TextLine id="l2"><Coords points="3199,679 3189,679 3188,679 3188,673 3188,672 2715,672 2714,672 2714,671 2714,670 2548,670 2547,670 2547,669 2547,668 2172,668 2171,667 1307,667 1306,668 1295,668 1294,668 1294,667 1294,666 1293,666 1292,666 1292,624 1292,623 997,623 995,622 995,621 995,620 967,620 965,618 958,618 956,616 953,616 950,613 946,613 945,613 945,607 945,606 944,606 943,606 943,600 944,599 945,599 945,599 945,595 948,592 948,554 949,553 950,553 950,553 950,552 951,551 957,551 957,551 957,550 958,549 962,549 965,546 1186,546 1186,546 1186,512 1187,511 1187,509 1188,508 1208,508 1209,509 1618,509 1619,510 2008,510 2009,511 2010,511 2011,513 2011,525 2012,525 2689,525 2689,525 2689,518 2690,517 2690,516 2691,515 2780,515 2780,516 2780,518 2783,521 2783,526 2784,526 3144,526 3144,527 3144,528 3146,530 3146,539 3147,539 3284,539 3284,540 3284,566 3285,566 3293,566 3295,568 3297,568 3299,571 3299,577 3300,577 3308,577 3308,578 3308,613 3309,613 3328,613 3328,614 3328,615 3327,616 3327,661 3327,661 3269,661 3268,662 3268,663 3268,663 3225,663 3224,664 3224,678 3224,678 3201,678 3200,679 3200,680 3200,680"/><TextEquiv><Unicode/></TextEquiv><TextEquiv index="1"><Unicode>avois prodigués dans cette criſe, avoient</Unicode></TextEquiv></TextLine><TextLine id="l3"><Coords points="3218,837 3217,837 3217,808 3217,807 3023,807 3022,808 3022,818 3022,818 2967,818 2966,819 2966,826 2966,826 2862,826 2861,827 2861,828 2861,828 2858,828 2857,828 2857,820 2857,819 2831,819 2830,819 2830,808 2830,807 2583,807 2582,808 2582,809 2582,809 2569,809 2568,810 2568,816 2568,816 2566,816 2565,816 2565,810 2565,809 2507,809 2506,809 2506,796 2506,795 2306,795 2305,796 2305,812 2304,813 2302,812 2302,788 2302,787 2081,787 2080,788 2080,802 2080,802 2076,802 2075,803 2075,821 2075,821 2071,821 2069,823 2062,823 2061,824 2044,824 2043,825 2037,825 2033,821 2031,821 2030,821 2030,786 2030,785 1904,785 1902,783 1847,783 1846,782 1494,782 1493,783 1446,783 1445,784 1445,804 1445,804 1443,804 1442,804 1442,783 1442,782 1387,782 1385,780 1258,780 1257,781 1257,820 1257,820 1242,820 1241,820 1241,781 1241,780 1221,780 1220,781 1220,805 1219,806 1218,806 1217,806 1217,781 1217,780 1206,780 1204,778 989,778 987,780 981,780 979,778 960,778 957,776 957,771 955,769 955,683 955,682 951,682 950,682 950,681 950,680 948,680 947,680 947,671 948,670 948,668 950,666 952,666 953,665 1100,665 1100,665 1100,664 1101,663 1168,663 1170,661 1185,661 1189,665 1191,665 1192,666 1227,666 1227,667 1227,668 1229,670 1229,687 1230,687 1232,687 1232,688 1232,706 1233,706 1433,706 1433,706 1433,704 1435,702 1638,702 1638,702 1638,700 1640,698 1640,693 1641,692 1641,687 1643,685 1643,683 1648,678 1650,678 1650,678 1650,676 1653,673 1655,673 1657,671 1659,671 1660,670 1662,670 1662,670 1662,668 1663,667 1681,667 1682,668 1688,668 1688,669 1688,670 1690,672 1690,706 1691,706 1722,706 1723,707 1934,707 1934,707 1934,700 1935,699 1937,699 1937,700 1937,711 1938,711 2114,711 2114,711 2114,709 2116,707 2168,707 2168,707 2168,671 2169,670 2169,669 2170,668 2281,668 2285,673 2285,674 2286,674 2450,674 2453,671 2455,671 2456,670 2460,670 2460,670 2460,669 2461,668 2615,668 2615,668 2615,667 2616,666 2637,666 2637,667 2637,668 2638,668 2639,668 2639,669 2639,670 2640,671 2641,671 2642,671 2643,672 2733,672 2734,673 2896,673 2898,675 2902,675 2905,679 2905,680 2906,680 3187,680 3188,679 3199,679 3200,680 3201,680 3203,683 3203,687 3204,687 3253,687 3253,688 3253,695 3254,695 3269,695 3270,697 3270,725 3271,725 3303,725 3304,726 3305,726 3308,730 3308,793 3309,793 3324,793 3325,795 3325,795 3300,795 3299,796 3299,799 3299,799 3298,799 3297,800 3297,802 3295,804 3293,804 3292,805 3292,806 3292,806 3288,806 3287,807 3287,809 3285,811 3243,811 3242,812 3242,831 3242,831 3221,831 3220,832 3220,837 3220,837"/><TextEquiv><Unicode/></TextEquiv><TextEquiv index="1"><Unicode>briſé cette force qui la faiſoit s'oublier</Unicode></TextEquiv></TextLine><TextLine id="l4"><Coords points="3185,993 3184,992 3110,992 3109,992 3109,990 3109,989 2939,989 2938,988 2903,988 2902,988 2902,987 2902,986 2901,986 2900,986 2900,982 2900,981 2035,981 2033,980 2033,979 2033,978 1428,978 1427,978 1427,968 1427,967 1249,967 1246,965 1246,963 1246,962 1245,962 1244,962 1244,939 1244,938 1206,938 1204,936 1054,936 1053,935 1000,935 998,933 972,933 971,933 971,931 970,930 970,929 968,929 967,929 967,925 964,921 963,921 962,921 962,920 962,919 961,919 960,919 960,918 959,917 959,914 957,912 957,910 953,906 953,899 952,897 951,897 950,897 950,888 952,886 952,884 955,881 957,881 958,880 962,876 962,874 965,871 970,871 975,866 981,866 981,866 981,865 982,864 1050,864 1050,864 1050,863 1052,861 1054,861 1056,859 1196,859 1196,859 1196,858 1197,857 1237,857 1237,857 1237,826 1239,824 1239,822 1241,820 1258,820 1259,821 1320,821 1320,822 1320,823 1321,823 1562,823 1563,824 1565,824 1567,826 2594,826 2594,827 2594,828 2595,828 2622,828 2622,829 2622,835 2623,835 2847,835 2847,836 2847,838 2848,838 3149,838 3149,839 3149,854 3150,854 3306,854 3306,855 3306,881 3307,881 3321,881 3321,882 3321,883 3321,883 3307,883 3306,884 3306,948 3301,953 3299,953 3295,957 3288,957 3287,958 3287,960 3285,962 3202,962 3201,963 3201,993 3201,993"/><TextEquiv><Unicode/></TextEquiv><TextEquiv index="1"><Unicode>continuellement, pour ne s'occuper que</Unicode></TextEquiv></TextLine><TextLine id="l5"><Coords points="2558,1174 2555,1172 2555,1170 2555,1169 2544,1169 2542,1168 2542,1154 2542,1153 2540,1153 2539,1153 2539,1151 2537,1149 2537,1145 2537,1144 2501,1144 2499,1143 2499,1142 2499,1141 2497,1139 2495,1139 2494,1139 2494,1138 2494,1137 2246,1137 2245,1137 2245,1101 2245,1100 2241,1100 2240,1100 2240,1099 2240,1098 1799,1098 1797,1096 1453,1096 1452,1097 1452,1101 1450,1103 1450,1105 1450,1105 1447,1105 1445,1104 1445,1099 1445,1098 1440,1098 1437,1095 1337,1095 1335,1093 1127,1093 1077,1093 1075,1095 982,1095 981,1096 981,1134 981,1134 954,1134 953,1134 953,1048 955,1046 957,1046 959,1044 959,1037 960,1036 962,1036 967,1031 970,1031 971,1030 971,1027 974,1024 974,1023 975,1022 979,1022 981,1020 1002,1020 1002,1020 1002,984 1003,983 1003,982 1004,981 1022,981 1022,982 1022,984 1024,986 1024,989 1026,991 1026,996 1027,997 1027,1015 1028,1015 1426,1015 1426,1015 1426,979 1427,978 1442,978 1443,979 1627,979 1629,981 1741,981 1741,982 1741,984 1743,985 1980,985 1980,985 1980,984 1981,983 2143,983 2147,979 2162,979 2164,982 2164,984 2168,988 2168,1007 2169,1007 2180,1007 2180,1008 2180,1012 2181,1012 2510,1012 2510,1012 2510,1004 2511,1003 2737,1003 2737,1003 2737,998 2740,995 2740,993 2747,986 2752,986 2754,988 2938,988 2939,989 2949,989 2951,991 3053,991 3054,992 3127,992 3128,993 3201,993 3201,994 3201,1014 3202,1014 3280,1014 3280,1015 3280,1043 3281,1043 3289,1043 3289,1044 3289,1077 3290,1077 3295,1077 3297,1080 3297,1082 3299,1084 3299,1087 3301,1089 3301,1093 3302,1093 3303,1093 3303,1094 3303,1103 3304,1103 3311,1103 3311,1104 3311,1110 3310,1111 3310,1118 3309,1119 3300,1119 3299,1120 3299,1124 3299,1124 3297,1124 3296,1125 3296,1127 3296,1127 3295,1127 3294,1128 3294,1129 3294,1129 3293,1129 3292,1130 3292,1131 3291,1132 3290,1132 3289,1133 3289,1134 3289,1134 3287,1134 3285,1136 3280,1136 3279,1136 3279,1111 3279,1110 3013,1110 3012,1111 3012,1127 3012,1127 3001,1127 3000,1127 3000,1109 3000,1108 2760,1108 2759,1109 2759,1125 2757,1127 2757,1129 2756,1130 2756,1132 2754,1134 2752,1134 2751,1135 2751,1139 2751,1139 2750,1139 2749,1140 2749,1141 2749,1141 2743,1141 2741,1143 2571,1143 2570,1144 2570,1151 2570,1151 2568,1151 2567,1152 2567,1173 2566,1174"/><TextEquiv><Unicode/></TextEquiv><TextEquiv index="1"><Unicode>de nos intérêts. J'ai cru que je devois,</Unicode></TextEquiv></TextLine><TextLine id="l6"><Coords points="1758,1295 1757,1295 1757,1278 1757,1277 1677,1277 1676,1277 1676,1255 1676,1254 1419,1254 1416,1251 1240,1251 1239,1251 1239,1250 1239,1249 1226,1249 1225,1248 969,1248 967,1247 967,1245 965,1242 961,1242 957,1239 957,1238 957,1237 956,1237 955,1237 955,1233 952,1230 952,1197 952,1196 948,1196 947,1196 947,1192 947,1191 946,1191 945,1191 945,1187 946,1186 953,1186 953,1186 953,1135 954,1134 986,1134 986,1135 986,1137 988,1139 988,1144 991,1147 991,1149 993,1151 993,1155 994,1155 996,1155 996,1156 996,1159 998,1161 998,1165 999,1165 2013,1165 2013,1165 2013,1164 2014,1163 2014,1160 2016,1158 2016,1154 2017,1153 2018,1153 2018,1153 2018,1152 2019,1151 2020,1151 2020,1151 2020,1147 2021,1146 2021,1144 2022,1143 2024,1143 2030,1137 2034,1137 2035,1136 2035,1135 2036,1134 2038,1134 2041,1131 2333,1131 2334,1132 2336,1132 2336,1133 2336,1134 2337,1134 2338,1134 2338,1135 2338,1136 2339,1136 2341,1136 2341,1137 2341,1141 2342,1141 2990,1141 2990,1142 2990,1143 2991,1143 2993,1143 2996,1146 2998,1146 2998,1147 2998,1184 2999,1184 3201,1184 3204,1187 3237,1187 3237,1188 3237,1189 3238,1189 3285,1189 3287,1191 3296,1191 3297,1192 3298,1192 3300,1194 3301,1194 3301,1195 3301,1196 3303,1198 3303,1199 3304,1200 3304,1204 3308,1208 3308,1210 3310,1211 3312,1211 3313,1213 3313,1222 3313,1222 3309,1222 3308,1223 3308,1258 3308,1258 3305,1258 3304,1259 3304,1261 3302,1263 3300,1263 3299,1264 3299,1265 3299,1265 3298,1265 3297,1266 3296,1266 3292,1270 2674,1270 2673,1271 2673,1295 2673,1295"/><TextEquiv><Unicode/></TextEquiv><TextEquiv index="1"><Unicode>à mon tour, me ſacriſier à une femme</Unicode></TextEquiv></TextLine><TextLine id="l7"><Coords points="2685,1471 2680,1467 2680,1455 2680,1454 2671,1454 2670,1454 2670,1452 2668,1450 2668,1412 2668,1411 2511,1411 2509,1413 2382,1413 2381,1413 2381,1412 2381,1411 2195,1411 2193,1413 2119,1413 2118,1414 2105,1414 2102,1411 1923,1411 1918,1416 1914,1416 1913,1416 1913,1414 1911,1412 1911,1409 1911,1408 1661,1408 1660,1409 1660,1423 1659,1424 1659,1446 1658,1447 1651,1447 1650,1448 1650,1449 1650,1449 1649,1449 1648,1450 1581,1450 1580,1451 1569,1451 1568,1451 1568,1434 1568,1433 1510,1433 1509,1433 1509,1410 1509,1409 1319,1409 1318,1410 1318,1413 1318,1413 1311,1413 1309,1412 1309,1409 1309,1408 1291,1408 1290,1407 1279,1407 1278,1406 961,1406 960,1407 960,1411 958,1413 955,1413 953,1412 953,1408 952,1407 952,1397 950,1395 950,1390 948,1388 948,1383 949,1382 950,1382 950,1382 950,1378 952,1376 955,1376 955,1376 955,1337 957,1335 957,1333 958,1332 964,1332 964,1332 964,1331 965,1330 969,1330 969,1330 969,1329 970,1328 1072,1328 1072,1328 1072,1297 1073,1296 1080,1296 1084,1292 1094,1292 1095,1294 1095,1297 1096,1298 1096,1332 1097,1332 1251,1332 1251,1332 1251,1331 1252,1330 1303,1330 1303,1330 1303,1298 1307,1294 1399,1294 1399,1294 1399,1293 1400,1292 1411,1292 1411,1293 1411,1296 1412,1296 1413,1296 1413,1297 1413,1301 1414,1302 1414,1332 1415,1332 1468,1332 1468,1333 1468,1334 1470,1335 1472,1335 1474,1337 1480,1337 1480,1338 1480,1342 1481,1342 1483,1342 1483,1343 1483,1344 1484,1344 1485,1344 1485,1345 1485,1346 1486,1346 1593,1346 1593,1346 1593,1343 1594,1342 1595,1342 1597,1340 1600,1340 1601,1339 1603,1339 1605,1337 1629,1337 1631,1335 1643,1335 1645,1333 1755,1333 1755,1333 1755,1297 1757,1295 1776,1295 1777,1297 1777,1330 1778,1330 1860,1330 1860,1331 1860,1332 1861,1332 1863,1332 1864,1333 2052,1333 2052,1333 2052,1301 2054,1299 2054,1297 2056,1295 2077,1295 2078,1297 2078,1332 2079,1332 2169,1332 2169,1332 2169,1331 2170,1330 2186,1330 2188,1332 2374,1332 2374,1332 2374,1331 2375,1330 2376,1330 2376,1330 2376,1329 2377,1328 2450,1328 2450,1328 2450,1321 2451,1320 2451,1316 2453,1314 2453,1312 2454,1311 2455,1311 2456,1310 2456,1308 2460,1304 2462,1304 2462,1304 2462,1302 2465,1299 2467,1299 2470,1296 2470,1295 2471,1294 2477,1294 2481,1290 2495,1290 2496,1292 2496,1294 2497,1294 2585,1294 2586,1295 2673,1295 2673,1296 2673,1335 2674,1335 2951,1335 2953,1337 2959,1337 2959,1338 2959,1339 2960,1339 3110,1339 3110,1339 3110,1338 3111,1337 3122,1337 3124,1339 3198,1339 3199,1340 3202,1340 3206,1344 3247,1344 3250,1347 3254,1347 3255,1349 3255,1356 3256,1356 3285,1356 3285,1357 3285,1389 3286,1389 3296,1389 3299,1393 3299,1397 3300,1397 3301,1397 3301,1398 3301,1400 3303,1402 3303,1407 3301,1409 3301,1411 3301,1411 3300,1411 3299,1412 3299,1428 3296,1431 3296,1435 3296,1435 3295,1435 3294,1436 3294,1437 3294,1437 3293,1437 3292,1438 3289,1441 3289,1442 3289,1442 3288,1442 3287,1443 3287,1444 3287,1444 3278,1444 3277,1444 3277,1443 3277,1442 3276,1442 3275,1442 3275,1419 3275,1418 3225,1418 3223,1416 3170,1416 3168,1414 3054,1414 3053,1413 2998,1413 2996,1411 2944,1411 2943,1412 2943,1455 2943,1455 2924,1455 2923,1455 2923,1412 2923,1411 2805,1411 2803,1413 2796,1413 2795,1414 2714,1414 2713,1415 2713,1443 2711,1445 2711,1449 2711,1449 2709,1449 2708,1450 2708,1452 2708,1452 2705,1452 2704,1453 2704,1466 2699,1471"/><TextEquiv><Unicode/></TextEquiv><TextEquiv index="1"><Unicode>adorable, qui avoit tout fait pour nous,</Unicode></TextEquiv></TextLine><TextLine id="l8"><Coords points="2937,1608 2936,1608 2936,1586 2936,1585 2933,1585 2929,1582 2929,1572 2929,1571 2862,1571 2861,1572 2861,1598 2861,1598 2858,1598 2857,1598 2857,1574 2857,1573 2821,1573 2819,1572 2819,1567 2819,1566 2817,1566 2816,1566 2816,1565 2816,1564 2709,1564 2707,1566 2691,1566 2690,1567 2683,1567 2682,1566 2568,1566 2567,1567 2567,1580 2565,1582 2565,1586 2563,1588 2563,1597 2563,1597 2562,1597 2561,1598 2561,1602 2561,1602 2557,1602 2553,1606 2553,1607 2553,1607 2540,1607 2539,1607 2539,1567 2539,1566 2454,1566 2453,1567 2443,1567 2441,1569 2430,1569 2428,1567 2425,1567 2424,1566 2332,1566 2331,1567 2331,1571 2331,1571 2323,1571 2322,1572 2322,1604 2321,1605 2320,1605 2319,1606 2319,1607 2319,1607 2292,1607 2291,1608 2220,1608 2219,1608 2219,1568 2219,1567 2074,1567 2073,1566 1992,1566 1990,1564 1899,1564 1897,1566 1874,1566 1873,1567 1873,1592 1873,1592 1872,1592 1870,1591 1870,1570 1870,1569 1856,1569 1854,1568 1854,1565 1854,1564 1703,1564 1701,1566 1694,1566 1693,1567 1691,1567 1689,1569 1686,1569 1684,1571 1679,1571 1677,1569 1675,1569 1673,1567 1672,1567 1671,1566 1571,1566 1569,1564 1422,1564 1421,1565 1421,1566 1421,1566 1417,1566 1416,1567 1411,1567 1409,1569 1400,1569 1399,1569 1399,1567 1397,1564 1348,1564 1347,1564 1347,1563 1347,1562 1182,1562 1181,1561 1151,1561 1149,1559 1144,1559 1143,1559 1143,1557 1142,1555 1011,1555 1010,1556 1010,1557 1010,1557 992,1557 991,1557 991,1556 991,1555 982,1555 979,1552 975,1552 974,1552 974,1551 974,1550 970,1550 969,1550 969,1548 969,1547 967,1547 966,1546 965,1546 965,1544 964,1542 958,1542 957,1542 957,1533 955,1531 955,1527 956,1526 957,1526 957,1526 957,1493 958,1492 977,1492 977,1492 977,1468 981,1464 981,1460 982,1459 988,1459 988,1459 988,1455 990,1453 990,1450 991,1449 1000,1449 1000,1449 1000,1448 1001,1447 1013,1447 1015,1449 1024,1449 1026,1452 1026,1454 1027,1454 1031,1454 1031,1455 1031,1456 1032,1456 1033,1456 1033,1457 1033,1459 1036,1462 1036,1488 1037,1488 1153,1488 1154,1487 1339,1487 1339,1487 1339,1484 1340,1483 1356,1483 1356,1484 1356,1485 1357,1485 1358,1485 1358,1486 1358,1492 1359,1492 1450,1492 1452,1490 1457,1490 1459,1488 1560,1488 1560,1488 1560,1458 1562,1456 1562,1455 1563,1454 1565,1454 1568,1451 1581,1451 1581,1452 1581,1454 1582,1454 1585,1454 1585,1455 1585,1490 1586,1490 1639,1490 1641,1492 1689,1492 1690,1493 1696,1493 1696,1494 1696,1495 1697,1495 1700,1495 1700,1496 1700,1497 1703,1499 1794,1499 1794,1499 1794,1497 1796,1495 1796,1493 1800,1489 1800,1488 1801,1487 1801,1483 1803,1481 1803,1472 1804,1471 1805,1471 1805,1471 1805,1470 1806,1469 1806,1468 1808,1466 1808,1462 1809,1461 1810,1461 1810,1461 1810,1457 1812,1455 1812,1453 1815,1450 1820,1450 1821,1449 1830,1449 1832,1452 1832,1454 1833,1454 1834,1454 1834,1455 1834,1459 1836,1461 1836,1464 1837,1465 1837,1467 1839,1469 1839,1471 1840,1471 1841,1471 1841,1472 1841,1474 1843,1476 1843,1478 1844,1478 1846,1478 1846,1479 1846,1483 1848,1485 1848,1488 1849,1489 1849,1490 1850,1490 2023,1490 2025,1488 2157,1488 2157,1488 2157,1486 2158,1485 2162,1485 2164,1483 2167,1483 2169,1481 2170,1481 2171,1483 2171,1485 2172,1485 2178,1485 2178,1486 2178,1495 2179,1495 2266,1495 2266,1495 2266,1494 2267,1493 2295,1493 2296,1492 2331,1492 2331,1492 2331,1491 2332,1490 2343,1490 2343,1491 2343,1492 2344,1492 2441,1492 2441,1492 2441,1491 2442,1490 2456,1490 2458,1492 2541,1492 2541,1492 2541,1464 2542,1463 2542,1459 2544,1457 2579,1457 2580,1456 2580,1455 2581,1454 2582,1454 2582,1454 2582,1453 2583,1452 2585,1452 2587,1450 2599,1450 2599,1451 2599,1452 2600,1452 2602,1452 2603,1454 2603,1457 2606,1459 2640,1459 2640,1460 2640,1487 2641,1487 2646,1487 2651,1492 2768,1492 2769,1493 2864,1493 2865,1492 2921,1492 2921,1492 2921,1458 2922,1457 2923,1457 2923,1457 2923,1456 2924,1455 2943,1455 2943,1456 2943,1497 2944,1497 3080,1497 3082,1495 3098,1495 3100,1493 3101,1493 3102,1492 3108,1492 3109,1493 3113,1493 3115,1496 3115,1497 3116,1497 3118,1497 3120,1499 3218,1499 3218,1499 3218,1498 3219,1497 3278,1497 3280,1499 3292,1499 3292,1500 3292,1503 3301,1511 3303,1511 3303,1512 3303,1542 3304,1543 3304,1546 3306,1548 3306,1555 3304,1557 3304,1559 3303,1560 3303,1562 3303,1562 3302,1562 3301,1563 3301,1567 3299,1569 3299,1572 3297,1574 3292,1574 3288,1578 3226,1578 3225,1579 3225,1585 3225,1585 3223,1585 3222,1585 3222,1575 3222,1574 3163,1574 3161,1576 3156,1576 3153,1574 3153,1572 3153,1571 3085,1571 3084,1571 3084,1570 3082,1567 2990,1567 2988,1569 2984,1569 2982,1571 2956,1571 2955,1572 2955,1608 2955,1608"/><TextEquiv><Unicode/></TextEquiv><TextEquiv index="1"><Unicode>&amp; au tendre Amant que j'annois avec</Unicode></TextEquiv></TextLine><TextLine id="l9"><Coords points="3024,1767 3023,1766 3011,1766 3008,1764 3008,1756 3008,1755 3001,1755 3000,1755 3000,1735 3000,1734 2960,1734 2959,1734 2959,1727 2959,1726 2791,1726 2790,1727 2779,1727 2778,1726 2769,1726 2768,1726 2768,1725 2768,1724 2518,1724 2515,1727 2504,1727 2503,1728 2503,1731 2503,1731 2502,1731 2501,1731 2501,1728 2501,1727 2375,1727 2374,1726 1989,1726 1987,1724 1981,1724 1980,1724 1980,1723 1980,1722 1782,1722 1780,1724 1768,1724 1767,1724 1767,1723 1767,1722 1765,1722 1764,1721 1684,1721 1683,1722 1683,1762 1683,1762 1668,1762 1667,1762 1667,1722 1667,1721 1608,1721 1607,1722 1506,1722 1505,1723 1505,1743 1505,1743 1450,1743 1449,1744 1449,1758 1449,1758 1448,1758 1447,1759 1447,1760 1444,1763 1444,1765 1444,1765 1426,1765 1424,1767 1412,1767 1411,1767 1411,1766 1411,1765 1410,1765 1407,1762 1405,1762 1404,1762 1404,1723 1404,1722 1333,1722 1330,1719 1159,1719 1158,1720 1158,1758 1158,1758 1146,1758 1144,1760 1135,1760 1134,1761 1134,1762 1134,1762 1118,1762 1117,1762 1117,1760 1117,1759 1079,1759 1078,1759 1078,1720 1078,1719 1039,1719 1038,1719 1038,1718 1038,1717 1023,1717 1022,1717 1022,1716 1021,1714 972,1714 971,1714 971,1713 971,1712 970,1712 969,1712 969,1704 969,1703 967,1703 966,1703 966,1612 965,1610 958,1610 957,1610 957,1605 959,1603 976,1603 979,1600 984,1600 986,1602 988,1602 989,1603 992,1603 993,1605 993,1645 994,1645 1206,1645 1206,1645 1206,1612 1208,1610 1210,1610 1211,1609 1213,1609 1213,1609 1213,1608 1214,1607 1230,1607 1230,1608 1230,1610 1232,1612 1232,1645 1233,1645 1308,1645 1309,1646 1535,1646 1536,1645 1703,1645 1703,1645 1703,1614 1708,1609 1710,1609 1710,1609 1710,1608 1711,1607 1837,1607 1839,1605 1841,1605 1843,1603 1867,1603 1869,1605 1871,1605 1872,1607 1872,1609 1873,1609 1875,1609 1875,1610 1875,1612 1876,1612 1877,1612 1877,1613 1877,1641 1878,1641 1985,1641 1985,1642 1985,1643 1986,1643 1990,1643 1991,1645 1991,1646 1992,1646 2037,1646 2037,1646 2037,1629 2039,1627 2039,1622 2040,1621 2040,1615 2041,1614 2042,1614 2042,1614 2042,1612 2047,1607 2054,1607 2056,1609 2058,1609 2059,1610 2217,1610 2218,1609 2219,1609 2220,1608 2291,1608 2291,1609 2291,1610 2292,1610 2293,1610 2293,1611 2293,1612 2294,1612 2296,1612 2298,1615 2298,1645 2299,1645 2376,1645 2377,1646 2543,1646 2544,1645 2623,1645 2623,1645 2623,1643 2627,1639 2627,1637 2628,1636 2771,1636 2771,1636 2771,1615 2772,1614 2774,1614 2774,1614 2776,1612 2776,1610 2777,1609 2836,1609 2838,1607 2852,1607 2853,1608 2956,1608 2959,1612 2959,1650 2960,1650 3227,1650 3227,1650 3227,1646 3229,1644 3229,1637 3230,1636 3230,1631 3232,1629 3232,1627 3233,1626 3235,1626 3236,1625 3236,1622 3237,1621 3237,1619 3240,1616 3242,1616 3242,1616 3242,1614 3246,1610 3248,1610 3249,1609 3249,1608 3250,1607 3265,1607 3265,1608 3265,1609 3267,1610 3269,1610 3272,1614 3272,1616 3273,1616 3297,1616 3298,1617 3299,1617 3299,1618 3299,1660 3300,1660 3301,1660 3301,1661 3301,1665 3303,1667 3303,1676 3304,1677 3304,1717 3303,1718 3303,1720 3301,1722 3301,1724 3301,1724 3300,1724 3299,1725 3299,1726 3299,1726 3298,1726 3297,1727 3297,1729 3297,1729 3295,1729 3294,1730 3294,1731 3294,1731 3288,1731 3287,1732 3287,1734 3287,1734 3283,1734 3282,1734 3282,1732 3282,1731 3280,1731 3278,1729 3056,1729 3055,1730 3055,1732 3054,1733 3053,1733 3052,1734 3052,1763 3052,1763 3050,1763 3046,1767"/><TextEquiv><Unicode/></TextEquiv><TextEquiv index="1"><Unicode>le plus pur déſintéreſſement. J'ai penſé</Unicode></TextEquiv></TextLine><TextLine id="l10"><Coords points="2016,1925 2014,1923 2010,1923 2008,1922 2008,1916 2008,1915 1123,1915 1122,1914 1115,1914 1114,1913 1023,1913 1022,1913 1022,1912 1022,1911 1016,1911 1014,1910 1014,1909 1014,1908 1013,1908 1012,1908 1012,1902 1012,1901 1011,1901 1010,1901 1010,1875 1010,1874 986,1874 984,1872 981,1872 979,1870 977,1870 975,1868 973,1868 971,1867 971,1866 971,1865 970,1865 969,1865 969,1864 969,1863 968,1863 966,1861 965,1861 964,1861 964,1858 962,1856 962,1854 960,1852 960,1849 960,1848 951,1848 950,1848 950,1847 951,1846 959,1846 959,1846 959,1821 960,1820 964,1820 965,1819 965,1817 967,1815 969,1815 969,1815 969,1814 970,1813 971,1813 971,1813 971,1811 976,1806 978,1806 979,1805 986,1805 986,1805 986,1804 987,1803 988,1803 988,1803 988,1802 989,1801 991,1801 992,1800 1077,1800 1077,1800 1077,1760 1078,1759 1087,1759 1087,1760 1087,1762 1088,1762 2522,1762 2523,1763 2760,1763 2762,1765 3246,1765 3246,1766 3246,1770 3248,1772 3248,1777 3249,1778 3249,1806 3250,1806 3285,1806 3287,1808 3292,1808 3296,1813 3296,1815 3297,1815 3301,1815 3301,1816 3301,1817 3302,1817 3303,1817 3303,1818 3303,1863 3306,1866 3306,1868 3307,1868 3309,1868 3310,1870 3310,1896 3311,1897 3311,1898 3311,1898 3304,1898 3303,1899 3231,1899 3230,1900 3230,1917 3230,1917 3154,1917 3153,1918 3153,1923 3153,1923 2062,1923 2061,1924 2061,1925 2061,1925"/><TextEquiv><Unicode/></TextEquiv><TextEquiv index="1"><Unicode>qu'en travaillant pour le bonheur de la</Unicode></TextEquiv></TextLine><TextLine id="l11"><Coords points="2955,2080 2954,2079 2882,2079 2881,2079 2881,2076 2881,2075 2829,2075 2828,2075 2828,2070 2828,2069 2815,2069 2814,2069 2814,2066 2814,2065 2707,2065 2706,2066 2706,2071 2706,2071 2592,2071 2591,2072 2591,2073 2591,2073 2521,2073 2520,2074 2520,2075 2520,2075 2384,2075 2383,2076 2378,2076 2377,2076 2377,2067 2377,2066 2266,2066 2265,2067 2265,2068 2265,2068 2217,2068 2216,2069 2216,2077 2216,2077 2197,2077 2196,2077 2196,2069 2196,2068 2127,2068 2126,2068 2126,2062 2126,2061 2057,2061 2056,2061 2056,2060 2056,2059 2022,2059 2021,2059 2021,2048 2021,2047 2005,2047 2004,2047 2004,2036 2004,2035 1907,2035 1906,2036 1906,2037 1906,2037 1904,2037 1903,2038 1903,2045 1902,2046 1881,2046 1880,2047 1880,2059 1880,2059 1840,2059 1839,2060 1839,2066 1839,2066 1792,2066 1791,2067 1791,2068 1791,2068 1782,2068 1781,2069 1781,2074 1780,2075 1778,2075 1777,2076 1744,2076 1743,2075 1741,2075 1739,2074 1739,2038 1739,2037 1734,2037 1733,2037 1733,2033 1733,2032 1565,2032 1564,2033 1564,2037 1564,2037 1563,2037 1562,2038 1562,2042 1559,2045 1559,2047 1559,2047 1558,2047 1557,2048 1557,2049 1554,2052 1550,2052 1549,2053 1549,2055 1548,2056 1546,2056 1544,2058 1543,2058 1542,2059 1534,2059 1531,2057 1531,2038 1531,2037 1407,2037 1406,2038 1406,2073 1406,2073 1383,2073 1382,2074 1382,2076 1382,2076 1362,2076 1361,2076 1361,2038 1361,2037 1318,2037 1316,2035 1314,2035 1313,2035 1313,2033 1313,2032 1245,2032 1244,2032 1244,2031 1244,2030 1152,2030 1151,2031 1151,2059 1151,2059 1149,2059 1148,2059 1148,2031 1148,2030 1053,2030 1051,2032 1044,2032 1043,2032 1043,2029 1043,2028 961,2028 960,2027 959,2027 957,2026 957,2023 955,2021 955,1920 962,1913 984,1913 986,1915 995,1915 996,1916 1002,1916 1004,1918 1112,1918 1113,1917 1113,1915 1114,1914 1122,1914 1123,1915 1131,1915 1131,1916 1131,1917 1133,1918 1134,1918 1134,1919 1134,1951 1135,1951 1229,1951 1229,1951 1229,1943 1230,1942 1232,1942 1232,1942 1232,1935 1233,1934 1235,1934 1235,1935 1235,1946 1236,1946 1246,1946 1246,1947 1246,1958 1247,1958 1371,1958 1371,1958 1371,1954 1373,1952 1373,1938 1374,1937 1375,1937 1375,1937 1375,1933 1378,1930 1378,1928 1379,1927 1380,1927 1380,1927 1380,1923 1381,1922 1383,1922 1383,1922 1383,1918 1385,1916 1390,1916 1391,1915 1392,1915 1392,1915 1392,1914 1393,1913 1397,1913 1399,1911 1414,1911 1414,1912 1414,1913 1415,1913 1450,1913 1452,1915 1457,1915 1463,1922 1463,1923 1464,1924 1464,1925 1465,1925 1466,1925 1466,1926 1466,1932 1467,1932 1478,1932 1480,1935 1480,1939 1481,1939 1622,1939 1622,1939 1622,1937 1626,1933 1626,1931 1627,1930 1628,1930 1629,1929 1629,1927 1633,1923 1638,1923 1638,1923 1638,1919 1639,1918 1640,1918 1642,1916 1652,1916 1654,1918 1662,1918 1662,1919 1662,1920 1663,1920 1665,1920 1667,1922 1671,1922 1672,1924 1672,1925 1673,1925 1701,1925 1701,1926 1701,1953 1702,1954 1702,1959 1703,1959 1800,1959 1800,1959 1800,1924 1801,1923 1855,1923 1856,1922 1858,1922 1858,1923 1858,1932 1859,1932 1875,1932 1875,1933 1875,1939 1876,1939 1985,1939 1985,1939 1985,1921 1986,1920 2001,1920 2001,1921 2001,1928 2002,1928 2133,1928 2133,1928 2133,1925 2135,1923 2195,1923 2195,1923 2195,1921 2196,1920 2200,1920 2200,1920 2200,1918 2202,1916 2244,1916 2246,1918 2248,1918 2250,1921 2252,1923 2252,1925 2253,1925 2293,1925 2293,1926 2293,1930 2294,1930 2396,1930 2396,1930 2396,1920 2397,1919 2400,1919 2400,1920 2400,1922 2401,1922 2474,1922 2474,1923 2474,1946 2475,1946 2580,1946 2580,1946 2580,1928 2581,1927 2665,1927 2665,1927 2665,1926 2666,1925 2694,1925 2694,1925 2694,1924 2695,1923 2696,1923 2697,1922 2697,1921 2698,1920 2704,1920 2706,1918 2730,1918 2730,1919 2730,1922 2731,1922 2732,1922 2733,1923 2814,1923 2814,1924 2814,1942 2815,1942 2817,1942 2818,1944 2818,1952 2819,1952 2919,1952 2919,1952 2919,1942 2921,1940 2947,1940 2947,1940 2947,1938 2948,1937 2962,1937 2962,1937 2962,1925 2964,1923 3017,1923 3022,1918 3036,1918 3036,1919 3036,1920 3037,1920 3038,1920 3038,1921 3038,1925 3039,1925 3132,1925 3132,1925 3132,1924 3133,1923 3218,1923 3220,1925 3222,1925 3222,1926 3222,1942 3223,1942 3235,1942 3237,1944 3280,1944 3282,1946 3285,1946 3285,1947 3285,1992 3286,1992 3289,1992 3289,1993 3289,2006 3292,2008 3294,2008 3294,2009 3294,2013 3295,2013 3296,2013 3297,2015 3297,2019 3299,2021 3299,2023 3300,2023 3301,2023 3301,2024 3301,2025 3302,2025 3303,2025 3303,2026 3303,2031 3301,2033 3299,2033 3297,2035 3297,2039 3294,2042 3294,2044 3294,2044 3293,2044 3292,2045 3292,2049 3291,2050 3291,2053 3290,2054 3288,2054 3287,2055 3287,2057 3285,2059 3259,2059 3258,2060 3258,2068 3258,2068 3256,2068 3255,2068 3255,2064 3255,2063 3163,2063 3162,2064 3162,2069 3161,2070 3133,2070 3132,2071 3132,2073 3132,2073 3099,2073 3098,2074 3098,2079 3098,2079 3094,2079 3093,2078 2986,2078 2984,2080"/><TextEquiv><Unicode/></TextEquiv><TextEquiv index="1"><Unicode>Princeſſe, &amp; pour ta fortune &amp; ta gloire,</Unicode></TextEquiv></TextLine><TextLine id="l12"><Coords points="2265,2234 2264,2233 2248,2233 2246,2231 2239,2231 2236,2229 2236,2227 2236,2226 2234,2226 2232,2224 2210,2224 2209,2224 2209,2213 2209,2212 1997,2212 1996,2213 1996,2226 1996,2226 1993,2226 1992,2226 1992,2219 1990,2217 1990,2203 1990,2202 1916,2202 1915,2202 1915,2195 1914,2193 1912,2193 1911,2192 1697,2192 1696,2193 1696,2204 1696,2204 1570,2204 1569,2205 1569,2231 1569,2231 1563,2231 1562,2230 1531,2230 1530,2230 1530,2194 1530,2193 1457,2193 1456,2193 1456,2191 1456,2190 1200,2190 1199,2191 1199,2216 1199,2216 1032,2216 1031,2217 1031,2230 1031,2230 1022,2230 1021,2230 1021,2229 1021,2228 956,2228 955,2228 955,2224 953,2222 953,2174 953,2173 950,2173 948,2172 948,2169 947,2168 947,2166 943,2162 943,2158 943,2157 941,2157 938,2155 938,2153 938,2152 936,2152 935,2152 935,2150 935,2149 933,2149 931,2148 931,2145 931,2144 917,2144 916,2144 916,2143 917,2142 950,2142 950,2142 950,2121 952,2119 952,2117 953,2116 953,2090 955,2088 955,2085 957,2083 959,2083 959,2083 959,2081 962,2078 967,2078 969,2076 1141,2076 1142,2075 1144,2075 1146,2073 1149,2073 1152,2070 1158,2070 1159,2071 1165,2071 1165,2072 1165,2073 1166,2073 1167,2073 1167,2074 1167,2075 1169,2076 1383,2076 1383,2077 1383,2078 1384,2078 1385,2078 1385,2079 1385,2095 1386,2095 1765,2095 1765,2095 1765,2084 1766,2083 1805,2083 1808,2080 1815,2080 1815,2080 1815,2079 1816,2078 1818,2078 1820,2076 1994,2076 1997,2073 2018,2073 2018,2074 2018,2075 2019,2075 2021,2075 2022,2076 2024,2076 2025,2077 2378,2077 2379,2076 2382,2076 2382,2077 2382,2078 2383,2078 2554,2078 2558,2082 2560,2082 2561,2083 2651,2083 2651,2083 2651,2077 2652,2076 2654,2076 2654,2077 2654,2083 2655,2083 2787,2083 2789,2081 2881,2081 2881,2081 2881,2080 2882,2079 3165,2079 3166,2078 3167,2078 3167,2078 3167,2077 3168,2076 3182,2076 3182,2077 3182,2078 3183,2078 3184,2078 3184,2079 3184,2080 3185,2080 3256,2080 3256,2081 3256,2118 3257,2118 3285,2118 3288,2121 3295,2121 3298,2125 3298,2128 3299,2129 3299,2136 3301,2138 3301,2140 3304,2143 3304,2188 3303,2189 3303,2191 3302,2192 3264,2192 3263,2193 3263,2219 3263,2219 3216,2219 3215,2220 3215,2224 3215,2224 3175,2224 3174,2225 3174,2233 3174,2233 2875,2233 2874,2233 2874,2232 2874,2231 2741,2231 2740,2231 2740,2217 2740,2216 2673,2216 2672,2216 2672,2196 2672,2195 2458,2195 2457,2196 2457,2231 2456,2232 2445,2232 2444,2233 2352,2233 2351,2234"/><TextEquiv><Unicode/></TextEquiv><TextEquiv index="1"><Unicode>je ferois une choſe digne de moi; qu'en</Unicode></TextEquiv></TextLine><TextLine id="l13"><Coords points="2577,2388 2576,2388 2576,2384 2576,2383 2341,2383 2340,2383 2340,2368 2340,2367 2181,2367 2180,2367 2180,2354 2180,2353 1467,2353 1466,2354 1466,2386 1466,2386 1460,2386 1459,2386 1459,2385 1459,2384 1152,2384 1151,2384 1151,2344 1151,2343 1047,2343 1046,2343 1046,2342 1046,2341 953,2341 952,2341 952,2323 953,2322 955,2322 955,2322 955,2276 960,2271 962,2271 962,2271 962,2270 963,2269 991,2269 993,2267 1005,2267 1005,2267 1005,2244 1006,2243 1007,2243 1007,2243 1010,2240 1010,2239 1011,2238 1014,2238 1014,2238 1014,2237 1016,2235 1018,2235 1019,2234 1019,2232 1021,2230 1952,2230 1954,2228 1956,2228 1956,2228 1956,2227 1957,2226 1976,2226 1980,2231 1980,2232 1981,2232 2644,2232 2645,2231 2647,2231 2649,2229 2656,2229 2657,2228 2666,2228 2667,2229 3290,2229 3291,2231 3291,2233 3292,2233 3304,2233 3306,2236 3306,2241 3304,2243 3304,2245 3303,2246 3303,2342 3302,2343 3254,2343 3253,2344 3253,2372 3253,2372 3145,2372 3144,2373 3144,2379 3144,2379 3133,2379 3132,2380 3132,2387 3132,2387 2599,2387 2598,2388"/><TextEquiv><Unicode/></TextEquiv><TextEquiv index="1"><Unicode>rendant heureuſe ma bienfaitrice ainſi</Unicode></TextEquiv></TextLine><TextLine id="l14"><Coords points="2066,2548 2064,2547 2064,2545 2063,2544 2063,2537 2064,2536 2064,2534 2066,2532 2066,2528 2066,2527 1986,2527 1985,2527 1985,2507 1985,2506 1930,2506 1929,2505 1813,2505 1811,2503 1560,2503 1558,2505 1536,2505 1535,2505 1535,2504 1535,2503 1402,2503 1401,2504 1401,2539 1401,2539 1400,2539 1399,2540 1399,2541 1399,2541 1396,2541 1395,2542 1395,2544 1395,2544 1393,2544 1392,2544 1392,2506 1392,2505 1385,2505 1383,2503 1379,2503 1378,2503 1378,2502 1378,2501 1168,2501 1166,2503 1042,2503 1041,2504 1041,2537 1041,2537 1008,2537 1007,2536 1005,2536 1003,2534 1001,2534 1000,2534 1000,2533 1000,2532 999,2532 998,2532 998,2501 998,2500 990,2500 988,2498 986,2498 984,2496 977,2496 972,2491 965,2491 962,2489 962,2487 959,2484 959,2479 957,2477 957,2461 957,2460 956,2460 955,2460 955,2447 955,2446 951,2446 950,2446 950,2444 951,2443 958,2443 962,2439 967,2439 967,2439 967,2437 968,2436 969,2436 969,2436 969,2434 972,2431 975,2431 977,2429 988,2429 988,2429 988,2428 989,2427 990,2427 991,2426 1027,2426 1027,2426 1027,2425 1028,2424 1084,2424 1084,2424 1084,2423 1085,2422 1089,2422 1089,2422 1089,2394 1090,2393 1093,2393 1093,2394 1093,2422 1094,2422 1096,2422 1096,2423 1096,2424 1097,2424 1106,2424 1108,2426 1313,2426 1313,2426 1313,2425 1314,2424 1318,2424 1318,2425 1318,2426 1319,2426 1450,2426 1452,2424 1462,2424 1462,2424 1462,2387 1463,2386 1596,2386 1598,2389 1598,2391 1599,2391 1600,2391 1600,2392 1600,2403 1602,2405 1602,2410 1604,2412 1604,2414 1605,2415 1605,2417 1606,2417 1607,2417 1607,2418 1607,2422 1612,2427 1612,2429 1613,2429 1614,2429 1614,2430 1614,2431 1615,2431 1787,2431 1789,2429 1793,2429 1793,2429 1793,2394 1794,2393 1798,2393 1798,2394 1798,2424 1799,2424 1937,2424 1941,2429 1941,2432 1942,2432 2071,2432 2071,2432 2071,2401 2072,2400 2073,2400 2073,2400 2073,2399 2074,2398 2075,2398 2075,2398 2075,2397 2076,2396 2199,2396 2200,2395 2200,2394 2201,2393 2207,2393 2207,2393 2207,2392 2208,2391 2212,2391 2214,2389 2340,2389 2340,2389 2340,2384 2341,2383 2372,2383 2373,2384 2380,2384 2386,2391 2386,2401 2387,2401 2573,2401 2573,2401 2573,2395 2575,2393 2575,2389 2576,2388 2598,2388 2598,2389 2598,2429 2599,2429 2728,2429 2730,2427 2780,2427 2780,2427 2780,2414 2781,2413 2902,2413 2902,2413 2902,2391 2904,2389 2904,2388 2905,2387 2924,2387 2924,2388 2924,2420 2925,2420 2936,2420 2936,2421 2936,2426 2937,2426 3108,2426 3108,2426 3108,2411 3109,2410 3110,2410 3110,2410 3110,2408 3112,2406 3112,2404 3113,2403 3113,2401 3114,2400 3115,2400 3115,2400 3115,2399 3116,2398 3117,2398 3117,2398 3117,2391 3119,2389 3119,2388 3120,2387 3132,2387 3132,2388 3132,2389 3135,2391 3136,2391 3136,2392 3136,2396 3138,2398 3138,2400 3141,2403 3141,2406 3143,2408 3143,2412 3144,2412 3156,2412 3156,2413 3156,2426 3157,2426 3285,2426 3286,2427 3287,2427 3287,2428 3287,2429 3288,2429 3289,2429 3289,2430 3289,2431 3290,2431 3294,2431 3296,2434 3296,2436 3298,2438 3298,2441 3299,2442 3299,2444 3301,2446 3301,2453 3301,2453 3300,2453 3299,2454 3299,2487 3297,2489 3297,2491 3294,2494 3294,2498 3294,2498 3288,2498 3286,2500 3285,2500 3284,2501 3156,2501 3155,2502 3155,2509 3154,2510 3149,2510 3148,2510 3148,2502 3148,2501 3116,2501 3115,2500 2989,2500 2988,2501 2920,2501 2919,2502 2919,2503 2919,2503 2879,2503 2878,2504 2878,2530 2877,2531 2876,2531 2874,2530 2874,2506 2874,2505 2850,2505 2848,2503 2840,2503 2838,2501 2638,2501 2637,2502 2637,2524 2637,2524 2635,2524 2634,2524 2634,2504 2634,2503 2446,2503 2445,2504 2445,2544 2445,2544 2428,2544 2427,2544 2427,2509 2427,2508 2391,2508 2390,2507 2284,2507 2265,2507 2264,2508 2213,2508 2212,2509 2212,2534 2212,2534 2093,2534 2087,2540 2087,2542 2085,2544 2083,2544 2079,2548"/><TextEquiv><Unicode/></TextEquiv><TextEquiv index="1"><Unicode>que mon Amant, je le ſerois moi-même</Unicode></TextEquiv></TextLine><TextLine id="l15"><Coords points="960,2701 958,2699 956,2699 955,2699 955,2698 955,2697 954,2697 953,2697 953,2597 953,2596 951,2596 950,2596 950,2592 951,2591 953,2591 957,2587 960,2587 962,2585 964,2585 965,2584 1000,2584 1000,2584 1000,2583 1001,2582 1005,2582 1005,2582 1005,2580 1006,2579 1015,2579 1015,2579 1015,2573 1016,2572 1064,2572 1064,2573 1064,2580 1065,2580 1079,2580 1079,2581 1079,2582 1080,2582 1385,2582 1385,2582 1385,2554 1386,2553 1516,2553 1516,2553 1516,2552 1519,2549 1521,2549 1526,2544 1531,2544 1533,2542 1555,2542 1555,2543 1555,2544 1556,2544 1557,2544 1557,2545 1557,2546 1558,2546 1559,2546 1559,2547 1559,2548 1560,2548 1561,2548 1561,2549 1561,2582 1562,2582 1870,2582 1870,2582 1870,2551 1873,2548 1882,2548 1882,2548 1882,2547 1883,2546 2167,2546 2171,2542 2175,2542 2176,2541 2188,2541 2189,2542 2230,2542 2232,2544 2446,2544 2446,2545 2446,2547 2448,2549 2448,2558 2449,2558 2886,2558 2886,2558 2886,2553 2888,2551 2895,2551 2898,2548 2901,2548 2903,2546 2909,2546 2909,2546 2909,2545 2910,2544 2916,2544 2918,2542 3067,2542 3070,2539 3244,2539 3246,2542 3246,2553 3247,2553 3248,2553 3248,2554 3248,2580 3249,2580 3294,2580 3294,2581 3294,2582 3295,2582 3296,2582 3296,2583 3296,2585 3297,2585 3298,2585 3300,2587 3301,2587 3301,2588 3301,2591 3302,2591 3303,2591 3303,2592 3303,2594 3304,2595 3304,2600 3306,2602 3306,2611 3303,2614 3303,2616 3303,2616 3302,2616 3301,2617 3301,2642 3299,2644 3299,2647 3299,2647 3297,2647 3296,2648 3296,2695 3296,2695 3257,2695 3256,2695 3256,2684 3256,2683 3255,2683 3254,2683 3254,2666 3254,2665 3165,2665 3163,2664 3163,2660 3163,2659 2627,2659 2625,2661 2623,2661 2621,2663 2604,2663 2602,2661 2251,2661 2250,2662 2250,2668 2250,2668 2239,2668 2238,2669 2238,2671 2237,2672 2235,2671 2235,2664 2235,2663 2091,2663 2090,2663 2090,2662 2090,2661 1824,2661 1823,2662 1823,2675 1821,2677 1816,2677 1815,2678 1811,2678 1810,2678 1810,2676 1810,2675 1809,2675 1808,2675 1808,2662 1808,2661 1753,2661 1751,2663 1414,2663 1412,2665 1268,2665 1267,2666 1267,2691 1266,2692 1003,2692 1002,2693 1002,2697 1002,2697 977,2697 976,2698 976,2699 976,2699 967,2699 965,2701"/><TextEquiv><Unicode/></TextEquiv><TextEquiv index="1"><Unicode>par une ſorte de reſſentiment. O fatale</Unicode></TextEquiv></TextLine><TextLine id="l16"><Coords points="2695,2859 2694,2859 2694,2858 2694,2857 2691,2857 2690,2856 2689,2856 2687,2855 2687,2817 2687,2816 2459,2816 2458,2817 2458,2818 2458,2818 2249,2818 2248,2819 2236,2819 2235,2818 2231,2818 2229,2816 1840,2816 1839,2817 1839,2818 1839,2818 1833,2818 1832,2819 1814,2819 1813,2818 1393,2818 1392,2819 1379,2819 1378,2818 1235,2818 1166,2818 1165,2819 1157,2819 1156,2819 1156,2817 1156,2816 984,2816 982,2814 980,2814 977,2811 975,2811 974,2811 974,2808 974,2807 973,2807 972,2806 965,2806 964,2806 964,2805 964,2804 962,2804 960,2802 956,2802 954,2800 953,2800 952,2799 951,2799 950,2799 950,2798 950,2797 948,2797 947,2797 947,2769 947,2768 946,2768 945,2768 945,2762 947,2760 947,2757 948,2756 967,2756 967,2756 967,2755 968,2754 969,2754 969,2754 969,2748 970,2747 971,2747 971,2747 971,2746 972,2745 978,2745 979,2744 979,2743 980,2742 991,2742 993,2740 995,2740 996,2739 1032,2739 1033,2738 1057,2738 1057,2738 1057,2733 1058,2732 1060,2732 1060,2733 1060,2737 1061,2737 1076,2737 1076,2738 1076,2739 1077,2739 1100,2739 1101,2740 1368,2740 1368,2740 1368,2736 1369,2735 1370,2735 1370,2735 1370,2712 1371,2711 1371,2709 1374,2706 1380,2706 1380,2706 1380,2705 1381,2704 1476,2704 1479,2701 1481,2701 1483,2699 1493,2699 1495,2701 1497,2701 1498,2702 1507,2702 1507,2703 1507,2704 1508,2704 1534,2704 1536,2706 1538,2706 1540,2708 1542,2708 1543,2709 1545,2709 1545,2710 1545,2713 1546,2713 1547,2713 1548,2714 1549,2714 1550,2716 1550,2719 1552,2721 1552,2723 1554,2725 1554,2727 1555,2728 1555,2742 1556,2742 1763,2742 1765,2744 1945,2744 1947,2742 2044,2742 2044,2742 2044,2741 2045,2740 2100,2740 2100,2740 2100,2727 2102,2725 2102,2716 2104,2714 2106,2714 2106,2714 2106,2703 2107,2702 2155,2702 2156,2704 2156,2706 2157,2707 2157,2709 2158,2709 2159,2709 2159,2710 2159,2738 2160,2738 2280,2738 2282,2740 2517,2740 2518,2739 2582,2739 2583,2738 2742,2738 2742,2738 2742,2731 2743,2730 2745,2730 2745,2731 2745,2738 2746,2738 2905,2738 2905,2738 2905,2709 2910,2704 2917,2704 2919,2706 2922,2706 2923,2708 2923,2709 2924,2710 2924,2737 2925,2737 3005,2737 3005,2737 3005,2736 3006,2735 3007,2735 3007,2735 3007,2734 3008,2733 3009,2733 3010,2732 3021,2732 3022,2733 3025,2733 3026,2735 3026,2737 3027,2737 3165,2737 3165,2737 3165,2707 3166,2706 3168,2706 3172,2702 3196,2702 3198,2700 3198,2698 3200,2696 3206,2696 3207,2695 3296,2695 3297,2697 3297,2740 3298,2740 3306,2740 3306,2741 3306,2752 3307,2752 3309,2752 3310,2754 3310,2777 3308,2779 3308,2804 3308,2804 3305,2804 3304,2805 3304,2807 3304,2807 3187,2807 3186,2808 3186,2826 3186,2826 3185,2826 3184,2827 3184,2835 3184,2835 3183,2835 3182,2836 3182,2845 3180,2847 3178,2847 3175,2850 3004,2850 3003,2851 3003,2857 3003,2857 2903,2857 2902,2856 2900,2856 2897,2854 2897,2815 2897,2814 2731,2814 2730,2815 2730,2855 2726,2859"/><TextEquiv><Unicode/></TextEquiv><TextEquiv index="1"><Unicode>erreur Par ce malheureux projet, j'ai</Unicode></TextEquiv></TextLine><TextLine id="l17"><Coords points="3056,3014 3055,3014 3055,3013 3055,3012 3054,3012 3053,3012 3053,2979 3053,2978 2950,2978 2948,2977 2948,2975 2948,2974 2808,2974 2807,2974 2807,2973 2807,2972 2667,2972 2666,2971 2451,2971 2450,2972 2441,2972 2439,2974 2356,2974 2355,2975 2355,2976 2355,2976 2183,2976 2179,2972 2006,2972 2004,2974 1851,2974 1849,2976 1844,2976 1842,2978 1832,2978 1830,2976 1828,2976 1827,2976 1827,2975 1827,2974 1612,2974 1610,2976 1572,2976 1570,2978 1564,2978 1562,2976 1529,2976 1528,2976 1528,2975 1528,2974 1314,2974 1313,2975 1313,2976 1313,2976 1305,2976 1304,2977 1304,2978 1304,2978 1297,2978 1296,2978 1296,2977 1296,2976 1125,2976 1123,2978 1113,2978 1112,2978 1112,2977 1112,2976 996,2976 994,2974 992,2974 991,2974 991,2973 990,2971 981,2971 979,2970 979,2967 978,2966 978,2964 977,2962 967,2962 960,2956 960,2955 959,2954 959,2953 959,2952 958,2952 957,2952 957,2951 957,2950 956,2950 955,2950 955,2926 957,2924 957,2922 960,2919 960,2917 961,2916 962,2916 962,2916 962,2915 963,2914 964,2914 964,2914 964,2913 965,2912 967,2912 967,2912 969,2910 969,2908 970,2907 971,2907 971,2907 971,2906 973,2904 987,2904 990,2901 990,2899 991,2898 995,2898 996,2897 1237,2897 1237,2897 1237,2889 1238,2888 1239,2888 1239,2888 1239,2886 1241,2884 1241,2881 1242,2880 1242,2876 1246,2872 1246,2870 1247,2869 1249,2869 1251,2867 1251,2865 1252,2864 1256,2864 1261,2859 1263,2859 1263,2859 1263,2858 1264,2857 1265,2857 1267,2855 1273,2855 1274,2854 1280,2854 1281,2855 1283,2855 1285,2857 1288,2857 1292,2861 1465,2861 1467,2859 1578,2859 1578,2860 1578,2861 1579,2861 1664,2861 1664,2862 1664,2866 1667,2869 1667,2871 1668,2871 1669,2871 1669,2872 1669,2874 1671,2876 1671,2880 1673,2881 1674,2881 1674,2882 1674,2900 1675,2900 1982,2900 1984,2898 1989,2898 1990,2897 2002,2897 2005,2900 2052,2900 2052,2900 2052,2862 2053,2861 2054,2861 2054,2861 2054,2860 2055,2859 2068,2859 2068,2860 2068,2861 2069,2861 2073,2861 2073,2862 2073,2878 2074,2878 2075,2878 2075,2879 2075,2880 2076,2881 2076,2900 2077,2900 2181,2900 2183,2898 2283,2898 2284,2897 2302,2897 2303,2898 2560,2898 2561,2897 2666,2897 2668,2895 2764,2895 2766,2897 2781,2897 2782,2898 2998,2898 2998,2898 2998,2858 2999,2857 3003,2857 3003,2858 3003,2898 3004,2898 3019,2898 3020,2897 3022,2897 3022,2897 3022,2896 3023,2895 3027,2895 3029,2893 3033,2893 3034,2892 3238,2892 3240,2890 3290,2890 3295,2895 3299,2895 3299,2896 3299,2900 3300,2900 3301,2900 3301,2901 3301,2936 3303,2938 3303,2946 3301,2948 3301,2952 3301,2952 3300,2952 3299,2953 3299,2957 3296,2960 3296,2962 3296,2962 3295,2962 3294,2963 3294,2965 3293,2966 3180,2966 3177,2969 3104,2969 3103,2970 3103,2979 3100,2982 3100,2991 3098,2993 3098,3002 3098,3002 3096,3002 3095,3003 3093,3003 3091,3005 3091,3007 3091,3007 3080,3007 3079,3007 3079,3005 3078,3003 3077,3002 3075,3002 3074,3002 3074,3001 3074,3000 3073,3000 3072,3000 3072,2979 3072,2978 3061,2978 3060,2979 3060,3014 3060,3014"/><TextEquiv><Unicode/></TextEquiv><TextEquiv index="1"><Unicode>creuſé l'abîme où nous nous voyons</Unicode></TextEquiv></TextLine><TextLine id="l18"><Coords points="1280,3177 1278,3175 1273,3175 1272,3174 1265,3174 1263,3173 1263,3171 1263,3170 1262,3170 1261,3170 1261,3169 1261,3168 1259,3168 1258,3168 1258,3166 1258,3165 1257,3165 1256,3165 1256,3164 1256,3163 1255,3163 1254,3163 1254,3132 1254,3131 1018,3131 1013,3131 1012,3132 1012,3141 1012,3141 1011,3141 1010,3142 1010,3172 1010,3172 1008,3172 1006,3174 1003,3174 1002,3175 976,3175 974,3177 967,3177 962,3173 962,3073 962,3072 961,3072 960,3072 960,3067 962,3065 967,3065 967,3065 967,3063 968,3062 969,3062 969,3062 969,3061 970,3060 972,3060 974,3058 1062,3058 1062,3058 1062,3023 1063,3022 1065,3022 1065,3022 1065,3020 1066,3019 1068,3019 1069,3018 1069,3018 1069,3016 1070,3015 1075,3015 1077,3017 1079,3017 1079,3018 1079,3020 1081,3022 1081,3038 1082,3039 1082,3055 1083,3055 1134,3055 1134,3056 1134,3057 1135,3057 1143,3057 1144,3058 1258,3058 1258,3058 1258,3051 1259,3050 1359,3050 1359,3050 1359,3046 1360,3045 1361,3045 1361,3045 1361,3042 1362,3041 1363,3041 1363,3041 1363,3022 1366,3019 1375,3019 1375,3020 1375,3021 1376,3021 1380,3021 1380,3022 1380,3046 1381,3046 1422,3046 1423,3048 1423,3062 1424,3062 1433,3062 1435,3064 1438,3064 1439,3065 1441,3065 1445,3070 1445,3105 1446,3105 1476,3105 1478,3107 1480,3107 1481,3109 1481,3111 1483,3113 1483,3117 1484,3117 1485,3117 1485,3118 1485,3127 1485,3127 1484,3127 1483,3128 1483,3131 1483,3131 1482,3131 1481,3132 1435,3132 1432,3135 1432,3152 1431,3153 1429,3153 1428,3153 1428,3139 1428,3138 1326,3138 1325,3139 1325,3156 1323,3158 1323,3162 1323,3162 1322,3162 1321,3163 1321,3165 1314,3172 1311,3172 1308,3175 1306,3175 1304,3177"/><TextEquiv><Unicode/></TextEquiv><TextEquiv index="1"><Unicode>plongés.</Unicode></TextEquiv></TextLine><TextLine id="l19"><Coords points="2097,3329 2096,3329 2096,3323 2096,3322 1605,3322 1604,3322 1604,3317 1604,3316 1477,3316 1476,3316 1476,3292 1476,3291 1230,3291 1229,3291 1229,3290 1229,3289 1122,3289 1120,3288 1120,3286 1119,3285 1119,3197 1119,3196 1046,3196 1045,3196 1045,3194 1047,3192 1129,3192 1129,3192 1129,3182 1131,3180 1131,3176 1132,3175 1210,3175 1211,3174 1469,3174 1469,3174 1469,3168 1470,3167 2647,3167 2647,3167 2647,3165 2649,3163 2651,3163 2651,3164 2651,3168 2652,3168 2948,3168 2948,3169 2948,3171 2950,3173 2950,3180 2951,3180 2977,3180 2978,3182 2978,3199 2979,3199 3247,3199 3249,3201 3251,3201 3251,3202 3251,3203 3252,3203 3253,3203 3253,3204 3253,3205 3255,3207 3255,3225 3256,3225 3299,3225 3299,3226 3299,3228 3302,3230 3307,3230 3310,3234 3310,3235 3311,3235 3317,3235 3318,3237 3316,3239 3302,3239 3299,3242 3299,3244 3295,3248 3262,3248 3261,3249 3261,3321 3261,3321 3018,3321 3017,3322 3017,3325 3017,3325 2118,3325 2117,3326 2117,3329 2117,3329"/><TextEquiv><Unicode/></TextEquiv><TextEquiv index="1"><Unicode>Mon bon ami, armez-vous de cou-</Unicode></TextEquiv></TextLine><TextLine id="l20"><Coords points="1312,3492 1311,3492 1311,3491 1311,3490 1120,3490 1118,3488 1113,3488 1112,3487 1096,3487 1094,3485 1092,3485 1091,3485 1091,3484 1091,3483 1090,3483 1089,3483 1089,3481 1089,3480 1087,3480 1086,3480 1086,3478 1084,3475 1082,3475 1081,3475 1081,3465 1081,3464 1071,3464 1070,3464 1070,3452 1070,3451 966,3451 964,3450 964,3448 964,3447 960,3447 958,3445 956,3445 955,3445 955,3443 953,3441 953,3437 955,3435 955,3371 956,3370 981,3370 981,3370 981,3338 982,3337 986,3337 986,3338 986,3340 987,3340 993,3340 993,3341 993,3370 994,3370 1007,3370 1008,3371 1796,3371 1796,3371 1796,3340 1799,3337 1803,3337 1803,3337 1803,3336 1804,3335 1805,3335 1806,3334 1818,3334 1819,3333 2095,3333 2095,3333 2095,3330 2096,3329 2118,3329 2118,3330 2118,3332 2119,3333 2119,3345 2120,3345 2969,3345 2969,3345 2969,3338 2970,3337 2971,3337 2971,3337 2971,3335 2972,3334 2972,3332 2976,3328 3241,3328 3241,3328 3241,3324 3242,3323 3242,3322 3243,3321 3261,3321 3261,3322 3261,3323 3262,3323 3268,3323 3268,3324 3268,3325 3269,3325 3270,3325 3270,3326 3270,3340 3271,3340 3280,3340 3280,3341 3280,3356 3281,3356 3292,3356 3295,3359 3297,3359 3304,3366 3306,3366 3306,3367 3306,3373 3307,3373 3315,3373 3315,3374 3315,3380 3316,3380 3327,3380 3327,3381 3326,3382 3309,3382 3308,3383 3308,3407 3306,3409 3306,3416 3304,3418 3304,3432 3303,3433 3303,3435 3303,3435 3149,3435 3145,3439 3128,3439 3127,3440 3037,3440 3036,3441 3036,3442 3036,3442 2996,3442 2995,3443 2995,3459 2995,3459 2994,3459 2993,3460 2993,3466 2990,3469 2990,3483 2990,3483 2989,3483 2988,3484 2988,3485 2988,3485 2979,3485 2977,3487 2976,3487 2976,3486 2976,3485 2807,3485 2806,3485 2806,3477 2806,3476 2544,3476 2542,3475 2542,3471 2542,3470 2132,3470 2131,3471 2131,3480 2131,3480 1352,3480 1351,3481 1351,3488 1349,3490 1347,3490 1345,3492"/><TextEquiv><Unicode/></TextEquiv><TextEquiv index="1"><Unicode>rage pour recevoir cet aveu; je vais</Unicode></TextEquiv></TextLine><TextLine id="l21"><Coords points="1594,3648 1593,3647 1586,3647 1585,3647 1585,3608 1585,3607 1519,3607 1517,3609 1512,3609 1510,3607 1419,3607 1417,3609 1402,3609 1400,3607 1345,3607 1343,3605 1341,3605 1339,3604 1339,3603 1339,3602 1338,3602 1337,3602 1337,3601 1337,3600 1335,3600 1332,3598 1332,3596 1332,3595 1330,3595 1327,3593 1327,3591 1327,3590 1326,3590 1325,3590 1325,3586 1323,3584 1323,3581 1321,3578 1243,3578 1242,3578 1241,3579 1241,3603 1237,3607 1221,3607 1220,3607 1220,3605 1220,3604 1010,3604 1009,3605 1009,3640 1007,3642 1007,3643 1007,3643 996,3643 992,3647 978,3647 977,3648 965,3648 962,3646 962,3644 962,3643 961,3643 960,3643 960,3639 961,3638 964,3638 964,3638 964,3637 965,3636 967,3636 969,3634 972,3634 972,3634 972,3551 972,3550 967,3550 964,3547 956,3547 955,3547 955,3546 953,3544 953,3538 956,3535 962,3535 962,3535 962,3534 963,3533 964,3533 964,3533 964,3532 965,3531 993,3531 993,3532 993,3533 994,3533 1079,3533 1079,3533 1079,3532 1080,3531 1124,3531 1125,3530 1210,3530 1210,3530 1210,3527 1211,3526 1227,3526 1227,3526 1227,3520 1228,3519 1232,3519 1232,3520 1232,3531 1234,3533 1234,3535 1235,3535 1237,3535 1238,3536 1240,3536 1242,3538 1244,3538 1244,3539 1244,3555 1245,3555 1325,3555 1325,3555 1325,3551 1326,3550 1327,3550 1327,3550 1327,3548 1328,3547 1328,3545 1330,3543 1333,3543 1333,3543 1333,3523 1335,3521 1335,3517 1336,3516 1337,3516 1337,3516 1337,3514 1339,3512 1340,3512 1341,3511 1343,3511 1344,3510 1344,3507 1346,3505 1346,3500 1347,3499 1347,3498 1348,3497 1349,3497 1349,3497 1349,3496 1350,3495 1351,3495 1353,3493 1358,3493 1359,3495 1359,3496 1363,3500 1363,3502 1365,3504 1365,3507 1366,3508 1366,3509 1367,3509 1368,3509 1368,3510 1368,3511 1369,3511 1370,3511 1371,3513 1371,3514 1372,3514 1373,3514 1373,3515 1373,3528 1374,3528 1409,3528 1412,3531 1471,3531 1471,3532 1471,3533 1472,3533 1473,3533 1473,3534 1473,3535 1474,3535 1578,3535 1578,3535 1578,3513 1579,3512 1582,3512 1583,3514 1583,3533 1584,3533 1629,3533 1631,3531 1684,3531 1685,3530 1687,3530 1688,3529 1688,3527 1689,3526 1694,3526 1696,3528 1763,3528 1763,3528 1763,3493 1764,3492 1767,3492 1767,3493 1767,3528 1768,3528 1793,3528 1793,3528 1793,3508 1794,3507 1873,3507 1873,3507 1873,3504 1875,3502 1875,3500 1879,3496 1879,3493 1880,3492 1884,3492 1884,3492 1884,3491 1885,3490 1894,3490 1898,3495 1898,3499 1899,3500 1899,3502 1900,3502 1901,3502 1901,3503 1901,3514 1903,3516 1903,3523 1904,3523 1963,3523 1963,3523 1963,3522 1964,3521 1970,3521 1970,3522 1970,3523 1971,3523 1994,3523 1997,3526 2045,3526 2047,3528 2054,3528 2056,3530 2136,3530 2137,3529 2137,3527 2138,3526 2154,3526 2154,3526 2154,3491 2156,3489 2156,3488 2157,3487 2162,3487 2164,3485 2164,3484 2165,3483 2168,3483 2168,3483 2168,3482 2169,3481 2175,3481 2177,3483 2178,3483 2178,3484 2178,3485 2179,3485 2180,3485 2180,3486 2180,3523 2181,3523 2221,3523 2221,3524 2221,3526 2222,3526 2352,3526 2352,3526 2352,3525 2353,3524 2355,3524 2356,3523 2358,3523 2360,3521 2360,3486 2361,3485 2364,3485 2364,3486 2364,3521 2365,3521 2374,3521 2374,3522 2374,3523 2375,3523 2489,3523 2489,3523 2489,3522 2490,3521 2491,3521 2491,3521 2491,3519 2492,3518 2539,3518 2539,3518 2539,3493 2540,3492 2558,3492 2558,3492 2558,3490 2561,3487 2563,3487 2563,3487 2563,3486 2564,3485 2573,3485 2575,3483 2582,3483 2582,3484 2582,3485 2583,3485 2584,3485 2584,3486 2584,3528 2585,3528 2708,3528 2708,3528 2708,3524 2709,3523 2709,3521 2711,3519 2721,3519 2723,3521 2725,3521 2725,3522 2725,3523 2726,3523 2742,3523 2742,3523 2742,3493 2743,3492 2806,3492 2806,3492 2806,3486 2807,3485 2823,3485 2824,3484 2847,3484 2848,3483 2854,3483 2856,3481 2862,3481 2862,3482 2862,3483 2863,3483 2866,3483 2866,3484 2866,3499 2867,3499 2868,3499 2868,3500 2868,3521 2869,3521 2953,3521 2955,3519 2960,3519 2961,3518 3026,3518 3026,3518 3026,3496 3027,3495 3029,3495 3029,3496 3029,3518 3030,3518 3087,3518 3089,3516 3132,3516 3132,3516 3132,3485 3136,3481 3136,3479 3140,3475 3233,3475 3235,3473 3241,3473 3241,3474 3241,3475 3242,3476 3242,3488 3243,3488 3257,3488 3258,3490 3258,3509 3259,3509 3301,3509 3301,3510 3301,3514 3303,3516 3303,3518 3304,3519 3304,3521 3305,3521 3316,3521 3316,3522 3316,3524 3315,3525 3315,3527 3314,3528 3312,3528 3311,3529 3311,3576 3310,3577 3310,3579 3308,3581 3278,3581 3277,3582 3277,3583 3277,3583 3249,3583 3248,3584 3248,3631 3248,3631 3242,3631 3241,3631 3241,3587 3241,3586 3237,3586 3235,3588 3153,3588 3151,3590 3116,3590 3114,3592 3085,3592 3084,3593 3012,3593 3010,3595 2934,3595 2933,3596 2933,3621 2933,3621 2931,3621 2930,3621 2930,3599 2930,3598 2826,3598 2824,3600 2819,3600 2817,3598 2807,3598 2806,3599 2806,3640 2806,3640 2791,3640 2790,3640 2790,3599 2790,3598 2740,3598 2737,3601 2737,3602 2737,3602 2734,3602 2733,3603 2733,3604 2733,3604 2723,3604 2721,3602 2693,3602 2643,3602 2642,3603 2642,3604 2642,3604 2615,3604 2611,3600 2513,3600 2511,3602 2499,3602 2498,3602 2498,3601 2498,3600 2494,3600 2492,3598 2435,3598 2434,3599 2434,3633 2434,3633 2432,3633 2431,3633 2431,3599 2431,3598 2298,3598 2297,3599 2297,3601 2293,3605 2261,3605 2260,3606 2260,3631 2260,3631 2258,3631 2257,3631 2257,3605 2257,3604 2184,3604 2183,3605 2183,3633 2183,3633 2181,3633 2180,3633 2180,3601 2180,3600 2138,3600 2136,3598 2135,3598 2134,3599 2134,3642 2134,3642 2115,3642 2114,3642 2114,3599 2114,3598 2052,3598 2051,3599 2051,3600 2051,3600 2045,3600 2043,3602 2041,3602 2040,3603 2040,3604 2040,3604 2028,3604 2026,3602 1997,3602 1948,3602 1947,3603 1947,3604 1947,3604 1935,3604 1934,3604 1934,3603 1934,3602 1930,3602 1928,3600 1842,3600 1841,3601 1841,3602 1841,3602 1835,3602 1832,3605 1825,3605 1824,3604 1634,3604 1633,3605 1630,3605 1629,3606 1629,3645 1627,3647 1606,3647 1605,3648"/><TextEquiv><Unicode/></TextEquiv><TextEquiv index="1"><Unicode>peut-être paroître devant le tribunal du</Unicode></TextEquiv></TextLine><TextLine id="l22"><Coords points="989,3801 988,3800 979,3800 977,3798 974,3798 969,3793 967,3793 965,3792 965,3789 965,3788 964,3788 962,3787 962,3785 962,3784 961,3784 960,3784 960,3783 960,3782 958,3782 957,3782 957,3780 958,3779 960,3779 962,3777 962,3775 964,3773 964,3768 965,3767 965,3712 969,3708 971,3708 971,3708 971,3706 972,3705 972,3701 973,3700 979,3700 984,3695 986,3695 986,3695 986,3694 987,3693 991,3693 991,3693 991,3689 992,3688 998,3688 998,3688 998,3687 999,3686 1000,3686 1000,3686 1000,3684 1001,3683 1282,3683 1282,3683 1282,3653 1283,3652 1285,3652 1287,3650 1289,3650 1289,3650 1289,3649 1290,3648 1299,3648 1300,3647 1794,3647 1794,3647 1794,3646 1795,3645 1806,3645 1808,3643 1813,3643 1813,3643 1813,3639 1814,3638 3153,3638 3153,3638 3153,3636 3155,3634 3237,3634 3238,3633 3239,3633 3239,3633 3239,3632 3240,3631 3249,3631 3253,3635 3254,3635 3254,3636 3254,3664 3255,3664 3297,3664 3300,3667 3301,3667 3301,3668 3301,3669 3302,3669 3304,3669 3306,3672 3306,3676 3307,3676 3308,3676 3308,3677 3308,3679 3310,3681 3310,3684 3311,3685 3311,3734 3312,3734 3314,3734 3315,3736 3315,3767 3316,3767 3339,3767 3339,3768 3339,3770 3340,3770 3342,3770 3342,3771 3342,3774 3343,3774 3344,3774 3344,3775 3344,3782 3346,3784 3346,3787 3346,3787 3054,3787 3053,3788 3053,3791 3053,3791 2948,3791 2947,3792 2947,3793 2947,3793 2371,3793 2370,3794 2370,3799 2370,3799 2209,3799 2207,3801"/><TextEquiv><Unicode/></TextEquiv><TextEquiv index="1"><Unicode>grand Juge. Oſerai-je vous dire que je</Unicode></TextEquiv></TextLine><TextLine id="l23"><Coords points="1157,3963 1156,3962 1147,3962 1146,3962 1146,3923 1146,3922 1043,3922 1041,3920 1032,3920 1030,3918 965,3918 964,3918 964,3912 965,3911 966,3911 967,3910 967,3909 968,3908 969,3908 969,3908 969,3809 970,3808 984,3808 986,3806 1194,3806 1195,3805 1328,3805 1328,3805 1328,3803 1330,3801 1527,3801 1528,3800 1539,3800 1540,3799 1555,3799 1556,3798 1564,3798 1564,3798 1564,3796 1567,3793 1574,3793 1575,3792 1582,3792 1582,3793 1582,3798 1583,3798 2718,3798 2718,3798 2718,3797 2719,3796 2720,3796 2720,3796 2720,3795 2721,3794 2933,3794 2934,3793 3043,3793 3043,3793 3043,3792 3044,3791 3339,3791 3339,3791 3339,3788 3340,3787 3346,3787 3346,3788 3346,3792 3343,3795 3061,3795 3060,3796 3060,3824 3061,3824 3254,3824 3255,3825 3257,3825 3258,3827 3258,3829 3259,3829 3260,3829 3260,3830 3260,3834 3261,3835 3261,3844 3262,3844 3309,3844 3310,3846 3310,3848 3313,3851 3313,3858 3313,3858 3312,3858 3311,3859 3311,3861 3310,3862 3310,3864 3307,3867 3266,3867 3265,3868 3265,3890 3264,3891 3259,3891 3257,3893 3233,3893 3232,3894 3227,3894 3225,3896 3223,3896 3221,3898 3164,3898 3160,3902 3160,3903 3160,3903 3154,3903 3151,3906 3151,3908 3151,3908 2879,3908 2877,3910 2843,3910 2842,3911 2832,3911 2831,3912 2831,3927 2831,3927 2810,3927 2809,3928 2809,3951 2809,3951 2803,3951 2802,3952 2802,3953 2802,3953 2798,3953 2797,3954 2717,3954 2716,3955 2716,3956 2716,3956 2582,3956 2580,3958 2575,3958 2573,3960 2568,3960 2566,3958 2564,3958 2563,3958 2563,3928 2563,3927 1166,3927 1165,3928 1165,3963 1165,3963"/><TextEquiv><Unicode/></TextEquiv><TextEquiv index="1"><Unicode>le déſire? Ma vie a été juſqu'ici em-</Unicode></TextEquiv></TextLine><TextLine id="l24"><Coords points="1420,4279 1419,4279 1419,4275 1419,4274 1087,4274 1086,4274 1086,4234 1086,4233 1048,4233 1046,4231 1042,4231 1041,4230 986,4230 984,4228 979,4228 977,4226 970,4226 969,4226 969,4224 967,4222 967,4119 967,4118 965,4118 964,4118 964,4117 964,4116 961,4116 960,4116 960,4112 961,4111 962,4111 962,4111 962,4011 964,4009 965,4009 965,4009 965,4008 967,4006 970,4006 972,4004 1008,4004 1009,4003 1085,4003 1086,4002 1086,4000 1087,3999 1144,3999 1144,3999 1144,3966 1145,3965 1146,3965 1146,3965 1146,3963 1147,3962 1215,3962 1216,3961 1217,3961 1218,3960 1218,3959 1219,3958 2458,3958 2458,3958 2458,3957 2459,3956 2993,3956 2993,3956 2993,3954 2994,3953 2996,3953 2996,3953 2998,3951 2998,3949 3000,3947 3340,3947 3341,3946 3342,3946 3342,3946 3342,3942 3343,3941 3346,3941 3346,3942 3346,3947 3344,3949 3014,3949 3013,3950 3014,3951 3014,3953 3015,3954 3015,3977 3016,3977 3282,3977 3282,3978 3282,3999 3283,3999 3316,3999 3318,4002 3318,4157 3322,4161 3322,4166 3323,4167 3323,4169 3324,4169 3335,4169 3335,4170 3335,4176 3334,4177 3334,4179 3333,4180 3269,4180 3268,4181 3268,4200 3268,4200 3266,4200 3265,4201 3265,4202 3265,4202 3257,4202 3256,4203 3256,4204 3256,4204 3237,4204 3234,4207 3230,4207 3227,4210 3227,4212 3227,4212 3149,4212 3148,4213 3148,4214 3148,4214 3053,4214 3050,4217 3050,4219 3048,4221 2920,4221 2919,4222 2919,4223 2919,4223 2918,4223 2917,4224 2917,4264 2917,4264 2915,4264 2913,4266 2896,4266 2895,4267 1780,4267 1779,4268 1779,4271 1779,4271 1778,4271 1777,4272 1777,4273 1777,4273 1464,4273 1463,4274 1463,4275 1459,4279"/><TextEquiv><Unicode/></TextEquiv><TextEquiv index="1"><Unicode>er ſua piaus pand mileomi nae es</Unicode></TextEquiv></TextLine><TextLine id="l25"><Coords points="1491,4436 1490,4436 1490,4435 1490,4434 1489,4434 1487,4432 1439,4432 1438,4432 1439,4431 1449,4431 1449,4431 1449,4416 1449,4415 1336,4415 1335,4415 1335,4392 1335,4391 1309,4391 1308,4390 1059,4390 1057,4388 1055,4388 1053,4386 972,4386 969,4384 969,4341 967,4339 967,4336 967,4335 957,4335 953,4332 953,4326 955,4324 967,4324 967,4324 967,4320 968,4319 979,4319 983,4315 1003,4315 1003,4315 1003,4314 1005,4312 1296,4312 1296,4312 1296,4284 1299,4281 1304,4281 1306,4279 1308,4279 1309,4278 1581,4278 1581,4278 1581,4277 1582,4276 1586,4276 1588,4274 1875,4274 1876,4273 1954,4273 1955,4272 2073,4272 2076,4269 2317,4269 2319,4271 2407,4271 2407,4272 2407,4273 2408,4273 3266,4273 3272,4267 3272,4263 3273,4262 3273,4260 3274,4259 3275,4259 3275,4259 3275,4258 3276,4257 3277,4257 3277,4257 3277,4256 3278,4255 3279,4255 3280,4254 3281,4254 3284,4251 3284,4249 3286,4247 3306,4247 3306,4248 3306,4252 3307,4252 3311,4252 3311,4253 3311,4260 3313,4262 3313,4286 3314,4286 3319,4286 3322,4290 3322,4349 3320,4351 3320,4355 3320,4355 3318,4355 3316,4357 3290,4357 3289,4358 3289,4379 3289,4379 3144,4379 3143,4380 3143,4389 3144,4389 3159,4389 3160,4391 3160,4391 3128,4391 3127,4392 3127,4398 3128,4398 3206,4398 3206,4399 3206,4400 3206,4400 3128,4400 3127,4401 3127,4408 3126,4409 2483,4409 2482,4410 2483,4410 2541,4410 2541,4411 2541,4412 2541,4412 2483,4412 2482,4413 2482,4414 2482,4414 2443,4414 2442,4415 2442,4428 2442,4428 1674,4428 1673,4429 1673,4431 1673,4431 1531,4431 1529,4433 1505,4433 1504,4434 1498,4434 1497,4435 1497,4436 1497,4436"/><TextEquiv><Unicode/></TextEquiv><TextEquiv index="1"><Unicode>reur la plus déplorable. La mort eſt</Unicode></TextEquiv></TextLine><TextLine id="l26"><Coords points="2791,4596 2790,4596 2790,4590 2790,4589 2640,4589 2635,4584 2633,4584 2632,4584 2632,4580 2632,4579 1567,4579 1566,4580 1566,4587 1566,4587 1532,4587 1531,4586 1135,4586 1134,4586 1134,4585 1135,4584 1141,4584 1141,4584 1141,4583 1142,4582 1524,4582 1524,4582 1524,4575 1524,4574 1199,4574 1198,4574 1198,4556 1198,4555 1168,4555 1167,4555 1167,4554 1168,4553 1198,4553 1198,4553 1198,4545 1198,4544 1188,4544 1187,4543 1186,4543 1184,4541 989,4541 988,4541 988,4540 988,4539 987,4539 986,4539 986,4538 986,4537 985,4537 984,4537 983,4536 983,4535 983,4534 982,4534 981,4534 981,4527 979,4525 979,4485 979,4484 970,4484 969,4484 969,4482 967,4480 967,4475 968,4474 993,4474 993,4474 993,4473 994,4472 1014,4472 1014,4472 1014,4471 1015,4470 1101,4470 1102,4469 1112,4469 1112,4469 1112,4466 1113,4465 1182,4465 1182,4465 1182,4437 1183,4436 1270,4436 1270,4436 1270,4435 1271,4434 1272,4434 1272,4434 1272,4433 1273,4432 1287,4432 1288,4431 1989,4431 1989,4431 1989,4430 1990,4429 1992,4429 1994,4427 2236,4427 2237,4426 2959,4426 2959,4426 2959,4421 2960,4420 3009,4420 3010,4419 3010,4418 3011,4417 3024,4417 3024,4417 3024,4416 3025,4415 3052,4415 3053,4414 3053,4413 3054,4412 3058,4412 3060,4410 3237,4410 3239,4408 3253,4408 3254,4407 3256,4407 3256,4407 3256,4406 3257,4405 3258,4405 3258,4405 3258,4404 3259,4403 3260,4403 3262,4401 3265,4401 3266,4400 3268,4400 3268,4400 3268,4399 3269,4398 3278,4398 3280,4400 3282,4400 3284,4402 3285,4402 3286,4403 3287,4403 3287,4404 3287,4443 3288,4443 3308,4443 3311,4446 3314,4446 3316,4449 3316,4451 3319,4453 3320,4453 3320,4454 3320,4463 3322,4465 3322,4471 3320,4473 3320,4506 3318,4508 3318,4513 3316,4515 3306,4515 3304,4517 3250,4517 3248,4519 3224,4519 3223,4520 3209,4520 3208,4521 3208,4560 3208,4560 3039,4560 3038,4561 3038,4592 3037,4593 2794,4593 2793,4594 2793,4596 2793,4596"/><TextEquiv><Unicode/></TextEquiv><TextEquiv index="1"><Unicode>un aſile qui me dérobe à la plus affreuſe</Unicode></TextEquiv></TextLine><TextLine id="l27"><Coords points="1323,4743 1322,4743 1322,4728 1322,4727 1010,4727 1007,4725 1007,4702 1007,4701 994,4701 993,4701 993,4700 993,4699 992,4699 991,4699 991,4698 988,4694 986,4694 984,4693 984,4691 983,4690 983,4687 982,4685 980,4685 979,4685 979,4683 977,4681 977,4679 976,4678 976,4671 976,4670 975,4670 974,4670 974,4669 974,4668 973,4668 972,4668 972,4659 973,4658 974,4658 974,4658 974,4649 977,4646 979,4646 979,4646 979,4645 980,4644 983,4644 983,4644 983,4640 984,4639 988,4639 988,4639 988,4638 989,4637 993,4637 996,4634 999,4634 1000,4633 1000,4628 1001,4627 1005,4627 1005,4627 1005,4626 1006,4625 1065,4625 1065,4625 1065,4623 1066,4622 1131,4622 1131,4622 1131,4592 1132,4591 1132,4589 1135,4586 1153,4586 1154,4587 1221,4587 1223,4589 1225,4589 1227,4591 1229,4591 1230,4593 1230,4594 1231,4594 1232,4594 1232,4595 1232,4597 1233,4597 1794,4597 1794,4598 1794,4599 1794,4599 1233,4599 1232,4600 1232,4601 1233,4601 1619,4601 1619,4602 1619,4644 1620,4644 1755,4644 1755,4645 1755,4646 1756,4646 1757,4646 1758,4648 1758,4673 1759,4673 1775,4673 1775,4674 1775,4675 1775,4675 1563,4675 1562,4676 1562,4696 1561,4697 1561,4700 1557,4704 1557,4706 1557,4706 1498,4706 1497,4707 1497,4732 1497,4732 1360,4732 1359,4733 1359,4735 1359,4735 1333,4735 1332,4736 1332,4743 1332,4743"/><TextEquiv><Unicode/></TextEquiv><TextEquiv index="1"><Unicode>exiſtence.</Unicode></TextEquiv></TextLine><TextLine id="l28"><Coords points="1814,4907 1813,4907 1813,4906 1812,4905 1812,4904 1812,4903 1385,4903 1383,4902 1383,4874 1383,4873 1221,4873 1220,4873 1220,4867 1220,4866 1183,4866 1182,4866 1182,4858 1182,4857 1152,4857 1151,4856 1148,4856 1146,4854 1144,4854 1142,4852 1139,4852 1134,4848 1134,4846 1134,4845 1133,4845 1132,4845 1132,4821 1132,4820 1093,4820 1091,4819 1091,4736 1091,4735 1004,4735 1003,4735 1003,4733 1004,4732 2180,4732 2180,4732 2180,4721 2181,4720 3266,4720 3266,4720 3266,4718 3268,4716 3278,4716 3279,4715 3280,4715 3281,4714 3284,4714 3286,4716 3292,4716 3292,4717 3292,4719 3294,4721 3294,4723 3296,4725 3296,4727 3297,4728 3297,4729 3299,4731 3299,4735 3300,4735 3309,4735 3310,4737 3310,4752 3311,4752 3316,4752 3316,4753 3316,4757 3317,4757 3324,4757 3325,4759 3325,4809 3327,4811 3327,4813 3328,4814 3328,4819 3328,4819 3325,4819 3323,4821 3280,4821 3279,4822 3279,4824 3278,4825 3240,4825 3239,4826 3239,4871 3239,4871 2811,4871 2810,4872 2810,4894 2810,4894 2067,4894 2066,4895 2066,4900 2066,4900 1856,4900 1852,4904 1832,4904 1831,4905 1824,4905 1822,4907"/><TextEquiv><Unicode/></TextEquiv><TextEquiv index="1"><Unicode>J'ai cauſé peut-être votre mort, &amp;</Unicode></TextEquiv></TextLine><TextLine id="l29"><Coords points="2010,5077 2009,5077 2009,5036 2009,5035 1540,5035 1538,5034 1538,5029 1538,5028 1487,5028 1483,5024 1023,5024 1022,5024 1022,5023 1022,5022 1020,5022 1019,5022 1019,5012 1014,5007 1014,5000 1013,4998 1011,4998 1010,4998 1010,4996 1007,4993 1007,4991 1005,4989 1005,4986 1003,4984 1003,4980 1002,4979 1002,4976 1000,4974 1000,4970 1000,4969 999,4969 998,4969 998,4965 996,4963 996,4960 996,4959 989,4959 988,4959 988,4946 991,4943 993,4943 995,4941 995,4939 996,4938 1063,4938 1063,4938 1063,4925 1065,4923 1269,4923 1270,4922 1368,4922 1371,4919 1371,4917 1372,4916 1373,4916 1373,4916 1373,4912 1376,4909 1376,4907 1378,4905 1380,4905 1381,4904 1383,4904 1383,4904 1383,4903 1384,4902 2315,4902 2317,4900 2496,4900 2496,4900 2496,4896 2497,4895 2797,4895 2798,4894 2810,4894 2811,4893 3229,4893 3229,4893 3229,4881 3232,4878 3232,4877 3233,4876 3242,4876 3244,4874 3251,4874 3252,4873 3258,4873 3258,4873 3258,4872 3259,4871 3271,4871 3273,4874 3273,4909 3274,4909 3315,4909 3315,4910 3315,4911 3317,4912 3319,4912 3320,4914 3320,4916 3322,4917 3323,4917 3323,4918 3323,4919 3324,4919 3325,4919 3325,4920 3325,4922 3327,4924 3327,4928 3328,4928 3332,4928 3334,4931 3334,4933 3335,4933 3337,4933 3337,4934 3337,4935 3337,4935 3336,4935 3335,4936 3335,4940 3334,4941 3334,4982 3333,4983 3326,4983 3324,4985 3323,4985 3322,4986 3322,4989 3321,4990 3250,4990 3249,4991 3139,4991 3137,4993 3135,4993 3134,4994 3134,4995 3134,4995 3133,4995 3132,4996 3132,4997 3131,4998 3092,4998 3091,4999 3091,5000 3091,5000 3087,5000 3086,5001 3086,5002 3086,5002 3006,5002 3005,5003 3005,5015 3004,5016 2574,5016 2573,5017 2485,5017 2484,5018 2484,5019 2484,5019 2379,5019 2377,5021 2360,5021 2359,5022 2359,5057 2358,5058 2356,5058 2355,5059 2353,5058 2353,5053 2353,5052 2334,5052 2333,5052 2333,5036 2333,5035 2019,5035 2018,5036 2018,5076 2018,5076 2017,5076 2016,5077"/><TextEquiv><Unicode/></TextEquiv><TextEquiv index="1"><Unicode>vous êtes innocent de la mienne. Je</Unicode></TextEquiv></TextLine><TextEquiv><Unicode/></TextEquiv></TextRegion></Page></PcGts>