<?xml version="1.0" encoding="UTF-8" standalone="no"?><PcGts xmlns="http://schema.primaresearch.org/PAGE/gts/pagecontent/2017-07-15" xmlns:xsi="http://www.w3.org/2001/XMLSchema-instance" xsi:schemaLocation="http://schema.primaresearch.org/PAGE/gts/pagecontent/2017-07-15 http://schema.primaresearch.org/PAGE/gts/pagecontent/2017-07-15/pagecontent.xsd"><Metadata><Creator/><Created>2020-10-14T10:32:15</Created><LastChange>1970-01-01T00:00:00</LastChange><Comments/></Metadata><Page imageFilename="0228.png" imageHeight="6032" imageWidth="4266"><TextRegion id="r1" orientation="-0.375" type="paragraph"><Coords points="1,1 4264,1 4264,6030 1,6030"/><TextLine id="l1"><Coords points="2412,479 2412,478 2412,472 2411,472 2410,472 2409,471 2088,469 2088,468 2088,451 2087,451 1612,448 1612,447 1612,446 1611,446 1609,446 1609,445 1609,426 1608,426 1007,422 1005,420 1003,420 1002,418 1003,326 1002,326 1000,326 1000,325 1000,324 999,324 995,324 994,322 993,322 993,322 993,313 995,311 995,310 996,309 1510,312 1511,311 1511,309 1512,308 1512,304 1513,303 1515,303 1516,302 1518,302 1519,301 1519,300 1519,300 1525,300 1528,303 1530,303 1531,304 1531,305 1531,305 2860,314 2861,314 2861,316 2864,319 2864,328 2864,329 3333,332 3335,333 3334,381 3335,382 3340,382 3342,384 3342,385 3343,386 3354,386 3359,391 3361,391 3361,391 3361,395 3363,398 3363,401 3365,403 3365,417 3366,417 3375,417 3375,418 3375,419 3375,419 3372,419 3371,420 3371,438 3370,439 3370,441 3369,441 3368,441 3368,442 3368,443 3367,443 3365,443 3364,444 3363,444 3363,445 3363,446 3362,446 3361,446 3361,446 3361,447 3360,448 3356,448 3354,450 3352,450 3351,451 3351,452 3350,453 3349,453 3349,453 3349,457 3348,458 3335,458 3335,458 3335,480 3334,481 3266,480 3265,481 2425,476 2425,476 2425,478 2424,479"/><TextEquiv><Unicode/></TextEquiv><TextEquiv index="1"><Unicode>bon ami, comnent paroîtriez -vous</Unicode></TextEquiv></TextLine><TextLine id="l2"><Coords points="2893,642 2893,641 2893,639 2892,639 2880,639 2880,638 2880,635 2879,635 2820,634 2819,633 2819,626 2818,625 2802,625 2802,625 2802,619 2801,618 2567,617 2566,618 2549,618 2549,618 2549,631 2548,632 2467,631 2467,632 2467,633 2465,634 2464,634 2463,633 2369,633 2369,632 2369,631 2368,630 2229,630 2229,629 2229,626 2228,626 2089,625 2089,624 2089,593 2088,593 1901,591 1900,592 1898,592 1898,592 1898,588 1897,587 1696,586 1695,587 1693,587 1693,587 1693,584 1692,583 1401,581 1400,582 1396,582 1394,580 1383,580 1382,579 1381,579 1380,578 1117,576 1116,577 1022,577 1022,576 1022,572 1021,572 1019,572 1019,571 1019,570 1018,570 1017,570 1017,569 1017,567 1017,567 1012,567 1006,561 1004,561 1003,560 1003,558 1001,556 999,556 998,555 998,551 996,549 996,546 995,545 995,536 996,535 996,528 1000,524 1000,520 1001,520 1003,520 1008,515 1012,515 1012,514 1012,513 1013,513 1014,513 1014,512 1014,511 1015,511 1031,511 1031,510 1031,508 1033,506 1033,505 1034,505 1045,505 1045,504 1046,469 1047,468 1049,468 1050,467 1054,467 1055,466 1055,465 1055,465 1062,465 1067,469 1067,472 1069,474 1069,478 1069,479 1073,479 1074,480 1073,499 1074,499 1321,501 1323,499 1375,499 1376,498 1448,498 1448,498 1449,470 1452,467 1452,465 1452,464 1453,465 1454,464 1454,463 1454,463 1464,463 1466,465 1641,466 1644,463 1647,463 1650,460 1663,460 1664,460 1664,461 1664,462 1666,462 1667,463 1671,463 1672,463 1672,464 1672,465 1673,465 1674,465 1674,467 1676,469 1675,504 1676,505 1799,506 1800,507 2086,509 2086,508 2087,469 2087,469 2101,469 2102,470 2103,470 2104,471 2290,472 2292,474 2296,474 2297,475 2297,478 2297,478 2508,479 2509,479 2509,476 2509,475 2510,476 2509,513 2510,513 2718,515 2718,514 2718,506 2719,506 2806,506 2808,504 2824,504 2824,504 2825,495 2826,494 2826,490 2828,488 2828,479 2828,479 3021,480 3022,479 3037,479 3040,481 3040,483 3040,484 3121,484 3122,485 3122,487 3124,489 3124,492 3124,492 3287,494 3291,497 3290,500 3291,501 3291,535 3292,536 3332,536 3333,537 3337,537 3337,537 3337,538 3338,539 3340,539 3342,541 3344,541 3346,543 3346,545 3347,546 3349,546 3349,546 3349,550 3350,551 3351,551 3351,551 3351,553 3352,554 3359,554 3359,554 3359,581 3359,582 3372,582 3373,583 3373,584 3372,584 3351,584 3351,584 3351,600 3350,601 3349,601 3347,603 3347,605 3344,608 3342,608 3340,610 3339,610 3338,611 3337,611 3337,611 3337,624 3336,625 3299,625 3299,625 3299,633 3298,634 3137,633 3136,634 3096,633 3095,634 2963,633 2962,634 2904,634 2903,635 2902,635 2902,635 2902,636 2901,637 2900,637 2900,637 2900,641 2899,642"/><TextEquiv><Unicode/></TextEquiv><TextEquiv index="1"><Unicode>devant le ſouverain Juge, coupable de</Unicode></TextEquiv></TextLine><TextLine id="l3"><Coords points="3294,803 3294,802 3294,797 3293,797 3088,795 3087,794 3061,794 3061,794 3061,791 3060,790 2059,783 2058,782 1499,779 1499,778 1499,774 1498,774 1043,771 1042,770 1041,770 1041,769 1041,732 1040,732 1023,732 1020,728 1020,726 1019,726 1017,726 1015,723 1015,711 1014,710 1014,708 1010,704 1010,697 1008,695 1008,692 1007,691 1007,689 1005,687 1005,685 1005,685 1004,685 1003,684 1003,680 1003,680 1001,680 998,677 996,677 995,676 995,675 995,675 992,674 991,674 991,672 990,671 990,666 991,665 991,661 992,660 992,659 993,658 1161,660 1161,659 1161,657 1165,654 1782,658 1782,657 1782,649 1783,649 2223,652 2223,651 2224,639 2224,639 2225,639 2226,638 2226,634 2230,630 2283,630 2285,628 2294,628 2295,627 2300,627 2302,625 2311,625 2312,626 2312,627 2312,627 2318,627 2322,631 2777,634 2780,637 2780,639 2780,639 2789,639 2790,640 2792,640 2793,641 3178,644 3179,645 3284,645 3285,646 3286,647 3287,647 3287,648 3287,649 3289,649 3290,650 3291,651 3291,653 3292,654 3292,705 3293,706 3347,706 3347,706 3347,749 3349,751 3349,763 3349,764 3351,764 3353,766 3355,766 3356,766 3356,767 3355,768 3353,768 3352,769 3352,770 3351,771 3344,771 3344,771 3344,772 3343,773 3342,773 3342,773 3342,775 3339,778 3334,778 3334,778 3334,780 3329,785 3327,785 3325,787 3318,787 3318,787 3318,794 3317,795 3297,795 3297,795 3297,802 3296,803"/><TextEquiv><Unicode/></TextEquiv><TextEquiv index="1"><Unicode>votre mort, vous préſentant devant lui,</Unicode></TextEquiv></TextLine><TextLine id="l4"><Coords points="2742,950 2742,949 2742,948 2741,948 2727,948 2726,946 2726,943 2725,943 2718,943 2716,941 2714,941 2713,939 2713,938 2712,938 2708,938 2708,937 2708,935 2705,933 2704,933 2704,932 2704,931 2702,929 2702,926 2701,925 2701,924 2700,924 2662,923 2661,922 2661,915 2660,914 2660,912 2659,911 2580,911 2579,912 2558,912 2558,912 2558,945 2557,946 2555,946 2555,945 2555,909 2554,909 2548,909 2547,908 2419,907 2419,907 2419,919 2417,921 2415,921 2415,920 2415,912 2414,912 2384,912 2384,911 2384,905 2383,905 2300,904 2300,905 2300,912 2299,912 2221,912 2221,912 2221,942 2220,943 1934,941 1934,941 1934,942 1933,943 1920,943 1919,942 1896,941 1892,937 1892,903 1891,902 1800,902 1800,902 1800,911 1799,912 1793,912 1793,911 1793,904 1792,904 1757,904 1757,903 1757,898 1756,897 1674,897 1674,897 1674,911 1673,912 1671,912 1671,911 1671,897 1670,897 1647,897 1645,895 1643,895 1643,894 1643,893 1642,893 1545,892 1545,893 1545,897 1544,897 1478,897 1478,897 1478,934 1477,935 1460,935 1460,934 1460,924 1459,924 1403,923 1402,922 1402,893 1401,892 1293,891 1292,892 1195,892 1193,890 1082,889 1082,890 1082,892 1081,892 1049,892 1047,890 993,890 992,888 990,888 988,886 988,824 991,821 991,820 993,818 995,819 998,815 998,814 999,814 1000,814 1000,813 1000,799 1001,798 1002,794 1003,793 1003,792 1003,792 1004,792 1005,791 1005,790 1005,790 1006,790 1007,789 1007,788 1008,787 1008,786 1009,785 1011,785 1012,784 1012,783 1012,783 1033,783 1034,782 1034,775 1036,773 1040,773 1041,772 1041,770 1041,770 1042,770 1043,771 1045,771 1047,773 1050,773 1053,775 1053,777 1053,778 1054,778 1055,778 1054,813 1055,814 1144,814 1145,813 1158,814 1158,814 1158,815 1159,816 1160,816 1160,816 1160,817 1161,818 1162,818 1163,819 1282,819 1285,816 1292,816 1294,814 1297,814 1298,813 1307,814 1309,816 1311,816 1313,818 1315,818 1316,819 1450,819 1451,818 1498,819 1498,818 1499,779 1499,779 1520,779 1521,780 1522,780 1523,780 1523,784 1524,785 1523,817 1524,818 1652,819 1652,818 1653,792 1653,792 1654,792 1655,791 1655,790 1655,790 1656,790 1657,789 1657,785 1659,783 1669,783 1671,784 1670,799 1671,800 1684,800 1684,801 1684,814 1685,814 1763,815 1763,814 1763,803 1764,802 1765,794 1767,792 1767,785 1769,783 1783,783 1784,783 1784,784 1784,785 1785,785 1786,785 1785,818 1786,819 1922,820 1922,819 1922,816 1923,816 1925,816 1925,816 1925,818 1926,819 1968,819 1968,819 1968,823 1969,824 2056,824 2056,824 2056,803 2057,802 2063,803 2063,802 2064,787 2064,787 2138,787 2140,785 2151,785 2153,787 2246,788 2247,787 2247,773 2247,773 2282,773 2283,772 2283,768 2283,768 2403,769 2404,769 2404,784 2404,785 2424,785 2426,787 2449,787 2450,788 2449,820 2450,820 2533,821 2533,820 2534,794 2535,793 2547,793 2548,792 2548,778 2548,778 2550,778 2551,778 2551,787 2551,788 2617,788 2618,789 2617,806 2618,806 2688,807 2689,808 2689,818 2690,819 2704,819 2704,819 2704,820 2705,821 2810,821 2810,821 2811,794 2811,793 2813,793 2814,794 2814,798 2814,798 2830,799 2831,800 2842,800 2843,800 2842,820 2843,821 2924,821 2926,819 2954,819 2954,819 2955,795 2956,793 2979,793 2980,793 2987,793 2988,792 3004,792 3005,793 3008,793 3009,794 3063,794 3064,795 3063,814 3064,814 3115,814 3115,814 3115,808 3116,807 3118,807 3119,809 3119,830 3120,830 3212,831 3212,831 3212,827 3213,826 3284,826 3284,826 3284,821 3285,820 3293,821 3293,820 3294,803 3294,803 3296,803 3297,803 3296,805 3297,806 3316,806 3316,806 3316,830 3317,831 3325,831 3325,831 3325,844 3326,845 3356,845 3356,845 3356,870 3357,871 3359,871 3359,871 3359,891 3359,892 3369,892 3370,893 3370,895 3372,897 3374,897 3375,898 3375,902 3374,902 3346,902 3346,902 3346,905 3344,907 3344,909 3342,911 3342,913 3338,917 3334,917 3332,919 3332,920 3331,921 3266,920 3266,921 3266,923 3265,923 3190,923 3189,921 3189,917 3188,917 3175,917 3175,916 3175,913 3174,913 3124,912 3124,912 3124,910 3123,909 3015,909 3015,909 3015,911 3014,912 2978,911 2977,912 2945,912 2945,913 2945,914 2944,914 2921,914 2921,915 2921,917 2920,917 2917,917 2917,917 2917,912 2916,911 2908,911 2907,910 2828,910 2828,910 2828,911 2827,912 2825,911 2824,912 2787,912 2787,913 2787,922 2785,924 2785,929 2784,929 2783,929 2783,930 2783,933 2782,933 2770,933 2767,936 2766,936 2766,937 2766,938 2765,938 2763,938 2758,943 2749,943 2749,943 2749,945 2746,948 2744,948 2744,948 2744,949 2743,950"/><TextEquiv><Unicode/></TextEquiv><TextEquiv index="1"><Unicode>ſans avoir été appelé? Ce Juge eſt note</Unicode></TextEquiv></TextLine><TextLine id="l5"><Coords points="3144,1109 3143,1108 3134,1108 3134,1107 3134,1106 3133,1106 990,1091 986,1087 986,1075 986,1074 987,1074 988,1074 988,980 989,979 991,979 992,978 1007,979 1009,977 1034,977 1035,976 1036,976 1036,975 1036,974 1037,974 1151,975 1152,974 1180,974 1182,972 1373,973 1373,972 1373,954 1374,953 1375,948 1375,948 1377,948 1378,948 1380,946 1380,944 1380,943 1382,943 1383,943 1383,941 1383,940 1384,940 1385,940 1385,939 1385,938 1391,938 1392,938 1392,937 1392,936 1393,936 1394,935 1397,935 1399,933 1406,933 1407,934 1477,935 1478,935 1478,937 1478,938 2221,943 2222,944 2557,946 2558,946 2558,947 2558,948 3310,953 3311,953 3311,956 3311,957 3312,957 3314,959 3315,959 3315,959 3315,983 3316,984 3349,984 3349,984 3349,985 3349,986 3348,986 3347,986 3347,1066 3344,1069 3344,1071 3343,1072 3342,1072 3342,1072 3342,1073 3341,1074 3337,1074 3337,1074 3337,1076 3336,1077 3330,1077 3330,1077 3330,1088 3329,1089 3154,1088 3154,1088 3154,1108 3153,1109"/><TextEquiv><Unicode/></TextEquiv><TextEquiv index="1"><Unicode>pere. Si je paroiſſois avec vous en ſa</Unicode></TextEquiv></TextLine><TextLine id="l6"><Coords points="991,1250 990,1249 986,1249 984,1247 984,1243 983,1242 974,1242 974,1242 974,1238 974,1237 980,1237 981,1237 981,1170 983,1168 988,1168 988,1168 988,1139 990,1137 990,1134 991,1133 1038,1134 1038,1133 1038,1132 1039,1132 1091,1132 1092,1131 1110,1131 1110,1131 1110,1130 1111,1129 1163,1130 1163,1129 1163,1109 1164,1108 1165,1100 1167,1098 1167,1096 1168,1095 1168,1093 1168,1093 1169,1093 1170,1092 1172,1092 1173,1091 1233,1091 1234,1091 1234,1090 1234,1089 1236,1089 1237,1088 1257,1088 1260,1091 1260,1093 1261,1094 1260,1128 1261,1128 1363,1129 1363,1129 1363,1130 1365,1132 1367,1132 1369,1134 1478,1135 1479,1134 1535,1134 1535,1134 1536,1092 1536,1091 1541,1091 1542,1092 1542,1093 1542,1093 1578,1093 1579,1094 1579,1096 1579,1096 1580,1096 1581,1097 1668,1098 1669,1097 1669,1096 1669,1096 1670,1096 1671,1095 1671,1094 1672,1093 1763,1094 1765,1096 1766,1096 1767,1096 1766,1104 1767,1105 1767,1136 1768,1137 1870,1137 1871,1136 1875,1136 1875,1136 1875,1135 1876,1134 1885,1134 1886,1135 1953,1136 1954,1137 1954,1138 1955,1139 2044,1139 2046,1137 2052,1137 2053,1138 2190,1139 2190,1139 2190,1118 2192,1116 2193,1105 2195,1103 2195,1101 2197,1098 2302,1099 2303,1100 2303,1101 2303,1101 2304,1101 2305,1102 2304,1107 2305,1108 2305,1139 2306,1139 2404,1140 2405,1139 2567,1140 2567,1139 2567,1117 2568,1117 2581,1117 2581,1116 2582,1105 2582,1105 2620,1105 2622,1103 2627,1103 2629,1101 2633,1101 2634,1100 2638,1100 2639,1101 2641,1101 2642,1102 2642,1103 2642,1103 2643,1103 2644,1104 2643,1108 2644,1108 2645,1108 2646,1110 2646,1118 2647,1118 2718,1119 2718,1119 2718,1128 2719,1129 2871,1130 2872,1129 2911,1129 2911,1129 2912,1104 2912,1103 2913,1103 2914,1102 2922,1102 2923,1103 3016,1104 3017,1103 3026,1103 3029,1106 3050,1106 3051,1107 3143,1108 3144,1109 3154,1109 3155,1110 3248,1110 3249,1111 3250,1111 3253,1115 3253,1131 3255,1133 3255,1136 3256,1136 3273,1136 3273,1137 3273,1152 3274,1152 3297,1153 3299,1155 3306,1155 3311,1160 3313,1160 3313,1160 3313,1164 3314,1165 3315,1165 3315,1165 3315,1169 3316,1170 3316,1178 3317,1179 3346,1179 3347,1180 3348,1180 3350,1182 3375,1182 3375,1183 3375,1184 3375,1184 3364,1184 3363,1185 3363,1189 3362,1189 3361,1189 3361,1190 3361,1192 3358,1194 3349,1194 3349,1194 3349,1195 3348,1196 3347,1196 3347,1196 3347,1197 3346,1198 3344,1198 3343,1199 3313,1199 3313,1199 3313,1221 3312,1222 3311,1222 3311,1222 3311,1224 3308,1227 3301,1227 3299,1229 3297,1229 3296,1230 3289,1230 3289,1229 3289,1228 3288,1228 3239,1227 3239,1227 3239,1223 3238,1222 3135,1222 3135,1222 3135,1261 3134,1262 3130,1261 3129,1260 3122,1260 3122,1260 3122,1223 3121,1222 3103,1222 3103,1222 3103,1219 3102,1218 3077,1218 3076,1217 2960,1216 2959,1217 2955,1217 2955,1218 2955,1222 2954,1222 2826,1222 2826,1222 2826,1248 2825,1248 2824,1248 2823,1249 2823,1249 2823,1223 2822,1222 2682,1222 2681,1221 2608,1220 2608,1220 2608,1218 2607,1217 2598,1217 2597,1216 2510,1215 2508,1217 2465,1217 2465,1218 2465,1234 2464,1234 2396,1234 2396,1234 2396,1254 2395,1255 2389,1255 2388,1254 2381,1254 2381,1253 2381,1218 2380,1218 2278,1217 2278,1217 2278,1244 2276,1246 2274,1246 2274,1245 2274,1244 2273,1244 2243,1244 2243,1243 2243,1216 2242,1216 2102,1215 2102,1215 2102,1216 2101,1217 2087,1217 2087,1216 2087,1212 2086,1212 1948,1211 1946,1213 1944,1211 1843,1210 1841,1208 1754,1207 1753,1208 1752,1208 1750,1210 1719,1210 1719,1211 1719,1215 1718,1215 1715,1215 1715,1216 1715,1217 1714,1217 1705,1217 1705,1217 1705,1214 1704,1213 1693,1213 1691,1211 1688,1211 1687,1210 1676,1210 1676,1209 1676,1207 1674,1206 1617,1206 1617,1206 1617,1228 1616,1229 1614,1229 1614,1228 1614,1206 1613,1206 1579,1205 1578,1206 1502,1206 1502,1206 1502,1207 1498,1211 1491,1211 1489,1213 1488,1213 1487,1212 1419,1211 1418,1210 1413,1210 1411,1208 1411,1207 1410,1206 1408,1206 1407,1205 1405,1205 1404,1204 1306,1204 1306,1204 1306,1222 1304,1224 1303,1224 1303,1223 1303,1207 1302,1207 1165,1206 1164,1205 1162,1205 1160,1203 1158,1203 1157,1202 1034,1201 1034,1201 1034,1243 1033,1244 1021,1244 1019,1246 1017,1246 1015,1248 1003,1248 1000,1251"/><TextEquiv><Unicode/></TextEquiv><TextEquiv index="1"><Unicode>préſencel Si nous étions deux à lui de-</Unicode></TextEquiv></TextLine><TextLine id="l7"><Coords points="3206,1437 3205,1436 2755,1433 2751,1430 2751,1414 2751,1413 1567,1405 1564,1408 1548,1408 1546,1406 1091,1403 1091,1403 1091,1362 1090,1361 991,1360 991,1360 991,1359 988,1356 988,1350 990,1348 990,1291 991,1290 992,1291 994,1289 1127,1289 1127,1289 1127,1288 1128,1287 1130,1287 1132,1285 1137,1285 1138,1284 1142,1284 1143,1283 1300,1285 1300,1284 1301,1249 1301,1249 1302,1249 1303,1248 1309,1248 1311,1246 1317,1246 1318,1247 1321,1247 1323,1248 1323,1249 1323,1250 2378,1257 2379,1256 2379,1255 2380,1254 2442,1254 2443,1253 2452,1253 2453,1253 2453,1252 2453,1251 2462,1251 2464,1253 2469,1253 2472,1256 3129,1260 3130,1261 3135,1262 3137,1264 3138,1264 3139,1265 3139,1304 3140,1305 3321,1306 3323,1308 3330,1308 3331,1309 3335,1309 3335,1309 3335,1313 3337,1315 3337,1362 3337,1363 3338,1363 3342,1366 3342,1375 3340,1377 3340,1379 3337,1382 3272,1381 3272,1382 3272,1407 3270,1408 3245,1408 3245,1409 3244,1418 3244,1418 3243,1418 3242,1419 3242,1420 3242,1420 3231,1420 3230,1421 3230,1423 3230,1423 3221,1423 3220,1424 3220,1431 3218,1433 3216,1433 3215,1434 3215,1435 3215,1435 3214,1435 3213,1436 3213,1437 3213,1437"/><TextEquiv><Unicode/></TextEquiv><TextEquiv index="1"><Unicode>mander gracel.. Puiſque je n'ai pu</Unicode></TextEquiv></TextLine><TextLine id="l8"><Coords points="2350,1568 2349,1568 2350,1524 2349,1523 2317,1523 2317,1524 2317,1526 2316,1526 2314,1526 2312,1528 2298,1528 2298,1529 2298,1530 2297,1530 2262,1530 2261,1531 2259,1531 2259,1530 2259,1527 2258,1527 2083,1526 2083,1526 2083,1530 2082,1531 2082,1533 2079,1536 2077,1536 2076,1537 2076,1539 2073,1542 2073,1544 2072,1545 2054,1544 2051,1547 2044,1547 2044,1547 2044,1546 2043,1545 2042,1545 2042,1545 2042,1527 2041,1526 1966,1526 1966,1525 1966,1524 1965,1523 1965,1522 1964,1522 1841,1521 1839,1523 1758,1523 1758,1523 1758,1525 1755,1528 1755,1530 1754,1530 1753,1530 1752,1531 1751,1531 1750,1530 1750,1529 1749,1528 1748,1528 1748,1528 1748,1527 1747,1526 1746,1526 1746,1526 1746,1515 1745,1514 1739,1514 1633,1514 1631,1516 1629,1516 1629,1516 1629,1517 1628,1518 1626,1518 1626,1518 1626,1520 1625,1521 1623,1521 1621,1523 1619,1523 1618,1524 1539,1523 1537,1521 1467,1521 1467,1521 1466,1562 1466,1563 1450,1563 1449,1562 1450,1521 1449,1520 1419,1520 1418,1521 1408,1521 1406,1519 1290,1518 1289,1519 1287,1519 1287,1520 1287,1521 1286,1521 1272,1521 1270,1519 1266,1519 1265,1518 1153,1518 1150,1521 1145,1521 1142,1517 1030,1517 1029,1518 1021,1518 1019,1516 1017,1516 1017,1515 1017,1511 1015,1509 1015,1505 1014,1504 1014,1501 1012,1499 1012,1495 1011,1495 1010,1495 1010,1494 1010,1490 1008,1488 1008,1487 1007,1486 1007,1482 1003,1478 1003,1473 1002,1472 1002,1470 1000,1468 1000,1464 1000,1464 999,1464 998,1463 998,1459 998,1459 992,1459 991,1458 991,1457 990,1456 990,1455 990,1454 987,1454 986,1454 986,1445 987,1444 989,1444 990,1443 1088,1444 1088,1444 1089,1405 1089,1404 1090,1404 1091,1403 1101,1403 1103,1405 1103,1407 1103,1408 1103,1444 1104,1444 1227,1445 1228,1444 1239,1444 1240,1445 1377,1446 1378,1445 1404,1445 1404,1446 1404,1447 1405,1447 1407,1447 1408,1448 1600,1449 1601,1448 1613,1449 1615,1447 1621,1447 1621,1447 1621,1448 1622,1449 1629,1449 1632,1452 1824,1453 1825,1452 1827,1452 1830,1449 1920,1450 1921,1449 1942,1449 1944,1451 1944,1453 1945,1454 1995,1454 1998,1457 1999,1457 1999,1458 1999,1459 2000,1459 2002,1459 2004,1462 2004,1464 2005,1464 2006,1464 2006,1465 2006,1494 2006,1494 2151,1495 2152,1495 2152,1467 2153,1466 2154,1466 2154,1466 2154,1465 2155,1464 2156,1464 2156,1464 2156,1462 2157,1461 2157,1460 2158,1459 2161,1459 2161,1459 2161,1458 2163,1456 2167,1456 2169,1454 2204,1454 2204,1454 2204,1419 2205,1418 2205,1416 2208,1413 2211,1413 2212,1412 2252,1413 2255,1410 2263,1410 2266,1413 2269,1413 2270,1414 2305,1414 2305,1415 2305,1416 2306,1416 2307,1416 2307,1417 2307,1418 2308,1418 2309,1418 2309,1419 2309,1425 2310,1426 2310,1453 2311,1453 2437,1454 2439,1452 2518,1452 2518,1452 2518,1422 2520,1420 2520,1418 2523,1416 2525,1416 2526,1414 2526,1413 2527,1413 2538,1413 2539,1414 2599,1414 2599,1415 2599,1417 2601,1419 2601,1435 2602,1435 2616,1435 2616,1436 2616,1447 2617,1447 2639,1447 2639,1448 2639,1449 2640,1449 2644,1449 2644,1450 2644,1453 2645,1453 2784,1454 2784,1454 2784,1427 2785,1426 2786,1426 2787,1428 2787,1454 2788,1454 2793,1454 2794,1453 2794,1451 2796,1449 2804,1449 2808,1453 2933,1454 2934,1455 3060,1456 3060,1456 3060,1455 3061,1454 3074,1454 3074,1455 3074,1457 3076,1458 3216,1459 3219,1462 3259,1462 3261,1464 3268,1464 3268,1465 3268,1467 3270,1469 3270,1471 3272,1473 3272,1504 3272,1504 3325,1505 3328,1507 3328,1509 3329,1511 3331,1511 3332,1511 3332,1513 3335,1516 3335,1532 3334,1533 3334,1543 3330,1547 3330,1549 3325,1554 3325,1556 3324,1557 3322,1557 3320,1559 3318,1559 3316,1561 3310,1561 3308,1558 3308,1536 3307,1536 3245,1535 3243,1533 3239,1533 3239,1533 3239,1532 3238,1531 3199,1531 3198,1530 3171,1530 3170,1529 3016,1528 3014,1530 3012,1530 3011,1531 3000,1531 3000,1531 3000,1532 2999,1533 2930,1532 2930,1533 2929,1571 2929,1571 2883,1571 2880,1568 2879,1568 2878,1567 2876,1567 2875,1566 2876,1532 2875,1532 2802,1531 2801,1530 2667,1529 2588,1529 2587,1530 2579,1530 2579,1529 2579,1528 2578,1528 2575,1528 2575,1527 2575,1526 2574,1526 2568,1526 2567,1525 2367,1524 2367,1524 2366,1568 2366,1569"/><TextEquiv><Unicode/></TextEquiv><TextEquiv index="1"><Unicode>vivre avec vous, s'il m'étoit permis,</Unicode></TextEquiv></TextLine><TextLine id="l9"><Coords points="1085,1716 1084,1716 1085,1672 1084,1671 1064,1671 1063,1672 1062,1672 1062,1672 1062,1673 1061,1674 1055,1674 1055,1674 1055,1675 1054,1676 1021,1676 1019,1674 1017,1674 1017,1673 1017,1672 1016,1672 1014,1672 1013,1671 1009,1671 1003,1665 1000,1665 998,1662 998,1660 997,1660 995,1660 995,1659 995,1657 994,1657 993,1657 993,1656 993,1655 992,1655 991,1655 991,1654 991,1650 990,1649 990,1644 988,1642 988,1633 988,1629 989,1628 990,1628 990,1628 990,1624 991,1623 991,1619 992,1619 993,1619 993,1618 993,1617 994,1617 995,1617 995,1616 995,1614 996,1614 1000,1614 1000,1613 1000,1612 1001,1612 1002,1612 1002,1611 1002,1609 1003,1609 1008,1609 1010,1606 1010,1604 1012,1603 1036,1603 1036,1602 1036,1566 1039,1564 1041,1564 1043,1562 1060,1562 1060,1562 1060,1566 1062,1568 1062,1570 1064,1572 1064,1596 1065,1597 1132,1597 1133,1598 1137,1598 1138,1599 1318,1601 1319,1600 1445,1600 1445,1600 1445,1572 1447,1570 1447,1564 1448,1563 1449,1563 1450,1563 1466,1563 1467,1564 1468,1564 1468,1564 1468,1601 1469,1602 1526,1602 1527,1603 1537,1603 1539,1605 1584,1605 1586,1607 1590,1607 1590,1608 1590,1609 1591,1609 1597,1609 1599,1611 1600,1611 1600,1612 1600,1613 1601,1613 1603,1614 1604,1615 1604,1644 1604,1645 1766,1646 1767,1645 1767,1635 1769,1633 1769,1628 1770,1627 1770,1625 1772,1623 1772,1621 1775,1619 1777,1619 1777,1618 1777,1614 1778,1614 1784,1614 1784,1613 1784,1612 1785,1612 1786,1612 1786,1611 1786,1610 1787,1610 1789,1610 1790,1609 1797,1609 1799,1607 1811,1607 1812,1605 1812,1573 1813,1573 1814,1573 1816,1571 1818,1571 1820,1569 1822,1569 1824,1567 1855,1567 1856,1566 1863,1566 1864,1567 1869,1567 1871,1569 1872,1569 1872,1570 1872,1571 1875,1574 1875,1583 1876,1583 1877,1583 1877,1584 1877,1608 1878,1608 2058,1609 2059,1608 2083,1609 2083,1608 2083,1607 2084,1607 2085,1607 2085,1606 2085,1605 2086,1605 2100,1605 2102,1607 2169,1607 2170,1608 2345,1609 2345,1609 2345,1574 2348,1571 2348,1569 2349,1568 2366,1569 2367,1568 2368,1569 2487,1569 2489,1571 2491,1571 2494,1575 2494,1577 2496,1579 2496,1581 2497,1581 2501,1581 2501,1582 2501,1583 2502,1583 2505,1583 2505,1584 2505,1585 2506,1586 2506,1651 2506,1651 2620,1652 2622,1650 2712,1651 2713,1650 2713,1573 2714,1573 2717,1573 2719,1571 2912,1572 2913,1571 2929,1571 2931,1574 2931,1610 2932,1610 3081,1611 3082,1610 3091,1610 3091,1611 3091,1612 3092,1612 3094,1612 3095,1613 3241,1614 3241,1615 3241,1616 3243,1617 3244,1617 3244,1618 3244,1619 3245,1619 3246,1619 3246,1620 3246,1621 3247,1621 3248,1621 3248,1622 3248,1629 3249,1630 3249,1659 3249,1659 3320,1660 3322,1662 3324,1662 3325,1662 3325,1663 3325,1664 3326,1664 3327,1665 3329,1665 3330,1665 3330,1669 3332,1671 3332,1675 3332,1676 3333,1676 3334,1676 3334,1692 3334,1693 3339,1693 3340,1693 3340,1695 3340,1696 3341,1696 3342,1696 3342,1700 3340,1702 3325,1702 3325,1702 3325,1704 3324,1705 3323,1705 3323,1705 3323,1706 3322,1707 3322,1708 3320,1710 3320,1711 3319,1712 3305,1712 3304,1710 3304,1687 3303,1687 3138,1686 3137,1685 2975,1683 2974,1685 2974,1686 2973,1686 2800,1685 2799,1686 2708,1686 2707,1685 2551,1684 2550,1683 2548,1683 2547,1682 2369,1681 2367,1683 2365,1682 2364,1683 2363,1683 2362,1684 2314,1684 2314,1685 2314,1686 2313,1686 2286,1686 2286,1685 2286,1684 2283,1682 2152,1681 2151,1680 1913,1679 1913,1679 1913,1680 1912,1681 1910,1681 1910,1681 1910,1695 1907,1697 1906,1697 1906,1698 1906,1699 1905,1700 1905,1701 1903,1703 1903,1705 1902,1705 1901,1705 1901,1706 1901,1710 1898,1712 1893,1712 1891,1714 1886,1714 1884,1712 1881,1712 1880,1711 1880,1709 1879,1708 1879,1682 1878,1681 1682,1680 1679,1684 1679,1686 1678,1686 1676,1686 1676,1686 1676,1690 1675,1691 1674,1691 1674,1691 1674,1692 1673,1693 1672,1693 1672,1693 1672,1694 1670,1696 1666,1696 1660,1702 1656,1702 1653,1698 1653,1696 1652,1695 1652,1680 1651,1680 1567,1679 1566,1678 1467,1678 1466,1677 1380,1676 1379,1675 1248,1674 1246,1672 1098,1671 1098,1672 1097,1716 1097,1716"/><TextEquiv><Unicode/></TextEquiv><TextEquiv index="1"><Unicode>du moins, d'y mourirl.. Mais non,</Unicode></TextEquiv></TextLine><TextLine id="l10"><Coords points="1141,1869 1140,1869 1141,1830 1140,1829 1139,1829 1139,1829 1139,1828 1138,1827 1074,1827 1072,1825 1014,1825 1014,1824 1014,1821 1010,1817 1010,1815 1008,1813 1008,1810 1007,1809 1007,1805 1006,1805 1005,1805 1005,1804 1005,1800 1003,1798 1003,1796 1002,1795 1002,1793 1001,1793 1000,1793 1000,1792 1000,1784 1000,1784 999,1784 998,1783 998,1782 998,1782 997,1782 996,1781 996,1779 996,1779 994,1779 993,1778 993,1774 993,1774 991,1774 989,1771 988,1771 986,1769 984,1769 983,1769 983,1768 983,1767 982,1767 981,1767 981,1761 982,1760 983,1760 983,1760 983,1759 984,1758 986,1758 987,1757 988,1757 989,1756 1081,1757 1081,1757 1081,1718 1082,1717 1084,1717 1085,1716 1759,1721 1760,1720 2456,1724 2458,1722 2463,1722 2465,1720 2467,1720 2468,1719 2481,1719 2482,1720 2485,1720 2487,1722 2491,1722 2491,1723 2491,1726 2492,1726 3131,1731 3132,1732 3132,1733 3133,1734 3134,1734 3134,1734 3134,1768 3135,1769 3275,1769 3279,1773 3323,1774 3325,1776 3325,1778 3326,1779 3328,1779 3328,1779 3328,1782 3330,1784 3332,1784 3332,1784 3332,1786 3335,1789 3335,1841 3336,1843 3339,1843 3340,1843 3340,1847 3338,1849 2756,1845 2755,1846 2348,1843 2345,1846 2298,1846 2297,1845 1390,1839 1390,1840 1390,1841 1387,1844 1387,1846 1386,1846 1384,1846 1383,1848 1383,1849 1382,1850 1382,1851 1381,1851 1377,1851 1375,1853 1151,1852 1151,1852 1150,1869 1150,1870"/><TextEquiv><Unicode/></TextEquiv><TextEquiv index="1"><Unicode>vivez, rendez heureuſe notre chere</Unicode></TextEquiv></TextLine><TextLine id="l11"><Coords points="1533,2001 1533,2001 1533,1995 1532,1994 1490,1994 1490,1993 1490,1992 1489,1992 1272,1990 1271,1989 1267,1989 1263,1985 1140,1984 1139,1985 987,1984 986,1985 979,1985 978,1984 978,1982 976,1980 976,1974 977,1973 977,1877 979,1875 979,1873 980,1872 981,1872 981,1872 981,1871 982,1870 983,1870 983,1870 983,1869 984,1868 987,1868 988,1867 991,1868 991,1868 991,1869 992,1870 995,1870 995,1870 995,1871 996,1872 1137,1872 1140,1869 1149,1870 1151,1872 1153,1872 1155,1874 1155,1912 1156,1913 1220,1913 1220,1914 1220,1915 1221,1915 1223,1915 1224,1916 1346,1917 1347,1916 1390,1916 1391,1915 1392,1915 1392,1915 1392,1914 1393,1913 1394,1913 1394,1913 1394,1907 1395,1906 1395,1901 1397,1899 1397,1894 1399,1892 1399,1888 1400,1887 1404,1887 1404,1887 1404,1883 1405,1882 1406,1882 1406,1882 1406,1881 1407,1880 1409,1880 1409,1880 1409,1878 1410,1877 1414,1877 1418,1873 1420,1873 1421,1872 1451,1873 1452,1872 1478,1872 1480,1874 1480,1876 1483,1879 1483,1881 1484,1882 1485,1882 1485,1882 1485,1917 1486,1918 1515,1918 1520,1923 1522,1923 1523,1924 1523,1926 1526,1929 1528,1929 1528,1930 1528,1934 1529,1934 1530,1934 1530,1935 1530,1959 1530,1959 1562,1959 1566,1963 1566,1966 1567,1967 1567,1978 1567,1978 1574,1978 1576,1980 1578,1980 1579,1981 1579,1989 1576,1991 1557,1991 1557,1992 1557,1996 1556,1996 1538,1996 1538,1997 1538,2001 1537,2001"/><TextEquiv><Unicode/></TextEquiv><TextEquiv index="1"><Unicode>Princeſſe.</Unicode></TextEquiv></TextLine><TextLine id="l12"><Coords points="3035,2197 3034,2196 1783,2188 1782,2187 1783,2152 1782,2152 1557,2150 1556,2149 1552,2149 1552,2149 1552,2148 1551,2147 1249,2145 1246,2142 1177,2142 1177,2141 1177,2140 1176,2140 1170,2140 1170,2139 1170,2138 1169,2138 1167,2138 1164,2135 1163,2135 1163,2134 1163,2125 1163,2125 1174,2125 1175,2124 1175,2032 1176,2032 1178,2032 1182,2028 2062,2034 2064,2032 2066,2032 2066,2031 2066,2030 2067,2030 2073,2030 2073,2030 2073,2031 2074,2032 2076,2032 2077,2033 2984,2039 2985,2040 2986,2040 2986,2040 2986,2041 2987,2042 2988,2042 2988,2042 2988,2046 2991,2049 3000,2049 3000,2049 3000,2065 3001,2066 3029,2066 3029,2066 3029,2077 3030,2078 3039,2078 3040,2079 3198,2080 3198,2080 3198,2081 3199,2082 3254,2082 3255,2083 3261,2083 3262,2084 3296,2085 3296,2085 3296,2086 3297,2087 3316,2087 3317,2088 3321,2088 3322,2089 3322,2091 3323,2092 3323,2123 3323,2124 3333,2124 3335,2125 3335,2139 3335,2140 3338,2140 3339,2140 3339,2141 3340,2142 3340,2149 3339,2150 3329,2150 3327,2152 3325,2152 3325,2152 3325,2153 3324,2154 3323,2154 3323,2154 3323,2155 3322,2156 3262,2155 3261,2156 3258,2156 3258,2157 3258,2161 3257,2161 3255,2161 3254,2162 3055,2161 3055,2162 3054,2197 3054,2197"/><TextEquiv><Unicode/></TextEquiv><TextEquiv index="1"><Unicode>Mon bon ami, ne vous alarmez</Unicode></TextEquiv></TextLine><TextLine id="l13"><Coords points="3160,2371 3155,2366 3155,2364 3153,2362 3153,2356 3153,2356 1022,2342 1021,2342 1021,2343 1020,2345 1006,2345 1005,2344 1005,2343 1005,2343 998,2343 997,2342 982,2341 981,2340 979,2340 976,2338 976,2337 976,2336 973,2336 972,2336 972,2327 973,2326 977,2326 977,2326 978,2230 980,2228 986,2228 986,2228 986,2226 987,2225 1079,2226 1079,2226 1079,2225 1080,2224 1082,2224 1083,2223 1342,2225 1342,2224 1342,2188 1343,2188 1347,2188 1349,2186 1749,2188 1750,2187 2931,2195 2933,2193 2935,2193 2936,2192 2957,2192 2961,2196 3055,2197 3055,2198 3055,2227 3056,2227 3272,2228 3272,2229 3272,2237 3273,2237 3313,2238 3313,2238 3313,2239 3314,2240 3316,2240 3319,2243 3323,2243 3323,2243 3323,2247 3325,2249 3325,2252 3326,2253 3336,2253 3337,2254 3337,2256 3337,2257 3341,2257 3342,2257 3342,2258 3341,2259 3335,2259 3335,2259 3335,2309 3334,2310 3275,2309 3274,2310 3196,2310 3196,2310 3196,2314 3194,2316 3193,2350 3192,2352 3175,2352 3174,2352 3174,2364 3174,2365 3173,2365 3172,2365 3172,2366 3172,2367 3171,2367 3170,2367 3170,2368 3170,2369 3168,2369 3166,2371"/><TextEquiv><Unicode/></TextEquiv><TextEquiv index="1"><Unicode>pas plus qu'il ne faut. Je ne ſuis pas</Unicode></TextEquiv></TextLine><TextLine id="l14"><Coords points="2277,2506 2276,2505 2255,2505 2252,2502 2252,2501 2252,2501 2249,2501 2248,2500 2248,2482 2248,2482 2247,2482 2246,2481 2247,2466 2246,2466 1856,2463 1856,2464 1855,2484 1855,2484 1845,2484 1844,2484 1844,2483 1844,2482 1837,2482 1836,2481 1834,2481 1833,2480 1832,2480 1831,2480 1832,2463 1831,2462 1373,2459 1373,2460 1372,2498 1372,2498 1356,2498 1355,2497 1356,2460 1355,2460 1341,2460 1339,2458 1231,2457 1230,2456 1007,2455 1007,2454 1007,2453 1006,2453 1005,2453 1002,2450 995,2450 995,2449 995,2448 994,2448 993,2448 993,2447 993,2445 991,2444 990,2444 990,2443 990,2442 987,2439 984,2439 984,2439 984,2435 981,2432 981,2428 980,2427 979,2427 978,2426 947,2426 946,2425 946,2424 947,2423 947,2408 947,2407 979,2407 981,2406 981,2404 981,2403 982,2403 983,2403 983,2399 984,2398 985,2398 986,2397 986,2395 989,2393 991,2393 991,2392 991,2390 994,2388 998,2388 998,2387 998,2386 999,2386 1001,2386 1003,2384 1005,2384 1006,2383 1033,2383 1033,2382 1033,2382 924,2381 922,2380 922,2379 924,2377 1033,2378 1033,2377 1033,2377 920,2376 919,2376 919,2373 919,2372 918,2372 917,2372 917,2370 916,2369 916,2363 917,2362 919,2362 919,2363 919,2369 920,2369 921,2369 921,2370 921,2371 922,2371 1036,2372 1036,2372 1036,2378 1037,2379 1106,2379 1108,2381 1514,2384 1515,2383 1757,2385 1757,2384 1757,2352 1758,2351 1758,2350 1759,2350 1760,2350 1760,2349 1760,2348 1761,2348 1765,2348 1767,2346 1775,2346 1776,2347 2102,2349 2102,2349 2102,2350 2104,2352 2104,2379 2105,2380 2537,2383 2537,2382 2537,2354 2540,2352 2547,2352 2549,2350 2806,2351 2807,2350 2832,2351 2833,2350 2850,2350 2851,2351 2997,2352 2998,2353 2998,2355 3000,2357 3000,2389 3001,2390 3232,2391 3233,2392 3280,2392 3285,2398 3287,2398 3287,2398 3287,2402 3288,2403 3289,2403 3289,2403 3289,2433 3289,2434 3312,2434 3313,2434 3313,2435 3313,2436 3314,2436 3315,2436 3315,2437 3316,2439 3317,2439 3318,2439 3318,2440 3318,2441 3319,2441 3320,2441 3320,2443 3322,2445 3322,2455 3322,2456 3332,2456 3335,2458 3335,2464 3334,2465 3277,2464 3276,2465 3140,2465 3140,2465 3139,2493 3139,2494 3107,2493 3106,2494 3106,2507 3106,2507 3091,2507 3090,2507 3091,2472 3090,2471 2960,2470 2960,2470 2960,2468 2959,2467 2584,2465 2584,2465 2584,2467 2582,2469 2307,2467 2305,2469 2303,2469 2303,2470 2302,2503 2302,2503 2301,2503 2300,2504 2300,2505 2300,2505 2286,2505 2285,2506"/><TextEquiv><Unicode/></TextEquiv><TextEquiv index="1"><Unicode>encore condamnée par les Médecms.</Unicode></TextEquiv></TextLine><TextLine id="l15"><Coords points="1997,2660 1996,2660 1997,2624 1996,2623 1992,2623 1990,2621 1894,2620 1894,2620 1894,2619 1893,2618 1889,2618 1887,2616 1583,2614 1582,2615 1574,2615 1573,2616 1486,2616 1486,2616 1485,2650 1485,2651 1484,2651 1483,2651 1483,2653 1481,2656 1453,2656 1452,2655 1410,2654 1409,2654 1410,2653 1448,2654 1448,2653 1449,2611 1448,2611 1297,2610 1296,2611 1251,2610 1250,2611 1244,2611 1244,2612 1244,2613 1243,2613 1234,2613 1232,2611 1089,2610 1089,2611 1088,2652 1088,2652 1075,2652 1074,2652 1075,2611 1074,2610 1002,2610 1001,2611 995,2611 994,2610 984,2609 983,2608 981,2608 981,2608 981,2607 980,2606 979,2606 979,2606 979,2605 978,2604 974,2604 969,2599 969,2597 967,2595 967,2589 969,2587 969,2581 969,2580 983,2580 984,2580 984,2498 985,2497 1056,2498 1058,2496 1070,2496 1075,2501 1077,2501 1077,2502 1077,2506 1079,2508 1079,2534 1080,2534 1120,2534 1122,2536 1290,2537 1291,2536 1352,2537 1352,2536 1352,2502 1354,2500 1354,2498 1355,2498 1373,2498 1373,2499 1373,2501 1375,2503 1375,2536 1376,2536 1498,2537 1499,2538 1686,2539 1688,2537 1693,2537 1694,2536 1822,2537 1822,2536 1822,2527 1824,2525 1824,2524 1825,2523 1825,2522 1826,2522 1827,2522 1827,2521 1827,2517 1829,2516 1829,2514 1831,2512 1831,2511 1832,2510 1832,2508 1834,2506 1836,2506 1839,2503 1848,2503 1848,2504 1848,2506 1849,2507 1849,2509 1851,2511 1851,2513 1853,2515 1853,2517 1854,2517 1855,2517 1855,2518 1855,2522 1858,2525 1858,2537 1859,2537 1894,2537 1894,2538 1894,2539 1895,2539 1896,2539 1896,2540 1896,2541 1897,2541 1954,2542 1954,2542 1954,2543 1955,2544 1956,2544 1956,2544 1956,2545 1957,2546 1958,2546 1958,2546 1958,2547 1959,2548 2114,2549 2114,2548 2114,2507 2116,2506 2119,2506 2120,2505 2126,2505 2126,2504 2126,2503 2127,2503 2135,2503 2135,2504 2135,2505 2136,2505 2137,2505 2138,2507 2138,2521 2139,2521 2446,2523 2446,2523 2446,2508 2448,2506 2455,2506 2456,2505 2503,2505 2506,2509 2506,2511 2508,2513 2508,2544 2509,2544 2828,2547 2829,2546 2835,2546 2835,2545 2835,2512 2842,2506 2857,2506 2857,2506 2857,2507 2858,2508 2859,2508 2859,2508 2859,2510 2861,2512 2861,2516 2862,2517 2873,2517 2873,2517 2873,2519 2874,2520 2874,2547 2875,2548 3088,2549 3088,2549 3088,2509 3090,2507 3107,2507 3108,2509 3108,2520 3109,2520 3122,2520 3122,2521 3122,2545 3123,2545 3225,2546 3227,2548 3229,2548 3230,2549 3269,2549 3272,2552 3277,2552 3280,2556 3280,2557 3281,2558 3282,2558 3282,2558 3282,2560 3285,2563 3285,2588 3285,2589 3307,2589 3308,2589 3308,2590 3308,2591 3310,2591 3311,2591 3311,2593 3311,2594 3312,2594 3313,2594 3313,2596 3315,2598 3315,2602 3316,2603 3316,2609 3315,2610 3315,2613 3313,2615 3312,2662 3312,2663 3295,2663 3294,2662 3295,2620 3294,2620 3275,2619 3274,2620 3272,2620 3269,2623 3265,2623 3265,2624 3265,2625 3264,2625 3036,2624 3033,2627 3028,2627 3026,2625 3024,2625 3023,2624 2900,2623 2899,2622 2846,2622 2845,2621 2623,2619 2623,2620 2622,2661 2622,2661 2607,2661 2606,2661 2607,2621 2606,2620 2601,2620 2598,2623 2597,2623 2597,2623 2596,2622 2596,2621 2595,2620 2425,2619 2424,2620 2385,2620 2384,2619 2227,2618 2227,2618 2226,2660 2226,2661 2224,2661 2223,2660 2224,2618 2223,2618 2209,2617 2209,2618 2209,2619 2208,2619 2207,2619 2206,2620 2197,2620 2195,2622 2192,2622 2192,2623 2192,2625 2191,2625 2187,2625 2186,2624 2186,2623 2185,2622 2178,2622 2178,2622 2178,2621 2177,2620 2013,2619 2013,2620 2012,2660 2012,2660"/><TextEquiv><Unicode/></TextEquiv><TextEquiv index="1"><Unicode>J'aurai peut-être le malheur de vivre.</Unicode></TextEquiv></TextLine><TextLine id="l16"><Coords points="1672,2816 1670,2814 1663,2814 1662,2813 1660,2813 1659,2812 1660,2773 1659,2773 1612,2773 1611,2772 1216,2769 1215,2770 1161,2770 1161,2770 1160,2784 1160,2785 1159,2785 1158,2785 1158,2794 1155,2797 1155,2799 1149,2806 1144,2806 1143,2807 1137,2806 1136,2807 1132,2807 1131,2806 1130,2806 1129,2806 1130,2765 1129,2764 1008,2764 1007,2763 999,2763 997,2761 995,2761 993,2759 986,2758 985,2757 983,2757 982,2756 980,2756 978,2754 971,2754 969,2752 967,2752 965,2750 965,2742 967,2740 967,2724 967,2723 968,2723 969,2723 969,2719 969,2718 975,2718 976,2718 976,2671 978,2669 978,2667 979,2666 981,2666 981,2666 981,2664 982,2663 984,2663 984,2663 984,2662 986,2660 988,2661 990,2658 990,2656 991,2656 993,2656 993,2655 993,2654 994,2654 995,2654 996,2653 999,2653 1001,2651 1031,2651 1032,2652 1299,2654 1302,2651 1306,2651 1306,2650 1306,2649 1307,2649 1321,2649 1323,2651 1327,2651 1327,2651 1327,2653 1328,2654 1419,2654 1420,2655 1552,2656 1552,2657 1552,2661 1554,2663 1554,2694 1555,2694 1994,2697 1994,2697 1994,2662 1995,2661 1996,2661 1997,2660 2013,2660 2014,2661 2016,2661 2016,2662 2016,2696 2017,2696 2271,2698 2272,2697 2319,2697 2319,2697 2319,2688 2321,2686 2321,2679 2322,2678 2322,2675 2324,2673 2324,2668 2326,2666 2326,2664 2327,2663 2329,2663 2331,2661 2476,2662 2477,2661 2563,2662 2564,2661 2625,2661 2625,2662 2625,2664 2626,2664 2819,2665 2825,2672 2825,2700 2826,2701 3096,2702 3096,2702 3096,2668 3098,2666 3100,2666 3101,2665 3293,2667 3294,2665 3294,2663 3295,2663 3313,2663 3313,2663 3313,2665 3315,2667 3315,2712 3316,2713 3327,2713 3328,2714 3328,2716 3330,2718 3330,2727 3329,2728 3318,2728 3318,2728 3318,2772 3315,2775 3275,2774 3274,2775 3249,2775 3248,2776 3246,2776 3246,2777 3246,2778 3245,2778 3170,2778 3170,2778 3170,2779 3169,2780 3165,2780 3163,2782 3162,2782 3161,2783 3160,2783 3159,2782 2826,2780 2826,2780 2825,2794 2825,2795 2824,2795 2823,2795 2823,2799 2821,2801 2821,2804 2819,2806 2819,2808 2816,2811 2809,2811 2807,2810 2807,2801 2807,2800 2721,2800 2720,2799 2720,2790 2719,2789 2720,2781 2719,2781 2636,2780 2636,2781 2635,2818 2635,2818 2621,2818 2620,2819 2616,2819 2615,2819 2616,2781 2615,2780 2415,2779 2415,2779 2415,2781 2414,2782 2248,2781 2248,2781 2247,2816 2247,2817 2236,2817 2235,2816 2236,2781 2235,2781 2173,2780 2172,2779 1855,2777 1854,2778 1838,2778 1836,2780 1704,2779 1704,2780 1703,2814 1703,2814 1679,2814 1677,2816"/><TextEquiv><Unicode/></TextEquiv><TextEquiv index="1"><Unicode>Si je ſuis la premiere rétablie, je volerai</Unicode></TextEquiv></TextLine><TextLine id="l17"><Coords points="1632,2970 1631,2969 1540,2968 1539,2968 1540,2927 1539,2926 1430,2925 1429,2926 1334,2926 1332,2924 1307,2924 1307,2924 1306,2958 1306,2959 1302,2959 1301,2958 1301,2957 1301,2957 1300,2957 1299,2956 1299,2955 1299,2955 1297,2955 1296,2954 1297,2924 1296,2924 1227,2923 1226,2924 1205,2924 1203,2922 1048,2921 1045,2924 995,2924 994,2923 992,2923 988,2919 984,2918 984,2918 984,2916 982,2914 978,2914 978,2914 978,2912 975,2909 974,2909 974,2909 974,2906 973,2905 972,2905 971,2904 971,2898 970,2897 969,2897 969,2897 969,2874 971,2872 971,2869 972,2868 972,2866 976,2862 976,2860 979,2857 983,2857 983,2857 983,2856 985,2854 988,2855 991,2852 998,2852 1000,2850 1008,2850 1009,2849 1012,2849 1012,2848 1012,2816 1014,2814 1014,2812 1015,2812 1027,2812 1027,2812 1027,2813 1028,2814 1039,2814 1041,2816 1043,2816 1043,2816 1043,2820 1046,2823 1046,2846 1047,2847 1156,2848 1157,2847 1163,2847 1165,2849 1167,2849 1168,2850 1175,2850 1175,2850 1175,2851 1176,2852 1304,2853 1305,2852 1409,2852 1411,2850 1428,2850 1429,2851 1566,2852 1566,2852 1566,2817 1567,2816 1569,2816 1574,2811 1591,2811 1591,2812 1591,2813 1594,2815 1595,2815 1595,2816 1595,2825 1596,2825 1675,2826 1676,2828 1676,2852 1677,2852 1736,2852 1736,2853 1736,2854 1737,2854 1739,2854 1740,2855 1744,2855 1745,2856 1749,2856 1751,2858 1799,2859 1800,2860 1800,2861 1800,2862 1810,2862 1812,2863 1812,2865 1813,2866 1813,2897 1813,2898 1839,2898 1841,2900 1843,2900 1847,2904 1950,2905 1953,2902 1976,2902 1977,2901 1977,2837 1975,2835 1971,2835 1970,2834 1970,2833 1970,2833 1966,2833 1964,2831 1962,2831 1961,2830 1961,2821 1962,2821 1963,2821 1963,2820 1963,2819 1964,2819 1966,2819 1967,2818 2016,2818 2016,2819 2016,2821 2017,2821 2018,2821 2018,2822 2018,2856 2019,2856 2064,2857 2066,2859 2169,2859 2171,2857 2171,2853 2172,2852 2176,2852 2178,2850 2186,2850 2188,2852 2223,2853 2223,2852 2223,2837 2224,2836 2224,2834 2226,2832 2226,2830 2228,2828 2228,2826 2231,2823 2231,2821 2232,2821 2233,2821 2233,2820 2233,2818 2235,2817 2247,2817 2247,2817 2247,2818 2249,2820 2352,2820 2353,2819 2358,2819 2359,2818 2363,2819 2365,2821 2365,2832 2366,2833 2367,2833 2367,2833 2367,2856 2368,2857 2520,2858 2521,2857 2565,2857 2567,2855 2573,2855 2575,2857 2615,2857 2615,2857 2615,2820 2616,2819 2620,2819 2621,2818 2635,2818 2636,2819 2637,2819 2637,2820 2637,2860 2638,2860 2745,2861 2745,2861 2745,2824 2746,2823 2747,2823 2747,2823 2747,2822 2748,2821 2750,2821 2752,2819 2795,2819 2795,2820 2795,2821 2796,2821 2802,2821 2807,2827 2807,2830 2808,2830 2826,2831 2826,2831 2826,2856 2827,2857 2845,2857 2845,2857 2845,2858 2846,2859 2850,2859 2852,2861 2969,2861 2970,2860 2974,2861 2974,2860 2974,2859 2975,2859 2983,2859 2983,2859 2983,2860 2984,2861 3038,2861 3038,2860 3038,2840 3039,2839 3039,2837 3040,2837 3041,2837 3041,2836 3041,2833 3042,2833 3043,2833 3045,2830 3045,2826 3046,2825 3046,2822 3048,2821 3093,2821 3093,2821 3093,2820 3094,2819 3104,2819 3105,2820 3167,2821 3167,2821 3167,2844 3168,2845 3199,2845 3199,2845 3199,2856 3200,2857 3281,2858 3282,2857 3301,2857 3303,2855 3312,2855 3314,2857 3316,2857 3318,2859 3318,2861 3320,2863 3320,2930 3319,2931 3318,2931 3318,2931 3318,2932 3317,2933 3263,2932 3262,2933 3261,2933 3261,2934 3261,2935 3260,2935 3106,2934 3105,2935 2984,2935 2983,2936 2982,2936 2980,2938 2916,2937 2916,2938 2916,2941 2915,2941 2914,2941 2914,2941 2914,2937 2913,2936 2904,2936 2903,2935 2771,2934 2770,2935 2763,2935 2762,2936 2752,2936 2751,2935 2727,2935 2725,2933 2621,2932 2620,2933 2615,2933 2615,2934 2614,2975 2614,2975 2597,2975 2596,2975 2597,2934 2596,2933 2512,2932 2511,2934 2511,2935 2510,2935 2443,2935 2443,2935 2443,2934 2442,2933 2440,2933 2438,2931 2436,2931 2435,2930 2339,2929 2339,2930 2338,2941 2337,2942 2336,2942 2333,2940 2334,2936 2333,2935 2295,2935 2294,2934 2182,2933 2180,2931 2178,2931 2177,2930 2073,2930 2072,2931 2070,2931 2066,2935 2053,2934 2052,2935 1965,2935 1965,2934 1965,2933 1964,2933 1960,2933 1956,2929 1851,2928 1850,2929 1843,2929 1841,2932 1841,2933 1840,2933 1779,2933 1779,2932 1779,2931 1778,2931 1777,2931 1776,2930 1646,2929 1646,2929 1645,2969 1645,2970"/><TextEquiv><Unicode/></TextEquiv><TextEquiv index="1"><Unicode>das vos bras. Je tâcherai d'accélérer</Unicode></TextEquiv></TextLine><TextLine id="l18"><Coords points="1378,3141 1376,3140 1376,3137 1375,3136 1375,3127 1373,3124 1364,3124 1363,3123 1363,3122 1363,3122 1360,3122 1359,3121 1359,3120 1359,3120 1352,3120 1347,3115 1345,3115 1342,3112 1342,3110 1340,3108 1340,3107 1339,3106 1340,3085 1339,3085 1244,3084 1242,3082 1242,3080 1241,3079 1239,3079 1239,3080 1238,3126 1238,3126 1226,3126 1225,3125 1218,3125 1217,3125 1218,3080 1217,3079 1098,3078 1097,3079 1009,3079 1005,3083 999,3083 996,3079 996,3077 995,3076 995,3073 993,3071 993,3069 991,3067 991,3065 990,3064 990,3063 988,3061 988,3059 984,3055 984,3048 983,3047 983,3044 982,3043 981,3043 981,3043 981,3037 980,3036 979,3036 979,3036 979,3034 977,3032 977,3023 976,3022 969,3022 964,3017 962,3017 962,3017 962,3013 960,3011 960,3008 961,3007 963,3007 967,3003 979,3003 980,3004 1135,3005 1136,3004 1136,3002 1137,3001 1137,2999 1139,2997 1151,2998 1151,2998 1151,2999 1152,3000 1153,3000 1153,3000 1153,3001 1154,3002 1155,3002 1155,3002 1155,3004 1156,3005 1213,3005 1213,3005 1213,3006 1214,3007 1216,3007 1217,3008 1365,3009 1367,3007 1459,3008 1460,3007 1528,3007 1528,3007 1528,2991 1530,2989 1530,2980 1531,2979 1531,2974 1536,2969 1538,2969 1539,2968 1545,2968 1546,2969 1690,2970 1695,2965 1716,2965 1722,2971 1724,2971 1724,2972 1724,3011 1725,3011 1953,3013 1954,3012 2090,3013 2091,3012 2238,3013 2239,3012 2252,3012 2252,3012 2252,3013 2253,3014 2322,3014 2323,3016 2462,3017 2467,3013 2467,3003 2468,3002 2468,2995 2472,2991 2472,2989 2474,2987 2474,2985 2475,2984 2475,2983 2477,2981 2479,2981 2479,2981 2479,2980 2480,2979 2481,2979 2481,2979 2482,2978 2482,2977 2483,2976 2486,2976 2486,2976 2486,2973 2488,2971 2501,2971 2501,2971 2501,2970 2502,2969 2510,2969 2511,2970 2517,2971 2518,2972 2520,2972 2520,2972 2520,2974 2521,2975 2615,2975 2616,2977 2616,3011 2617,3011 2682,3012 2682,3012 2682,3013 2684,3015 2686,3015 2688,3017 2744,3017 2751,3024 2751,3027 2752,3028 2752,3060 2752,3060 2782,3060 2783,3061 2908,3062 2909,3062 2909,3058 2910,3057 2910,2997 2909,2996 2909,2994 2909,2993 2901,2993 2900,2993 2900,2992 2900,2991 2896,2991 2893,2988 2893,2979 2893,2979 2802,2978 2800,2977 2801,2976 2899,2977 2900,2976 2909,2976 2909,2977 2909,2978 2910,2978 2938,2978 2939,2979 2946,2979 2948,2981 2950,2981 2950,2982 2950,3016 2951,3016 3158,3018 3159,3017 3165,3017 3167,3015 3211,3015 3211,3015 3211,3007 3213,3005 3215,3005 3215,3006 3215,3012 3216,3012 3261,3012 3262,3013 3304,3014 3307,3017 3311,3017 3313,3019 3313,3021 3315,3023 3315,3026 3316,3027 3316,3071 3315,3072 3315,3076 3314,3077 3313,3077 3313,3077 3313,3078 3312,3079 3311,3079 3311,3079 3311,3081 3308,3084 3305,3084 3303,3086 3299,3086 3299,3086 3299,3087 3298,3088 3296,3088 3295,3089 3186,3088 3185,3089 3178,3089 3176,3091 3100,3090 3100,3091 3100,3092 3096,3095 2977,3095 2976,3094 2895,3093 2894,3092 2725,3091 2724,3090 2383,3088 2382,3089 2373,3089 2371,3091 2358,3090 2357,3091 2319,3091 2319,3092 2318,3093 2318,3093 2311,3093 2309,3091 2302,3091 2300,3089 2047,3087 2046,3088 2020,3088 2019,3089 1962,3089 1962,3089 1961,3126 1957,3131 1942,3131 1941,3130 1807,3129 1806,3128 1807,3084 1806,3084 1747,3083 1746,3084 1579,3083 1578,3084 1571,3084 1570,3083 1568,3083 1566,3081 1441,3080 1440,3081 1426,3081 1426,3082 1425,3092 1422,3095 1420,3095 1419,3096 1416,3096 1414,3098 1414,3100 1413,3101 1413,3104 1409,3108 1396,3108 1395,3109 1395,3136 1392,3139 1392,3141 1392,3141"/><TextEquiv><Unicode/></TextEquiv><TextEquiv index="1"><Unicode>votre guériſon par mes ſoins. Je vous</Unicode></TextEquiv></TextLine><TextLine id="l19"><Coords points="1098,3279 1097,3279 1097,3242 1097,3241 1033,3241 1031,3239 1028,3239 1026,3237 978,3236 976,3234 959,3234 955,3230 953,3230 953,3230 953,3220 955,3218 955,3163 956,3162 968,3162 969,3161 969,3135 970,3134 971,3134 971,3134 971,3132 974,3129 974,3128 975,3127 976,3127 978,3125 982,3125 983,3124 991,3125 991,3124 991,3121 993,3120 995,3120 998,3116 998,3115 999,3115 1010,3115 1010,3115 1010,3116 1011,3117 1015,3117 1017,3119 1019,3119 1020,3120 1025,3120 1026,3121 1026,3123 1029,3126 1029,3128 1030,3129 1031,3129 1031,3129 1031,3135 1032,3136 1045,3136 1045,3136 1045,3166 1045,3167 1102,3167 1103,3167 1103,3166 1103,3165 1104,3165 1105,3165 1105,3163 1106,3162 1156,3163 1159,3167 1214,3167 1215,3167 1215,3127 1217,3125 1225,3125 1226,3126 1239,3126 1239,3127 1239,3162 1240,3162 1320,3163 1321,3162 1334,3162 1335,3163 1336,3163 1338,3165 1390,3165 1391,3167 1393,3167 1394,3168 1394,3177 1395,3178 1395,3211 1395,3211 1451,3212 1452,3211 1452,3195 1453,3194 1456,3194 1457,3193 1461,3193 1462,3192 1494,3192 1495,3191 1495,3126 1497,3125 1524,3125 1525,3124 1540,3124 1541,3125 1546,3125 1547,3127 1547,3129 1549,3131 1549,3132 1550,3133 1550,3166 1550,3166 1594,3166 1595,3167 1597,3168 1598,3168 1598,3169 1598,3170 1599,3170 1600,3170 1600,3171 1600,3172 1606,3172 1612,3177 1612,3178 1612,3179 1613,3179 1614,3179 1614,3181 1616,3183 1616,3186 1617,3187 1617,3200 1614,3203 1614,3226 1614,3227 1668,3227 1669,3226 1669,3172 1672,3169 1672,3167 1672,3167 1673,3167 1674,3167 1674,3159 1675,3158 1676,3158 1676,3158 1676,3151 1677,3150 1677,3144 1678,3143 1679,3143 1679,3143 1679,3141 1681,3139 1681,3137 1684,3134 1684,3132 1685,3131 1689,3131 1695,3125 1698,3125 1699,3124 1701,3124 1703,3122 1707,3122 1707,3122 1707,3121 1708,3120 1720,3120 1722,3122 1724,3122 1724,3123 1724,3124 1725,3124 1726,3124 1727,3125 1728,3125 1729,3127 1729,3167 1729,3167 1804,3168 1805,3167 1805,3131 1806,3130 1806,3129 1807,3129 1824,3129 1824,3129 1824,3130 1825,3131 1825,3171 1825,3172 1919,3173 1920,3172 1921,3172 1922,3171 1922,3139 1923,3138 1923,3136 1924,3136 1934,3136 1935,3137 1935,3138 1936,3139 1937,3139 1937,3139 1937,3167 1937,3168 2022,3168 2023,3168 2023,3135 2024,3134 2025,3134 2025,3134 2025,3132 2026,3131 2040,3131 2042,3134 2042,3136 2043,3136 2044,3136 2044,3137 2044,3166 2045,3166 2099,3167 2099,3168 2104,3168 2106,3170 2110,3170 2111,3170 2111,3171 2111,3172 2178,3172 2180,3170 2223,3171 2224,3170 2224,3157 2226,3155 2226,3150 2228,3148 2228,3146 2229,3145 2229,3142 2231,3141 2233,3141 2233,3140 2233,3139 2234,3139 2235,3139 2235,3138 2235,3136 2236,3136 2238,3136 2238,3135 2238,3134 2239,3134 2240,3134 2240,3133 2240,3131 2241,3131 2246,3131 2250,3127 2252,3127 2254,3125 2270,3125 2272,3127 2274,3127 2274,3127 2274,3128 2275,3129 2276,3129 2278,3131 2278,3133 2279,3134 2279,3171 2279,3172 2302,3172 2305,3175 2307,3175 2309,3177 2313,3177 2314,3178 2314,3179 2316,3181 2369,3182 2372,3179 2373,3179 2374,3178 2374,3177 2374,3177 2380,3177 2381,3176 2381,3175 2381,3175 2383,3175 2384,3174 2393,3174 2395,3172 2399,3172 2400,3171 2400,3136 2401,3136 2403,3136 2403,3135 2403,3134 2404,3134 2407,3134 2407,3133 2407,3132 2408,3132 2410,3132 2411,3131 2424,3131 2424,3131 2424,3133 2429,3138 2429,3140 2430,3141 2432,3141 2434,3143 2434,3145 2435,3146 2436,3146 2436,3146 2436,3147 2437,3148 2441,3148 2441,3149 2441,3170 2441,3170 2479,3170 2481,3172 2488,3172 2493,3177 2548,3178 2549,3177 2549,3135 2553,3132 2555,3132 2556,3131 2567,3131 2568,3132 2568,3134 2570,3136 2570,3169 2570,3170 2613,3170 2615,3172 2622,3172 2627,3177 2629,3177 2630,3178 2630,3187 2632,3189 2632,3227 2632,3227 2679,3228 2680,3227 2680,3134 2681,3134 2682,3134 2682,3133 2682,3131 2683,3131 2711,3131 2711,3131 2711,3135 2712,3136 2713,3136 2714,3137 2719,3137 2720,3138 2720,3171 2720,3172 2737,3172 2739,3174 2797,3174 2799,3172 2837,3173 2838,3172 2838,3155 2839,3155 2840,3155 2840,3154 2840,3146 2841,3146 2842,3146 2842,3145 2842,3143 2843,3142 2843,3136 2844,3136 2845,3136 2845,3135 2845,3133 2847,3132 2849,3132 2850,3131 2898,3131 2899,3132 2900,3132 2900,3133 2900,3134 2901,3134 2902,3134 2902,3135 2902,3137 2904,3139 2904,3172 2904,3172 2956,3172 2959,3175 2961,3175 2962,3176 2962,3177 2962,3177 2966,3177 2967,3178 2968,3178 2969,3179 2969,3181 2969,3181 2971,3181 2974,3184 2974,3186 2976,3188 2976,3190 2976,3191 2977,3191 2978,3191 2978,3223 2978,3224 3026,3224 3027,3223 3027,3217 3027,3217 3028,3217 3029,3216 3029,3213 3029,3213 3030,3213 3033,3210 3033,3206 3034,3205 3034,3200 3036,3198 3036,3194 3036,3194 3037,3194 3038,3193 3038,3191 3039,3190 3039,3183 3041,3181 3041,3177 3041,3177 3042,3177 3043,3176 3043,3174 3046,3171 3046,3166 3048,3164 3048,3158 3049,3158 3050,3158 3050,3158 3050,3154 3051,3153 3051,3150 3055,3146 3055,3142 3056,3141 3057,3141 3057,3141 3057,3137 3062,3132 3064,3132 3065,3131 3070,3131 3071,3132 3073,3132 3077,3136 3079,3136 3079,3137 3079,3141 3080,3141 3081,3141 3081,3142 3081,3144 3083,3146 3083,3148 3084,3149 3084,3151 3085,3151 3086,3151 3086,3152 3086,3160 3087,3160 3088,3160 3088,3161 3088,3162 3089,3163 3089,3166 3091,3168 3091,3172 3091,3172 3092,3172 3093,3173 3155,3174 3157,3172 3183,3172 3184,3171 3184,3170 3185,3170 3186,3170 3186,3169 3186,3167 3187,3167 3237,3167 3237,3167 3237,3149 3238,3148 3239,3148 3239,3148 3239,3140 3240,3139 3241,3139 3241,3139 3241,3135 3245,3131 3253,3131 3255,3134 3255,3177 3255,3177 3257,3177 3258,3178 3258,3182 3260,3184 3260,3187 3261,3188 3261,3192 3261,3192 3310,3193 3311,3194 3312,3194 3313,3194 3313,3197 3313,3198 3314,3198 3315,3198 3315,3205 3320,3210 3320,3217 3319,3218 3317,3218 3317,3218 3316,3279 3316,3280 3314,3280 3313,3279 3314,3218 3313,3218 3261,3217 3261,3218 3261,3230 3260,3231 3260,3233 3250,3242 3247,3242 3245,3244 3203,3244 3203,3245 3203,3246 3202,3246 3189,3246 3189,3245 3189,3244 3188,3244 3182,3244 3182,3244 3181,3286 3181,3287 3164,3287 3163,3286 3164,3244 3163,3244 3121,3243 3120,3244 3112,3244 3110,3246 3107,3246 3105,3248 3102,3248 3101,3249 3101,3267 3101,3267 3100,3267 3098,3266 3098,3249 3098,3248 3090,3248 3088,3246 3026,3246 3024,3244 2968,3243 2967,3244 2966,3244 2962,3248 2961,3248 2960,3249 2958,3249 2957,3250 2957,3261 2957,3261 2955,3261 2954,3261 2954,3250 2954,3249 2881,3249 2880,3248 2875,3248 2874,3246 2874,3244 2873,3244 2836,3244 2836,3244 2835,3289 2835,3290 2815,3289 2814,3289 2814,3247 2814,3246 2813,3247 2813,3248 2813,3248 2808,3248 2807,3249 2807,3251 2807,3251 2805,3249 2753,3249 2752,3250 2752,3251 2752,3251 2741,3251 2740,3251 2740,3266 2740,3267 2738,3267 2737,3266 2737,3258 2737,3258 2733,3258 2732,3257 2732,3249 2732,3249 2714,3249 2713,3248 2708,3248 2706,3245 2706,3244 2705,3244 2637,3243 2636,3244 2629,3244 2629,3245 2628,3248 2628,3248 2599,3248 2598,3249 2554,3249 2553,3248 2554,3244 2553,3244 2489,3243 2488,3244 2479,3244 2479,3245 2478,3246 2477,3247 2477,3248 2477,3248 2476,3248 2475,3249 2475,3275 2475,3275 2473,3275 2472,3275 2472,3256 2472,3255 2470,3255 2469,3255 2469,3249 2469,3248 2375,3248 2374,3248 2374,3262 2374,3263 2372,3263 2371,3262 2372,3241 2369,3239 2359,3238 2359,3239 2358,3266 2358,3266 2356,3266 2355,3266 2356,3239 2355,3238 2317,3238 2311,3244 2307,3244 2307,3245 2306,3246 2306,3246 2303,3246 2301,3248 2286,3248 2284,3246 2281,3246 2280,3245 2281,3244 2280,3244 2206,3243 2206,3244 2205,3266 2205,3266 2203,3266 2202,3266 2202,3262 2202,3261 2175,3261 2174,3261 2174,3245 2174,3244 2114,3244 2113,3244 2113,3260 2113,3261 2108,3261 2107,3260 2107,3251 2107,3251 2024,3250 2023,3251 2023,3267 2023,3267 1976,3267 1975,3267 1975,3283 1975,3284 1916,3284 1915,3283 1915,3282 1915,3282 1913,3282 1911,3280 1911,3247 1911,3247 1894,3246 1893,3246 1893,3245 1893,3244 1840,3244 1839,3245 1839,3246 1839,3246 1837,3244 1819,3244 1817,3242 1801,3242 1800,3241 1798,3241 1797,3240 1729,3239 1729,3239 1729,3238 1728,3237 1667,3237 1665,3234 1665,3232 1664,3232 1612,3232 1612,3232 1612,3233 1611,3234 1610,3234 1610,3234 1610,3235 1609,3236 1609,3238 1608,3239 1599,3239 1597,3241 1595,3240 1594,3241 1593,3241 1592,3242 1578,3242 1577,3241 1575,3241 1573,3239 1569,3239 1569,3239 1569,3238 1568,3237 1567,3237 1566,3236 1566,3235 1565,3234 1512,3234 1512,3234 1512,3235 1510,3237 1509,3237 1509,3237 1509,3238 1508,3239 1488,3239 1488,3238 1488,3237 1487,3237 1435,3236 1432,3239 1390,3239 1390,3239 1390,3238 1389,3237 1318,3237 1318,3237 1318,3240 1317,3241 1311,3241 1311,3240 1311,3238 1310,3238 1210,3237 1209,3236 1120,3235 1120,3236 1119,3279 1119,3279"/><TextEquiv><Unicode/></TextEquiv><TextEquiv index="1"><Unicode>ſervirai. Je ſuis jalouſe de la belle Arté-</Unicode></TextEquiv></TextLine><TextLine id="l20"><Coords points="1228,3437 1227,3436 1125,3435 1124,3435 1125,3393 1124,3392 1017,3392 1016,3391 959,3390 958,3389 956,3389 955,3388 955,3323 957,3320 959,3320 961,3318 1095,3319 1096,3319 1096,3280 1097,3279 1155,3280 1156,3278 1156,3277 1157,3277 1158,3277 1158,3276 1158,3275 1159,3275 1165,3275 1167,3273 1168,3273 1169,3272 1179,3272 1180,3273 1182,3273 1182,3273 1182,3274 1183,3275 1189,3275 1189,3275 1189,3276 1190,3277 1192,3277 1192,3277 1192,3278 1194,3280 1194,3319 1194,3320 1439,3321 1440,3321 1440,3286 1442,3284 1442,3282 1443,3281 1447,3282 1447,3281 1447,3280 1448,3280 1498,3280 1500,3282 1500,3320 1500,3321 1557,3321 1558,3322 1743,3323 1745,3321 1752,3322 1753,3321 1755,3323 1853,3323 1854,3324 2093,3326 2094,3325 2215,3326 2216,3325 2216,3291 2217,3291 2220,3291 2222,3289 2224,3289 2228,3285 2359,3285 2360,3284 2365,3285 2365,3285 2365,3286 2366,3287 2369,3287 2369,3287 2369,3290 2370,3291 2372,3291 2372,3291 2372,3296 2373,3297 2380,3297 2381,3298 2381,3300 2382,3301 2579,3302 2580,3300 2580,3298 2584,3294 2584,3292 2586,3291 2588,3291 2594,3285 2603,3285 2604,3284 2606,3284 2606,3284 2606,3283 2607,3282 2618,3282 2620,3284 2622,3284 2623,3285 2624,3285 2627,3289 2627,3291 2628,3291 2812,3292 2813,3291 2814,3291 2814,3291 2814,3290 2815,3289 2836,3290 2837,3291 2837,3328 2837,3329 3040,3330 3041,3329 3041,3327 3041,3327 3050,3327 3051,3327 3051,3298 3053,3296 3053,3294 3056,3291 3082,3291 3084,3289 3163,3290 3163,3289 3163,3287 3164,3287 3182,3287 3182,3287 3182,3297 3183,3298 3318,3299 3318,3299 3318,3381 3318,3382 3343,3382 3344,3382 3342,3384 3311,3384 3311,3384 3311,3393 3310,3394 3308,3394 3306,3396 3305,3396 3305,3396 3304,3444 3304,3445 3285,3445 3284,3444 3284,3443 3284,3443 3257,3442 3256,3442 3256,3412 3256,3411 3247,3411 3246,3411 3246,3408 3246,3407 3028,3406 3027,3406 3027,3438 3026,3439 3026,3444 3026,3445 3023,3445 3021,3443 3021,3409 3021,3409 2763,3407 2761,3409 2753,3409 2752,3409 2752,3408 2752,3407 2461,3405 2460,3406 2389,3406 2388,3406 2388,3425 2387,3427 2386,3427 2384,3425 2384,3407 2384,3407 2150,3405 2149,3406 2149,3411 2149,3411 2028,3410 2027,3411 2027,3419 2026,3420 2025,3420 2023,3418 1923,3418 1922,3417 1922,3407 1922,3407 1827,3406 1825,3405 1825,3401 1825,3400 1630,3399 1629,3399 1629,3405 1629,3406 1499,3405 1498,3406 1398,3405 1397,3406 1397,3438 1397,3438"/><TextEquiv><Unicode/></TextEquiv><TextEquiv index="1"><Unicode>miſe; elle vous rend des ſervices bien</Unicode></TextEquiv></TextLine><TextLine id="l21"><Coords points="2353,3631 2353,3631 2353,3622 2353,3621 2334,3621 2333,3621 2333,3600 2333,3599 2186,3598 2185,3598 2185,3584 2185,3583 2086,3583 2085,3582 2085,3561 2085,3561 1610,3558 1609,3559 1491,3558 1490,3559 1424,3558 1423,3559 1423,3573 1423,3573 1421,3573 1420,3573 1420,3551 1420,3550 1220,3549 1219,3548 1015,3547 1014,3546 962,3545 962,3545 962,3544 961,3543 957,3543 957,3543 957,3541 956,3540 955,3540 955,3540 955,3488 953,3486 953,3480 956,3476 980,3476 981,3475 1049,3476 1053,3472 1053,3471 1053,3471 1114,3471 1115,3471 1115,3457 1117,3455 1117,3450 1119,3448 1119,3443 1120,3442 1120,3436 1121,3435 1227,3436 1228,3437 1398,3438 1401,3442 1401,3447 1404,3450 1404,3459 1405,3459 1732,3461 1734,3459 1734,3457 1735,3456 1737,3456 1739,3454 1739,3452 1741,3450 1743,3450 1744,3449 1744,3448 1748,3444 1750,3445 1753,3442 1755,3442 1755,3441 1755,3440 1756,3440 1774,3440 1776,3438 2203,3440 2204,3439 2219,3440 2219,3440 2219,3441 2220,3442 2221,3442 2225,3446 2599,3448 2599,3448 2599,3447 2601,3445 2603,3445 2604,3444 2606,3444 2606,3444 2606,3443 2607,3442 2618,3442 2620,3444 2662,3444 2664,3446 2666,3447 2669,3450 2676,3450 2678,3452 2678,3454 2679,3455 3081,3457 3081,3457 3081,3446 3082,3445 3284,3447 3284,3446 3284,3445 3285,3445 3316,3445 3316,3445 3316,3515 3316,3516 3317,3516 3320,3518 3320,3525 3319,3526 3318,3526 3318,3526 3318,3553 3317,3554 3306,3554 3305,3555 3236,3554 3235,3555 3235,3559 3235,3559 3204,3559 3203,3560 3203,3599 3203,3599 3152,3599 3151,3600 2992,3599 2991,3599 2991,3600 2991,3601 2974,3601 2973,3600 2973,3585 2973,3585 2777,3583 2776,3583 2776,3565 2776,3564 2475,3562 2474,3563 2474,3586 2474,3586 2377,3586 2376,3586 2376,3587 2376,3588 2375,3588 2374,3588 2374,3614 2372,3616 2372,3620 2372,3621 2370,3621 2369,3621 2369,3625 2369,3626 2368,3626 2367,3626 2367,3627 2366,3628 2365,3628 2365,3628 2365,3630 2364,3631 2355,3630 2354,3631"/><TextEquiv><Unicode/></TextEquiv><TextEquiv index="1"><Unicode>méritoires. Ce n'eſt pas l'amour qui</Unicode></TextEquiv></TextLine><TextLine id="l22"><Coords points="2848,3760 2848,3758 2848,3758 2843,3758 2842,3757 2838,3757 2836,3755 2833,3755 2831,3753 2831,3738 2831,3738 2824,3738 2823,3737 2823,3734 2823,3734 2795,3733 2794,3733 2794,3732 2795,3731 2796,3731 2796,3731 2796,3722 2796,3721 2571,3720 2570,3720 2570,3725 2570,3726 2567,3726 2566,3726 2566,3730 2566,3731 2564,3731 2563,3730 2563,3727 2563,3727 2437,3726 2436,3726 2436,3725 2437,3724 2438,3724 2438,3724 2438,3717 2438,3716 2144,3714 2143,3715 2143,3721 2143,3721 2134,3721 2133,3722 2133,3753 2133,3753 2121,3753 2119,3755 2075,3755 2074,3754 2076,3753 2087,3753 2087,3752 2087,3743 2092,3738 2092,3734 2093,3733 2093,3715 2093,3715 2028,3714 2026,3712 1844,3711 1843,3712 1843,3715 1843,3715 1842,3715 1841,3716 1841,3719 1841,3719 1839,3719 1837,3718 1837,3715 1837,3714 1772,3714 1770,3712 1768,3712 1767,3711 1767,3710 1767,3710 1574,3708 1573,3709 1573,3710 1574,3710 1584,3710 1585,3712 1585,3718 1584,3719 1568,3719 1567,3720 1567,3721 1566,3722 1565,3722 1564,3723 1564,3724 1564,3724 1562,3724 1559,3727 1557,3727 1555,3729 1544,3729 1543,3729 1543,3728 1542,3727 1542,3723 1542,3722 1416,3721 1414,3720 1414,3707 1414,3706 1230,3705 1228,3707 1081,3706 1080,3707 1078,3707 1076,3709 1066,3709 1065,3710 1065,3747 1065,3747 1051,3747 1050,3746 1050,3708 1050,3708 970,3707 969,3707 969,3706 969,3705 965,3705 963,3703 951,3703 946,3698 945,3698 945,3698 945,3692 945,3691 947,3691 948,3690 958,3690 959,3690 959,3605 957,3603 957,3596 958,3595 965,3595 967,3593 980,3593 981,3592 1020,3593 1022,3595 1026,3595 1026,3595 1026,3596 1030,3600 1032,3600 1033,3601 1033,3622 1033,3623 1334,3625 1335,3624 1335,3613 1339,3609 1339,3605 1342,3602 1342,3597 1345,3595 1357,3595 1359,3597 1359,3599 1360,3600 1361,3600 1361,3600 1361,3601 1362,3602 1363,3602 1363,3602 1363,3604 1365,3606 1365,3610 1366,3611 1366,3630 1366,3631 1425,3631 1426,3632 1496,3633 1498,3635 1678,3636 1680,3634 1714,3634 1715,3634 1715,3603 1716,3602 1717,3602 1717,3602 1717,3600 1719,3598 1719,3596 1720,3595 1856,3596 1857,3595 1958,3596 1959,3595 1973,3595 1973,3595 1973,3599 1974,3600 1975,3600 1975,3600 1975,3602 1976,3603 2181,3604 2181,3604 2181,3602 2185,3598 2262,3599 2263,3600 2265,3600 2266,3601 2266,3632 2266,3633 2449,3634 2450,3634 2450,3622 2451,3621 2451,3617 2453,3615 2453,3613 2454,3612 2455,3612 2456,3611 2456,3609 2465,3600 2470,3600 2475,3595 2501,3595 2503,3598 2503,3599 2504,3599 2657,3600 2659,3603 2659,3604 2660,3604 2661,3604 2661,3605 2661,3609 2662,3609 2678,3610 2678,3610 2678,3612 2680,3614 2680,3640 2680,3641 2852,3642 2853,3641 2968,3641 2969,3641 2969,3605 2970,3604 2971,3605 2971,3604 2971,3602 2973,3601 3062,3601 3063,3600 3134,3601 3135,3600 3194,3600 3195,3599 3252,3599 3256,3595 3258,3595 3258,3595 3258,3594 3259,3593 3263,3593 3265,3591 3271,3591 3272,3590 3274,3592 3278,3593 3280,3595 3285,3595 3285,3595 3285,3599 3286,3600 3287,3600 3287,3600 3287,3659 3287,3660 3301,3660 3303,3662 3307,3662 3308,3662 3308,3666 3310,3668 3310,3676 3308,3678 3308,3680 3307,3681 3306,3681 3306,3681 3306,3682 3305,3683 3272,3682 3271,3683 3263,3683 3263,3684 3262,3707 3262,3707 3261,3707 3260,3708 3260,3709 3260,3709 3188,3709 3185,3712 3158,3712 3156,3714 3088,3713 3087,3714 2979,3714 2978,3715 2946,3714 2945,3715 2944,3715 2943,3716 2943,3724 2943,3724 2875,3724 2874,3724 2874,3754 2874,3755 2872,3755 2870,3757 2863,3757 2862,3758 2851,3758 2850,3758 2850,3761 2850,3762"/><TextEquiv><Unicode/></TextEquiv><TextEquiv index="1"><Unicode>l'entraîne, c'eſt la piéte ſeule qui l'inſ-</Unicode></TextEquiv></TextLine><TextLine id="l23"><Coords points="948,3906 947,3905 945,3905 941,3902 941,3892 942,3891 948,3891 948,3891 948,3860 949,3859 950,3808 949,3807 947,3807 947,3807 947,3806 946,3805 945,3805 945,3805 945,3803 943,3801 941,3801 941,3801 941,3794 941,3793 942,3793 943,3793 943,3792 943,3791 944,3791 945,3791 945,3790 945,3789 954,3789 955,3790 1045,3791 1046,3790 1046,3750 1047,3750 1048,3750 1048,3749 1048,3748 1049,3748 1050,3748 1051,3747 1065,3747 1066,3748 1067,3748 1067,3749 1067,3750 1068,3750 1069,3750 1069,3751 1069,3786 1069,3786 1155,3787 1156,3786 1166,3786 1167,3786 1167,3787 1167,3788 1173,3788 1174,3789 1179,3789 1181,3791 1183,3791 1184,3791 1184,3792 1184,3793 1185,3793 1187,3794 1187,3795 1187,3796 1190,3796 1191,3796 1191,3799 1191,3800 1289,3801 1290,3800 1290,3792 1292,3790 1292,3786 1292,3786 1293,3786 1294,3785 1294,3781 1296,3779 1296,3776 1297,3775 1297,3771 1299,3770 1301,3770 1301,3769 1301,3765 1302,3765 1303,3765 1303,3764 1303,3760 1304,3759 1304,3755 1305,3755 1306,3755 1306,3754 1306,3750 1308,3748 1308,3745 1309,3745 1327,3745 1327,3745 1327,3747 1328,3748 1328,3750 1331,3753 1333,3753 1335,3755 1335,3769 1336,3770 1350,3770 1351,3771 1351,3775 1352,3776 1352,3788 1352,3789 1425,3789 1426,3790 1622,3792 1623,3791 1785,3792 1786,3791 1793,3791 1794,3791 1794,3793 1794,3794 1839,3794 1841,3796 1852,3796 1853,3797 1853,3798 1856,3801 1858,3801 1861,3804 1861,3806 1863,3808 1864,3808 1865,3809 1865,3812 1865,3812 1866,3812 1867,3813 1867,3822 1867,3822 1872,3822 1875,3825 1875,3831 1875,3831 1986,3832 1987,3832 1987,3825 1989,3823 1989,3818 1992,3815 1992,3813 1996,3809 1996,3807 1996,3806 1998,3806 1999,3805 2001,3805 2002,3805 2002,3803 2004,3801 2004,3800 2006,3800 2010,3796 2015,3796 2017,3794 2065,3795 2066,3794 2066,3760 2067,3760 2068,3760 2068,3759 2068,3757 2071,3755 2090,3755 2092,3757 2092,3761 2093,3762 2168,3762 2168,3763 2168,3764 2170,3765 2172,3765 2175,3769 2175,3795 2175,3795 2259,3796 2260,3795 2260,3793 2260,3793 2261,3793 2262,3792 2262,3791 2262,3791 2264,3791 2266,3789 2266,3786 2266,3786 2268,3786 2269,3786 2269,3788 2271,3791 2275,3791 2276,3791 2276,3792 2276,3793 2277,3793 2278,3793 2278,3795 2278,3796 2375,3797 2376,3796 2383,3796 2384,3795 2384,3760 2385,3760 2389,3760 2392,3757 2394,3757 2396,3755 2405,3755 2407,3757 2407,3759 2410,3762 2410,3764 2411,3765 2418,3765 2420,3767 2429,3767 2432,3770 2446,3770 2446,3771 2446,3796 2446,3796 2467,3796 2468,3797 2643,3798 2644,3798 2644,3797 2644,3796 2714,3797 2715,3796 2797,3796 2798,3797 2849,3798 2850,3797 2850,3786 2850,3786 2863,3786 2864,3785 2864,3769 2865,3769 2923,3769 2923,3769 2923,3766 2924,3765 2924,3763 2925,3762 2926,3762 2926,3762 2926,3761 2927,3760 2940,3760 2940,3761 2940,3762 2944,3765 2945,3765 2945,3766 2945,3769 2946,3769 2947,3769 2947,3770 2947,3799 2947,3799 3060,3800 3062,3798 3069,3798 3071,3796 3125,3797 3126,3796 3209,3796 3210,3796 3210,3795 3210,3794 3245,3794 3246,3793 3255,3793 3256,3794 3258,3794 3260,3796 3262,3796 3263,3797 3263,3798 3263,3798 3264,3798 3265,3799 3265,3801 3267,3803 3267,3807 3268,3808 3268,3816 3268,3816 3307,3817 3308,3817 3308,3819 3311,3822 3311,3826 3311,3827 3312,3827 3313,3827 3313,3831 3315,3833 3315,3842 3315,3843 3321,3843 3323,3844 3323,3848 3321,3850 3273,3849 3273,3850 3272,3862 3272,3862 3271,3862 3270,3863 3270,3865 3270,3865 3206,3865 3203,3868 3186,3868 3184,3870 3147,3870 3146,3870 3146,3871 3146,3872 3085,3871 3084,3872 3082,3872 3080,3874 3013,3874 3012,3874 3012,3878 3012,3879 3010,3879 3009,3878 3009,3874 3009,3874 2965,3873 2964,3874 2941,3874 2940,3875 2930,3875 2929,3874 2841,3874 2840,3874 2840,3883 2840,3884 2759,3883 2758,3884 2758,3893 2756,3895 2756,3899 2754,3901 2754,3903 2754,3903 2753,3903 2751,3905 2751,3907 2748,3910 2746,3910 2744,3912 2744,3913 2744,3913 2742,3913 2740,3915 2733,3915 2731,3917 2713,3917 2711,3915 2700,3915 2699,3914 2699,3912 2697,3910 2695,3910 2694,3909 2694,3908 2694,3908 2692,3908 2690,3906 2690,3905 2690,3905 2689,3905 2687,3903 2687,3900 2685,3898 2685,3896 2683,3894 2683,3878 2683,3878 2650,3877 2649,3877 2649,3876 2649,3875 2647,3875 2646,3874 2511,3873 2510,3874 2510,3914 2510,3914 2490,3914 2489,3914 2489,3874 2489,3873 2465,3873 2464,3874 2395,3874 2393,3872 2290,3871 2289,3872 2287,3872 2286,3873 2286,3874 2286,3874 2174,3873 2173,3874 2173,3892 2169,3896 2169,3898 2169,3898 2154,3898 2153,3898 2153,3873 2153,3872 2032,3871 2031,3872 1928,3872 1927,3872 1927,3874 1925,3876 1925,3878 1925,3879 1923,3879 1922,3879 1922,3881 1922,3882 1921,3882 1920,3882 1920,3883 1920,3884 1919,3884 1918,3884 1918,3886 1918,3887 1916,3887 1915,3887 1915,3888 1915,3889 1899,3888 1898,3888 1898,3873 1898,3872 1839,3872 1837,3870 1830,3870 1828,3868 1819,3868 1818,3867 1758,3867 1756,3865 1754,3865 1753,3864 1627,3863 1626,3863 1626,3864 1626,3865 1623,3865 1622,3865 1622,3904 1621,3906 1620,3906 1619,3906 1619,3907 1619,3908 1590,3907 1589,3906 1587,3906 1586,3906 1586,3878 1586,3877 1575,3877 1574,3877 1574,3868 1574,3867 1522,3867 1521,3867 1521,3866 1521,3865 1517,3865 1515,3863 1374,3862 1373,3863 1285,3862 1284,3863 1176,3863 1175,3863 1175,3903 1176,3904 1176,3905 1157,3905 1156,3904 1156,3863 1156,3863 1006,3862 1005,3863 997,3863 996,3863 996,3904 996,3905 989,3905 988,3906 980,3905 979,3906"/><TextEquiv><Unicode/></TextEquiv><TextEquiv index="1"><Unicode>pire. Ame pure, objet des regards com-</Unicode></TextEquiv></TextLine><TextLine id="l24"><Coords points="977,4061 975,4059 946,4059 943,4057 944,3957 943,3956 943,3947 943,3946 1045,3947 1046,3946 1046,3945 1048,3943 1048,3910 1049,3910 1051,3910 1057,3904 1214,3905 1215,3904 1227,3904 1228,3903 1237,3903 1237,3903 1237,3902 1238,3901 1244,3901 1244,3902 1244,3903 1245,3903 1249,3903 1250,3904 1252,3904 1253,3906 1253,3943 1253,3943 1559,3945 1560,3945 1560,3912 1562,3910 1567,3910 1569,3908 1794,3910 1796,3908 1799,3908 1801,3906 1880,3906 1882,3904 2140,3906 2142,3904 2142,3900 2143,3899 2145,3899 2146,3898 2169,3898 2169,3899 2169,3909 2170,3909 2202,3909 2203,3910 2210,3911 2212,3913 2214,3913 2214,3913 2214,3914 2215,3915 2221,3915 2226,3920 2228,3920 2228,3920 2228,3922 2229,3923 2487,3924 2487,3924 2487,3917 2490,3914 2515,3915 2517,3917 2518,3917 2519,3918 2520,3918 2520,3918 2520,3919 2521,3920 2532,3920 2532,3920 2532,3923 2533,3924 2725,3925 2725,3925 2725,3952 2725,3953 3068,3955 3069,3954 3071,3954 3072,3953 3200,3954 3201,3953 3203,3953 3205,3951 3245,3951 3246,3951 3246,3943 3246,3942 3247,3942 3248,3942 3248,3928 3251,3925 3251,3923 3257,3917 3259,3917 3261,3915 3263,3915 3263,3915 3263,3914 3264,3913 3265,3913 3265,3913 3265,3911 3266,3910 3270,3910 3271,3909 3273,3909 3275,3907 3287,3908 3289,3910 3292,3910 3292,3910 3292,3912 3293,3913 3294,3913 3294,3913 3294,3914 3295,3915 3308,3915 3311,3918 3311,3919 3312,3920 3315,3920 3315,3920 3315,4007 3315,4008 3317,4008 3318,4008 3317,4013 3318,4014 3318,4015 3316,4018 3314,4018 3313,4018 3313,4020 3312,4022 3299,4022 3298,4022 3298,4064 3298,4065 3290,4065 3289,4066 3285,4066 3284,4065 3284,4022 3284,4022 3263,4021 3262,4022 3255,4022 3254,4023 3223,4023 3222,4024 3222,4025 3222,4025 3221,4025 3218,4028 3188,4028 3187,4028 3187,4066 3187,4067 3180,4067 3179,4066 3179,4028 3179,4028 3097,4027 3096,4028 3093,4028 3091,4030 3091,4032 3091,4032 2922,4031 2921,4032 2921,4033 2920,4034 2855,4034 2854,4034 2854,4070 2854,4071 2834,4071 2833,4070 2833,4034 2833,4034 2804,4033 2803,4034 2789,4034 2787,4032 2707,4032 2706,4031 2706,4030 2706,4030 2353,4027 2352,4028 2201,4027 2200,4028 2129,4028 2128,4028 2128,4034 2128,4035 2126,4035 2123,4032 2123,4028 2123,4028 1945,4027 1944,4028 1801,4027 1799,4025 1329,4022 1328,4023 1326,4023 1325,4022 1325,4021 1325,4021 1054,4019 1053,4020 989,4020 988,4020 988,4058 988,4059 986,4059 984,4061 979,4060 978,4061"/><TextEquiv><Unicode/></TextEquiv><TextEquiv index="1"><Unicode>plaiſans du Ciel? Son innocence eſt</Unicode></TextEquiv></TextLine><TextLine id="l25"><Coords points="2666,4230 2665,4229 2665,4199 2665,4199 1665,4192 1664,4191 1664,4187 1662,4185 1662,4183 1662,4183 974,4178 972,4177 972,4176 971,4175 971,4174 971,4173 963,4173 962,4173 962,4172 962,4171 961,4171 960,4171 960,4169 960,4168 958,4168 957,4168 957,4167 957,4166 956,4166 955,4166 955,4165 952,4161 951,4161 950,4161 950,4160 950,4159 949,4159 948,4159 948,4158 948,4157 945,4157 945,4157 945,4150 940,4145 940,4122 940,4121 942,4121 943,4121 943,4119 945,4116 949,4116 954,4111 959,4111 961,4109 963,4109 966,4106 977,4106 978,4105 1026,4106 1028,4104 1064,4104 1066,4102 1124,4102 1125,4101 1127,4101 1129,4100 1129,4093 1129,4092 1130,4092 1131,4091 1425,4093 1426,4093 1426,4090 1428,4088 1428,4081 1429,4080 1430,4080 1430,4080 1430,4079 1431,4078 1432,4078 1432,4078 1432,4076 1435,4073 1435,4071 1436,4070 1436,4069 1442,4064 1444,4064 1445,4062 1445,4061 1446,4061 1449,4061 1449,4060 1449,4059 1450,4059 1476,4059 1476,4059 1476,4060 1477,4061 1478,4061 1478,4061 1478,4062 1479,4063 2833,4072 2834,4071 3026,4072 3027,4071 3031,4071 3032,4070 3177,4071 3179,4068 3179,4067 3180,4067 3227,4067 3228,4066 3282,4067 3283,4066 3289,4066 3290,4065 3299,4065 3299,4065 3299,4067 3300,4068 3301,4068 3301,4068 3301,4070 3304,4073 3306,4073 3306,4073 3306,4079 3306,4080 3305,4080 3304,4080 3304,4134 3303,4135 3302,4167 3299,4170 3299,4172 3296,4175 3296,4177 3296,4178 3285,4178 3283,4180 3198,4179 3197,4180 3132,4180 3131,4180 3131,4182 3131,4183 3127,4183 3125,4185 3117,4184 3114,4187 3061,4187 3060,4188 2964,4187 2963,4188 2800,4187 2799,4188 2799,4193 2798,4194 2705,4194 2704,4194 2704,4227 2702,4230"/><TextEquiv><Unicode/></TextEquiv><TextEquiv index="1"><Unicode>encore ſans tache. Elle n'a point brûlé</Unicode></TextEquiv></TextLine><TextLine id="l26"><Coords points="1565,4374 1564,4374 1564,4340 1564,4339 1435,4338 1433,4336 1274,4335 1273,4334 1044,4333 1043,4332 974,4331 972,4329 968,4329 967,4328 962,4328 960,4326 956,4326 955,4326 955,4325 953,4322 949,4322 948,4322 948,4320 945,4317 945,4313 945,4312 943,4312 941,4311 942,4310 941,4309 940,4309 940,4309 940,4308 939,4307 938,4307 938,4307 938,4303 936,4301 936,4288 938,4286 938,4279 940,4277 940,4272 940,4271 944,4271 945,4271 945,4270 947,4267 949,4267 950,4266 954,4266 955,4266 955,4265 955,4264 957,4264 959,4262 968,4262 970,4260 979,4260 980,4259 983,4260 984,4259 984,4225 986,4224 1209,4225 1210,4224 1213,4224 1216,4221 1218,4221 1220,4219 1225,4219 1227,4217 2520,4226 2522,4224 3052,4227 3055,4224 3062,4224 3063,4223 3067,4223 3067,4223 3067,4222 3068,4221 3215,4222 3216,4221 3218,4221 3220,4219 3225,4219 3225,4220 3225,4221 3226,4221 3230,4221 3233,4224 3235,4224 3236,4226 3236,4230 3237,4231 3237,4233 3238,4233 3239,4233 3239,4234 3239,4259 3239,4259 3290,4260 3292,4262 3293,4262 3294,4262 3294,4263 3294,4264 3295,4264 3296,4264 3296,4265 3296,4266 3300,4266 3301,4266 3301,4268 3304,4271 3304,4274 3306,4276 3306,4278 3308,4280 3307,4330 3308,4331 3308,4332 3310,4334 3310,4336 3309,4338 3302,4338 3300,4340 3286,4340 3285,4341 3171,4340 3170,4341 3028,4340 3026,4341 3026,4342 3026,4343 3020,4343 3019,4343 3019,4344 3019,4345 2853,4344 2852,4345 2851,4345 2849,4347 2846,4347 2845,4348 2347,4344 2346,4345 2227,4345 2226,4345 2226,4363 2226,4364 1601,4360 1600,4360 1600,4374 1600,4375"/><TextEquiv><Unicode/></TextEquiv><TextEquiv index="1"><Unicode>de feux profanes. C'eſt une chaſte</Unicode></TextEquiv></TextLine><TextLine id="l27"><Coords points="1140,4534 1139,4533 1139,4492 1139,4492 1016,4491 1015,4491 1015,4516 1015,4517 1013,4517 1012,4516 1012,4493 1012,4493 984,4493 983,4492 983,4490 982,4489 928,4488 926,4487 926,4484 924,4482 924,4463 924,4462 924,4453 926,4451 926,4449 926,4448 933,4448 934,4448 934,4387 935,4386 935,4378 936,4377 936,4375 937,4374 938,4374 938,4374 938,4373 939,4372 948,4372 948,4373 948,4374 949,4374 1064,4375 1065,4374 1069,4374 1069,4374 1069,4373 1070,4372 1077,4372 1077,4373 1077,4374 1078,4374 1082,4374 1082,4375 1082,4377 1084,4379 1084,4414 1084,4414 1141,4415 1142,4416 1238,4416 1239,4415 1251,4415 1252,4416 1331,4417 1332,4417 1332,4418 1333,4420 1479,4421 1480,4420 1487,4420 1488,4419 1495,4419 1497,4417 1527,4417 1528,4417 1528,4385 1529,4384 1530,4384 1530,4384 1530,4380 1531,4379 1565,4379 1565,4379 1565,4375 1566,4374 1600,4375 1600,4375 1600,4378 1601,4379 1687,4379 1690,4383 1690,4384 1691,4384 1692,4384 1695,4388 1695,4389 1696,4390 1696,4394 1697,4395 1701,4395 1702,4396 1702,4419 1702,4419 1867,4420 1868,4419 1870,4419 1872,4417 1972,4418 1973,4417 1973,4412 1973,4412 1974,4412 1975,4412 1975,4410 1977,4408 1977,4406 1978,4405 1978,4401 1978,4400 1979,4400 1980,4400 1980,4396 1982,4394 1982,4391 1984,4389 1984,4385 1985,4384 1987,4384 1987,4384 1987,4382 1990,4379 1999,4379 1999,4380 1999,4381 2000,4381 2001,4381 2001,4382 2001,4383 2002,4383 2003,4383 2004,4385 2004,4386 2005,4386 2006,4386 2006,4387 2006,4389 2009,4392 2009,4394 2010,4395 2020,4395 2021,4396 2022,4396 2023,4397 2023,4398 2023,4398 2024,4398 2025,4399 2025,4419 2025,4419 2113,4420 2114,4420 2114,4421 2114,4422 2230,4423 2231,4422 2231,4395 2231,4395 2234,4395 2235,4395 2235,4397 2235,4398 2340,4398 2345,4394 2345,4392 2352,4385 2352,4384 2353,4383 2358,4384 2358,4383 2358,4382 2360,4381 2365,4381 2367,4379 2382,4379 2384,4381 2386,4381 2389,4384 2391,4384 2391,4384 2391,4386 2393,4388 2393,4394 2393,4395 2402,4395 2403,4395 2403,4409 2403,4410 2424,4410 2426,4411 2426,4425 2426,4426 2553,4427 2554,4426 2554,4394 2555,4393 2555,4389 2556,4389 2558,4389 2559,4388 2561,4388 2565,4384 2576,4384 2579,4387 2579,4389 2580,4390 2580,4394 2580,4395 2591,4395 2592,4396 2592,4398 2592,4398 2593,4398 2594,4399 2594,4422 2594,4422 2713,4423 2714,4422 2714,4421 2715,4420 2730,4420 2733,4422 2733,4424 2735,4427 2846,4428 2847,4427 2865,4427 2866,4426 2958,4426 2959,4427 2961,4427 2962,4428 2963,4428 2964,4429 2964,4430 2964,4430 2968,4431 2969,4432 2971,4432 2972,4432 2972,4434 2974,4436 2974,4440 2974,4441 2975,4441 2976,4441 2976,4442 2976,4443 2977,4443 2978,4443 2978,4445 2979,4446 2979,4464 2979,4465 2980,4465 2981,4465 2981,4466 2981,4467 3006,4467 3007,4467 3007,4468 3007,4469 3008,4469 3010,4471 3010,4472 3012,4474 3012,4476 3013,4477 3137,4478 3137,4477 3137,4473 3138,4472 3138,4471 3140,4470 3143,4470 3143,4470 3143,4471 3144,4472 3144,4474 3143,4475 3143,4477 3141,4479 3141,4481 3141,4482 3139,4482 3137,4480 3123,4480 3122,4480 3122,4541 3122,4542 3102,4541 3101,4541 3101,4480 3101,4479 3025,4479 3024,4479 3024,4485 3024,4486 3023,4486 3022,4486 3022,4488 3022,4489 3017,4489 3015,4490 3015,4492 3015,4493 3013,4493 3010,4495 3010,4497 3010,4498 3006,4498 3004,4500 2987,4500 2986,4500 2986,4502 2986,4503 2977,4503 2976,4503 2976,4507 2976,4508 2951,4507 2950,4508 2950,4511 2949,4512 2920,4512 2919,4513 2919,4517 2919,4517 2917,4517 2916,4517 2916,4514 2916,4513 2743,4512 2742,4513 2742,4536 2742,4536 2736,4536 2735,4535 2735,4534 2735,4534 2698,4534 2697,4533 2697,4508 2697,4508 2595,4507 2594,4508 2594,4511 2593,4512 2583,4512 2582,4512 2582,4517 2581,4519 2580,4519 2579,4518 2464,4517 2463,4518 2463,4519 2463,4519 2394,4519 2393,4519 2393,4535 2393,4536 2306,4535 2305,4536 2305,4538 2305,4538 2287,4538 2286,4538 2286,4537 2286,4536 2190,4535 2189,4536 2188,4536 2187,4537 2186,4537 2185,4538 2185,4539 2185,4539 2148,4539 2144,4535 2048,4534 2047,4535 2047,4538 2047,4538 2038,4538 2037,4538 2037,4513 2037,4512 1902,4512 1901,4512 1901,4519 1901,4520 1805,4519 1803,4517 1803,4493 1803,4493 1699,4492 1698,4493 1678,4493 1677,4494 1677,4505 1677,4505 1660,4505 1659,4505 1659,4517 1658,4519 1657,4519 1655,4517 1655,4514 1655,4514 1587,4513 1586,4513 1586,4511 1586,4510 1427,4509 1423,4513 1404,4513 1400,4517 1396,4517 1394,4519 1389,4519 1387,4521 1387,4522 1387,4522 1386,4522 1385,4522 1385,4521 1385,4520 1378,4520 1376,4518 1374,4518 1373,4518 1373,4515 1373,4514 1276,4513 1275,4514 1275,4518 1274,4519 1271,4519 1270,4520 1270,4523 1268,4525 1268,4527 1264,4531 1262,4531 1261,4532 1256,4532 1254,4534"/><TextEquiv><Unicode/></TextEquiv><TextEquiv index="1"><Unicode>Vierge; c'eſt un Ange ſur la terre.</Unicode></TextEquiv></TextLine><TextLine id="l28"><Coords points="2096,4695 2095,4694 2093,4694 2092,4693 1490,4689 1488,4687 1488,4655 1488,4655 1242,4653 1241,4653 1241,4651 1239,4649 1239,4648 1239,4647 1187,4647 1186,4646 1184,4646 1182,4644 1164,4644 1163,4643 1092,4642 1091,4642 1091,4638 1091,4637 1090,4637 1089,4637 1090,4587 1089,4586 1049,4586 1048,4584 1048,4584 1119,4584 1120,4584 1120,4582 1122,4580 1122,4576 1122,4575 1123,4575 1124,4575 1124,4571 1125,4570 1125,4565 1127,4563 1127,4558 1129,4556 1129,4555 1131,4553 1131,4549 1132,4548 1132,4546 1132,4545 1133,4545 1134,4545 1134,4544 1134,4544 1135,4544 1136,4543 1136,4539 1137,4538 1137,4535 1139,4534 1693,4537 1694,4536 1696,4536 1698,4534 3101,4543 3101,4543 3101,4542 3102,4541 3123,4542 3125,4544 3180,4544 3180,4544 3180,4559 3180,4560 3335,4561 3337,4562 3337,4576 3337,4577 3343,4577 3344,4577 3344,4578 3343,4579 3314,4579 3314,4579 3313,4646 3312,4648 3223,4647 3222,4648 3222,4685 3222,4685 3218,4685 3217,4686 3217,4688 3216,4689 2954,4687 2953,4688 2953,4695 2953,4695 2540,4693 2539,4693 2539,4696 2539,4697 2482,4696 2480,4697"/><TextEquiv><Unicode/></TextEquiv><TextEquiv index="1"><Unicode>Avec quel doux plaiſir je m'entretiens</Unicode></TextEquiv></TextLine><TextLine id="l29"><Coords points="2253,4854 2253,4853 2253,4824 2253,4824 2040,4822 2039,4823 2039,4831 2038,4832 2034,4832 2033,4833 2033,4844 2033,4844 2032,4844 2030,4843 2030,4808 2030,4807 1842,4806 1841,4807 1836,4807 1834,4809 1828,4809 1827,4809 1827,4808 1827,4807 1660,4806 1659,4806 1659,4813 1659,4814 1658,4814 1657,4814 1657,4818 1657,4819 1586,4818 1583,4821 1583,4823 1583,4823 1577,4823 1574,4826 1574,4828 1574,4828 1560,4828 1559,4828 1559,4816 1559,4815 1431,4814 1430,4814 1430,4808 1430,4807 1286,4806 1285,4806 1285,4805 1285,4804 1120,4803 1119,4804 1119,4805 1118,4806 1044,4806 1043,4807 1034,4807 1033,4806 1033,4805 1031,4803 1031,4802 1031,4802 954,4801 952,4799 950,4799 948,4797 941,4797 940,4797 940,4795 940,4794 938,4794 933,4790 933,4776 934,4775 935,4733 936,4732 936,4731 936,4730 940,4730 943,4727 950,4727 952,4725 1116,4726 1117,4725 1123,4725 1124,4726 1124,4729 1124,4729 1329,4731 1330,4730 1330,4709 1330,4709 1362,4709 1363,4709 1363,4690 1364,4689 1366,4689 1366,4690 1366,4724 1366,4724 1460,4725 1461,4725 1461,4729 1461,4730 1671,4731 1672,4730 1750,4731 1751,4730 1879,4730 1880,4730 1880,4726 1880,4725 1979,4726 1980,4726 1980,4710 1980,4709 2081,4710 2082,4709 2082,4701 2084,4699 2086,4699 2087,4698 2087,4697 2087,4697 2094,4697 2095,4696 2095,4695 2096,4695 2523,4698 2525,4697 2592,4697 2592,4697 2592,4681 2593,4680 2735,4681 2735,4680 2735,4679 2736,4679 2737,4679 2738,4680 2747,4680 2747,4681 2747,4683 2748,4683 2776,4683 2776,4684 2776,4685 2777,4685 2805,4685 2806,4687 2806,4694 2807,4694 2953,4695 2953,4696 2953,4699 2953,4699 2958,4699 2959,4700 2959,4704 2960,4705 2960,4708 2960,4708 2981,4709 2983,4710 2983,4713 2983,4714 3019,4714 3021,4715 3021,4729 3021,4730 3178,4731 3179,4730 3179,4709 3179,4709 3217,4709 3218,4709 3218,4695 3219,4694 3227,4694 3227,4694 3227,4693 3228,4692 3234,4692 3234,4693 3234,4694 3235,4694 3237,4694 3237,4695 3237,4702 3239,4704 3239,4708 3239,4708 3291,4709 3292,4709 3292,4730 3298,4737 3319,4737 3320,4737 3319,4824 3320,4825 3358,4825 3358,4826 3358,4829 3353,4834 3353,4836 3351,4838 3351,4838 3349,4838 3347,4839 3347,4842 3346,4844 3338,4844 3337,4844 3337,4850 3337,4851 3109,4849 3108,4850 3104,4850 3103,4850 3103,4833 3103,4832 3054,4832 3053,4831 3047,4831 3046,4831 3046,4820 3046,4819 2819,4818 2818,4818 2818,4828 2817,4830 2812,4829 2811,4830 2811,4839 2811,4839 2809,4839 2808,4840 2807,4840 2807,4836 2807,4835 2783,4835 2782,4835 2782,4831 2782,4830 2569,4829 2568,4829 2568,4854 2567,4855 2549,4855 2548,4856"/><TextEquiv><Unicode/></TextEquiv><TextEquiv index="1"><Unicode>avec vous, mon cher ami Tâchez de</Unicode></TextEquiv></TextLine><TextLine id="l30"><Coords points="2332,5047 2332,5047 2332,5000 2332,4999 1980,4997 1979,4996 1108,4990 1107,4991 1107,5003 1106,5003 1104,5003 1102,5005 1096,5005 1096,5006 1096,5007 1093,5009 1086,5009 1086,5009 1086,5008 1085,5007 1084,5007 1084,5007 1084,5006 1081,5003 1081,5001 1080,5000 1079,5000 1079,5000 1079,4999 1078,4998 1076,4998 1074,4995 1073,4995 1072,4995 1072,4994 1072,4993 1066,4993 1065,4993 1065,4989 1063,4987 1063,4966 1063,4965 953,4964 951,4962 932,4962 929,4960 929,4958 928,4957 929,4891 929,4890 930,4890 931,4890 931,4888 933,4885 974,4885 975,4884 1018,4885 1019,4884 1019,4864 1020,4863 1020,4855 1022,4853 1022,4849 1022,4849 1024,4849 1026,4847 1342,4849 1344,4847 1350,4847 1351,4846 1351,4845 1352,4845 1361,4845 1361,4845 1361,4846 1361,4847 1671,4849 1674,4852 1675,4852 1676,4853 1676,4855 1677,4856 1677,4857 1677,4857 2247,4861 2249,4859 2251,4859 2252,4858 2252,4854 2252,4854 2548,4856 2549,4855 2568,4855 2570,4856 2570,4858 2570,4859 2581,4859 2583,4861 3045,4864 3046,4864 3046,4862 3046,4861 3047,4861 3048,4861 3048,4858 3048,4857 3049,4857 3050,4857 3050,4855 3050,4854 3052,4854 3057,4850 3167,4851 3168,4850 3308,4851 3309,4850 3325,4850 3326,4851 3337,4851 3340,4854 3340,4861 3342,4863 3342,4865 3341,4866 3339,4866 3339,4866 3339,4868 3338,4869 3316,4869 3316,4869 3316,4923 3315,4924 3315,4925 3314,4926 3311,4926 3311,4926 3311,4927 3310,4928 3308,4928 3306,4930 3304,4930 3303,4931 3293,4931 3292,4931 3292,4941 3291,4942 3291,4945 3290,4947 3249,4946 3248,4947 3248,4950 3248,4950 3247,4950 3246,4951 3246,4952 3246,4952 3245,4952 3244,4953 3244,4957 3244,4957 3240,4957 3239,4958 3239,4959 3239,4959 3237,4959 3236,4960 3232,4960 3230,4962 3178,4962 3177,4962 3177,4963 3177,4964 3176,4964 3175,4964 3175,4966 3175,4967 3114,4966 3113,4967 3108,4967 3105,4970 3105,4971 3105,4971 3097,4971 3096,4972 3096,4978 3096,4978 2977,4978 2976,4978 2976,4995 2975,4997 2868,4996 2867,4996 2867,5018 2866,5019 2694,5018 2694,5018 2694,5023 2693,5024 2383,5022 2383,5022 2383,5047 2382,5048"/><TextEquiv><Unicode/></TextEquiv><TextEquiv index="1"><Unicode>répondre, de voue côté, à votre Adé-</Unicode></TextEquiv></TextLine><TextEquiv><Unicode/></TextEquiv></TextRegion></Page></PcGts>