4266 6032
914 272 3313 461 laide. Mon cher Cataudin, je ſensune pe-
914 436 3316 613 tite défaillance. Je me hâte de vous dire
917 587 3308 921 i aré he qpaelaeſuis de inine
955 904 3306 1062 rence; mais combien elle coûtoit à mon
957 1058 3301 1234 cœurl Ahl mon bon ami ... Je n'en
965 1215 3294 1529 pieplus pat gbonani aron
1088 1499 3303 1696 La lettre n'eſt point finie ... O Ciel?
967 1681 3313 1855 peut-être Adélaide étoit-elle tombée en
964 1836 3313 2008 défaillance dans ce moment. Peut-être
959 1990 3308 2162 étoit-ce là le dernier mot qu'elle avoit
967 2145 3311 2321 écrit. Le ſcélérat me diſoit qu'elle n'é-
974 2300 3310 2471 toit plus; mais je ne pouvois le croire
971 2456 3308 2628 ſur ſa parole. Il me ſembloit que mon
974 2614 2592 2778 cœur me diſoit le contraire.
1034 2757 3310 2931 Je donnai cet écrit précieux à lire à
974 2916 3308 3078 ma chere Artémiſe. Elle verſa en filence
976 3074 3308 3246 de douces larmes. Qu'elle étoit belle
931 3223 3339 3402 dans ce moment Elle remplaçoit preſ-
919 3383 3327 3556 que, à mes yeux, la tendre Adélaide.
971 3538 3334 3712 Elle me dit que Baſile étoit revenu; que,
972 3695 3313 3872 n'ayant pu obtenir de me parler, il lui
972 3848 3320 4024 avoit remis deux lettres qu'on avoit
971 4002 3349 4188 trouvées dans les papiers d'Adélaide.
965 4157 3340 4332 Je les joins ici en ſoupirant. C'étoit une
943 4314 3315 4498 letre d'Adélaide à la Princeſſe Cémelli,
914 4472 3328 4651 & une réponſe de cette chere bienfai-
921 4627 3349 4806 tice. Comme ces deux pieces jettent des
928 4785 3332 4976 lumicres ſur les myſteres continuels dont
2749 4935 3026 5060 s
