4266 6032
931 270 3366 451 mon exiſtence eſt enveloppée, je crois
957 432 3375 611 devoir les communiquer à mes Lecteurs.
943 589 3375 764 O chere Adélaide, que tu nous as fait
940 746 3375 911 de mal à tous deux en voulant travailler
953 902 3359 1088 à mon bonheur Je ne pouvois le trou-
952 1060 2627 1218 ver que dans tes bras.
953 1368 3312 1538 Lettre d'Adéluide à la Princeſſe Cémelli.
1125 1679 3313 1848 Ma bonne Princeſſe, ma noble
952 1841 3313 2004 amie, vous m'avez toujours permis de
950 1996 3311 2147 vous ouvrir mon cœur. Je vous l'ai
947 2149 3297 2310 ouvert ſans réſorve. Vous y avez lu
953 2309 3313 2465 comme dans le vôtre. Vous y avez re-
941 2460 3306 2624 connu tous les ſentimens heureux ou
950 2620 3310 2777 malheureux qui ont varié ſa deſtinée.
909 2764 3313 2935 Vous y avez toujours vu notre cher
940 2927 3311 3092 infidele régnant comme un Monarque
940 3082 3303 3249 mébranlable ſur ſon Trône. Vous m'a-
938 3244 3375 3408 vez honorée d'une confiance récipro-
945 3392 3316 3558 que. Vous m'avez raconté tous vos ſe-
948 3554 3311 3717 crets, ou du moms vous m'avez pro-
938 3708 3311 3872 mis de me les révéler tous. Vous l'avez
938 3863 3318 4031 fait juſqu'ici; mais il en eſt un de ré-
940 4018 3315 4188 ſerve, ce me ſemble, qui vous tour-
934 4178 3310 4340 mente, & que vous voulez cacher,
928 4329 3318 4522 même à la confiante Adélaide. Expli-
936 4494 2021 4649 quons-nous.
995 4634 3334 4812 Vous avez jadis aimé le Chevalier
919 4798 3320 4974 de Roſamene. Vous me l'avez avoué
