4266 6032
959 246 3344 432 les vôtres. Daignez ſouſcrire à mon pro-
919 413 3344 766 ahe aui pueſque dioſlepou voui
952 728 3323 898 ſentez qu'elle ne peut - être heureuſe,
950 876 3313 1081 ſi elle ne voit heureuſe ſa chere Prin-
951 1034 1522 1161 ceſſe..n.
1103 1177 3315 1360 O noble Adélaidel c'eſt cette hé-
945 1349 3327 1513 roine de l'amitié, c'eſt ce cœur animé
948 1502 3303 1674 des plus ſublimes vertus que j'ai pu
948 1653 3320 1825 méconnoîtrel Ahl malheureux Catau-
947 1812 3344 1983 dinl tu l'aurois connu ſi tu avois été
945 1971 3344 2137 capable des mêmes ſacrifices. Et ceté
947 2118 3299 2291 chere perſonne n'eſt plus, dit-on, ſur
940 2283 3344 2458 la terre, & c'eſt ma main cruelle qui l'a
948 2432 3301 2601 fait périrl Affreuſe idée Je ne puis m'y
941 2596 3306 2766 livrer, je ne puis y croire. Elle m'écraſe
941 2752 3306 2912 comme un tonnerre. Liſons, pour re-
940 2904 3304 3072 prendre haleine, la réponſe de la chere
935 3053 1793 3254 Princeſſe.
931 3346 3332 3552 Réponſe de la Princeſſe Cémelli, à ſon
1507 3534 2598 3711 amie Adélaide.
1113 3815 3311 4006 Tu ne veux donc pas m'avoir la
938 3989 3316 4161 moindre obligation, cruelle Adélaide.
934 4149 3318 4317 Mes bienfaits peſent donc à ton cœur,
940 4298 3321 4482 auſſi ſenſible, que généreux. Tu veux
934 4461 3337 4632 me rendre mille fois plus que je ne t'ai
929 4617 3344 4964 as pius uriéuirs r veuiteſe eſl
