4266 6032
916 240 3260 458 ton Amant, celui qui eſt, à tes yeux,
909 408 3277 618 & peut-être aux miens, le premier des
909 565 3256 771 hommes; tu veux me donner ta vie;
914 721 3263 926 car enſin, pourras-tu vivre, quand tu
936 871 3272 1074 venas ce mortel chéri entre les bras
938 1050 1714 1222 d'une autre?
1043 1172 3275 1379 Vous êtes jalouſe, Adélade; & qui
952 1339 3273 1537 ne le ſeroit pas d'un ſi intéreſſant jeune
931 1502 3282 1700 homme? Oui, je l'aime, je l'ai toujours
956 1647 3284 1849 aimé. J'ai penſé à lui, tant que je n'ai
909 1818 3289 2021 pas ſu qu'il avoit le cœur prévenu pour
912 1958 3292 2165 une autre; mais quand j'ai appris qu'il
921 2114 3289 2317 t'aimoit, ma douce aie, j'ai ſenti qu'il
943 2275 3292 2474 falloit renoncer à un homme qui ne
953 2439 3294 2635 pouvoit me donner ſon cœur, en
964 2589 3304 2787 échange du mien. Bel effort, de vous
965 2738 3303 2941 céder ce qui vous appartenoitl Pour-
969 2898 3353 3099 quoi ne ſeroit-ce pas autant fierté que
909 3056 3310 3257 générolité? Pourquoi voulez-vous que
923 3207 3306 3407 j'épouſe un homme qui en aime une
935 3370 3306 3564 autre que moi? L'honnête garçon ne
947 3518 3316 3721 me l'a pas caché. C'eſt lui qui m'a re-
919 3672 3310 3876 ſuſée. Ma fortune, mon rang ne l'ont
929 3825 3320 4187 l aiumoit ſ neie altaepequna
917 4178 1418 4385 poſſede.
908 4286 3325 4501 Il s'eſt toujours comporté avec moi
911 4456 3336 4655 d'une maniere qui lui a mérité mon
909 4607 3327 4810 eſtimé. Vous voulez me faire accroire
909 4761 3327 4973 qu'il m'a de grandes obligations. Il a
