4266 6032
1002 381 3368 604 été le premier à m'obliger ſans m'avoit
986 539 3370 910 emie l uia dmne a ie l aitſi
990 845 3354 1055 la ſienne pour ſauver la mienne; il m'a
988 1008 3335 1220 conquiſe au péril de ſes jours. En vou-
993 1156 3344 1355 lant me donner à lui, je ne lui faiſois
984 1314 2727 1511 préſent que de ſon bien.
1002 1470 3315 1688 Dans ma derniere maladie, j'aurois
979 1629 3320 2015 tle pani na uatue, entme péi
979 1939 3370 2158 de ſa vie; car il n'a craint ni la fatigue
977 2096 3328 2307 ni la contagion. Il n'a pas quitté un
909 2255 3368 2475 moment le chevet de mon lit. Il a paſſé,
972 2412 3309 2630 auprès de moi, vingt- deux nuits de
971 2554 3304 2759 ſuite, ſans qu'il m'ait été poſſible de lui
967 2721 3305 2924 voir fermer l'œil un moment pendant
962 2873 3308 3072 un ſi long eſpace de temps. Cet effort
967 3030 3296 3238 étoit au - deſſus des forces de la nature.
962 3181 3327 3390 Sa généroſité le ſoutenoit & l'animoit;
960 3337 3337 3552 & vous oſezme vanter encore lamſienne;
895 3492 3337 3698 & vous voulez que je diſpoſe de celui
953 3654 3303 3862 qui auroit tout droit de diſpoſer de
952 3814 3304 4020 moi, s'il le vouloit; que je le prive de
902 3981 3298 4174 tout ce qu'il aime Pour quelle récom-
941 4122 3297 4311 penſe? Pour ma fortune. Ne voilà-t-il
910 4291 3295 4482 pas une belle vétille auprès de ſon
933 4436 3291 4663 mérite, auprès de ce que je lui ferois
893 4591 3299 4950 ou nons top tourmenté cet ex-
904 4895 3299 5108 cellent jeune homme. Il a paru le mé-
