4266 6032
1017 252 3364 460 lui. Il vous connoît ſi peu, que vous
1014 416 3359 599 avez vécu auprès de lui, traveſtie en
1007 570 3370 773 homme, ſans qu'il vous ait reconnue.
1008 718 3343 916 Il a, dans la tête, une Deauté idéale,
1005 878 3364 1078 une Divinité ſupérieure à tous les ob-
995 1037 3334 1239 jets que lui offre ce bas monde, & qu'il
995 1196 3338 1377 appelle Adélaide. Tout ce qu'ilvoitn'eſt
998 1354 3328 1521 que dans l'ordre de la nature, & ne
991 1511 3330 1669 peut être ſon Adélaide... Je vous
988 1671 3323 1856 jure que vous avez eu tort de pour-
971 1817 3325 2008 ſuivre ſi long - temps ce déguiſement.
981 1970 3323 2161 Vous voyez ce qui en réſulte. Ce brave
967 2142 3318 2475 ismtiont de cene pes vountan
957 2439 3312 2614 Il a trop expié ſes fautes, ma chere
947 2594 3313 2780 Adélaide; il eſt temps de vous mon-
965 2754 3301 2945 trer ſans voile à ſes yeux; il eſt temps
960 2909 3298 3098 de couronner ſa flamme; elle le mérite.
955 3065 3370 3247 Un homme qui peut vous aimer ſi
938 3223 3346 3409 conſtamment, ſi ardamment, quand il
934 3394 3294 3564 vous connoît à peine, eſt peut - être
904 3531 3303 3722 l'Amant le plus méritant qu'on ait ja-
941 3693 3287 3877 mais vu. Il vous a fait des infidélités;
938 3850 3297 4028 mais ne vous a-t-ilpas fait des ſacrifices?
941 3999 3282 4192 Finiſſez, je l'exige, ma chere Adélaide.
938 4157 3283 4348 Je ne ſais ce que je crains; mais je
938 4318 3337 4509 crains quelque choſe. J'ai des preſſen-
922 4471 3285 4664 timens. Renoncez à votre projet. J'y
924 4622 3309 4816 ſuis très-ſenſible; mais fiez-vous un
914 4787 3328 4954 peu plus à la vertu de vos amies. Les
