4266 6032
947 252 3308 420 éelle, & peut-être mortelle, je l'ai mis
1008 408 3315 573 entre les mains des Médecins. Je l'ai
995 563 3310 727 conduit dans un ſingulier aſile, où des
935 721 3309 887 Docteurs prétendent guérir toutes les
1014 883 3308 1048 maladies, par une vertu magnétique
938 1029 3305 1343 t'a une comncuies nan on vientà
1005 1340 3294 1502 bout d'y faire tourner la tête aux mala-
1005 1497 3303 1657 des, & ordinairement ils en ſortent avec
1003 1648 3303 1818 une ſuite funeſte des plaiſirs qu'on leur
1003 1808 3304 1973 afait goûter. J'ai voulu que le Chevalier
935 1966 3289 2138 nemanquât aucun de ces inconvéniens.
1002 2114 3299 2278 Au ſortir du Magnétiſine, il eſt devent
1002 2272 3296 2435 ſou, ou du moins j'ai ſu le faire paſſer
986 2426 3289 2586 pour tel. Il a été enfermé & traité d'une
995 2584 3299 2764 maniere qui décrédite un homme pour
981 2735 3328 2907 toute ſa vie. Après la maladie de la par-
993 2885 3289 3057 tie ſupérieure, il en a éprouvé une autre
991 3045 3280 3215 dans la moyenne région; & j'ai ſu l'en-
940 3202 3279 3380 gager à s'adreſſer, pour s'en faire guérir,
981 3356 3280 3528 aun Charlatan qui a beaucoup aug-
984 3512 1710 3660 menté le mal.
1000 3644 3270 3836 Tout cela n'étoit encore rien. Votre
976 3816 3275 3992 enemi avoit ſouffert; mais il falloit
964 3968 3277 4151 qu'il mourût. J'ai ſu le brouiller avec
972 4133 3272 4306 un jeune homme que je ſoupçonnois
972 4278 3273 4461 étre ſon amante déguiſée. J'ai obtenu la
941 4436 3265 4617 confiance de ces deux jeunes écervelés;
936 4577 3265 4776 je les ai amenés à ſe battre l'un contre
935 4727 3256 4935 lautre. Vous ſentez mon but. Je me ſuis
2561 4926 2937 5052 La
