4266 6032
924 260 3335 430 d'en faire autant. J'ai lieu de le croire;
959 419 3289 583 car enfin j'ai un mérite qu'on doit ac-
917 572 3292 735 cueillir. Je ſuis néceſſaire à Paris. Les
909 726 3291 894 François ſont méchans comme d'autres,
909 890 3299 1057 ſoit. Ils ont un talent tel quel pour per-
969 1041 3289 1210 dre ceux qui les offufquent: mais en
967 1198 3304 1365 général, ils ſont trop étourdis, trop in-
969 1356 3306 1521 conſidérés. Ils n'ont que de la ſuperficie;
932 1515 3310 1675 il leur manque de la profondeur. Ils
929 1666 3313 1829 font bons pour une boutade: mais ma-
972 1824 3308 1985 chiner une intrigue combinée par une
969 1979 3320 2137 haine réfléchie; faire périr lentement
971 2131 3316 2293 mnennemi, fans qu'il ſe doute que vous
974 2289 3294 2448 lui en voulez; l'amener, ſans qu'il s'en
976 2446 3294 2604 apperçoive, au bord de l'abîme & l'y
974 2599 3308 2760 pouſſer; reſter les bras croiſés, & lui
975 2750 3325 2874 faire faire à lui-même toutes les démar-
981 2909 3316 3074 ches pour ſa perte; c'eſt-là un art en-
976 3066 3320 3226 core fort au-deſſus des François; & j'eſ-
977 3220 3315 3384 pere qu'en le leur enſeignant, je ferai
979 3378 3323 3541 une immenſe fortune. Déjà un Auteur
979 3528 3320 3697 m'a introduit, avec Figaro, dans une
979 3681 3327 3858 Comédie; il apprend aux François, par
976 3846 3328 4012 mon canal, ce que c'eſt que la calom-
976 3995 3327 4166 nie, & le parti qu'on en peuttirer. Vous
977 4157 3330 4328 voyez qu'il rend par-là un grand ſervice
977 4300 3330 4477 à ſa Nation. Je veux enſeigner à cette
909 4454 3330 4637 Nation légere tous les ſecrets de la
919 4611 3341 4793 ſcélérateſſe. On s'y occupe de miſéra-
960 4765 3332 4983 bles tracaſſeries qui méritent tout'au
