4266 6032
1039 414 3566 584 limon que celle de Baſile, eſt, heureu-
1045 574 3537 746 ſement pour lui, à l'abri de ma ven-
1038 730 3440 905 geance, dans une priſon; mais je ne le
1039 892 3439 1062 perdrai pas de vue. Tout eſt prêt pour
712 1046 3568 1226 mon départ, ô chere Juliel & je monte
1038 1207 3569 1387 en chaiſe, pour te rejoindre ſous peu
1038 1368 1677 1522 de joursn.
1566 1865 2928 2065 Fin de la II. Partie.
1732 3471 2792 3651 Faute à corriger.
1021 3657 3576 3910 Page roa, lig.3. Puiſque je venois, liſeg
952 3829 1956 3970 puiſque je reſtois.
