4266 8327
434 922 613 1027 LE
856 975 986 1090 L
1458 1480 1805 1605 OU
102 1897 3431 2043 LA VA L AAN
140 2694 3133 2889 Juelques mois se passèrent ainsi,
102 2954 3138 3138 quand un jour madame de Saint-Silvain
130 3209 3134 3394 fit entendre à son mari qu'il avoit tort
125 3470 3128 3654 de souffrir les fréquentes assiduités d'un
114 3725 3128 3909 jeune homme de dix-huit ans près d'une
114 3979 3128 4164 fille de quatorze, qui étoit douée de la
103 4228 3133 4412 plus jolie figure. M. de Saint-Silvain re-
102 4483 3116 4656 poussa les soupçons de sa femme. -- Je
103 4727 3117 4918 n'ai aucune inquiétude, dit-il. Zabeth est
102 4981 3111 5155 sage; et je crois le jeune la Combe trop
103 5232 3096 5411 délicat pour chercher à séduire ma fille.
98 5481 3280 5671 Je ne vois rien entr'eux qui puisse effrayer
91 5729 3095 5914 la prudence d'un père. -- Non, devant
92 5991 3096 6170 vous .... mais je les ai surpris qui s'em-
87 6224 3079 6424 brassoient d'une manière peu décente.
