4266 8489
1089 1183 4222 1376 J'ai acquis l'expérience, dit - elle ave
1083 1442 4073 1625 un air de fausse modestie, que l'on e
1083 1708 4156 1896 bien foible près de ce que l'on aime! ....
1078 1962 4239 2144 vous devez vous le rappeler, mon che
1083 2227 4173 2426 ami? .... Je ne vous en parle que par i
1078 2459 4178 2675 térêt et amitié. Remarquez que lorsqu
1078 2736 4200 2924 Zabeth le voit arriver, ses yeux pétillen
1072 2996 4221 3194 de joie. Elle est vive, et je crains....
1067 3261 4189 3449 M. de Saint - Silvain approuva très-for
1067 3515 4178 3703 les avis que sa femme lui donnoit. J'a-
943 3758 4128 3968 voue pourtant, dit-il, que je doute que
1061 4040 4206 4234 ma fille soit capable d'oublier ce qu'elle
1061 4300 4234 4482 se doit. Elle a été élevée par une fille
1061 4521 4217 4742 d'une grande vertu. La gaieté qui paroît
1061 4814 4145 5002 sur son visage à l'arrivée du jeune la
1067 5074 4134 5278 Combe, ne seroit qu'une semi-preuve.
1061 5328 4237 5516 Elle vit ici bien isolée, et peut très-in-
1056 5588 4234 5726 nocemment être charmée de voir un
1056 5836 4128 6013 jeune homme aimable et intéréssant.
1061 6096 4128 6289 -- Oui, mon ami; mais ces baisers? ....
1067 6361 4128 6555 -- Il est vrai que cela me paroît fort.
