4266 8533
2344 917 2800 1094 io
1039 1206 4189 1361 de M. Noriss?.... -- Ma chère Victoire
1028 1472 4194 1661 je vais penser aux moyens de les lui faire
1028 1733 4206 1928 parvenir. Voilà, à ce qui me semble.
1028 1989 4233 2183 un premier essai que vient de tenter con-
1022 2250 4200 2444 tr'elle sa plus grande ennemie. Veillons
1028 2511 4211 2700 tous, et tâchons, en réunissant nos eſ-
1028 2767 4178 2956 forts, d'empêcher le mal de devenir plus
1028 3033 1511 3217 grand.
1200 3272 4194 3422 Victoire fut conter à sa maîtresse ce
1021 3538 4166 3727 que venoit de lui dire Frédérique. Zabeth
1022 3800 4189 3989 ne put s'empêcher de verser des larmes.
928 4061 4200 4244 Ah! dit-elle, on veut me priver de la
1017 4317 4183 4500 seule consolation qui me restoit! Et com-
1022 4572 4206 4761 ment vais-je faire pour avoir des nouvel-
1017 4833 4258 4972 les de mon cher Enneric? O mon aimable
1022 5094 4100 5283 frère! n'est-ce point assez d'être séparés,
1022 5350 4172 5539 et d'ignorer le moment qui nous réunira,
1022 5617 4244 5824 sans encore être privée du bien suprême
1022 5828 4106 6056 de recevoir tes lettres, et de lire les ex-
1017 6139 4189 6328 pressions d'un sentiment qui seul fait
1017 6394 4239 6544 mon bonheur!.... Zabeth versa tant de
