4266 8359
179 1283 3232 1498 pas qu'elle ait consenti si facilement à
174 1535 3189 1720 rester près de vous; ne lui en ayez aucune
185 1780 3200 1970 obligation; au couvent elle n'auroit pas
185 2035 3205 2226 pu voir son amant. Elle a eu l'air de vous
180 2291 3200 2487 faire un grand sacrifice; vous lui en aviez
180 2547 3200 2732 une grande obligation. Elle ne vous aime
173 2802 3210 2998 pas, soyez-en sûr? Elle a tout sacrifié à
185 3053 3205 3233 sa foible passion; cela seul l'a déterminée
190 3309 3211 3488 à céder au desir que vous aviez de l'avoir
5 3565 3205 3744 chez vous. -- Si je le croyois, dit-il, je
196 3815 3216 3951 la menerois demain au couvent. -- Gar-
5 4076 3222 4250 dez-vous-en bien! aujourd'hui elle l'ac-
5 4321 3211 4512 cepteroit volontiers, parce qu'elle y seroit
4 4581 3215 4761 plus libre de faire ce qu'elle voudroit. C'est
5 4833 3211 5012 au contraire le moment de tenir bon; et,
201 5083 3216 5268 telle chose qui arrive, il ne faut point y
207 5339 3216 5513 consentir. Vous êtes son père, et personne
1 5589 3222 5780 ne peut vous ôter le droit que vous avez
217 5844 3221 5980 sur elle.... M. de Saint-Silvain resta con-
212 6090 3222 6275 vaincu de tout ce que sa femme lui avoit
212 6340 3216 6556 dit. Sa fille auroit desiré lui parler du
