4266 8456
2285 952 2747 1134 lJ
1002 1239 4223 1448 soupçon mal fondé qu'il avoit eu sur Fré-
732 1503 4079 1718 dérique; mais l'air sérieux et froid qu'il
1002 1756 4217 1954 prit avec elle, l'empêcha d'en avoir la
1002 2020 4217 2202 force. Cela la rendit triste, et l'on proſita
1013 2285 4212 2472 encore de cela pour ſortifier les soupçons
1007 2538 4217 2731 de son père: ce mutuel éloignement rem-
1007 2802 4206 2989 plissoit tous les vœux que pouvoit former
1007 3050 3100 3199 madame de Saint-Silvain.
1189 3325 4223 3463 Victoire avoit concerté avec sa maîtresse
1007 3573 4223 3771 les moyens d'avoir des nouvelles de Fré-
1013 3837 4234 4024 dérique. La vieille et bonne Cateau, dont
1013 4096 4228 4272 on se ressouvient sans doute, avoit une
1013 4349 4234 4536 de ses filles mariée à un paysan du village
1013 4608 4096 4746 de M. de la Combe. Zabeth écrivit une
1013 4867 4102 5054 lettre à Frédérique; et, sous le prétexte
1018 5120 4102 5302 d'aller voir sa fille, la bonne femme, sans
1018 5384 4090 5571 consulter son âge, se chargea de la porter.
991 5632 4096 5825 Zabeth, dans cette lettre, le prioit de ne
1018 5891 4096 6078 pas négliger de lui faire tenir celles de son
1024 6144 4096 6293 cher Enneric. Elle lui demandoit avec
1024 6397 4107 6601 instances la continuité de ses bons offices,
