4266 8456
1448 963 1894 1140 l
160 1255 3204 1398 et l'assuroit d'une reconnoissance sans
165 1508 3193 1696 bornes. Frédérique, en lui envoyant une
154 1767 3193 1954 lettre qu'il venoit de recevoir de Noriss,
17 2015 3199 2202 lui ſit les plus fortes protestations d'un
23 2268 3193 2466 dévouement sans bornes: cela remit un
149 2527 3204 2672 peu de calme dans l'ame de cette aimable
29 2786 3204 2973 fille. Il est si doux de pouvoir compter
149 3039 3193 3232 sur un ami! on ne connoît le prix d'un pa-
154 3298 3199 3485 reil bonheur que quand on a des peines! ...
319 3551 3188 3733 Plusieurs mois se passèrent ainsi, lors-
38 3798 3192 3985 que M. de Saint-Silvain tomba dange-
154 4052 3188 4234 reusement malade; sa fille voulut le gar-
154 4311 3199 4498 der; mais sa femme l'éloignoit du lit de
154 4575 3204 4762 son père; et, malgré les vives instances
160 4823 3193 5010 qu'elle fit, elle ne put lui prodiguer au-
160 5087 3199 5263 cuns soins. On lui dit au contraire que
165 5335 3199 5522 son père exigeoit qu'elle ne sortît pas de
165 5593 3204 5775 sa chambre: cet ordre rigoureux lui causa
165 5825 3204 6034 les plus vifs chagrins: d'où pouvoit venir
165 6094 3193 6282 un traitement si dur? ..... En quoi avoit-
171 6348 3199 6540 elle pu le mériter? ..... Elle céda pendant
