4266 8423
1244 938 1888 1138 .
131 1236 3175 1448 Saint-Silvain ne vouloit point entendre
120 1478 3174 1683 parler de sa fille; et que, pour elle, elle
124 1744 3187 1957 alloit avoir son compte, pour lui apprendre
124 1998 3181 2203 à suivre les ordres d'une enfant rebelle,
21 2253 3192 2469 qui étoit cause, par la hardiesse de sa
131 2508 3181 2723 conduite, de l'état dans lequel il étoit.
26 2774 3202 2960 Victoire, confuse d'une pareille récep-
20 3021 3198 3240 tion, fut compter à sa maîtresse ce que
26 3279 3186 3444 madame de Saint-Silvain lui avoit dit.
10 3531 3197 3762 Zabeth fondit en larmes. Ah! dit-elle,
10 3788 3203 4004 je vois que l'on a prévenu l'esprit de
9 4044 3215 4261 mon père contre moi! Voilà donc les
20 4303 3214 4520 prédictions de ma chère tante accom-
10 4550 3219 4791 plies! Me voilà prisonnière dans la mai-
26 4816 3481 5033 son paternelle, et en butte à toutes les
21 5065 3226 5271 horreurs de la calomnie, et à la haine
4 5307 3231 5525 d'une femme méchante, qui n'a tardé
15 5574 3237 5789 à la montrer que pour la faire éclater
26 5822 3241 6043 avec plus de rigueur! Ma chère Vic-
21 6074 3247 6289 toire, voilà le moment où M. de la Combe
15 6338 3240 6536 peut me rendre service? Qu'il vienne par-
