4266 8327
1100 915 1789 1096 .
125 1201 3079 1416 are: le bonheur n'est pas dans l'éclat;
53 1456 3089 1611 l est dans une union douce. Le cœur
124 1716 3096 1910 le la trop tendre et trop malheureuse
49 1977 3100 2157 Zabeth pouvoit seul lui offrir: il ne
10 2221 3096 2427 connoît pas le prix d'un sentiment par-
49 2492 3106 2682 tagé. Victoire ne put entendre cela sans
26 2747 3085 2936 que ses larmes n'augmentassent. -- Oh!
60 2984 3090 3186 lit-elle avec l'expression de la douleur,
21 3249 3095 3434 ma pauvre maîtresse! ma pauvre maî-
44 3493 3106 3679 resse! Je la connois, elle mourra de
69 3751 3111 3898 douleur! Elle n'étoit soutenue dans ses
64 4005 3096 4196 peines que par l'idée d'être aimée de M.
54 4250 3111 4444 Noriss! L'espoir de l'avenir lui faisoit
124 4504 3111 4689 upporter le présent avec courage; s'il
130 4753 3112 4950 faut qu'elle le perde, elle ne pourra ré-
69 5009 3106 5159 sister à sa douleur. C'est un bonheur
27 5265 3106 5463 que je ne sois plus près d'elle dans ce mo-
64 5518 3106 5718 ment: l'impossibilité où elle sera de re-
146 5767 3106 5957 cevoir des lettres, lui laissera ignorer qu'il
53 6022 3105 6223 n'y en a pas pour elle; et, d'ici à quelque
75 6277 3106 6476 tems, on en recevra peut-être d'une ma-
