4266 8489
2515 934 2968 1116 .
956 1210 4134 1371 nière ou d'une autre. Ma chère maîtress
1182 1475 3050 1663 que je vous plains!.......
1360 1730 4140 1918 Frédérique fit rester Victoire dansl
1177 1984 4145 2166 château, en attendant que l'on ait vu
1177 2238 4123 2432 que les choses alloient devenir. Il écriv
1177 2493 4234 2692 à son père tout ce qui se passoit à Ch
1177 2758 1874 2896 teauneuf.
1349 3012 4156 3200 Voyons un peu maintenant quell
1166 3266 4234 3454 sont les raisons qui empêchent Enneri
1155 3526 4117 3703 Noriss d'écrire à sa sœur, à son amie
1155 3780 4156 3968 à cette aimable fille qu'il avoit tant di
1143 4039 3459 4227 qu'il ne vouloit jamais quitter.
1326 4300 4250 4482 Le lecteur se rappelle sans doute que
1144 4560 4173 4766 John ilton, son oncle, fut si charme
1144 4814 4189 5002 du départ de mademoiselle de Fermon,
1143 5067 4249 5255 que ce jour-là il s'enivra un peu plus
1138 5321 4244 5504 que de coutume. Le lendemain, il se
1139 5577 4195 5770 livra à toute la gaieté anglaise; c'est-à-
1144 5825 4195 6030 dire, qu'il dit beaucoup de grosses sot-
1150 6068 4184 6278 tises fort grossières, qu'il trouvoit fort
1144 6325 4184 6527 plaisantes, et dont seul il rioit aux
