4266 8391
2485 840 2934 1012 a.
1152 1126 4178 1273 monta le train d'un homme très-rich
1152 1378 4059 1569 Les bijoux, les parties de plaisir, tor
1152 1630 4020 1821 fut mis en usage. Enneric fut sensible
1152 1888 4054 2075 ce nouvel éclat, et, sans perdre de v
1152 2138 4195 2345 son amour pour Zabeth, il profitoit ave
1153 2391 4152 2577 satisfaction des agrémens qui hui étoier
1146 2641 4228 2831 prodigués. Son oncle ne lui parloit pl
1146 2892 4081 3079 de rien, et ne se voyant plus contrar
1146 3148 4070 3335 sur l'objet de sa passion, il se livra tot
1146 3399 4092 3592 entier à la séduction que l'on avoit mi
1146 3659 1628 3835 en jeu.
1310 3905 4206 4048 La saison ramena toute la famille
1141 4157 4190 4355 Londres. On ne fut pas rendu à la cap
1135 4411 4211 4604 tale, que John Wilton aigmenta le trai
1142 4664 4228 4867 de son neveu, le mit en état de paroîtr
1135 4922 4223 5118 avec éclat, et même de l'emporter su
1142 5172 4108 5371 beaucoup de jeunes seigneurs. A dix-sep
1135 5427 4196 5578 ans on se laisseroit éblouir à moins. Oi
1142 5686 4130 5890 le jeta dans une société de jeunes gen
1141 5943 4174 6138 sans principes, qui traitoient l'amon
1146 6205 4220 6391 lestement, qui ne le connoissoient ou
4020 6462 4196 6587 de
