4266 8423
3002 158 4064 337 ----
1244 814 1859 1042 .
131 1150 3181 1349 de nom, et auquel leurs cœurs étoient
125 1399 3175 1601 tout-à-fait étrangers. Il vit aussi beau-
120 1656 3181 1871 coup de femmes galantes, et pas une de
125 1909 3477 2112 sensible ne s'offrit à ses regards, quoique
125 2163 3169 2369 tontes eussent des amans. Il s'étoit parti-
125 2426 3181 2626 culièrement lié avec un baronnet, que l'on
15 2684 3185 2837 nommoit Anderson. Celui-ci l'avoit con-
21 2939 3197 3142 duit chez une lady Barimor, qui avoit
131 3192 3196 3399 beaucoup vovagé en France, et qui en
15 3453 3192 3610 avoit tous les vices. C'étoit une femme
136 3716 3197 3914 extrêmement belle: sa toilette, son main-
148 3979 3208 4193 tien coquet et recherché, lui donnoient
22 4233 3202 4444 une cour nombreuse. Un homme qui
147 4488 3203 4693 n'étoit pas admis chez elle, ne pouvoit
158 4746 3439 4952 se présenter nulle part. Anderson con-
10 5001 3208 5218 seilla à Noriss de lui offrir les prémices
169 5245 3214 5461 de ses dix-sept ans, et l'assura que ce dé-
10 5516 3214 5685 but dans le monde lui donneroit la
173 5768 3372 5978 plus brillante réputation. Il allégua sa
174 6029 3219 6229 tendresse pour Zabeth, et dit qu'il ne
10 6284 3218 6476 pouvoit aimer qu'elle. Les rires d'Ander-
439 6596 613 6680 nI.
2516 6585 2676 6713 n
