<PcGts xmlns="http://schema.primaresearch.org/PAGE/gts/pagecontent/2017-07-15" xmlns:xsi="http://www.w3.org/2001/XMLSchema-instance" xsi:schemaLocation="http://schema.primaresearch.org/PAGE/gts/pagecontent/2017-07-15 http://schema.primaresearch.org/PAGE/gts/pagecontent/2017-07-15/pagecontent.xsd"><Metadata><Creator>User123</Creator><Created>2020-10-13T21:44:38</Created><LastChange>2020-10-13T21:44:38</LastChange></Metadata><Page imageFilename="0026.png" imageHeight="8533" imageWidth="4266"><TextRegion id="r0" type="paragraph" orientation="0.25"><Coords points="1,1 4264,1 4264,8531 1,8531"/><TextLine id="r0_l001"><Coords points="2232,884 2806,882 2807,1065 2233,1067"/><TextEquiv index="1"><Unicode>.</Unicode></TextEquiv></TextLine><TextLine id="r0_l002"><Coords points="1800,1377 1799,1377 1799,1375 1799,1374 1306,1377 1305,1376 1305,1371 1305,1371 1300,1371 1299,1370 1299,1337 1299,1337 1017,1338 1016,1337 1016,1332 1016,1332 1011,1332 1010,1331 1010,1327 1010,1327 1006,1327 1005,1326 1005,1260 1005,1260 1009,1260 1010,1259 1010,1255 1010,1255 1020,1255 1021,1254 1021,1249 1021,1249 1026,1249 1027,1248 1027,1243 1027,1243 1448,1241 1449,1240 1449,1199 1449,1199 1454,1199 1455,1198 1455,1193 1455,1193 1459,1193 1460,1192 1460,1188 1460,1188 1474,1188 1475,1188 1475,1192 1475,1193 1481,1193 1482,1193 1482,1226 1482,1227 1487,1227 1488,1227 1488,1238 1488,1239 2254,1235 2255,1235 2255,1233 2255,1232 2287,1232 2288,1233 2987,1230 2988,1230 2988,1228 2988,1227 3220,1226 3221,1226 3221,1211 3221,1210 3565,1209 3566,1208 3566,1188 3566,1188 3570,1188 3571,1187 3571,1182 3571,1182 3581,1182 3582,1181 3582,1177 3582,1177 3598,1177 3599,1177 3599,1181 3599,1182 3604,1182 3605,1183 3687,1182 3688,1183 3887,1182 3888,1183 3888,1188 3888,1188 3892,1188 3893,1189 3893,1243 3893,1243 4022,1243 4023,1243 4023,1245 4023,1246 4024,1246 4025,1246 4025,1248 4025,1249 4037,1249 4038,1249 4038,1298 4039,1299 4071,1299 4071,1299 4071,1310 4072,1311 4177,1310 4177,1311 4177,1321 4177,1321 4176,1320 3989,1321 3988,1320 3988,1316 3988,1316 3856,1316 3855,1315 3656,1316 3655,1316 3655,1315 3655,1314 2722,1318 2721,1319 2721,1360 2721,1360 2717,1360 2716,1361 2716,1366 2716,1366 2697,1367 2696,1366 2106,1368 2105,1369 2105,1371 2105,1371 1814,1372 1809,1377"/><TextEquiv index="1"><Unicode>son, à ce propos, ne peuvent se décrire.</Unicode></TextEquiv></TextLine><TextLine id="r0_l003"><Coords points="999,1449 4177,1436 4178,1629 1000,1642"/><TextEquiv index="1"><Unicode>Il fut un quart-d'heure sans retrouver la</Unicode></TextEquiv></TextLine><TextLine id="r0_l004"><Coords points="992,1709 4082,1696 4083,1897 993,1910"/><TextEquiv index="1"><Unicode>parole. Pendant ce tems, Noriss, la</Unicode></TextEquiv></TextLine><TextLine id="r0_l005"><Coords points="982,1968 4255,1954 4256,2141 983,2155"/><TextEquiv index="1"><Unicode>bouche ouverte, le considéroit sans pou-</Unicode></TextEquiv></TextLine><TextLine id="r0_l006"><Coords points="989,2229 4220,2215 4220,2405 989,2419"/><TextEquiv index="1"><Unicode>voir imaginer d'où venoit cette excessive</Unicode></TextEquiv></TextLine><TextLine id="r0_l007"><Coords points="988,2487 4251,2473 4252,2668 989,2682"/><TextEquiv index="1"><Unicode>gaieté. Quand Anderson eut recouvré son</Unicode></TextEquiv></TextLine><TextLine id="r0_l008"><Coords points="982,2745 4193,2730 4194,2925 983,2940"/><TextEquiv index="1"><Unicode>sang-froid, il lui dit: Quoi! mon cher</Unicode></TextEquiv></TextLine><TextLine id="r0_l009"><Coords points="971,3009 4221,2994 4222,3203 972,3218"/><TextEquiv index="1"><Unicode>Enneric, pour une provinciale Fran-</Unicode></TextEquiv></TextLine><TextLine id="r0_l010"><Coords points="971,3265 4199,3250 4200,3441 972,3456"/><TextEquiv index="1"><Unicode>çaise, vous dédaignez la conquête de la</Unicode></TextEquiv></TextLine><TextLine id="r0_l011"><Coords points="966,3527 4238,3512 4239,3707 967,3722"/><TextEquiv index="1"><Unicode>plus délicieuse femme possible!... mais</Unicode></TextEquiv></TextLine><TextLine id="r0_l012"><Coords points="966,3779 4082,3765 4083,3910 967,3924"/><TextEquiv index="1"><Unicode>vous êtes fou! défaites - vous de cette</Unicode></TextEquiv></TextLine><TextLine id="r0_l013"><Coords points="783,4041 4260,4026 4261,4212 783,4227"/><TextEquiv index="1"><Unicode>crasse de collége: vous sentez votre éco-</Unicode></TextEquiv></TextLine><TextLine id="r0_l014"><Coords points="961,4298 4250,4283 4250,4478 961,4493"/><TextEquiv index="1"><Unicode>lier de cent lieues. Je suis trop votre ami</Unicode></TextEquiv></TextLine><TextLine id="r0_l015"><Coords points="4170,4738 4170,4733 4169,4731 4033,4732 4032,4731 4032,4688 4031,4688 3845,4689 3844,4688 3316,4690 3316,4690 3316,4692 3315,4693 3310,4693 3310,4693 3310,4709 3309,4710 3305,4710 3305,4710 3305,4720 3304,4721 3299,4721 3299,4721 3299,4726 3299,4727 3294,4727 3293,4727 3293,4731 3293,4732 3283,4732 3282,4731 3282,4688 3281,4688 3205,4688 3204,4687 2977,4688 2977,4688 2977,4683 2976,4682 2928,4683 2927,4682 2538,4683 2538,4684 2538,4688 2537,4688 2299,4689 2299,4690 2299,4738 2299,4738 2250,4738 2249,4738 2249,4693 2248,4692 2021,4693 2021,4693 2021,4689 2020,4688 2016,4689 2015,4688 1643,4689 1643,4690 1643,4693 1642,4693 1627,4693 1626,4692 1199,4694 1199,4695 1199,4699 1198,4699 1027,4700 1027,4700 1027,4742 1027,4743 1022,4743 1021,4743 1021,4748 1021,4749 972,4749 971,4749 971,4633 970,4632 966,4632 966,4632 966,4622 966,4621 976,4621 977,4621 977,4617 977,4616 1098,4616 1099,4615 1099,4612 1100,4611 1405,4609 1405,4609 1405,4572 1406,4571 1410,4571 1410,4571 1410,4567 1411,4566 1455,4566 1455,4565 1455,4560 1456,4560 1721,4559 1721,4558 1721,4555 1722,4555 1727,4555 1727,4555 1727,4559 1728,4560 1738,4560 1738,4560 1738,4587 1739,4588 1782,4588 1783,4589 1788,4589 1788,4589 1788,4605 1789,4605 1793,4605 1793,4606 1793,4610 1794,4610 2160,4609 2160,4608 2160,4605 2161,4605 2171,4605 2172,4606 2582,4604 2582,4604 2582,4561 2583,4560 2588,4560 2588,4560 2588,4556 2589,4555 2660,4555 2660,4555 2660,4582 2661,4583 2755,4582 2755,4583 2755,4588 2756,4588 2760,4588 2760,4589 2760,4605 2761,4605 2910,4605 2911,4606 3156,4605 3157,4606 3305,4605 3306,4606 3877,4603 3877,4603 3877,4567 3878,4566 3882,4566 3882,4566 3882,4561 3883,4560 3916,4560 3916,4561 3917,4610 3917,4610 3998,4610 3999,4610 3999,4615 3999,4616 4009,4616 4010,4616 4010,4632 4010,4633 4209,4632 4210,4632 4210,4637 4210,4638 4215,4638 4216,4638 4215,4639 4171,4639 4171,4640 4171,4738 4171,4738"/><TextEquiv index="1"><Unicode>pour ébruiter un pareil travers; sans cela,</Unicode></TextEquiv></TextLine><TextLine id="r0_l016"><Coords points="971,4821 4066,4807 4067,4999 972,5013"/><TextEquiv index="1"><Unicode>tout le monde vous montreroit au doigt.</Unicode></TextEquiv></TextLine><TextLine id="r0_l017"><Coords points="855,5077 4182,5063 4183,5250 856,5264"/><TextEquiv index="1"><Unicode>Vous avez l'air d'un preux du tems du</Unicode></TextEquiv></TextLine><TextLine id="r0_l018"><Coords points="971,5335 4071,5321 4072,5520 972,5534"/><TextEquiv index="1"><Unicode>roi Arthur. Vous brûlez pour une petite</Unicode></TextEquiv></TextLine><TextLine id="r0_l019"><Coords points="971,5595 4193,5581 4194,5771 972,5785"/><TextEquiv index="1"><Unicode>fille qui sûrement est droite comme un</Unicode></TextEquiv></TextLine><TextLine id="r0_l020"><Coords points="971,5847 4210,5832 4211,6031 972,6046"/><TextEquiv index="1"><Unicode>piquet? qui n'a ni contenance, ni aisance,</Unicode></TextEquiv></TextLine><TextLine id="r0_l021"><Coords points="977,6110 4211,6095 4211,6283 977,6298"/><TextEquiv index="1"><Unicode>et qui rougit à chaque mot? Mais si</Unicode></TextEquiv></TextLine><TextLine id="r0_l022"><Coords points="960,6370 4055,6356 4055,6549 961,6563"/><TextEquiv index="1"><Unicode>vous continuez ainsi, vous serez l'homme</Unicode></TextEquiv></TextLine><TextLine id="r0_l023"><Coords points="538,8216 2657,8207 2657,8282 538,8291"/><TextEquiv index="1"><Unicode>-</Unicode></TextEquiv></TextLine></TextRegion></Page></PcGts>