4266 8423
2435 949 2885 1124 a
1091 1239 4102 1426 de-vin pour faire le marché. On ne lui
1091 1497 4239 1678 refusa pas cette légère faveur, que l'on re-
1080 1738 4195 1941 gardoit sans conséquence, et il fit tous
1075 2002 4190 2188 ses efforts pour lier les parties. D'après ce
1063 2253 4183 2456 qu'il avoit appris de la bouche même
1069 2506 4179 2717 de Nriss, il dit à lady Barimor que son
1069 2742 4184 2940 ami avoit le goût romanesque, et qu'il
1064 3011 4201 3208 falloit jouer avec lui la passion. Tous les
1064 3250 4201 3411 airs étoient familiers à cette femme. La
1053 3521 4075 3707 première ſois qu'il vint, elle joua l'em-
1047 3773 4075 3954 barras, elle rougit, et tout son main-
1047 4031 4184 4217 tien étoit d'un abandon frappant. Cela
1041 4288 4068 4479 n'échapna pas à Enneric. Il fit part do
1041 4540 4198 4732 sa remarque à Anderson, qui dit qu'il
1031 4782 4058 4974 n'ignoroit pas d'où cela venoit. -- Elle
1031 5029 4184 5204 est amoureuse, mon ami, et elle raffole
1020 5281 4042 5462 d'un homme qui lui fait tourner la tête.
1015 5534 4045 5725 Vous ne le connoissez pas? -- Non, en
1009 5780 4025 5978 honneur. -- Eh bien, mon cher Noriss,
1004 6038 4184 6225 c'est vous... -- Moi? ... -- Oui, vous.
1004 6290 4031 6482 Elle m'a avoué qu'elle n'avoit jamais
