4266 8423
1355 877 1810 1075 aa
104 1190 3110 1377 imé jusqu'à ce jour; mais que votre
104 1448 3126 1629 vue lui avoit fait perdre sa liberté. Enſin,
22 1711 3126 1892 elle est si occupée de la passion que vous
26 1957 3130 2138 lui avez inspirée, qu'elle ne veut plus
33 2216 3120 2397 sortir ni voir personne. Vous avez dû
88 2468 3115 2649 remarquer qu'aujourd'hui sa toilette étoit
22 2726 3126 2863 moins recherchée? Voilà l'effet d'uno
22 2978 3104 3164 grande passion chez une femme tendre.
18 3235 3119 3416 nſle oublie tout, pour ne penser qu'à
77 3488 3115 3669 l'objet de son amour ... elle oublie même
82 3740 3110 3936 les moyens de lui plaire... Noriss s'a-
11 3992 3110 4173 bandonna aux plus grandes réſlexions,
77 4245 3409 4431 et ne répondit rien à son ami. L'autre le
77 4508 3115 4694 regardoit, et tâchoit de deviner ce qui se
70 4765 3125 4946 passoit dans son ame. Après un quart-
77 5018 3110 5204 d'heure du plus profond silence, Ander-
77 5276 3110 5457 son le rompit, en lui demandant à quoi
77 5528 3104 5714 il pensoit? -- Je ne sais... lady est belle...
77 5780 3110 5956 mais Zabeth.... -- Encore, mon cher
71 6038 3099 6170 Enneric..... mais vous êtes fou avec
82 6290 3099 6427 votre Zabeth!... vous ne la reverrez
3411 8060 3976 8188 ---
