4266 8423
2347 916 2802 1097 o
1047 1196 4242 1387 pent-être jamais! Vous allez refuser le
927 1453 4212 1645 plus grand des bonheurs, pour une fille
1047 1706 4234 1892 qui ne pense peut-être pas à vous. -- Ah!
1053 1946 4097 2144 si, elle pense à moi! j'en suis bien sûr!
1053 2216 4264 2402 elle me l'écrit souvent, et je la crois. Je
1042 2473 4264 2660 lui ai donné ma parole qu'elle seroit ma
1053 2731 4108 2918 femme. -- O certes! voilà qui est à ravir,
1047 2989 4173 3175 mon ami, vous l'épouserez. En atten-
1075 3247 4119 3433 dant, vous pouvez vous amuser. -- Mais
1047 3493 4256 3685 je la tromperai? ... -- Est-ce que l'on
1053 3757 4234 3938 trompe sa femme? D'ailleurs, elle ne
1058 4014 4119 4201 l'est pas. D'ici à ce tems, vous ne lui
1057 4271 4205 4463 devez rien. Profitez du bonheur qui se
1053 4524 4212 4711 présente. Soyez heureux avec lady; nous
1064 4755 3120 4908 avons du tems devant nous.
1239 5029 4228 5215 Enneric, malgré ses projets de cons-
1069 5270 4113 5468 tance, voyoit tous les jours lady Bari-
1069 5539 4234 5720 mor. Les plus douces attentions lui
1080 5797 4250 5989 étoient prodiguées. Les complimens flat-
1080 6055 4113 6235 teurs, les regards tendres et langoureux,
1086 6296 4228 6493 tont fut mis en usage. Il ne sortoit d'avec
