4266 8391
1501 922 1955 1097 i
197 1207 3442 1415 elle, que pour entendre Anderson vanter
191 1464 3327 1655 l'excès de sa passion. Pour lui, la séduc-
44 1715 3240 1901 tion commençoit à faire son effet. Il pen-
38 1972 3240 2120 soit moins à mademoiselle de Saint-Sil-
49 2223 3234 2415 vain. Le style tendre et naïf finit par lui
26 2485 3228 2676 paroître fade, auprès du ton agréable et
59 2741 3233 2933 léger de lady. Il tomba dans le piége qui
38 3005 3223 3190 lui étoit tendu. Elle l'avoua publique-
179 3255 3228 3441 ment pour son amant en chef. Tous les
38 3513 3218 3693 jours on les voyoit ensemble à cheval,
16 3770 3229 3944 aux courses, aux spectacles. Ils ne se
175 4021 3201 4207 quittoient plus. Joln Wilton triomphoit:
16 4278 3207 4463 et, sans s'inquiéter si son neveu perdoit
169 4529 3196 4715 sa santé et dépensoit beaucoup d'argent,
164 4740 3516 4966 il ne voyoit que le bonheur de ce qu'il
153 5026 3201 5236 n'aimoit plus la petite Française. Il l'en-
153 5288 3190 5482 courageoit par tout ce qu'il croyoit pro-
148 5529 3180 5720 pre à l'entretenir dans sa folle passion.
148 5774 3385 5977 Un jour, à table, il lui fit compliment
142 6042 3174 6228 sur sa brillante conquête. Noriss baissa
142 6277 3163 6485 les yeux, et ne répondit rien. Sa mère
