4266 8533
1010 1186 4256 1383 et envieuses. Anna étoit du très-petit nom-
1005 1436 4243 1640 bre des Anglaises qui n'envient pas le bon-
999 1698 4255 1887 heur des autres, sur-tout quand elles sont
993 1954 4078 2152 Françaises. Sans grimaces ni affectation,
999 2215 4210 2417 sans jouer le sentiment, elle étoit sensi-
1000 2475 4260 2679 ble et compatissante. Elle aimoit sa chère
999 2737 4244 2931 Zabeth. Elle n'avoit point envié le bon-
1000 2999 4250 3194 heur dont elle jouissoit, lorsqu'elle l'a-
999 3254 4261 3448 voit connue; et aujourd'hui qu'elle étoit
993 3516 4227 3710 dans la peine, son cœur v prenoit le plus
993 3771 4228 3917 seusible intérêt. Elle entra donc chez son
993 4026 4082 4226 cousin, et portoit sur sa figure les traces
994 4293 4083 4485 des larmes qu'elle avoit versées. -- Ma
988 4542 4250 4742 tante vous domande, mon cousin? lui
983 4810 4072 5009 dit elle sans le regarder: elle vous prie
988 5060 4072 5258 de venir lui parler. -- Qu'avez-vous donc,
988 5321 4071 5514 Anna? vous avez pleuré? -- Oh! oui,
982 5571 4078 5770 j'ai pleuré... ma tante pleure aussi: cette
988 5826 4077 6038 chère Zabeth pleure bien davantage. --
993 6082 4061 6286 C'est bon, c'est bon, ma chère Anna:
993 6350 4060 6556 vous allez aussi me tourmenter? -- Ah,
1729 8227 2381 8299 - --- ----
