4266 8327
1437 900 1898 1079 .
167 1192 3187 1392 mon cousin! tout me rappelle ce que di-
163 1453 3172 1643 soit cette bonne amie, le jour que nous
16 1708 3188 1898 fûmes dans la forêt de Wapping... -- Tai-
16 1968 3177 2141 sez-vous, Anna; laissez-moi. Allez-vous-
163 2212 3177 2413 en... ces choses-là ne vous regardent pas.
152 2472 3193 2667 En disant cela, il sortit avec précipita-
16 2727 3182 2906 tion, et se rendit chez sa mère. Madame
22 2973 3188 3161 Noriss le reçut froidement. Il avoit un
163 3242 3177 3426 air d'assurance qui l'étonna. -- Eh bien,
33 3497 3182 3676 mon fils! lui dit-elle, vous voilà donc
38 3741 3416 3947 au rang des jeunes débauchés? et vous
160 3996 3182 4207 ſaites votre apprentissage avec la femme
38 4261 3172 4440 la plus aſſichée et la plus déhontée qu'il
33 4516 3177 4695 soit possible de connoître!... Vous avez
16 4755 3172 4944 oublié la créature la plus douce... la plus
54 5020 3500 5199 tendre... celle avec qui vous avez passé
173 5263 3307 5449 vos premières années... celle que vous ai-
11 5514 3172 5703 miez tant... et que vous ne vouliez jamais
22 5774 3177 5958 quitter... celle qui mettoit tout son espoir
54 6029 3172 6213 en vous, à qui seul vous restiez sur la
184 6278 3177 6468 terre, quand elle a eu le malheur de per-
