4266 8489
896 199 1927 271 --ee. -
1000 1183 4084 1326 dre sa tante.... Zabeth enfin.... est on-
995 1448 4073 1641 bliée!... et pour qui?.... Que sont deve-
995 1708 4068 1896 nues toutes les protestations que vous lui
812 1958 4250 2155 avez faites, et sur lesquelles elle comp-
1000 2227 4068 2415 toit, parce qu'elle vous croyoit homme
1006 2482 4217 2658 d'honneur? .... Son jeune cœur ne s'est
1006 2741 4256 2935 donc ouvert à l'amour que pour avoir des
1006 3001 4256 3189 peines de plus! Aujourd'hui, sans amis,
1011 3261 4195 3449 sans parens, elle languit dans l'attente
1011 3521 4200 3708 de voir réaliser les promesses que vous
1011 3780 4206 3968 lui avez faites cent fois. Il faudra qu'elle
1017 4040 4115 4217 meure de vous avoir aimé, et d'avoir
1022 4294 4090 4438 ouvert son cœur à un sentiment dont
1017 4549 4211 4736 vous n'êtes pas digne. Votre oncle vous a
1022 4803 4101 4996 égaré, mon fils!... La fortune qu'il vous
1017 5063 4090 5250 destine ne pourra jamais vous dédomma-
1028 5322 4256 5510 ger de ce que vous perdez. Vous ne pouvez
1017 5571 4090 5764 plus tenir votre rang dans la classe des
1028 5825 4250 5974 hommes estimables. Vous allez ruiner
1045 6091 4101 6278 votre santé, perdre vos mœurs, et faire
857 6328 4101 6488 le malheur d'une fille charmante. Je ne
188 8070 878 8240 -------
