4266 8489
2294 890 2747 1072 L
973 1171 4228 1376 l'honnête indigent qui languit dans la
647 1448 4046 1630 misère. Je vous préviens que je sors à
973 1697 4234 1835 l'instant de cette maison. Il m'en coûte
636 1951 4217 2139 d'abandonner votre grand'mère, à qui
962 2205 4217 2388 je suis tendrement attachée. Elle a donné
956 2465 4206 2653 le jour à un homme qui ne cessera ja-
934 2719 4264 2907 mais de m'être cher! Si votre digne père
962 2973 4264 3161 vivoit, il ne souffriroit pas les travers dans
956 3233 4046 3416 lesquels vous donnez. Pour moi, je ne
956 3484 4234 3681 veux plus être en butte aux sottises gros-
962 3753 4040 3941 sières et triviales de l'homme que je mé-
956 4001 4051 4189 prise le plus. Vous avez de l'esprit. Je
951 4256 4040 4449 n'ai rien négligé pour vous ſormer le
962 4515 4029 4654 cœur à la vertu. Faites vos réflexions:
956 4770 4234 4969 si elles sont dignes de l'éducation que
956 5079 4035 5239 vous avez reçue, vous retrouverez votre
636 5300 4029 5488 mère. Sans cela, je vous conseille de
945 5554 4029 5742 m'oublier. Tant que vous vous conduirez
707 5820 4082 6013 comme vous le faites, je ne veux pas en-
951 6063 4032 6267 tendre parler de vous...... Vous pouvez
956 6328 2039 6466 vous retirer....
