4266 8391
2322 934 2770 1120 n.
1071 1213 4201 1393 voix de son oncle se fit entendre; il crioit:
1060 1470 3966 1617 Victoire!..... victoire! ..... Noriss!....
1065 1726 4228 1907 victoire!..... Il se leva, en se frottant
1071 1983 4228 2180 les yeux, et demanda ce que c'étoit?
1065 2240 4185 2420 -- Je te dis, mon ami, que nous avons
1065 2491 4103 2682 remporté la victoire. -- De quoi, mon
1070 2747 4178 2927 oncle? -- Ta mère, ta française de mère,
1082 2999 4207 3185 est partie ce matin au point du jour pour
1059 3255 4244 3441 Vanstead. Je suis parvenu à t'en débar-
1071 3507 4201 3693 rasser. Goddam! quel beau coup! Tiens,
1087 3764 4108 3950 Noriss, voilà un billet de banque de cent
1081 4014 4222 4189 livres sterling. Amuse - toi, mon ami.
1082 4261 4196 4441 Quand il sera tems de faire une fin, je
1076 4513 4201 4709 te trouverai quelque lady. Ne t'inquiète
1081 4768 4206 4959 de rien... ais qu'as-tu? te voilà comme
1076 5021 4250 5212 un therme... Est-ce que tu regrettes cette...
1082 5277 4081 5458 -- Mais, monsieur, c'est ma mère....
1093 5529 4092 5714 -- Dont bien je suis fâché, mon ami;
1093 5785 4092 5971 mais le mal est fait. Nous en voilà quitte;
1098 6037 4108 6233 c'est beaucoup. Dors .... et compte sur
1098 6288 4207 6479 moi. Il s'en fut. Enneric se rejeta dans
