4266 8391
1343 993 1791 1176 i
70 1285 3098 1481 son lit. Il vouloit faire quelques ré-
75 1537 3102 1735 flexions; mais la ſatigue de la veille,
75 1790 3114 1982 l'excès du souper lui rendoient le som-
75 2048 2546 2186 meil nécessaire: il se rendormit.
234 2298 3103 2494 A peine éveillé, des plaisirs d'une autre
82 2555 3114 2746 espèce lui furent présentés. Entraîné dans
86 2806 3114 2996 un tourbillon continuel, il eut bientôt
86 3058 3118 3255 perdu de vue sa mère, et n'écrivoit plus
86 3320 2059 3458 à la malheureuse Zabeth.
250 3572 3103 3764 Pendant qu'il se livroit ainsi à toutes
103 3823 3124 4014 les ſolies qui peuvent égarer un jeune
108 4074 3119 4266 homme, mademoiselle de Saint-Silvain,
109 4331 3129 4524 enfermée dans sa chambre, languissoit
97 4587 3119 4775 dans l'ennui et la douleur; et son plus
104 4833 3119 5036 grand chagrin étoit d'être séparée de
103 5091 3130 5288 l'homme qu'elle aimoit tendrement, et
16 5341 3125 5540 pour qui seul elle existoit. Elle étoit loin
114 5593 3124 5790 de soupçonner les égaremens dans les-
125 5850 3135 6036 quels il étoit tombé! elle le supposoit
15 6095 3129 6294 toujours le tendre et bon Enneric,
114 6353 3140 6544 qui aimoit tant et sa mère et sa petite
