4266 8423
1063 1191 4091 1351 costa dans l'avenue. Il fut charmé de
1063 1449 4097 1642 voir cette bonne créature; elle étoit la
1063 1695 4228 1905 seule qui s'intéressât au sort de Zabeth.
1057 1947 4222 2145 Ah, mon bon monsieur! lui dit-elle,
1063 2205 4184 2404 en lui faisant une profonde révérence,
1063 2465 4183 2612 tout va bien mal! Notre maître ne veut
1068 2717 4190 2918 plus voir sa fille, à ce qu'on dit: moi,
1068 2972 4212 3175 je ne le crois pas; d'abord, il y a en-
1074 3225 4190 3428 core là-dessous quelque chose que je
1068 3482 4223 3683 vois pas bien clair. Tout ce que je sais,
1079 3738 4201 3934 c'est que je suis bien fâchée de tout ce
1079 3984 4223 4185 qui se passe: je ne puis chasser de mon
1085 4237 4211 4439 esprit ni feue ma maîtresse, ni sa sœur;
1085 4491 4250 4700 et le sort de leur chère enfant me grossit
1085 4754 4118 4940 le cœur à chaque fois que j'y songe.
1096 4986 4256 5205 Cateau en auroit dit bien plus long,
1090 5246 4135 5449 si Frédérique l'eût laissé continuer: il
1090 5498 4130 5711 lui demanda si elle pouvoit aller dans
1101 5755 4239 5918 la chambre de mademoiselle de Saint-
1096 6009 4130 6224 Silvain? -- Oh! non, dit-elle, personne
1096 6273 4129 6465 n'y peut entrer que la femme-de-chambre
257 8092 442 8222 -
