4266 8456
1255 941 1712 1129 e
33 1228 3011 1420 assembla le peu de forces qui lui restoit
28 1492 3033 1679 our demander s'il étoit vrai qu'elle eût
33 1745 3033 1938 erdu son père? -- Oui, ma bonne amie,
39 2009 3022 2191 i dit Dupuis en ricanant; et main-
44 2274 3028 2411 enant vous allez être la ſille du monde
39 2527 3022 2714 aplus heureuse, car j'ai signiſié que je
55 2786 3022 2973 oulois que vous vinssiez promener avec
61 3044 3028 3232 moi. Un pareil discours jeta mademoi-
55 3303 3022 3490 lle de Saint-Silvain dans le plus grand
61 3556 3022 3700 tonnement. Le ton familier de cet au-
66 3810 3028 3997 acieux jeune homme lui ſit croire qu'elle
61 4074 3028 4212 isoit un mauvais rêve. Elle se releva
66 4327 3039 4509 ur son séant, et fut très-étonnée du dé-
66 4586 3033 4768 ordre de sa toilette. Elle rajusta à la hâte
77 4845 3028 5032 on fichu; et, se retournant du côté de
77 5103 3039 5291 upuis, elle le considéra avec la plus
88 5357 3033 5494 rofonde attention. -- Comme vous me
23 5610 3033 5797 gardez! dit-il en ricanant. Vous êtes
17 5869 3033 6050 ien aise de me voir, n'est-ce pas? J'ai
99 6122 3033 6309 éjà dit que Zabeth allioit la douceur à
94 6381 3022 6562 fierté. -- Moi, bien aise de vous voir? ...
