4266 8391
1142 1196 4075 1388 si peu, lui dit-elle, que je vous prie d
1142 1448 4081 1644 sortir sur-le-champ de ma chambre.
1142 1704 4081 1885 vous trouve bien hardi d'y être venu....
1147 1956 4070 2142 Sortez, et ne me le faites pas dire deu
1147 2213 4086 2398 fois. Le dépit lui avoit rendu toutes se
1142 2464 4086 2644 forces. Elle se jeta à bas de son lit,
1142 2721 4081 2901 lui montroit la porte. -- Qu'est-ce qu
1153 2977 4092 3163 c'est donc, ma petite? lui dit Dupuis d'u
1153 3234 4097 3414 air insolent. Songez que vous êtes icie
1153 3485 4168 3671 mon pouvoir, et que, si quelqu'un avoit
1146 3736 4091 3911 sortir, ce seroit vous. Si l'on vous v garde
1158 3988 4092 4168 c'est parce que je le veux bien. Je vou
1147 4239 4152 4420 aime, et je veux faire votre bonheur.
1147 4496 4081 4682 prenez pas d'airs insolens; vous pourrie
1153 4753 4086 4933 vous en repentir: le parti de la douceu
1153 5004 4097 5184 est le seul qui vous reste. Elle ne putr
1158 5250 4097 5453 sister à tant d'andace, se jeta sur u
1158 5512 4086 5698 siége, et y fondit en larmes. -- Suis-
1153 5764 4174 5900 assez malheureuse!.... Plus de tante!..
1153 6015 4097 6206 plus de père!...... plus d'amis! ..... M
1158 6266 4092 6457 voilà donc au pouvoir de deux monstre
3933 6578 4092 6666 u
164 7959 874 8113 --
