4266 8285
1456 885 1904 1057 S.
54 1176 3199 1359 avoit de sa fenêtre en bas. Deux grands
173 1424 3193 1620 étages la firent trembler. Comment fran-
65 1672 3199 1812 chir cette distance?... Elle retomba sur
65 1921 3382 2125 un siége, et s'abandonna de nouveau à
1 2185 3182 2368 la plus amère douleur. L'horreur de sa
76 2438 3474 2637 destinée la faisoit frémir. Elle appela son
65 2692 3204 2875 Enneric à son secours; mais elle igno-
183 2940 3204 3129 roit que, livré à toutes les illusions du
11 3193 3209 3382 plaisir, il ne s'occupoit pas même de
32 3452 3215 3630 son sort. Si elle eût pu soupçonter un
32 3695 3215 3878 tel malheur, elle n'auroit pas trouvé sa
65 3954 1564 4137 fenêtre trop haute.
54 4202 3209 4385 A l'heure du repas, Dupuis lui apporta
59 4455 3215 4639 ce qu'il lui ſalloit. Elle ne jeta pas même
49 4704 3209 4887 les yeux sur lui. -- Regardez-moi donc,
17 4957 3220 5140 ma bonne amie; j'aime ces yeux.... et
49 5216 3220 5394 il hasarda de lui prendre la main. Zabeth
210 5464 3220 5653 fit un cri perçant, et l'autre tout effrayé
1 5718 3226 5901 se retira. Ma bonne amie! dit-elle quand
210 5971 3226 6101 il se fut retiré. Cet insolent!.... et cette
226 6205 3230 6396 autre femme.... quel ton elle prend avec
2368 6516 2611 6597 C
