4266 8391
212 212 851 305 -- -----
2354 901 2808 1086 a
1036 1187 4070 1375 la fille de son maître!... et je resterois
1032 1442 4069 1636 ici!... ah!... cela est impossible! ... Il
1026 1692 4217 1896 faut trouver les moyens d'en sortir, à tel
1037 1945 4168 2148 prix que ce soit! Je suis seule à la vérité,
1042 2206 4216 2382 et ne puis être secondée par personne.
1032 2454 4245 2651 Armons-nous de courage .... et soute-
1037 2705 4174 2866 nons avec fermeté le moment d'épreuve
1042 2963 4260 3169 où je me trouve.... Le desir de vous re-
1026 3209 4086 3406 joindre, mon cher Enneric, me donnera
1026 3465 4256 3670 les forces nécessaires pour tromper la vi-
839 3718 4185 3943 gilance de mes ennemis! J'irai rejoindre
1042 3982 4222 4132 votre respectable mère. Elle me recevra
1042 4224 4228 4431 dans son sein: elle aura pitié d'une pau-
892 4495 4241 4676 vre orpheline qui n'a plus qu'elle au
1042 4751 1879 4898 monde!....
1217 5001 4234 5199 Elle ne voulut prendre aucune nourri-
1048 5260 4245 5461 ture, et le soir on trouva le repas comme
1053 5522 4222 5686 on le lui avoit apporté. On en avertit
1037 5773 4069 5948 madame de Saint-Silvain, qui fut assez
988 6025 4222 6200 effravée de cette résolution. Elle savoit
977 6271 4222 6473 u'une jeune fille, qui a du caractère,
251 8119 417 8228 L
