4266 8423
33 1185 3219 1377 est capable de tout. Elle vouloit venir au
37 1452 3224 1633 but qu'elle s'étoit proposé; mais elle vit
44 1706 3219 1892 que la rigueur ne pouvoit avoir lieu. S'il
159 1963 3208 2095 arrivoit un malheur à mademtoiselle de
27 2221 3214 2402 Saint-Silvain, tout le monde en prendroit
49 2479 3203 2654 fait et cause, et lui demanderoit compte
22 2726 3208 2912 de la conduite qu'elle auroit eue avec
1 2971 3202 3165 elle. Elle n'ignoroit pas que tout le vil-
4 3229 3202 3416 lage la détestoit, autant qu'il chérissoit
33 3482 3214 3685 la fille d'une femme qui avoit été adorée,
49 3746 3203 3877 et dont le souvenir étoit encore cher aux
27 3992 3197 4194 habitans. Elle prit le parti de monter à
22 4256 3186 4437 sa chambre, et lui demanda, avec une
16 4513 3186 4700 douceur affectée, pourquoi elle avoit re-
33 4752 3192 4952 fusé de prendre les alimens qui lui
10 5022 3185 5163 avoient été apportés? Zabeth ne la re-
16 5276 3186 5462 garda ni ne lui répondit. Mais, made-
22 5534 3170 5709 moiselle, dit madame de Saint-Silvain,
115 5780 3175 5967 j'ignore les raisons qui vous portent à un
16 6044 3164 6225 excès aussi ridicule? ... -- J'ignore, moi,
115 6296 3170 6493 madame, quelles sont les raisons qui
