4266 8359
60 1165 3238 1350 Dupuis: il a vraiment des qualités. --
65 1420 3178 1622 Je ne veux pas les connoître. Je ne veux
71 1671 3162 1921 plus le voir: sa présence me fait hor-
16 1921 3173 2134 reur.... -- Voulez-vous vous retirer dans
10 2172 3227 2367 un couvent? -- Oui, madame. -- El
49 2427 3173 2623 bien, mademoiselle, sous quinze jours
33 2699 3167 2873 vous serez satisfaite. Elle sortit, et ne
54 2950 3173 3135 laissa pas à Zabeth le tems de lui deman-
1 3191 2944 3380 der pourquoi le terme de quinze jours.
38 3450 3167 3619 Madame de Saint-Silvain, forcée de
33 3706 3167 3886 dissimuler, vouloit prendre le tems de
21 3950 3166 4135 préparer un départ, et d'emmener Za-
11 4207 3173 4386 beth loin de ceux qui prenoient un intérêt
4 4462 3166 4641 pressant à ce qui la regardoit. Elle écrivit
1 4713 3162 4898 à cette fomme de Lyon, qui lui avoit
5 4958 3151 5137 servie de mère, lui donna ordre de louer
11 5214 3178 5393 une petite maison isolée dans les envi-
136 5469 3156 5654 rons de Lyon, et de ne pas perdre un
136 5725 2607 5905 moment pour suivre ses volontés.
278 5975 3178 6161 Pour Zabeth, plus tranquille en croyant
140 6230 3362 6421 que, lassé de sa fermeté, on la mettroit
3082 8001 3874 8108 -- -----
