4266 8429
1042 1185 4080 1366 au couvent, elle prit quelque nourriture,
1042 1437 4201 1623 et se coucha. A peine avoit-elle fermé
1037 1689 4206 1889 les yeux, qu'un léger bruit se fit enten-
1042 1941 4201 2139 dre à la porte. Elle prêta l'oreille, et
724 2199 4250 2386 demanda très-bas qui étoit là? -- C'est
1042 2457 4227 2638 moi, mademoiselle; c'est Cateau. Je
746 2709 4245 2896 me suis glissée dans le château, à la
1037 2972 4228 3153 brune, et me suis cachée, pour vous
1042 3225 4091 3406 parler un moment. -- O ma bonne mère!
1042 3477 4239 3663 dit Zabeth en se jetant à bas de son lit,
1041 3745 4233 3926 que vous êtes bonne!... Mais je ne puis
1042 3998 4245 4184 vous ouvrir; je suis enfermée. Quelles
1042 4256 4091 4393 nouvelles avez-vous à me donner?...
1031 4502 4097 4689 Avez-vous quelques lettres? passez-les
1037 4760 4091 4952 sous la porte. -- Non, doux Jésus! non,
1031 5013 4102 5204 je n'en ai pas, dit la vieille. M. Frédéri-
1036 5275 4090 5461 que n'en a pas reçues depuis long-tems.
1031 5528 4097 5720 Il me l'a dit en soupirant, avec un air
1031 5786 4097 5972 bien triste, qui m'a fendu le cœur. Mais
1020 6044 4080 6235 il m'a dit aussi que vous preniez patience,
1037 6307 4102 6499 et qu'il ne cesseroit jamais de s'intéresser
280 8070 1391 8253 --
