4266 8456
1035 1145 4233 1344 lui étoit plus aisé de le croire mort qu'in-
1034 1440 1712 1548 constant.
1107 1664 4255 1858 La bonne et compatissante Cateau ſut
1023 1922 4234 2115 se remettre dans sa cachette, et au point
1023 2184 4255 2366 du jour, elle fut regagner sa basse-cour,
1035 2439 4256 2632 avec beaucoup de précaution, pour que
1012 2696 4234 2906 personne ne la vît. Elle se rendit de
1007 2953 4239 3151 bonne heure chez M. de la Combe. Elle
1012 3210 4239 3407 conta à Frédérique la petite ruse qu'elle
1012 3465 4234 3663 avoit employée pour parler à sa jeune
1006 3723 4085 3915 maîtresse. Il lui demanda avec empres-
1012 3986 4249 4178 semont si elle lui avoit dit qu'il n'y avoit
1007 4243 4079 4451 point de lettres d'Angleterre. Mon Dieu,
1006 4492 4079 4691 oui, monsieur, dit Cateau. C'est la pre-
727 4761 4074 4958 mière chose que je lui ai dite. -- Et c'est
1012 5020 4078 5213 précisément ce qu'il falloit taire. Made-
995 5273 4074 5479 moiselle de Saint-Silvain est assez à plain-
995 5526 4056 5708 dre, sans aggraver sès maux. -- Ah dame!
995 5779 4062 5976 elle a bien pleuré, allez: ça fendoit le
990 6043 2571 6185 cœur de l'entendre.
1150 6297 4045 6497 Frédérique fut désolé de l'indiscrétion
