4266 8391
55 1202 3234 1360 de sa vieille connoissance. Il étoit alors
65 1469 3233 1654 deux heures du matin. On eut beaucoup
66 1721 3229 1907 de peine à se faire entendre. Enſin ma-
22 1978 3229 2163 dame Dupuis arriva, avec une chandelle
76 2223 3229 2428 à la main. Elle eut un peu de peine à re-
71 2464 3229 2661 mettre sa prétendue nièce. Celle-ci des-
55 2737 3218 2934 cendit de voiture, lui dit un mot à l'o-
49 2988 3283 3169 reille, et fit descendre Zabeth. On la ſit
70 3250 3299 3430 entrer dans une maison assez propre,
16 3502 3218 3734 grace aux bienfaits de madame de Saint-
60 3734 3256 3961 Silvain, qui avoit toujours eu soin d'une
55 3983 3212 4207 femme qui, maîtresse de ses secrets, pou-
60 4272 3207 4452 voit la perdre, mais dont l'intérêt avoit
55 4523 3207 4709 lié la langue. Quand on se fut débarrassé
22 4770 3201 4955 des valets, madame de Saint-Silvain de-
22 5016 3196 5217 manda à madame Dupuis si le couvent
38 5283 3190 5419 étoit bien? si Zabeth auroit à se louer du
27 5534 3180 5720 choix que l'on avoit ſait? -- Très-fort,
33 5780 3185 5988 en vérité, dit la vieille. Mais elle ne
11 6037 3190 6228 pourra y entrer que demain, et je n'ai
16 6288 3185 6479 rien ici de prêt pour vous garder jusqu'à
