4266 8423
2040 888 2808 1075 6.
1037 1185 4217 1371 de Saint-Silvain, de Zabeth et de Dupuis.
877 1442 4264 1629 Mais étoient-ils partis ensemble ou sé-
982 1700 4245 1908 parément? ... Voilà ce que l'on ignoroit.
1015 1952 4234 2139 Il mit des espions en campagne, et se
1026 2194 4228 2391 chargea lui - même de découvrir de son
1015 2457 4234 2661 côté le mystère qui enveloppoit la ſuite
1015 2709 4223 2852 de mademoiselle de Saint Silvain. Il se
697 2961 4217 3148 mit en route; et, de poste en poste, il
1009 3214 4190 3400 vint jusqu'à Paris. On lui avoit dit à
1004 3477 4212 3663 chaque endroit que deux femmes étoient
998 3740 4201 3941 passées en berline. Dupuis n'avoit donc
1004 3979 4234 4179 pas enlevé mademoiselle de Saint - Sil-
707 4245 4195 4437 vain?... Il demanda par-tout si la jeune
993 4498 4234 4689 personne avoit l'air affligée. On lui dit
997 4754 4200 4940 que non: qu'elle avoit l'air fort tran-
997 5006 4172 5214 quille. Ils n'y a plus de doute qu'elle
998 5265 4025 5407 n'eût suivi cette ſemme avec confiance.
993 5517 4184 5720 Mais où l'avoit-on mise? ... Etoit-ce au
993 5780 4179 5977 couvent?... Frédérique se faisoit toutes
992 6037 4244 6229 ces quéstions, et ne pouvoit rien appro-
987 6285 4173 6493 fondir. Arrivé à la capitale, il perdit to-
