4266 8391
787 1180 4207 1360 suivre ses recherches. Qu'un hasard heu-
1065 1437 4081 1617 reux les mettroit peut-être à même de
1065 1688 4070 1819 découvrir mademoiselle de Saint-Silvain.
1060 1945 4264 2131 Frédérique accepta la proposition de son
1054 2196 4168 2382 père, et se détermina à ne rien négliger
1043 2442 4212 2628 pour acquérir les lumières nécessaires sur
1054 2699 4168 2879 le sort d'une femme à laquelle il prenoit
1054 2937 4086 3141 le plus pressant intérêt. Laissons - le à
940 3185 4245 3393 cette intéressante occupation, et retour-
1033 3453 3469 3638 nons près de l'infortunée Zabeth.
1180 3709 4059 3895 Le lecteur se rappelle sans doute qu'elle
1049 3966 4190 4152 avoit perdu connoissance en entrant dans
1038 4223 4179 4354 la maison où madame de Saint-Silvain
1038 4480 4217 4660 l'avoit menée; et à peine eut-elle recou-
1033 4742 4245 4939 vré ses sens, on la laissa seule dans sa
1043 4988 1726 5119 chambre.
1207 5239 4179 5419 En se retirant, la vieille Dupuis avoit
852 5469 4212 5682 fermé la porte à double tour. Zabeth, qui
1027 5747 4256 5927 entendit cela, jeta un cri de douleur.
923 6004 4201 6179 Ah, ciel! dit-elle, me voilà encore dans
1027 6255 4207 6441 une prison? Et dans quelle maison suis-je?
