4266 8423
3450 252 4001 324 - -- --
1431 927 1881 1113 .
11 1223 3170 1404 t qui veut bien vous faire l'honneur de
27 1481 3170 1667 vous prendre pour sa femme, on vous
27 1738 3170 1919 rendra votre liberté: alors vous jouirez de
16 1996 3170 2193 tous les plaisirs que l'on aime à votre
33 2238 3422 2501 ge: mais jusqu'à ce moment on vous
21 2511 3169 2731 gardera de près. Elle n'eut pas fini,
15 2751 3174 2949 qu'elle s'en alla, en fermant la porte à
44 3027 1113 3222 louble tour.
49 3280 3175 3483 Zabeth jeta un œil égaré autour d'elle;
38 3537 3181 3744 et ses esprits, frappés d'horreur, ne pou-
11 3790 3186 3982 voient revenir: insensiblement ils repri-
33 4058 3186 4190 rent leur cours ordinaire. Elle ne douta
33 4286 3181 4502 plus que ce ne fût de Dupuis dont il étoit
26 4563 3196 4754 question. On imagine, dit-elle, m'ame-
5 4821 3197 4958 ner à donner la main à ce monstre à
27 5056 3197 5210 force de me rendre victime! Je ne t'ai-
38 5325 3197 5512 merois pas, Enneric, que jamais je ne
22 5588 3192 5714 m'unirois à cet homme-là! La mort.....
44 5830 3203 6022 oui, la mort... c'est le seul parti qui me
25 6076 3203 6274 reste... et le seul que je prendrai. Si ja-
26 6339 3202 6520 mais tu anprends le sort de Zabeth, tu
