4266 8456
77 1250 3138 1453 cris perçans. La vieille, avec l'air de l'eſ-
83 1508 3149 1701 froi, vint à elle les poings fermés. -- Mort
83 1773 3155 1960 de ma vie! voulez-vous vous taire, péron-
22 2031 3117 2219 nelle, ou vous aurez affaire à moi!....
87 2295 3154 2465 Zabeth courut vers la table; et, v ore-
88 2543 3166 2725 nant un couteau, elle dit à la vieille Du-
17 2813 3193 3006 puis, avec une véhémence à laquelle on
22 3066 3166 3254 ne s'attendoit pas d'une fille si jeune:
54 3324 3176 3511 ſuez-moi, infame bourreau.... mais ne
105 3590 3182 3782 croyez pas m'en imposer! Non, je n'é-
54 3847 3181 4029 pouserai jamais ce monstre que j'abhorre,
11 4109 3193 4294 dit-elle en montrant Dupuis: je mourrai
61 4366 3193 4558 plutôt.... Mais j'ai des amis; et ils sau-
61 4625 3199 4812 ront vous faire rendre compte de l'horri-
61 4878 3204 5090 ble persécution que vous exercez contre
55 5131 3210 5324 moi..... Et de quel droit me garde-t-on
66 5395 3210 5582 ici? Tremblez, vieille mandite; vous
65 5653 3214 5851 payerez cher l'affreux rôle que vous avez
66 5918 3221 6163 pris... Et, quand je n'aurois pas d'amis,
1 6177 3226 6364 quels sont les êtres qui pourroient voir
39 6430 3237 6595 avec indifférence une malheureuse en
407 6722 578 6799 II.
