4266 8423
2397 965 2852 1146 Lae.
1108 1256 4261 1442 toutes les bontés que sa tante avoit eues
1091 1514 4250 1700 pour elle. Oh! comme son cœur étoit
943 1766 4135 1972 brisé, quand elle pensoit que la mort lui
1086 2013 4256 2188 avoit enlevé une mère si tendre, une si
1080 2270 4245 2451 bonne amie! Et vous, Enneric, qu'êtes-
1069 2523 4245 2709 vous devenu? .... Par quel hasard Frédé-
1064 2775 4239 2967 rique n'avoit-il plus de vos nouvelles?...
927 3033 4250 3219 Le jour parut, qu'elle n'avoit pas pris une
1058 3290 4239 3477 minute de repos. Elle se leva de bonne
1053 3543 4223 3729 heure, et fut se fixer près de sa fenêtre.
1047 3806 4102 3992 A peine y avoit-il une demi-heure qu'elle
1047 4058 4223 4250 y étoit, que l'on vint pour ouvrir sa porte.
1042 4311 4239 4497 La table qui étoit derrière opposoit une
1037 4568 4256 4749 résistance à laquelle on ne s'attendoit
1031 4821 4091 5013 pas. La voix de la vieille Dupuis se fit
1031 5078 4239 5248 ontendre. Elle demanda à Zabeth de la
898 5330 4233 5516 laisser entrer: u'elle lui diroit quelque
1026 5588 4212 5775 chose qui lui feroit plaisir. Celle-ci avoit
1026 5841 4228 6033 grande envie de n'en rien faire; mais,
1015 6077 4223 6285 par réſlexion, elle fut retirer la table, et
1004 6351 4064 6543 revint à sa place. La Dupuis entra, prit
