<PcGts xmlns="http://schema.primaresearch.org/PAGE/gts/pagecontent/2017-07-15" xmlns:xsi="http://www.w3.org/2001/XMLSchema-instance" xsi:schemaLocation="http://schema.primaresearch.org/PAGE/gts/pagecontent/2017-07-15 http://schema.primaresearch.org/PAGE/gts/pagecontent/2017-07-15/pagecontent.xsd"><Metadata><Creator>User123</Creator><Created>2020-10-13T21:44:37</Created><LastChange>2020-10-13T21:44:37</LastChange></Metadata><Page imageFilename="0077.png" imageHeight="8533" imageWidth="4266"><TextRegion id="r0" type="paragraph" orientation="-0.0"><Coords points="1,1 4264,1 4264,8531 1,8531"/><TextLine id="r0_l001"><Coords points="1472,1000 1928,1000 1928,1189 1472,1189"/><TextEquiv index="1"><Unicode>H.</Unicode></TextEquiv></TextLine><TextLine id="r0_l002"><Coords points="17,1294 3239,1294 3239,1478 17,1478"/><TextEquiv index="1"><Unicode>une chaise, et se mit à côté d'elle. Elle</Unicode></TextEquiv></TextLine><TextLine id="r0_l003"><Coords points="17,1561 3233,1561 3233,1750 17,1750"/><TextEquiv index="1"><Unicode>voulut lui prendre la main: Zabeth la</Unicode></TextEquiv></TextLine><TextLine id="r0_l004"><Coords points="28,1822 3239,1822 3239,2006 28,2006"/><TextEquiv index="1"><Unicode>retira avec dédain. -- La, la, mademoi-</Unicode></TextEquiv></TextLine><TextLine id="r0_l005"><Coords points="28,2083 3233,2083 3233,2291 28,2291"/><TextEquiv index="1"><Unicode>selle! dit cette femme, vous êtes farou-</Unicode></TextEquiv></TextLine><TextLine id="r0_l006"><Coords points="33,2344 3233,2344 3233,2533 33,2533"/><TextEquiv index="1"><Unicode>che comme un ours: on ne peut ni vous</Unicode></TextEquiv></TextLine><TextLine id="r0_l007"><Coords points="28,2606 3228,2606 3228,2797 28,2797"/><TextEquiv index="1"><Unicode>parler, ni vous toucher. Vous prenez un</Unicode></TextEquiv></TextLine><TextLine id="r0_l008"><Coords points="33,2867 3222,2867 3222,3061 33,3061"/><TextEquiv index="1"><Unicode>mauvais parti, je vous en préviens. Rien</Unicode></TextEquiv></TextLine><TextLine id="r0_l009"><Coords points="44,3133 3217,3133 3217,3328 44,3328"/><TextEquiv index="1"><Unicode>ne fera changer madame de Saint-Silvain.</Unicode></TextEquiv></TextLine><TextLine id="r0_l010"><Coords points="183,3456 182,3456 182,3444 182,3443 128,3443 127,3443 127,3414 127,3413 17,3413 16,3413 16,3410 16,3409 15,3409 14,3408 11,3408 10,3408 10,3406 11,3405 16,3405 16,3405 16,3400 17,3399 38,3399 38,3399 38,3394 39,3393 43,3393 43,3393 43,3389 44,3388 46,3388 46,3388 46,3378 47,3377 47,3378 47,3388 48,3389 48,3393 49,3393 160,3393 160,3394 160,3399 161,3399 310,3399 310,3400 310,3405 311,3405 316,3405 316,3406 316,3421 317,3421 321,3421 321,3422 321,3447 321,3447 320,3447 319,3448 317,3448 316,3448 316,3444 316,3443 200,3443 199,3444 199,3455 199,3455 196,3455 195,3456"/><TextEquiv index="1"><Unicode></Unicode></TextEquiv></TextLine><TextLine id="r0_l011"><Coords points="46,3601 46,3599 46,3598 44,3598 43,3598 43,3528 43,3527 39,3527 38,3527 38,3522 38,3511 39,3510 46,3510 46,3510 46,3506 47,3505 177,3505 177,3505 177,3473 178,3472 182,3472 182,3472 182,3457 183,3456 195,3456 196,3455 316,3455 316,3455 316,3449 317,3448 319,3448 320,3447 360,3447 360,3447 360,3433 361,3432 366,3432 366,3432 366,3428 367,3427 988,3427 988,3427 988,3400 989,3399 1016,3399 1016,3400 1016,3449 1017,3449 2021,3449 2021,3449 2021,3400 2022,3399 2193,3399 2193,3399 2193,3394 2194,3393 2632,3393 2632,3394 2632,3399 2633,3399 2710,3399 2710,3400 2710,3405 2711,3405 2716,3405 2716,3406 2716,3443 2717,3443 3221,3443 3221,3444 3221,3449 3222,3449 3227,3449 3227,3450 3227,3466 3227,3466 3222,3466 3221,3467 3221,3471 3221,3471 3211,3471 3210,3472 3210,3516 3210,3516 3206,3516 3205,3517 3205,3521 3205,3521 3128,3521 3127,3522 3127,3527 3127,3527 2789,3527 2788,3528 2788,3571 2788,3571 2783,3571 2782,3572 2782,3577 2782,3577 2272,3577 2271,3578 2271,3582 2271,3582 2267,3582 2266,3582 2266,3578 2266,3577 2244,3577 2243,3577 2243,3572 2243,3571 2239,3571 2238,3571 2238,3567 2238,3566 2233,3566 2232,3566 2232,3533 2232,3532 1978,3532 1977,3532 1977,3528 1977,3527 1333,3527 1332,3528 1332,3532 1332,3532 1161,3532 1160,3532 1160,3528 1160,3527 49,3527 48,3528 48,3560 47,3561 47,3601 47,3601"/><TextEquiv index="1"><Unicode>ot ou tard vous serez obligée d'épouser</Unicode></TextEquiv></TextLine><TextLine id="r0_l012"><Coords points="378,3838 377,3838 377,3833 377,3832 372,3832 371,3832 371,3789 371,3788 44,3788 43,3788 43,3783 43,3782 39,3782 38,3782 38,3678 38,3677 22,3677 21,3677 21,3667 22,3666 38,3666 38,3666 38,3661 39,3660 43,3660 43,3660 43,3656 44,3655 2981,3655 2981,3656 2981,3660 2982,3660 2988,3660 2988,3661 2988,3671 2989,3671 2993,3671 2993,3672 2993,3682 2994,3682 3471,3682 3471,3683 3471,3688 3471,3688 3461,3688 3460,3689 3460,3693 3460,3693 3456,3693 3455,3694 3455,3699 3455,3699 3228,3699 3227,3700 3227,3721 3227,3721 3222,3721 3221,3722 3221,3732 3221,3732 3206,3732 3205,3733 3205,3777 3205,3777 3200,3777 3199,3778 3199,3782 3199,3782 2817,3782 2816,3783 2816,3796 2816,3796 2250,3796 2249,3797 2249,3810 2250,3810 3516,3810 3516,3811 3516,3816 3517,3816 3521,3816 3521,3817 3521,3822 3522,3822 3526,3822 3527,3824 3527,3827 3527,3827 2250,3827 2249,3828 2249,3838 2249,3838"/><TextEquiv index="1"><Unicode>Dupuis. Eh! pourquoi ne pas s'y prêter</Unicode></TextEquiv></TextLine><TextLine id="r0_l013"><Coords points="22,3898 3222,3898 3222,4100 22,4100"/><TextEquiv index="1"><Unicode>de bonne grâce, plutôt que de forcer les</Unicode></TextEquiv></TextLine><TextLine id="r0_l014"><Coords points="17,4167 3298,4167 3298,4361 17,4361"/><TextEquiv index="1"><Unicode>gens à employer la rigueur? -- Je ne la</Unicode></TextEquiv></TextLine><TextLine id="r0_l015"><Coords points="22,4422 3217,4422 3217,4611 22,4611"/><TextEquiv index="1"><Unicode>crains pas, dit Zabeth, et je déſie à l'u-</Unicode></TextEquiv></TextLine><TextLine id="r0_l016"><Coords points="33,4683 3217,4683 3217,4867 33,4867"/><TextEquiv index="1"><Unicode>nivers de me faire faire quelque chose</Unicode></TextEquiv></TextLine><TextLine id="r0_l017"><Coords points="22,4944 3394,4944 3394,5133 22,5133"/><TextEquiv index="1"><Unicode>contre mon gré... Je sais que je suis ici</Unicode></TextEquiv></TextLine><TextLine id="r0_l018"><Coords points="17,5194 3206,5194 3206,5383 17,5383"/><TextEquiv index="1"><Unicode>en son pouvoir. Je vois le sort que l'on</Unicode></TextEquiv></TextLine><TextLine id="r0_l019"><Coords points="650,5638 649,5637 406,5637 405,5637 405,5589 405,5588 132,5588 131,5588 131,5583 131,5582 44,5582 43,5582 43,5578 43,5577 33,5577 32,5577 32,5551 33,5550 38,5550 38,5550 38,5519 39,5518 40,5518 40,5518 40,5517 41,5516 43,5516 43,5516 43,5511 44,5510 180,5510 180,5510 180,5507 180,5506 1,5506 1,5506 1,5505 605,5505 605,5505 605,5461 606,5460 1338,5460 1338,5460 1338,5456 1339,5455 1745,5455 1745,5455 1745,5451 1747,5449 1755,5449 1755,5450 1755,5455 1756,5455 2721,5455 2721,5455 2721,5450 2722,5449 2927,5449 2927,5450 2927,5455 2928,5455 3132,5455 3132,5456 3132,5482 3133,5482 3188,5482 3188,5483 3188,5505 3189,5505 3210,5505 3210,5506 3210,5555 3211,5555 3216,5555 3216,5556 3216,5560 3216,5560 3211,5560 3210,5561 3210,5566 3210,5566 3206,5566 3205,5567 3205,5571 3205,5571 3200,5571 3199,5572 3199,5577 3199,5577 3194,5577 3193,5578 3193,5582 3193,5582 2506,5582 2505,5583 2505,5588 2505,5588 694,5588 693,5589 693,5638 693,5638"/><TextEquiv index="1"><Unicode>me prépare.... Je le braverai. Je l'ai dit</Unicode></TextEquiv></TextLine><TextLine id="r0_l020"><Coords points="39,5717 3200,5717 3200,5906 39,5906"/><TextEquiv index="1"><Unicode>à cette femme abominable: j'aimerois</Unicode></TextEquiv></TextLine><TextLine id="r0_l021"><Coords points="1,5983 3194,5983 3194,6167 1,6167"/><TextEquiv index="1"><Unicode>mieux mourir, que d'épouser son neveu.</Unicode></TextEquiv></TextLine><TextLine id="r0_l022"><Coords points="11,6233 3200,6233 3200,6422 11,6422"/><TextEquiv index="1"><Unicode>Elle et tout ce qui lui appartient m'est</Unicode></TextEquiv></TextLine><TextLine id="r0_l023"><Coords points="1,6489 3322,6489 3322,6678 1,6678"/><TextEquiv index="1"><Unicode>odieux!.... -- Mais si on vous y forçoit,</Unicode></TextEquiv></TextLine></TextRegion></Page></PcGts>