4266 8489
1026 1225 4047 1446 en vous laissant manquer de tout? o
1028 1491 4156 1709 bien si, le pistolet sur la gorge, on vou
1020 1738 4145 1918 arrachoit cet aveu?... -- On ne me l'ar
3940 1999 4134 2071 L
860 2021 4133 2215 racheroit pas .... On peut me tuer....
1032 2255 4145 2476 crime vous manque: vous pouvez le com
1038 2505 4140 2730 mettre quand vous voudrez... Je sais que
999 2768 4140 2980 je serai vengée; et c'est une consolatior
1043 3033 4144 3238 que j'emporterois en mourant. Mes ami
1044 3285 4145 3506 veillent, je vous l'ai dit. Ma position es
1037 3533 4149 3763 affreuse... la vôtre sous peu sera pent-être
1037 3797 4156 4017 plus terrible! .... La Dupuis fut troublé.
1049 4045 4201 4285 du ton ferme avec lequel Zabeth lui par-
1043 4300 4179 4527 loit. Elle n'étoit pas sans crainte: d'ur
1038 4585 4205 4769 moment à l'autre tout pouvoit se décou-
1044 4839 4194 5028 vrir. Elle voulut balbutier quelques mots;
1043 5075 4222 5260 mais mademoiselle de Saint - Silvain ne
860 5334 4184 5558 lui en laissa pas le tems: Allez... allez...
850 5529 4200 5840 lui dit-elle, débarrassez-moi de votre pré-
1055 5857 4251 6099 sence: allez dire à mes persécuteurs que
1054 6108 4145 6357 je ne les crains nullement. Le pire qu'ils
1060 6393 4244 6587 puissent faire, c'est de me donner la
