4266 8533
1067 1167 4128 1356 Elle sentit ses forces prêtes à l'abandor
1039 1428 4056 1617 ner, en remarquant sur son visage l
1067 1678 4064 1872 traces d'une fureur concentrée. Il s'a
1043 1932 4077 2127 procha, prit un siége, et la regardoit
1050 2200 4139 2394 ſace. Ses gros yeux noirs la contemploim
1056 2444 4206 2644 avec colère. Après un moment de silence
1000 2711 4072 2900 il lui dit avec une voix étouffée par l
1072 2961 4150 3161 fureur: C'est donc vous, fille ingrate
1083 3222 4167 3422 qui préférez la mort, plutôt que de de
1049 3488 4143 3682 venir ma femme? Aporenez que je vou
1060 3738 4199 3938 aime, et que je veux vous posséder: an
1050 4006 4194 4194 prenez aussi que j'y employerai la force
1050 4261 4217 4450 si je ne puis faire autrement .... Votr
928 4517 4172 4728 résistance a changé mon caractère:
1078 4751 4133 4967 me sens capable de tout. Je n'ai suivi
1056 5028 4250 5247 jusqu'à présent, que la volonté de ma-
1050 5283 4244 5500 dame de Saint - Silvain; mais aujour-
1044 5544 4166 5761 d'hui c'est la mienne; et elle change
944 5800 4217 6022 roit d'avis, que je n'en changerois pas.
1050 6061 4228 6278 Je vous aurai de force ou de gré. Je ne
872 6322 4261 6539 vous donne que huit jours pour faire vos
