4266 8489
1231 203 3945 307 -
1420 846 1879 1061 i
11 1172 3222 1354 réſlexions. Si, dans ce tems, vous n'avez
16 1430 3216 1624 pas pris un parti qui me soit favorable,
6 1691 3222 1879 tremblez.... Il se retira après ces paroles,
17 1951 3206 2139 en jetant sur Zabeth des regards terribles.
10 2215 3221 2403 Elle n'avoit pas répondu un mot, et
1 2475 3216 2652 n'avoit opposé à cette bouillante sortie,
1 2729 3221 2928 que l'air du mépris. Jamais elle n'avoit
1 2996 3228 3189 entendu Dupuis parler si long - tems
11 3255 3222 3454 de suite. Elle ne l'avoit vu que rica-
44 3510 3222 3703 ner d'un air bête. Sa figure avoit tou-
11 3769 3211 3952 jours eu l'air méchante; mais, animée
49 4022 3221 4210 par la passion, elle étoit devenue ef-
17 4283 3222 4477 frayante; et l'amour qu'il avoit conçu
27 4542 3409 4752 pour mademoiselle de Saint - Silvain
49 4798 3221 4990 avoit pris le caractère de son ame: c'étoit
43 5062 3125 5259 un amour effréné et sans délicatesse.
22 5260 3217 5499 Elle resta absorbée dans les réflexions,
6 5555 3536 5778 et l'arrivée de la vieille Dupuis, qui lui
16 5835 3227 6023 apportoit à souper, la fit revenir à elle-
6 6088 3217 6295 même. Eh bien, lui dit cette femme,
11 6343 3222 6549 comment trouvez-vous notre garçon? Il
