4266 8634
2412 838 2889 1023 Sa.
1051 1124 4177 1315 ne badine pas, oui!... C'est qu'il le ſure
1057 1383 4233 1535 comme il vous l'a dit.... Dame! c'ost ui
1057 1647 4239 1844 gaillard!.... Zabeth ne daigna pas lui
1051 1917 1793 2108 répondre.
1231 2170 4250 2361 Plusieurs jours s'écoulèrent, et la
1051 2423 4255 2620 vieille Dupuis avoit paru seule dans sa
1051 2687 4177 2878 chambre, pour lui donner ce qu'il lui
1040 2943 4182 3148 falloit. Le septième au soir, elle la pré-
1040 3215 4244 3407 vint que les huit jours expiroient le len-
1033 3473 4170 3675 demain, et que Dupuis se préparoit à
1029 3744 4244 3935 venir savoir à quoi elle s'étoit déterminée.
1034 4002 4177 4194 -- Hélas! lui dit Zabeth, il peut s'éviter
1034 4267 4171 4458 la poine de venir chercher ma réponse:
1034 4531 4165 4735 elle sera toujours la même. Il me don-
1029 4784 4216 4981 neroit un siècle, qu'au bout de ce tems
1029 5042 4216 5239 je lui dirois encore que je le déteste. Le
1034 5301 4216 5498 lendemain, Dupuis entra dans sa cham-
1023 5565 4222 5751 bre, et d'une voix forte, il lui domanda
1034 5829 4222 6021 à quoi elle s'étoit déterminée? -- A mou-
1029 6094 4222 6285 rir, monsieur, lui dit-elle; ne me de-
1023 6352 4220 6566 mandez pas autre chose. -- Eh bien, tu
