4266 8533
56 1079 3256 1294 mourras .... et il sortit avec précipitation.
56 1344 3267 1544 La Dupuis lui apporta à manger, et se
61 1600 3267 1794 retira sans dire un mot. Elle ne vit per-
50 1861 3278 2050 sonne de la journée, et un instinêt se-
1 2110 3261 2311 cret la porta à ne pas se coucher.
39 2389 3267 2601 Elle resta près de sa fenêtre, où elle
33 2636 3267 2839 versa les larmes les plus amères. Elle
39 2917 3278 3111 s'attendoit à chaque instant à le voir
22 3172 3272 3375 entrer armé d'un pistolet. Elle pensoit à
32 3417 3277 3621 son cher Noriss, et son plus grand regret
49 3605 3271 3895 n'étoit pas de mourir, mais de ne pas le
17 3936 3272 4139 voir avant de quitter la vie. Elle étoit
44 4200 3272 4413 occupée de cette idée, quand elle enten-
6 4457 3261 4656 dit ouvrir sa porte très-doucement. On
33 4728 3267 4931 fut droit à son lit. Dupuis (car c'étoit lui-
33 4983 3261 5172 même) dit: Elle n'y est pas. Où est-elle
27 5243 3249 5441 donc? Il s'approcha du côté de la ſenêtre.
156 5506 3256 5694 Zabeth, à son approche, se mit à crier
22 5744 3256 5950 de toutes ses ſorces. Dupuis vouloit la
17 6013 3244 6206 faire taire. Il l'avoit prise dans ses bras;
150 6261 3228 6472 les cris de Zabeth augmentèrent. Elle se
