4266 8533
2283 750 2756 939 L.
983 1017 4228 1206 tenoit cramponnée aux barreaux. La peur
972 1278 4150 1417 lui donnoit la force de résister. Il ne
972 1533 4189 1733 pouvoit l'arracher de la fenêtre et lui
956 1800 4194 1948 boucher la bouche en même-tems. Les
978 2061 4178 2250 cris continuoient, quand on entendit
967 2322 4211 2517 frapper à la porte à coups redoublés. Elle
967 2583 4189 2772 espéra que l'on venoit à son secours, et
956 2844 4222 3006 cela lui redonna de nouvelles forces. Elle
972 3106 4258 3316 cria encore plus-fort. La Dupuis monta
956 3353 4239 3561 tout effrayée, et dit à Dupuis: Sortons
956 3639 4256 3822 vîte, ou nous sommes perdus.... Ils s'en
794 3894 4172 4100 allèrent, et l'enfermèrent dans sa cham-
956 4156 4145 4339 bre. Quand elle se vit seule, elle se re-
950 4417 4067 4606 mit à crier de nouveau, en demandant
944 4661 4072 4872 du secours. Dupuis rentroit un pistolet à
950 4933 4222 5128 la main, quand il entendit sur l'escalier
950 5194 4222 5394 plusieurs hommes qui arrivoient. Zabeth
944 5454 4172 5661 ne fit qu'un saut à la porte, et fut pour
939 5717 4228 5944 se jeter dans leurs bras. Elle tomba sans
944 5981 4174 6189 connoissance dans ceux du premier qui
928 6256 1811 6433 se présenta.
