<PcGts xmlns="http://schema.primaresearch.org/PAGE/gts/pagecontent/2017-07-15" xmlns:xsi="http://www.w3.org/2001/XMLSchema-instance" xsi:schemaLocation="http://schema.primaresearch.org/PAGE/gts/pagecontent/2017-07-15 http://schema.primaresearch.org/PAGE/gts/pagecontent/2017-07-15/pagecontent.xsd"><Metadata><Creator>User123</Creator><Created>2020-10-13T21:44:35</Created><LastChange>2020-10-13T21:44:35</LastChange></Metadata><Page imageFilename="0085.png" imageHeight="8456" imageWidth="4266"><TextRegion id="r0" type="paragraph" orientation="-0.0"><Coords points="1,1 4264,1 4264,8454 1,8454"/><TextLine id="r0_l001"><Coords points="1002,253 2516,253 2516,347 1002,347"/><TextEquiv index="1"><Unicode></Unicode></TextEquiv></TextLine><TextLine id="r0_l002"><Coords points="1437,760 1894,760 1894,941 1437,941"/><TextEquiv index="1"><Unicode></Unicode></TextEquiv></TextLine><TextLine id="r0_l003"><Coords points="413,1243 412,1243 412,1239 412,1238 396,1238 395,1238 395,1233 395,1232 391,1232 390,1232 390,1230 390,1229 72,1229 71,1229 71,1222 71,1221 66,1221 65,1221 65,1129 65,1128 19,1128 18,1127 17,1127 16,1127 16,1120 17,1119 65,1119 65,1119 65,1077 66,1076 351,1076 351,1076 351,1074 352,1073 357,1073 357,1073 357,1068 358,1067 786,1067 786,1067 786,1063 787,1062 1843,1062 1843,1063 1843,1067 1844,1067 2900,1067 2900,1068 2900,1073 2901,1073 2906,1073 2906,1074 2906,1111 2907,1111 3181,1111 3181,1112 3181,1117 3182,1117 3192,1117 3192,1118 3192,1122 3193,1122 3198,1122 3198,1123 3198,1128 3199,1128 3203,1128 3203,1129 3203,1144 3204,1144 3209,1144 3209,1145 3209,1151 3209,1151 3204,1151 3203,1152 3203,1177 3203,1177 3199,1177 3198,1178 3198,1183 3198,1183 3193,1183 3192,1184 3192,1188 3192,1188 3188,1188 3187,1189 3187,1194 3187,1194 3171,1194 3170,1195 3170,1199 3170,1199 2896,1199 2895,1200 2895,1205 2895,1205 2626,1205 2625,1206 2625,1221 2625,1221 2621,1221 2620,1222 2620,1227 2620,1227 2615,1227 2614,1228 2614,1238 2614,1238 2610,1238 2609,1239 2609,1243 2609,1243"/><TextEquiv index="1"><Unicode>Quand elle eut repris ses sens, elle se</Unicode></TextEquiv></TextLine><TextLine id="r0_l004"><Coords points="2896,1513 2895,1513 2895,1508 2895,1507 2626,1507 2625,1507 2625,1503 2625,1502 2621,1502 2620,1502 2620,1459 2620,1458 2312,1458 2311,1458 2311,1453 2311,1452 297,1452 296,1453 296,1458 296,1458 72,1458 71,1458 71,1448 71,1447 66,1447 65,1447 65,1398 65,1397 22,1397 21,1397 21,1387 22,1386 27,1386 27,1386 27,1382 28,1381 65,1381 65,1381 65,1331 66,1330 737,1330 737,1330 737,1327 738,1326 770,1326 770,1327 770,1359 771,1359 1601,1359 1601,1359 1601,1327 1602,1326 1618,1326 1618,1326 1618,1321 1619,1320 1959,1320 1959,1321 1959,1326 1960,1326 1970,1326 1970,1327 1970,1331 1971,1331 2449,1331 2449,1332 2449,1337 2450,1337 2454,1337 2454,1338 2454,1348 2455,1348 2867,1348 2867,1349 2867,1381 2868,1381 3071,1381 3071,1382 3071,1386 3072,1386 3088,1386 3088,1387 3088,1397 3089,1397 3093,1397 3093,1398 3093,1414 3093,1414 3083,1414 3082,1415 3082,1419 3083,1419 3181,1419 3181,1420 3181,1425 3182,1425 3187,1425 3187,1426 3187,1430 3188,1430 3192,1430 3192,1431 3192,1436 3193,1436 3198,1436 3198,1437 3198,1458 3198,1458 3193,1458 3192,1459 3192,1463 3192,1463 3188,1463 3187,1464 3187,1474 3187,1474 3182,1474 3181,1475 3181,1485 3181,1485 3177,1485 3176,1486 3176,1491 3176,1491 3171,1491 3170,1492 3170,1496 3170,1496 2918,1496 2917,1497 2917,1507 2917,1507 2912,1507 2911,1508 2911,1513 2911,1513"/><TextEquiv index="1"><Unicode>trouva dans une chambre très-propre,</Unicode></TextEquiv></TextLine><TextLine id="r0_l005"><Coords points="72,1569 3193,1569 3193,1767 72,1767"/><TextEquiv index="1"><Unicode>et sur un lit, entourée de différentes per-</Unicode></TextEquiv></TextLine><TextLine id="r0_l006"><Coords points="17,1833 3193,1833 3193,2026 17,2026"/><TextEquiv index="1"><Unicode>sonnes, qui toutes s'empressoient auprès</Unicode></TextEquiv></TextLine><TextLine id="r0_l007"><Coords points="39,2092 3199,2092 3199,2301 39,2301"/><TextEquiv index="1"><Unicode>d'elle. Elle promena long-tems ses re-</Unicode></TextEquiv></TextLine><TextLine id="r0_l008"><Coords points="28,2356 3182,2356 3182,2590 28,2590"/><TextEquiv index="1"><Unicode>gards, sans pouvoir se rappeler l'événe-</Unicode></TextEquiv></TextLine><TextLine id="r0_l009"><Coords points="44,2604 3199,2604 3199,2812 44,2812"/><TextEquiv index="1"><Unicode>ment qui lui étoit arrivé. Une femmo</Unicode></TextEquiv></TextLine><TextLine id="r0_l010"><Coords points="8,2868 3182,2868 3182,3055 8,3055"/><TextEquiv index="1"><Unicode>d'une trentaine d'années, dont la figure</Unicode></TextEquiv></TextLine><TextLine id="r0_l011"><Coords points="1982,3313 1981,3313 1981,3309 1981,3308 1976,3308 1975,3308 1975,3265 1975,3264 457,3264 456,3264 456,3259 456,3258 380,3258 154,3258 153,3259 153,3313 153,3313 116,3313 115,3313 115,3254 115,3253 72,3253 71,3253 71,3221 71,3220 33,3220 32,3220 32,3215 33,3214 38,3214 38,3214 38,3149 39,3148 71,3148 71,3148 71,3121 72,3120 74,3120 74,3120 74,3119 75,3118 75,3119 75,3121 76,3122 76,3214 77,3214 115,3214 115,3214 115,3188 116,3187 159,3187 159,3187 159,3182 160,3181 307,3181 307,3181 307,3155 308,3154 313,3154 313,3154 313,3138 314,3137 329,3137 329,3138 329,3181 330,3181 709,3181 709,3181 709,3133 710,3132 847,3132 847,3132 847,3127 848,3126 852,3126 852,3127 852,3181 853,3181 1458,3181 1458,3181 1458,3177 1459,3176 1463,3176 1463,3176 1463,3160 1464,3159 1469,3159 1469,3159 1469,3149 1470,3148 1474,3148 1474,3148 1474,3138 1475,3137 1485,3137 1485,3137 1485,3133 1486,3132 1513,3132 1513,3133 1513,3137 1514,3137 1518,3137 1518,3138 1518,3143 1519,3143 1524,3143 1524,3144 1524,3187 1525,3187 1898,3187 1898,3187 1898,3182 1899,3181 1904,3181 1904,3182 1904,3187 1905,3187 1909,3187 1909,3188 1909,3192 1910,3192 1915,3192 1915,3193 1915,3231 1916,3231 2185,3231 2185,3231 2185,3138 2186,3137 2361,3137 2361,3137 2361,3133 2362,3132 2559,3132 2559,3133 2559,3137 2560,3137 2565,3137 2565,3138 2565,3181 2566,3181 3032,3181 3032,3181 3032,3127 3033,3126 3065,3126 3065,3127 3065,3132 3066,3132 3071,3132 3071,3133 3071,3159 3072,3159 3077,3159 3077,3160 3077,3181 3078,3181 3148,3181 3148,3182 3148,3187 3149,3187 3154,3187 3154,3188 3154,3236 3155,3236 3165,3236 3165,3237 3165,3242 3166,3242 3170,3242 3170,3243 3170,3258 3170,3258 2378,3258 2377,3259 2377,3264 2377,3264 2015,3264 2014,3265 2014,3269 2014,3269 2009,3269 2008,3270 2008,3286 2008,3286 2004,3286 2003,3287 2003,3297 2003,3297 1998,3297 1997,3298 1997,3302 1997,3302 1993,3302 1992,3303 1992,3308 1992,3308 1987,3308 1986,3309 1986,3313 1986,3313"/><TextEquiv index="1"><Unicode>prévenoit en sa faveur, lui demanda</Unicode></TextEquiv></TextLine><TextLine id="r0_l012"><Coords points="72,3599 71,3599 71,3496 71,3495 44,3495 43,3495 43,3490 43,3489 39,3489 38,3489 38,3485 38,3484 33,3484 32,3484 32,3419 33,3418 71,3418 71,3418 71,3382 72,3381 77,3381 77,3382 77,3445 78,3445 236,3445 236,3446 236,3451 237,3451 489,3451 489,3451 489,3446 490,3445 512,3445 512,3445 512,3376 513,3375 522,3375 522,3376 522,3451 523,3451 770,3451 770,3451 770,3435 771,3434 935,3434 935,3434 935,3402 936,3401 940,3401 940,3401 940,3397 941,3396 951,3396 951,3397 951,3401 952,3401 1029,3401 1029,3402 1029,3445 1030,3445 1342,3445 1342,3445 1342,3435 1343,3434 1348,3434 1348,3435 1348,3445 1349,3445 1612,3445 1612,3445 1612,3435 1613,3434 1618,3434 1618,3434 1618,3430 1619,3429 1755,3429 1755,3429 1755,3408 1756,3407 1761,3407 1761,3407 1761,3402 1762,3401 1766,3401 1766,3401 1766,3397 1767,3396 1920,3396 1920,3397 1920,3401 1921,3401 2256,3401 2256,3401 2256,3397 2257,3396 2289,3396 2289,3397 2289,3445 2290,3445 2719,3445 2719,3445 2719,3397 2720,3396 2724,3396 2724,3396 2724,3391 2725,3390 2752,3390 2752,3391 2752,3407 2753,3407 2757,3407 2757,3408 2757,3429 2758,3429 3126,3429 3126,3429 3126,3397 3127,3396 3132,3396 3132,3396 3132,3391 3133,3390 3143,3390 3143,3391 3143,3396 3144,3396 3154,3396 3154,3397 3154,3412 3155,3412 3159,3412 3159,3413 3159,3511 3159,3511 3155,3511 3154,3512 3154,3517 3154,3517 3149,3517 3148,3518 3148,3522 3148,3522 2400,3522 2399,3523 2399,3539 2399,3539 2395,3539 2394,3540 2394,3550 2394,3550 2389,3550 2388,3551 2388,3561 2388,3561 2378,3561 2377,3562 2377,3566 2377,3566 2367,3566 2366,3566 2366,3523 2366,3522 1921,3522 1920,3523 1920,3528 1920,3528 688,3528 687,3528 687,3523 687,3522 154,3522 153,3523 153,3528 153,3528 78,3528 77,3529 77,3594 76,3595 76,3599 76,3599"/><TextEquiv index="1"><Unicode>comment elle se sentoit? -- Ah, madame!</Unicode></TextEquiv></TextLine><TextLine id="r0_l013"><Coords points="17,3607 3166,3607 3166,3858 17,3858"/><TextEquiv index="1"><Unicode>dit Zabeth, je me sens extrêmement ſati-</Unicode></TextEquiv></TextLine><TextLine id="r0_l014"><Coords points="44,3898 3166,3898 3166,4096 44,4096"/><TextEquiv index="1"><Unicode>guée. Mais, an nom du ciel, tirez-moi</Unicode></TextEquiv></TextLine><TextLine id="r0_l015"><Coords points="55,4162 3166,4162 3166,4355 55,4355"/><TextEquiv index="1"><Unicode>d'inquiétude. Où suis-je?... avec qui suis-</Unicode></TextEquiv></TextLine><TextLine id="r0_l016"><Coords points="6,4416 3171,4416 3171,4608 6,4608"/><TextEquiv index="1"><Unicode>je?... -- Mademoiselle, vous êtes avec</Unicode></TextEquiv></TextLine><TextLine id="r0_l017"><Coords points="22,4674 3144,4674 3144,4887 22,4887"/><TextEquiv index="1"><Unicode>des gens qui s'intéressent à votre sort.</Unicode></TextEquiv></TextLine><TextLine id="r0_l018"><Coords points="17,4938 3160,4938 3160,5131 17,5131"/><TextEquiv index="1"><Unicode>-- N'ai-je plus rien à redouter de mes</Unicode></TextEquiv></TextLine><TextLine id="r0_l019"><Coords points="1536,5392 1535,5391 1525,5391 1524,5391 1524,5335 1524,5334 132,5334 131,5335 131,5345 131,5345 50,5345 49,5345 49,5335 49,5334 44,5334 43,5334 43,5318 43,5317 17,5317 16,5317 16,5315 17,5314 43,5314 43,5314 43,5252 44,5251 49,5251 49,5251 49,5184 50,5183 52,5183 52,5184 52,5207 53,5207 445,5207 445,5208 445,5213 446,5213 450,5213 450,5214 450,5235 451,5235 478,5235 478,5235 478,5183 479,5182 483,5182 483,5183 483,5235 484,5235 1045,5235 1045,5235 1045,5214 1046,5213 1051,5213 1051,5213 1051,5208 1052,5207 1089,5207 1089,5208 1089,5213 1090,5213 1095,5213 1095,5214 1095,5218 1096,5218 1100,5218 1100,5219 1100,5284 1101,5284 1684,5284 1684,5284 1684,5219 1684,5218 1679,5218 1678,5218 1678,5208 1679,5207 1794,5207 1794,5207 1794,5203 1795,5202 1805,5202 1805,5203 1805,5207 1806,5207 1816,5207 1816,5208 1816,5251 1817,5251 2922,5251 2922,5251 2922,5197 2923,5196 2933,5196 2933,5197 2933,5246 2934,5246 3143,5246 3143,5247 3143,5251 3144,5251 3148,5251 3148,5252 3148,5311 3149,5311 3154,5311 3154,5312 3154,5317 3154,5317 3149,5317 3148,5318 3148,5323 3148,5323 2962,5323 2961,5324 2961,5328 2961,5328 2687,5328 2686,5329 2686,5378 2686,5378 2670,5378 2669,5379 2669,5383 2669,5383 2654,5383 2653,5383 2653,5379 2653,5378 2637,5378 2636,5378 2636,5335 2636,5334 2098,5334 2097,5335 2097,5356 2097,5356 2092,5356 2091,5357 2091,5361 2091,5361 2087,5361 2086,5362 2086,5372 2086,5372 2081,5372 2080,5373 2080,5378 2080,5378 2059,5378 2058,5378 2058,5335 2058,5334 1558,5334 1557,5335 1557,5345 1557,5345 1553,5345 1552,5345 1552,5335 1552,5334 1547,5334 1546,5335 1546,5392 1546,5392"/><TextEquiv index="1"><Unicode>persécuteurs? .... -- Non; vous pouvez</Unicode></TextEquiv></TextLine><TextLine id="r0_l020"><Coords points="11,5442 3155,5442 3155,5657 11,5657"/><TextEquiv index="1"><Unicode>vous livrer au repos. Prenez ce bouillon,</Unicode></TextEquiv></TextLine><TextLine id="r0_l021"><Coords points="33,5688 3155,5688 3155,5915 33,5915"/><TextEquiv index="1"><Unicode>et croyez que vous n'avez plus rien à</Unicode></TextEquiv></TextLine><TextLine id="r0_l022"><Coords points="28,5955 3160,5955 3160,6178 28,6178"/><TextEquiv index="1"><Unicode>craindre. Un grand homme brun s'ap-</Unicode></TextEquiv></TextLine><TextLine id="r0_l023"><Coords points="2571,6418 2570,6418 2570,6364 2570,6363 1206,6363 1205,6364 1205,6369 1205,6369 1200,6369 1199,6370 1199,6380 1199,6380 1195,6380 1194,6381 1194,6396 1194,6396 1189,6396 1188,6397 1188,6402 1188,6402 1184,6402 1183,6403 1183,6407 1183,6407 1167,6407 1166,6407 1166,6364 1166,6363 138,6363 137,6364 137,6365 137,6365 121,6365 120,6364 28,6364 27,6364 27,6271 28,6270 28,6266 29,6265 32,6265 32,6265 32,6207 33,6206 33,6207 33,6226 34,6226 434,6226 434,6227 434,6231 435,6231 660,6231 660,6231 660,6210 661,6209 665,6209 665,6210 665,6231 666,6231 775,6231 775,6232 775,6237 776,6237 2465,6237 2465,6237 2465,6232 2466,6231 2823,6231 2823,6231 2823,6216 2824,6215 2834,6215 2834,6216 2834,6231 2835,6231 2962,6231 2962,6231 2962,6227 2963,6226 3043,6226 3043,6227 3043,6231 3044,6231 3049,6231 3049,6232 3049,6237 3050,6237 3054,6237 3054,6238 3054,6275 3055,6275 3115,6275 3115,6276 3115,6281 3116,6281 3126,6281 3126,6282 3126,6286 3127,6286 3134,6286 3134,6287 3134,6292 3135,6292 3137,6292 3137,6293 3137,6297 3138,6297 3143,6297 3143,6298 3143,6314 3143,6314 3138,6314 3137,6315 3137,6341 3137,6341 3133,6341 3132,6342 3132,6347 3132,6347 3127,6347 3126,6348 3126,6352 3126,6352 3122,6352 3121,6353 3121,6358 3121,6358 2718,6358 2717,6359 2717,6363 2717,6363 2577,6363 2576,6364 2576,6418 2576,6418"/><TextEquiv index="1"><Unicode>orocha d'elle, et lui demanda si elle</Unicode></TextEquiv></TextLine><TextLine id="r0_l024"><Coords points="1079,6677 1078,6677 1078,6673 1078,6672 1074,6672 1073,6672 1073,6661 1074,6660 1078,6660 1078,6660 1078,6643 1078,6642 638,6642 636,6640 635,6640 630,6635 629,6635 627,6633 626,6633 625,6632 624,6632 623,6631 622,6631 621,6630 617,6630 616,6629 523,6629 522,6629 522,6623 522,6622 341,6622 340,6622 340,6617 340,6616 330,6616 329,6616 329,6612 329,6611 171,6611 170,6611 170,6606 170,6605 99,6605 98,6605 98,6601 98,6600 17,6600 16,6600 16,6535 17,6534 384,6534 384,6534 384,6491 385,6490 390,6490 390,6490 390,6485 391,6484 406,6484 406,6485 406,6490 407,6490 2884,6490 2884,6490 2884,6485 2885,6484 2900,6484 2900,6485 2900,6517 2901,6517 3054,6517 3054,6518 3054,6534 3055,6534 3071,6534 3071,6535 3071,6561 3072,6561 3137,6561 3137,6562 3137,6583 3137,6583 3078,6583 3077,6584 3077,6594 3077,6594 3072,6594 3071,6595 3071,6605 3071,6605 3066,6605 3065,6606 3065,6611 3065,6611 3061,6611 3060,6612 3060,6616 3060,6616 2929,6616 2928,6617 2928,6622 2928,6622 2191,6622 2190,6623 2190,6627 2190,6627 1558,6627 1557,6628 1557,6633 1557,6633 1129,6633 1128,6634 1128,6672 1128,6672 1112,6672 1111,6673 1111,6677 1111,6677"/><TextEquiv index="1"><Unicode>ne s'appeloit pas mademoiselle de Saint-</Unicode></TextEquiv></TextLine></TextRegion></Page></PcGts>