4266 8423
2334 707 2797 960 .
1041 1058 4217 1258 Silvain? --Oui, monsieur. -- Les mons-
1041 1305 4217 1505 tres! dit-il avec colère; ils étoient au
1041 1564 4184 1773 moment d'accomplir leurs abominables
1030 1824 4239 2029 projets!... Ah, mademoiselle! je rends
1024 2080 4190 2286 graces au ciel de m'avoir choisi pour
1019 2338 4190 2532 vous sauver des malheurs qui alloient
1019 2593 4211 2794 vous accabler! mais je ne puis vous en dire
893 2852 4217 3052 davantage. Quand vous serez remise de
1014 3107 4217 3308 tous les maux que vous avez eu à souffrir,
1008 3363 4217 3562 je vous instruirai de tout; je vous invite à
1008 3619 4179 3816 prendre du repos. Bannissez sur-tout toute
1019 3872 4069 4069 inquiétude; vous êtes en sûreté, et les
1008 4124 4228 4331 monstres qui vouloient vous perdre sont
1014 4377 4261 4582 arrêtés. Zabeth voulut témoigner sa recon-
1003 4630 4228 4835 noissance; mais le médecin qui étoit là,
1018 4882 4206 5096 lui conseilla de ne pas parler beaucoup;
1008 5139 4057 5337 elle avoit de la fièvre, et avoit besoin de
723 5396 3865 5591 tranquillité. Tout le monde se retira.
1184 5664 4222 5851 Quand elle fut seule, et qu'elle se ran-
997 5908 4053 6112 pela tout ce qui s'étoit passé, cela lui
992 6162 4217 6367 paroissoit un songe. Que je suis heu-
668 6416 4047 6645 reuse, dit-elle, d'être euſin délivrée des
