4266 8391
169 1114 3207 1300 méchans au pouvoir desquels j'étois! Je
38 1371 3207 1562 ais pouvoir disposer de moi, et je vous
164 1628 3207 1808 reverrai, mon cher Enneric! Voilà deux
158 1874 3201 2065 ans que je suis privée de ce bonheur! J'ai
49 2131 3190 2311 reçu long-tems de vos nouvelles; mais,
55 2382 3201 2568 hélas! depuis bien long-tems aussi j'en
55 2644 3190 2824 suis privée! Qu'êtes-vous devenu? ...
174 2894 3189 3080 Tout occupée de mille idées différentes,
54 3146 3195 3304 ses sens s'appesantirent, et elle se livra
49 3409 3190 3589 au sommeil. Elle en avoit un grand be-
55 3660 3190 3846 soin. Il fut long et paisible. Elle ne se
16 3912 3196 4097 réveilla que bien avant le lendemain
55 4157 3185 4338 dans la journée. En ouvrant les yeux,
44 4409 3180 4594 la première personne qu'elle aperçut, ce
38 4665 3185 4846 fut la dame à qui elle avoit parlé la
12 4917 3180 5103 veille, qui, assise près de son lit, atten-
38 5163 3190 5348 doit qu'elle ouvrît les yeux. Elle lui de-
33 5414 3180 5594 manda avec empressement de ses nou-
16 5665 3163 5851 velles. -- Oh! que vous avez de bonté!
11 5922 3180 6102 dit Zabeth. Comment pourrai-je jamais
21 6172 3173 6363 reconnoître tout ce que vous faites pour
