4266 8253
187 1103 3181 1303 imaginer de plus affreux. -- Quoi! M. de
182 1362 3177 1553 Saint-Silvain est mort? Mademoiselle,
47 1609 3165 1798 avez - vous des amis? -- Oui, monsieur.
43 1862 3176 2011 -- Permettez - moi de me mettre de ce
20 2109 3256 2305 nombre: je ne serai pas celui qui vous
21 2359 3165 2515 sera le moins utile dans la circonstance
20 2611 3160 2808 où vous vous trouvez. Je ne puis vous en
31 2857 3160 3061 dire davantage pour le moment. Ecrivez
26 3119 3154 3316 aux personnes qui s'intéressent à vous: je
38 3366 3154 3561 me joindrai à eux, et nous parviendrons
42 3618 3149 3764 à vous mettre à l'abri de la méchanceté
37 3852 3154 4068 des gens qui vouloient vous perdre. D'ici
37 4116 3310 4308 à cet instant, ne me demandez aucun
26 4356 3148 4556 éclaircissement: je ne puis vous en don-
26 4604 3144 4807 ner. Tout ce que je puis vous dire, c'est
20 4857 3137 5046 que la vieille femme chez laquelle vous
17 5104 3133 5306 étiez, est en prison, ainsi que l'homme
10 5357 3122 5559 qui vouloit abuser de votre innocence.
15 5614 3126 5792 Regardez cette maison comme la vôtre,
139 5868 3122 6063 jusqu'au moment où vous serez tout-
133 6107 3106 6307 à-fait à l'abri des tentatives que l'on pour-
