4266 8222
1477 834 1922 1013 o
-45 1087 3164 1321 moiselle de Saint-Silvain, ce fut pour
-44 1318 3216 1578 lui un nouveau sujet de se mettre en
-42 1546 3164 1817 fureur. Ses affaires étoient heureusement
-41 1796 3164 2072 finies; il envoya son fils chercher le pa-
-39 2102 3147 2290 quet que lui avoit remis mademoiselle
-37 2343 3152 2560 de Fermon, partit pour Lyon, et lui
-35 2590 3121 2816 donna ordre de venir l'y retrouver. Fré-
-34 2840 3117 3061 dérique ne se sentoit pas de joie d'ima-
-33 3099 3125 3365 giner que Zabeth avoit échappé aux dan-
-31 3349 3131 3609 gers dont elle avoit été environnée. I
-29 3589 3132 3820 n'avoit pas d'amour pour elle; mais une
-27 3829 3121 4067 amitié si tendre, un si vif intérêt! Elle
-26 4076 3117 4312 auroit été sa sœur, qu'il n'auroit pu l'ai-
-24 4326 3105 4562 mer davantage. Il prit la poste, et fut,
-22 4583 3121 4844 jour et nuit, pour chercher le paquet
-21 4843 3109 5060 de papiers que son père demandoit. De
-20 5090 3104 5313 son côté, M. de la Combe ne perdit
-18 5341 2836 5535 pas un moment pour venir à Lyon.
-17 5499 144 5594 d
-16 5583 3099 5799 Il se fit annoncer chez M. Dubrouil
-15 5797 3099 6061 (c'est le nom du négociant chez lequel
-13 6080 3083 6301 Zabeth avoit trouvé un asile); made
