4266 8391
1048 1165 4239 1337 moiselle de Saint-Silvain fut au-devant
1031 1417 4228 1636 de lui, et ne put exprimer que par des
1048 1679 4097 1885 larmes la joie qu'elle avoit de le revoir.
1047 1934 4103 2136 Il est bien tems, lui dit-il avec un ton
851 2189 4239 2400 brusque, mais bon, de pleurer, quand
1059 2446 4114 2652 on n'a voulu suivre que sa tête! A qui
1053 2701 4223 2925 rendrez-vous graces, mademoiselle, d'a-
1041 2961 4211 3173 voir échappé à votre maudite belle-mère?
1042 3220 4228 3384 Au hasard? ... car la bonne volonté de
1048 3483 4217 3696 vos amis étoit enchaînée. On ignoroit
1053 3742 4228 3947 ce que vous étiez devenue. -- Ah, mon-
1064 3998 4253 4206 sieur! lui dit-elle en lui prenant la
1053 4253 4114 4466 main, ne m'accablez pas davantage....
1058 4501 4228 4716 Ne me retirez pas votre amitié.... Vous
1052 4752 4228 4976 savez que je n'ai plus rien à attendre
1042 5003 4216 5227 que de la pitié des ames sensibles qui
1041 5274 4239 5438 voudront bien s'intéresser à mon sort?
1042 5520 4104 5733 J'ai perdu la meilleure des tantes!...
1049 5783 4125 6006 j'ai perdu mon père!... -- Ne me par-
1047 6036 4250 6246 lez pas, dit-il, de cet homme-là; c'é-
1048 6287 4091 6500 toit un imbécille qui s'est déshonoré,
