4266 8295
1339 978 1782 1167 o.
11 1264 3068 1453 bsent, et revint au bout de ce tems.
119 1534 3073 1669 fut enchanté de trouver M. de la
118 1781 3077 1960 ombe. Je suis charmé, lui dit-il, mon-
119 2036 3078 2220 ieur, de vous trouver ici; je suis muni
119 2274 3089 2468 le toutes les pièces nécessaires, et nous
1 2544 3089 2722 llons nous réunir pour faire rendre à
32 2792 3089 2970 nademoiselle de Saint-Silvain la justice
38 3046 3095 3224 qui lui est due. Je suis porteur d'un
54 3295 3100 3491 ordre du ministre: la vieille Dupuis et
119 3543 3170 3721 le jeune homme qui vouloit attenter à
59 3791 3089 3970 l'honneur et à la vie de mademoiselle,
119 4040 3105 4229 vont être punis. L'une sera enfermée
38 4294 3111 4477 pour le reste de ses jours, et l'autre va
65 4542 3111 4731 partir pour les colonies. Je sais qu'il
59 4791 3111 4974 mériteroit un sort plus rigoureux; mais
70 5039 3105 5233 j'ai des raisons particulières pour que
3937 5201 4126 5396 L
54 5287 3116 5471 sa peine soit commuée. Un homme pris
65 5536 3116 5730 les armes à la main devroit être puni
70 5790 3111 5973 plus sévèrement, mais je ne puis prendre
76 6038 3111 6216 sur moi de le livrer à toutes les rigueurs
49 6292 3132 6476 de la justice. M. de la Combe insistoit
