4266 8359
332 201 1165 305 --
2318 947 2852 1127 icr
1056 1241 4076 1431 Ils sont descendus au tombeau....... et je
1050 1497 4071 1627 reste seule!........ Ici les larmes lui cou-
1045 1747 4239 1927 pèrent la parole; elle avoit de trop grands
1045 1997 4245 2188 sujets de s'affliger, pour que qui que ce
1039 2237 4234 2395 soit cherchât à lui donner des consola-
1045 2498 4245 2683 tions, qui sont toujours déplacées quand
1045 2737 4234 2922 les peines sont effectives; le tems seul
1039 2993 4261 3178 porte un baume consolateur, quand
1039 3238 3412 3429 l'ame est profondément affectée.
1219 3494 4239 3673 Aussi-tôt après le repas, elle demanda
1034 3750 4218 3935 la permission de se retirer. M. Dubreuil
1039 4005 4264 4190 ne fut pas fâché de son absence. Ce qu'il
1023 4256 4212 4397 avoit à dire de relatif à sa famille n'auroit
1028 4511 4217 4696 qu'enfoncé plus avant dans le cœur de
1034 4767 4239 4909 cette infortunée les traits dont il étoit
1034 5018 4207 5159 déchiré. Il ſit à M. de la Combe le récit
1029 5268 4044 5418 qu'il avoit fait à mademoiselle de Fer-
1029 5518 4264 5709 mon, lorsqu'il la rencontra à Douvres.
1045 5769 4245 5959 Ce qu'il dit de plus, et ce que nous igno-
1023 6019 4234 6199 rons, c'est qu'après le départ de made-
1023 6264 4044 6454 moiselle de Saint-Silvain et de sa tante,
