4266 8423
1420 960 1958 1141 Iop.
22 1245 3219 1393 il eut le bonheur de rendre service à un
192 1503 3230 1689 de ses compatriotes, qui étoit un homme
33 1755 3236 1941 puissant. Cet homme ayant trouvé dans
192 2007 3247 2188 Duval un ton d'éducation qui ne cadroit
43 2258 3240 2439 point avec l'air de misère que ses vête-
16 2512 3247 2687 mens annonçoient, lui demanda, avec
11 2764 3263 2950 instances, quelles étoient les raisons qui
5 3022 3252 3208 l'avoient mis dans une position si peu
66 3274 3258 3461 faite pour lui? M. Duval conte qu'il avoit
1 3526 3263 3713 fui sa famille, qui, après la mort de son
16 3784 3269 3971 père, vouloit le faire enfermer, pour le
38 4042 3263 4228 punir des égaremens qu'il avoit eus dans
27 4294 3280 4481 sa jeunesse. La personne qu'il avoit obli
11 4552 3274 4738 gée revenoit en France, et lui promit
224 4809 3268 4976 qu'elle s'intéresseroit à son sort. Effecti-
82 5062 3285 5237 vement, elle l'avoit fait rentrer dans les
5 5301 3274 5495 biens de son père. Il s'étoit marié, et
7 5566 3521 5753 portoit depuis ce tems le nom de Du-
22 5819 3274 6000 breuil, qui étoit celui des aînés de sa
44 6071 812 6208 famille.
411 6323 3274 6510 Il n'avoit pu mettre au jour les atten-
11 8133 154 8246 L
