4266 8290
253 166 2125 268 --
2265 895 2805 1068 oc
1030 1173 4245 1365 tats de la Dupuis sur madame de Saint-
1025 1435 4024 1613 Silvain et mademoiselle de Fermon, sans
1025 1694 4261 1877 nspirer à monsieur de la Combe les mou-
1019 1947 4207 2136 vemens de la plus grande indignation.
1014 2201 4019 2384 -- Ah, monsieur! lui dit celui-ci, que
727 2453 4223 2631 vous avez bien fait de ne me pas appren-
992 2697 4250 2880 dre toutes ces horreurs plutôt! J'en suis,
1003 2956 4245 3157 en honneur, charmé; car je vous jure
1002 3203 4263 3386 que si j'en avois eu connoissance quand
992 3458 4240 3641 nous sommes arrivés ici, cette indigne
998 3711 4002 3894 créature n'auroit péri que de ma main.
992 3953 4245 4148 Je conçois à présent les raisons que vous
987 4218 4202 4402 avez eues de ne pas mettre trop de rigueur
857 4460 4007 4655 dans la punition de Dupuis. J'approuve
982 4725 4008 4909 votre retenue, et je l'admire; mais si
976 4979 3997 5162 mon fils, que j'aime tendrement, étoit
982 5232 4216 5410 un aussi mauvais sujet, je lui passerois
982 5486 4218 5669 mon épée au travers du corps. Mais com-
987 5734 4002 5933 ment avez-vous su ce qui se passoitdans la
987 5987 4224 6160 maison de cette vieille sorcière? -- Voici,
987 6246 3986 6430 dit monsieur Dubreuil, ce qui en est,
259 7941 2375 8102 ----- --
