4266 8566
1400 976 1952 1155 n
128 1272 3218 1456 et ce que je ne pouvois vous dire plutôt;
128 1534 3213 1723 car cela vous auroit causé une grande
128 1790 3218 1980 impatience de savoir le reste, en appre-
123 2052 3218 2237 nant que je connoissois la vieille femme
128 2315 3263 2499 et le jeune homme au pouvoir desquels
128 2577 2850 2711 étoit mademoiselle de Saint-Silvain.
312 2828 3263 3023 Lorsque je fus retourné à Lyon, je ne
133 3072 3223 3284 cherchai point à v punir la vieille femme
139 3346 3229 3536 chez laquelle je m'étois égaré. Je pensai
139 3609 3235 3798 seulement qu'en veillant ses actions, c'é-
139 3871 3224 4060 toit tout ce que la prudence exigeoit. In-
139 4110 3229 4317 time ami du premier magistrat de la
134 4384 3235 4573 ville, je lui en parlai: il connoissoit mes
145 4629 3341 4780 aventures. Comme nous n'avions aucune
138 4896 3423 5052 preuve matérielle sur l'histoire des em-
139 5159 3218 5349 poisonnemens, je me tins tranquillo.
145 5416 3207 5600 Je ne pouvois pas attaquer une femme,
138 5666 3217 5850 parce que j'avois trouvé chez elle une
139 5929 3213 6129 fille qui m'avoit plu: on se contenta donc
134 6191 3207 6375 d'examiner sa conduite. Pendant plu-
134 6447 3196 6643 sieurs années, elle vécut fort tranquille,
