4266 8391
1420 983 1956 1185 l
169 1273 3196 1459 montoit, d'un pas précipité, par un es-
175 1519 3207 1666 calier dérobé. Je le suivis avec mon es-
169 1781 3201 1967 corte. A peine sur le palier, une jeune
168 2031 3206 2240 personne vint se jeter dans mes bras, et
163 2288 3206 2468 v resta sans connoissance. Je vis Dupuis
164 2535 3196 2671 dans le ſond de la chambre: il étoit armé
164 2786 3201 2977 d'un pistolet. On le désarma, et on l'ar-
158 3043 3218 3229 rêta. Vous savez le reste; et vous voyez
164 3294 3196 3480 que, sans mes soupçons, qui n'étoient
164 3540 3196 3720 malheureusement que trop fondés, ma-
158 3797 3207 3977 demoiselle de Saint-Silvain perdoit ou la
153 4048 1470 4190 vie ou l'honneur.
328 4283 3229 4474 M. de la Combe ne pouvoit se lasser
158 4540 3196 4726 de témoigner toute sa reconnoissance à
153 4780 3169 4977 M. Dubreuil. -- Ne me louez pas, dit-il;
153 5031 3174 5228 je n'ai fait que mon devoir. J'ai encore
142 5299 3169 5447 bien de bonnes actions à faire avant
153 5545 2278 5687 d'avoir effacé mes foiblesses.
131 5807 3163 5993 Mademoiselle de Saint-Silvain qui s'é-
148 6059 3158 6244 toit retirée dans sa chambre, s'y étoit oc-
142 6315 3163 6507 cupée à écrire à madame Noriss. Elle n'a
