4266 8391
331 186 1835 268 ---
2305 929 2852 1109 i6
1065 1200 4092 1399 je dépens à présent de mon tuteur. Pou.
1064 1463 4091 1654 avoir négligé ses avis, j'ai manqué mo
1065 1721 4245 1901 perdre: mon intention est de ne rien faire
1065 1972 4245 2114 sans son aveu. M. de la Combe entra
1071 2223 4223 2360 comme mademoiselle de Saint - Silvain
1071 2475 4217 2661 finissoit de parler. Madame Dubreuil lui
1071 2737 4250 2923 dit ce qui venoit de se passer, et lui de-
1071 2988 4207 3174 manda quelles étoient ses intentions? --
1076 3240 4108 3425 Mais, dit-il, j'espère que ma charmante
1071 3496 4228 3682 pupille n'aura pas d'autre maison que la
1076 3753 4217 3939 mienne, jusqu'au moment où elle pren-
1082 3985 4223 4185 dra un établissement: d'ailleurs, je ne
1076 4256 4254 4441 prétends pas la gêner. Elle me trouvera
1082 4513 4258 4698 rigide, quand je verrai que son bonheu
1071 4743 4245 4944 pourra être compromis; mais, dans tout
1076 5021 4223 5201 autre cas, je ne prétends point abuser
1076 5261 4114 5458 du titre dont on m'a honoré, pour la
1087 5529 4250 5703 gêner dans ses inclinations. Si ellese
1082 5774 4108 5955 croyoit mieux chez vous, madame, elle
1076 6037 4234 6217 peut prononcer. -- A quoi vous décidez-
1082 6283 4264 6485 vous, ma chère Zabeth? lui dit madame
