4266 8327
1339 889 1865 1068 i
108 1171 3096 1366 auprès de ma tante, et je ne la quitte pas.
108 1426 3112 1616 Je voudrois que la tendresse que j'ai pour
108 1681 3112 1865 elle pût la consoler des chagrins qui la
108 1925 3117 2109 minent. Les malheurs que vous avez
108 2179 3128 2358 éprouvés, ma chère Zabeth, lui ont fait
103 2423 3117 2559 verser des torrens de larmes. Elle me
108 2678 3117 2863 charge de vous dire que son cœur éprouve
16 2933 3123 3112 toujours pour vous l'amitié de la plus
27 3182 3123 3367 tendre mère. Elle seroit heureuse de vous
27 3432 3128 3605 voir; mais elle n'ose se flatter de cet es-
26 3675 3138 3859 poir.... Je ne puis vous donner des nou-
33 3931 3134 4104 velles de mon cousin Noriss; nous n'en re-
5 4180 3139 4364 cevons pas. Il voyage depuis huit mois, et
33 4429 3144 4614 nous le croyons présentement en France...
38 4684 3139 4814 Elle finissoit sa lettre en assurant made-
38 4928 3139 5064 moiselle de Saint-Silvain de l'amitié la
37 5176 3143 5345 plus tendre, et lui demandoit avec ins-
141 5427 3144 5611 tances de venir les voir, si cela étoit pos-
16 5687 515 5817 sible.
43 5893 3144 6115 Quoique Anna eût été très-circonspecte
38 6186 3144 6376 dans sa lettre, sur les égaremens d'En-
