4266 8222
2372 899 2896 1076 ia.
915 1183 4202 1370 neric, mademoiselle de Saint-Silvain ne
1130 1435 4090 1622 douta pas un moment qu'elle n'en fût
1119 1681 4186 1868 oubliée, et même qu'il n'eût de mauvais
1119 1933 4079 2125 procédés pour sa mère. L'illusion qu'elle
1108 2184 4079 2372 s'étoit faite depuis long-tems fut détruite
1097 2430 4186 2612 en un instant; elle s'abandonna au plus
1092 2682 4063 2859 affreux désespoir. -- J'ai donc tout per-
1087 2928 4173 3100 du!...... dit-elle; ce malheur me restoit
1092 3169 4053 3346 pour mettre le comble à mon infortune.
1103 3415 4063 3597 O Enneric, Enneric! qu'est devenu le
1097 3662 4224 3838 tems où vous ne vouliez jamais quitter
1087 3919 4053 4047 votre sœur?.... Des momens si doux ont-
1087 4160 4042 4342 ils pu s'effacer de votre ame? ...... Avez-
1076 4406 4042 4588 vous aussi oublié la forêt de Wapping, et
1060 4652 4036 4834 l'infortunée qui nous y a brisé le cœur
1060 4904 4176 5080 par l'expression de sa douleur ...... et ce
1049 5150 4170 5337 qu'elle vous a dit? ..... Quelle prophétie,
1049 5391 4020 5578 grands Dieux!..... Ah! je suis à présent
1028 5637 4165 5819 aussi à plaindre qu'elle!!! Que la terre
1033 5871 4004 6033 m'ouvre son sein et me réunisse à mes
1023 6124 3988 6317 infortunés parens! Ah, ma tante! si,
3817 6387 3988 6510 du
