4266 8391
3398 189 4081 364 -
1371 1049 1912 1224 ia.
126 1328 3158 1524 du lieu que vous habitez, ce qui se passe
126 1590 3147 1786 ici vous est connu; plaignez votre infor-
126 1841 3152 2021 tunée Zabeth, et appelez-la vers vous:
142 2098 3180 2273 la mort seule peut me sauver des tourmens
126 2355 3365 2535 que j'éprouve. O le plus ingrat des hom-
22 2606 3180 2792 mes! vous conduirez aussi votre respecta-
126 2868 3322 3043 ble mère au tombeau, et quand vous au-
22 3119 3174 3300 rez perdu les êtres qui vous aimoient tant,
27 3376 3169 3551 vous les regretterez.... mais en vain.....
16 3627 2333 3827 ils ne vous entendront plus.
311 3879 3174 4065 Victoire fit les plus grands efforts pour
33 4130 3174 4310 calmer le désespoir de sa maîtresse; mais
27 4376 3174 4556 tout fut inutile. Elle fut dire à messieurs
33 4627 3169 4813 de la Combe ce qui se passoit; ils vinrent
33 4879 3163 5064 auprès d'ello. Les larmes qu'elle versoit
38 5130 3152 5321 l'empêchèrent de pouvoir proférer une pa-
33 5387 3163 5572 role; elle montra la lettre qu'elle venoit de
44 5638 3158 5785 recevoir. M. de la Combe n'avoit à lui
33 5889 3152 6075 donner que des consolations stériles. Il
33 6113 3147 6321 vaut mieux pleurer avec les affligés que
27 6374 3240 6596 de les consoler. Il gémit avec elle sur ses
382 6681 546 6769 r.
