4266 8391
433 175 1209 273 L
2316 983 2863 1153 Iaa
1060 1267 4097 1468 infortunes, et se fit écouter: il lui pro-
1054 1519 4086 1704 posa d'aller faire un tour en Angleterre.
1053 1764 4238 1960 -- Mon fils, dit-il, desire voir ce pavs,
1054 2021 4250 2202 mais, tout vieux que je suis, je ne serai
1054 2278 4239 2475 pas fâché de voir en masse les originaux
1060 2529 4234 2715 de la Grande-Bretagne. Allons porter
835 2780 4074 2971 quelques consolations à cette digne mère;
1054 3027 4228 3212 vous vous affligerez avec elle, et vous en
781 3283 4086 3469 serez soulagées toutes deux. Les malheu-
748 3535 4081 3709 reux se consolent ensemble. Partons.....
1054 3797 4086 3977 Le mal n'est peut-être pas aussi grand
1059 4042 4263 4250 que vous le supposez. On voit mieux de
1048 4298 4085 4484 près que de loin... Cette proposition vous
889 4550 4080 4796 plaît-elle?.... -- O monsieur! que vous
889 4793 4080 4999 êtes bon! que je suis reconnoissante!...
1054 5070 4217 5250 -- Eh! point de remercîmens; je vous l'ai
1060 5327 4092 5507 déjà dit, je ne les aime pas. Allons voir
1060 5578 4217 5758 ce qui ce passe; si le mal est sans remède,
1060 5824 4217 6009 il sera tems de perdre l'esprit quand nous
962 6075 2748 6206 en aurons la certitude.
1235 6326 4081 6532 Rien ne pouvoit flatter davantage l'in-
