4266 8391
168 1303 3207 1497 fortunée mademoiselle de Saint-Silvain,
156 1572 3211 1742 que d'aller mêler ses larmes avec celles
168 1816 3212 2018 d'une femme qu'elle regardoit comme sa
163 2077 3206 2271 mère, et dont elle s'étoit long-tems flattée
163 2328 3207 2519 de devenir la fille. L'espoir de la rejoin-
157 2580 3211 2782 dre sous peu calma ses douleurs. L'espoir
153 2838 3212 3034 nous trompe souvent; mais au moins
147 3094 3196 3288 il console et soutient les malheureux!...
328 3338 3442 3544 M. de la Combe fit tout préparer pour
152 3602 3201 3798 un voyage auquel il se prêtoit avec plai-
147 3863 3200 4070 sir. Il prenoit le plus sincère intérêt à sa
141 4118 3195 4304 pupile; et les malheurs qu'elle avoit
152 4361 3195 4556 éprouvés lui faisoient desirer qu'elle ob-
147 4621 3190 4810 tînt la récompense de tant de maux
152 4866 3189 5071 qu'elle avoit si peu mérités. Zabeth desira
142 5119 3185 5322 venir à sa maison de Boulogne quelques
147 5369 3179 5571 jours avant de s'embarquer. Elle écrivit
148 5625 3180 5829 au bon Thomas de tout préparer pour la
152 5883 3174 6061 recevoir avec messieurs de la Combe. Le
147 6134 3157 6336 père lui représenta que la vue de cet asyle,
147 6374 3458 6591 où elle avoit coulé plusieurs années de sa
