4266 8327
2303 1007 2834 1182 ia.
1045 1287 4050 1491 vie dans une si heureuse position, ne pou-
1045 1546 4245 1735 voit que renouveler les plaies de son cœur
1045 1796 4256 1984 à tous égards. -- Hélas! dit-elle, mon
1041 2044 4245 2247 cœur n'est plus susceptible que de peines,
1040 2295 4256 2481 et je chéris tout ce qui peut les nourrir!
1035 2540 4250 2734 née pour souffrir, le sort s'est plu à m'ac-
926 2789 4248 2977 cabler de toutes façons; je m'y soumets
2858 3051 4017 3193 .. Cette douce
1025 3057 2858 3227 et n'en murmure pas.....
1018 3297 4256 3492 résignation étoit un charme de plus
1013 3550 4016 3740 que possédoit Zabeth. On ne l'enten-
1013 3802 4001 3991 doit jamais, au milieu de ses infortunes,
818 4052 4012 4263 déclamer contre les personnes. Elle ne
1007 4305 4006 4496 s'en prenoit qu'à sa destinée, et savoit
1002 4554 4240 4701 souffrir en silence. Mais aussi combien
998 4809 4234 4994 souffroit-elle!.... La douleur que l'on
997 5057 4001 5244 renferme dans son cœur est un poison
1003 5322 1534 5454 mortel.
1170 5551 3989 5742 Quand M. de la Combe se fut assuré
766 5806 3990 6000 du bâtiment qui devoit les passer à Dou-
980 6055 3973 6252 vres, il vint en avertir mademoiselle
866 6309 3979 6504 de Saint-Silvain, et on fut attendre à
