4266 8359
2193 1001 2732 1181 j
952 1273 4229 1459 ce que la raison pouvoit lui ſournir de
941 1535 3971 1714 moyens pour combattre la douleur à la-
940 1789 3966 1969 quelle elle étoit en proie. Le tems seul,
936 2041 3967 2226 lui dit-elle, pourra peut-être cicatriser
909 2297 4215 2482 la plaie de mon cœur.... mais, en atten-
648 2552 4223 2757 dant, croyez, mon cher ami, que toutes
920 2803 4234 2988 les consolations que l'amitié voudroit me
925 3047 4196 3244 donner, seroient inutiles. Le plaisir
920 3314 3956 3494 finit au milieu des jouissances: la dou-
914 3565 3946 3706 leur s'éteint au milieu des souffrances....
935 3819 3945 4004 'out prend fin.... rien n'est stable....
620 4071 3951 4212 le bonheur s'envole au moment où l'on
902 4326 4263 4511 s'y attend le moins.... Mes chagrins s'ef-
903 4561 4190 4762 faceront.... Je crois pourtant que jamais
903 4833 4264 5037 mon cœur ne pourra s'ouvrir à d'autres
903 5088 3956 5268 sentimens. J'ai fait le projet de me re-
903 5333 4232 5524 tirer dans un cloître aussi-tôt que je serai
903 5595 3929 5785 de retour d'auprès de madame Noriss;
565 5850 4218 6030 et là, je vivrai loin des hommes, et
903 6090 3929 6269 serai à l'abri de toutes les perſidies dont
767 6340 3924 6525 ils se font un jeu. Je suis bien jeune,
