4266 8285
1483 917 2023 1106 p
16 1213 3253 1402 et déja j'ai éprouvé toutes les peines!...
232 1467 3274 1667 J'ai été victime de la ſoiblesse de mon
11 1721 3269 1904 père.... j'ai été victime de la cupidité
227 1961 3274 2120 d'une ſemme qui vouloit envahir ma
1 2233 3280 2417 fortune.... et, pour mettre le comble à
11 2476 3274 2665 mes maux, je suis victime d'un senti-
1 2729 3280 2918 ment dans lequel j'avois mis tout mon
38 2983 3280 3172 espoir! Je croyois que l'amour me dé-
38 3242 3274 3420 dommageroit de tout .... et c'est lui qui
237 3495 3280 3679 aujourd'hui remplit mon ame de la plus
243 3749 3274 3892 amère douleur!... Lui.... qui m'a sou-
32 4002 3269 4153 tenue dans toutes mes infortunes... m'é-
243 4250 3280 4434 chappe au moment où je pouvois tout
32 4504 1375 4628 en attendre!...
409 4751 3273 4929 Frédérique n'avoit rien à onposer à
26 5005 3257 5172 des vérités malheureusement trop grandes.
27 5259 3269 5443 Il plaignoit du plus profond de son ame
236 5512 3252 5695 une créature qui, par ses charmes et les
1 5756 3263 5955 rares qualités de son cœur, méritoit un
248 6020 1295 6149 meilleur sort.
415 6268 3474 6505 Ils restèrent huit jours à Boulogne;
3358 7928 4051 8091 --
2161 7967 2892 8096 -- -- -
