4266 8359
1420 980 1959 1165 n.
147 1268 3178 1469 ment cruel. Elle se rappela le voyage
157 1528 3188 1719 qu'elle avoit fait; et qu'alors sa position
16 1780 3178 1970 étoit différente! Elle étoit accompagnée
5 2019 3407 2220 d'une tante qui l'adoroit, et elle alloit
22 2291 3195 2476 rejoindre un homme sur le cœur du-
33 2547 3195 2727 quel elle ne pouvoit compter. Oh! que les
169 2797 3189 2982 tems sont changés! Seule maintenant,
27 3058 3200 3244 ne pouvant plus compter au monde que
33 3314 3195 3494 des étrangers qui s'intéressent à son
38 3576 522 3701 Sort!
348 3815 3205 4000 Elle fut, pendant la traversée, plus
47 4093 3200 4278 triste que jamais. Mille idées fatigantes
38 4348 3205 4533 venoient assiéger son ame. Dans quel
44 4599 3211 4801 état alloit - elle trouver madame No-
49 4860 3423 5039 riss?... Sa vie est-elle en danger?... Au-
44 5094 3200 5290 roit-elle encore cette perte à pleurer?...
44 5355 3195 5540 Qu'alloit-elle apprendre d'Ennerie? .....
1 5605 2852 5796 Ah! combien cela l'inquiétoit!....
370 5861 3429 6046 Ils ne firont point de séjour à Lon-
38 6106 3200 6286 dres, et se rendirent sur-le-champ à
44 6351 3227 6573 Wanstead. Anna, qui étoit toujours près
