4266 8222
2254 969 2773 1146 iS.
1071 1263 4052 1445 de sa tante, se présenta à la porte, quand
1076 1515 4245 1692 elle entendit la voiture pour recevoir
1071 1761 4245 1906 sa chère Zabeth. Ces deux intéressantes
1071 2013 4261 2195 filles se jetèrent dans les bras l'une de
1071 2264 4240 2441 l'autre, et furent long-tems sans pou-
1065 2500 4256 2687 voir proférer une parole. Madame No-
1087 2752 4240 2939 riss parut à la porte de son parloir,
1076 2998 4261 3137 soutenue sur le bras de sa femme-
1071 3250 4264 3430 de-chambre. -- Eh, quoi! c'est vous,
1060 3501 4240 3697 ma chère Zabeth! Venez, lui dit-elle,
1060 3747 4192 3929 venez, trop infortunée enfant, dans les
1055 4004 4264 4138 bras de votre mère! Mademoiselle de
1060 4251 4245 4433 Saint-Silvain ne fit qu'un saut quand
1055 4502 4218 4684 elle l'aperçut. Mais, au lieu de se jeter
1055 4748 4256 4930 dans ses bras, elle tomba à ses pieds
1049 4995 4251 5150 sans connoissance. Madame Noriss elle-
1039 5241 3983 5423 même ne se trouvoit pas beaucoup mieux.
1033 5493 4213 5680 Une espèce de langueur dans laquelle elle
1049 5739 4218 5921 étoit tombée depuis les égaremens de
1039 5985 4256 6162 son fils, lui ôtoit la force de supporter
1028 6237 4261 6413 de certaines émotions. Anna, la sen-
