4266 8253
1413 967 1956 1150 l
231 1257 3230 1451 sible Anna, prodigua les plus prompts
236 1515 3230 1698 secours à sa tante et à son amie, et on
236 1763 3235 1945 les vit reprendre leur entière connois-
11 2020 3514 2198 sance avec la plus grande joie. Je n'en-
231 2273 3240 2456 treprendrai pas de rendre ce qui se passa
242 2520 3240 2703 dans ce premier moment. Les questions,
16 2767 3251 2950 de part et d'autre, se succédoient avec
253 3020 3251 3203 une rapidité extrême, sans attendre la
242 3273 3240 3455 réponse des premières qui avoient été
242 3530 795 3659 faites.
418 3777 3255 3954 Madame Noriss parla avec beaucoup
27 4025 3262 4181 de retenue de la folie de son fils. Elle
48 4277 3267 4455 vouloit ménager à-la-fois la délicatesse et
43 4525 3273 4702 la pudeur de Zabeth; mais elle lui en dit
263 4777 3273 4954 assez pour qu'elle vît qu'une autre s'étoit
263 5024 3273 5207 emparée, non de son cœur, mais de son
263 5272 3251 5454 esprit. Ce n'est que çà? dit M. de la
285 5524 3240 5701 Combe. Ah, madame! tranquillisez-
274 5777 3262 5954 vous: je connois les jeunes gens; j'ai
43 6024 3283 6201 été jeune, et très-jeune.... Une femme
32 6271 3283 6459 comme celle dont vous me parlez, n'a
