4266 8429
2254 949 3044 1124 l
976 1239 4228 1426 pu toucher le cœur de votre fils. Il s'est
976 1492 4250 1673 égaré par les attraits d'une jouissance
971 1744 4250 1930 facile: il n'a personne auprès de lui
960 2002 4245 2183 capable de le rappeler à lui-même. Si
960 2259 4261 2440 on lui parloit de vous, de mademoi-
965 2523 4245 2698 selle de Saint-Silvain; si on réveilloit
971 2764 4250 2950 dans son cœur les vertus que vous y
965 3016 4256 3203 avez formées, et l'amour qu'il ressent
971 3274 4020 3460 pour ello, vous le verriez revenir à vos
971 3537 4256 3718 pieds, abjurer ses erreurs, en rougir, et
866 3784 4031 3971 redemander un pardon que, ni l'une
976 4042 3965 4228 ni l'autre, ne pourriez lui refuser.....
982 4300 4031 4481 -- Pour moi, monsieur, dit Zabeth, je
982 4557 4036 4694 suis bien loin de lui demander le moindre
976 4810 4025 4947 sacrifice.... Celui de mon bonheur est
976 5067 4031 5254 fait.... Je suis toute décidée à me jeter
982 5325 4031 5512 dans un couvent. Qu'il rende sa respec-
982 5583 4036 5758 table mère heureuse; c'est le seul vœu
981 5834 4030 6032 qu'il me soit permis de ſormer. -- Quelle
986 6092 4041 6273 fierté, ma chère pupille! Vous ne con-
971 6351 4053 6543 noissez pas les hommes? -- Non, dit
225 8073 2237 8252 -- - -- -- -- ----- -- -
