4266 8391
1459 989 1989 1169 s
197 1278 3234 1475 madame Noriss? ma chère Zabeth ignore
207 1515 3228 1725 qu'il faut tout leur pardonner, et que,
26 1785 3293 1977 quand ils reviennent à vous, et qu'ils
16 2054 3240 2234 sont repentans, on est encore trop heu-
208 2305 3251 2491 reuse de les revoir. -- Je ne pense pas
27 2562 3256 2748 ainsi, ma chère maman: j'imagine que
213 2819 3251 2999 tout doit être égal entre les deux sexes,
43 3058 3260 3250 et que ce que l'on ne passeroit pas à
43 3321 3266 3501 une femme, on ne doit pas le passer
22 3584 3256 3764 à un homme. Vous êtes trop bonne et
6 3823 3266 4020 trop généreuse pour penser ainsi, dit
45 4092 3261 4272 Frédérique: un petit moment de dépit
55 4343 3261 4523 et de jalousie vous fait tenir ce lan-
49 4600 3256 4786 gage; mais si Enneric étoit à vos pieds,
246 4857 3261 5037 et que vous lisiez dans ses yeux l'ex-
49 5108 3267 5294 pression de l'amour et du repentir, il
246 5365 3267 5545 seroit bientôt pardonné?... Mademoi-
49 5600 3256 5817 selle de Saint-Silvain ne répondit rien;
49 5850 3256 6053 mais elle baissa les yeux en rougissant;
21 6118 3260 6298 et cela vouloit dire que Frédérique ne
256 6374 1676 6560 se trompoit pas.
