4266 8327
1485 932 2022 1117 l
27 1220 3258 1404 étoit, depuis quinze jours, revenue dans
27 1485 3258 1664 le canton, et que sir John Wilton étoit
27 1735 3253 1925 revenu avec elle. Elle conta, à ce sujet,
16 1984 3242 2174 les disgraces qu'il lui avoit fait essuyer,
23 2239 3253 2429 et ne cacha pas qu'il étoit le premier
22 2499 3247 2678 qui eût embarqué son neveu dans de
1 2754 3247 2933 mauvaises sociétés, et qu'il étoit en-
1 3003 3242 3193 chanté des chagrins qu'elle en ressen-
1 3258 3237 3437 toit. -- Je voudrois bien voir un pareil
27 3508 3237 3697 original, dit M. de la Combe. -- Mais
5 3762 3231 3947 c'est un plaisir que vous aurez, mon-
211 4012 3247 4202 sieur; car, quoiqu'il me déteste, lorsque
211 4272 3242 4474 ma belle-mère vient me voir, il ne
206 4527 3237 4711 manque pas de l'accompagner: il vient
206 4782 3231 4961 jouir de ma peine et y insulter. Par con-
217 5026 3226 5210 sidération pour madame Noriss, je n'ose
228 5275 3220 5459 pas le mettre à la porte; d'ailleurs,
211 5524 3231 5709 c'est le grand-oncle de mon fils, et
206 5768 3220 5947 j'honore la mémoire de mon mari, en
206 6029 3209 6228 ne me brouillant point avec sa famille.
201 6273 3220 6462 -- J'admire, madame, votre délicatesse
