4266 8359
1355 1012 1888 1197 e
16 1301 3129 1491 que vous le demandez, sans délai, pour
16 1546 3135 1725 assister à vos derniers momens; car il est
120 1807 3135 1992 de nécessité urgente de le retirer d'où il
27 2057 3140 2242 est. Je parierois l'impossible qu'il ne re-
43 2301 3145 2481 verra pas ma jolie pupile sans tomber
44 2548 3325 2743 à ses pieds. Les premières impressions de
49 2792 3135 2988 l'enfance ne s'effacent presque jamais.
53 3057 3145 3255 Vous avez dû la trouver très-embellie?
49 3303 3140 3494 -- Oui, je vous assure, dit madame No-
57 3565 3146 3743 riss. Elle promettoit d'être jolie; mais
54 3815 3140 3951 elle est devenue belle: elle a une taille de
38 4071 3146 4250 nymphe. -- Est-ce que vous croyez, ma-
54 4321 3146 4517 dame, que cette lady, qui a mené le genre
55 4566 3151 4751 de vie le plus dissolu, puisse approcher des
53 4810 3145 4957 appas naissans de mademoiselle de Saint-
60 5056 3151 5241 Silvain? S'il peut la voir, votre bonheur
64 5305 3150 5490 à tous trois est assuré pour jamais. -- J'v
60 5562 3146 5741 vois un obstacle, monsieur; c'est que
44 5812 3146 5943 son oncle habitant le canton dans ce
54 6063 3195 6248 moment-ci, cela causera le plus grand
60 6318 3140 6509 éclat. Il ne veut pas entendre parler d'une
