4266 8391
1082 1246 4245 1459 Française pour son neveu, ou il le dés-
1082 1508 4245 1705 héritera. -- Ah! vous tonez aussi à la
1087 1759 4261 1939 succession? Pardonnez, madame; je vous
1087 2004 4264 2196 croyois au-dessus de cette foiblesse. Savez-
1082 2267 4256 2469 vous la fortune de mademoiselle de Saint-
1082 2513 4264 2682 Silvain? Les biens de sa mère et de sa
1082 2764 4250 2928 tante réunis lui forment douze mille li-
1076 3021 4250 3207 vres de rente, une maison à Boulogne
1081 3277 4230 3478 qui peut être vendue huit mille francs,
1082 3524 4261 3724 si l'on veut porter ces fonds-là ailleurs,
1082 3780 4264 3966 et la terre de son père, qui rapporte mille
1082 4037 4245 4207 écus, année commune. Qu'avez-vous à
1087 4289 4234 4474 lui donner? -- Mais, du chef de son père,
1082 4545 4209 4726 il jouira de huit mille livres de rente:
1093 4802 4245 4988 après moi, il lui en reviendra autant, sans
776 5053 4245 5245 compter la succession de sa grand'mère,
1086 5309 4238 5478 qui est intéressante. -- Comment, ma-
1087 5567 4223 5753 dame! vous parlez du bien de ce Wilton,
1092 5812 4233 5997 quand votre fils, en se mariant à présent,
1060 6064 4239 6255 peut jouir de vingt-cinq mille livres par
1104 6321 4250 6525 chaque année, et être très-heureux, en
