4266 8359
2367 1029 2890 1208 CHo
1127 1312 4207 1497 santé ne me le permet pas pour le mo-
1116 1562 4212 1741 ment: attendons quelque-tems. Si l'es-
1039 1818 4207 2037 poir que vous me donnez de voir mon
1039 2037 4201 2258 fils revenir de ses égaremens pouvoit re-
1116 2324 4239 2503 mettre l'équilibre dans mes esprits, je
1116 2574 4212 2759 vous y accompagnerois bien volontiers.
1110 2824 4234 3010 Les choses ainsi décidées, ils se quit-
854 3086 1600 3222 tèrent.
1289 3324 4211 3509 Zabeth ne tarda pas à venir voir sa
1121 3576 4207 3712 chère maman. Elle lui donna mille té-
1110 3826 4205 4011 moignages de tendresse, et l'assura qu'elle
1121 4093 4125 4272 étoit à présent ce qu'elle avoit au monde
1116 4327 4229 4522 de plus cher. Madame Noriss lui soutint
1115 4592 4119 4772 qu'elle se trompoit en parlant ainsi;
1115 4848 4124 5022 que son cœur nourrissoit un sentiment
1116 5105 4212 5290 plus vif que celui qu'elle ressentoit pour
1121 5361 4125 5535 elle. -- Oh! oui, maman, dit Zabeth;
1121 5591 4245 5790 j'ai bien aimé mon frère; mais je ne veux
1121 5861 4223 6046 plus entendre parler de lui! Qu'il reste
1132 6117 4245 6313 avec sa lady tant qu'il voudra, cela m'est
1077 6353 4131 6558 à présent d'une indifférence parfaite. --
