4266 8228
1135 1253 4213 1435 un air bon, qui faisoit l'éloge de son cœur.
1146 1488 4256 1681 Ils ſurent tous trois faire cette prome-
1124 1745 4218 1933 nade. Quand ils furent arrivés près de
1130 1997 4264 2168 l'arbre où ils avoient vu cette malheu-
1135 2243 4218 2425 reuse étrangère, Zabeth ne put retenir
1124 2489 4240 2677 l'expression de sa douleur. Ah! dit-elle
1124 2736 4251 2918 en se jetant à genoux sur le gazon, c'est
1119 2982 4256 3164 là...... c'est là ..... ma chère Anna, où
1114 3227 4261 3405 étoit cette infortunée, où elle versoit un
857 3490 4074 3678 torrent de larmes! Enneric étoit ici.....
1108 3737 4208 3932 nous là ..... j'étois heureuse alors!.... et
1097 3994 4264 4170 pourtant mon ame ne pouvoit se défendre
1097 4245 4256 4422 du pressentiment qu'un jour, à la même
1092 4486 4256 4674 place, je déplorerois l'oubli de l'homme
1092 4732 4251 4925 que j'aimois! Me voilà donc arrivée à ce
1097 4995 4245 5166 fatal moment! Les larmes inondoient
1087 5236 4251 5423 son visage. Frédérique et son amie firent
1092 5477 4245 5669 tous leurs eſſorts pour la tranquilliser,
1087 5739 4245 5921 en l'assurant qu'un jour elle retrouveroit
1097 5974 4264 6189 son cher Noriss bien amoureux, bien
1087 6242 4036 6424 repentant. -- Oh! jamais..... jamais....
4053 7923 4240 8030 LE
