4266 8359
1322 1012 1861 1192 n
131 1306 3107 1486 lit-elle, je ne veux le revoir!.... je veux
147 1567 3107 1747 nême qu'il ignore les larmes qu'il me
136 1818 3113 1992 ait verser!.... Quand elle eut bien cédé
131 2073 3118 2210 toutes les amertumes dont son cœur
136 2329 3118 2509 toit plein, la conversation prit insensi-
138 2585 3124 2765 lement une tournure plus calme. Fré-
33 2835 3118 3015 lérique demanda à Anna si elle avoit au-
137 3086 3118 3271 ant de chagrins que son amie? si son
44 3336 3135 3521 œur étoit donné aussi à un ingrat? --
136 3592 3124 3771 Non, dit - elle, je n'ai jusqu'à présent
38 3823 3200 4022 rien aimé, et je compte bien garder ma
38 4093 3124 4261 iberté. -- Ainsi donc, mademoiselle, un
136 4337 3124 4522 homme qui vous feroit l'hommage de son
141 4571 3129 4767 cœur ne pourroit avoir l'espoir de vous
16 4838 3129 5018 plaire? -- Si c'étoit un homme, dit Anua,
53 5093 3139 5278 qui fût bien sage, et qui ne ressemblât
141 5350 3167 5529 pas à mon cousin..... -- Si c'étoit moi,
141 5600 3140 5785 mademoiselle? Anna rougit, et ne ré-
44 5845 3135 6024 pondit rien. -- Ma chère amie, dit Za-
141 6084 3124 6275 beth, si Frédérique vous offroit ses vœux,
147 6340 3140 6531 et que vous vous sentissiez de l'inclina-
