4266 8327
2342 949 2868 1128 i
1095 1231 4077 1415 tion pour lui, je crois pouvoir vous ré
1095 1485 4080 1664 pondre que vous seriez heureuse. Je le
1101 1740 4088 1919 connois; il est incapable de donner l
1090 1984 4175 2169 moindre chagrin à la femme qui lui se-
1095 2234 4233 2413 roit attachée. Anna rougit davantage, et
1079 2494 4250 2673 ne répondit encore rien. On voyoit que
1073 2738 4175 2884 son cœur étoit dans l'irrésolution. Le
1003 2993 4175 3172 moment de rentrer arriva, et la pauvre
1068 3242 4093 3378 Anna étoit rêveuse: elle le fut toute la
862 3497 4180 3681 soirée, et ne parla presque pas. Frédéri-
1073 3746 4212 3931 que craignoit de lui avoir déplu. Il parla
1063 4006 4135 4191 de ce qui s'étoit passé à son père. -- Mais,
916 4256 4185 4465 dit M. de la Combe, je l'aimerois assez
1057 4516 4180 4700 pour ma bru: elle a l'air toute bonne.
1052 4750 4245 4950 Je crois que tu peux nourrir quelque es-
1057 5020 4185 5199 poir; car j'ai surpris des petits coups-
1052 5270 4191 5454 d'œil hypocrites. Je crois qu'elle te re-
1052 5519 4191 5703 garde avec plaisir. Il n'est pas étonnant
1063 5774 4196 5947 qu'elle balance; le sort de son amie doit
976 5985 4196 6213 la faire trembler.... Mais j'en parlerai à
1073 6283 4202 6468 sa tante; et si elle te convient, et qu'elle
3865 6538 4061 6679 ait
