4266 8253
1472 822 2004 994 l
253 1102 3262 1295 ait du goût pour toi, tu sais bien que
253 1360 3267 1548 mon intention n'est pas de te gêner? Il
253 1612 3267 1800 en parla le lendemain à madame Noriss,
253 1865 3278 2053 qui avoit remarqué aussi que sa nièce
253 2106 2816 2295 étoit plus rêveuse que de coutume.
441 2359 3267 2536 Un jour qu'elles étoient seules, elle lui
269 2612 3283 2746 demanda comment elle trouvoit Frédé-
274 2864 3294 3047 rique? Anna, qui ne s'attendoit pas à
269 3111 3299 3294 cette question, rougit beaucoup, et les
27 3337 3289 3547 larmes vinrent dans ses yeux. -- Pourquoi,
269 3622 3305 3799 ma chère Anna, lui dit sa tante, ne pas
279 3874 3305 4074 m'ouvrir votre cœur? Je sais qu'il vous
269 4127 3321 4304 aime; s'il vous plaît, pourquoi ne le di-
296 4374 3316 4557 riez-vous pas? Anna allégua les chagrins
289 4626 3315 4803 qu'elle voyoit à son amie, et dit qu'elle
279 4874 3294 5057 craignoit, comme il étoit Français, en-
290 5121 3316 5304 core une opposition de sa famille. -- Cette
21 5374 3316 5562 raison est assez bonne, dit madame No-
21 5626 3316 5809 riss; mais tout peut s'arranger. Sir John
317 5879 3316 6061 Wilton sera bien obligé de renoncer à sa
16 6115 3321 6309 haine; et, en lui laissant sa fortune, il
602 6432 768 6518 I.
