4266 8222
1494 1028 2029 1205 ſ.
268 1306 3260 1488 ma fille, dit madame Noriss; j'en crois
268 1552 3533 1735 M. de la Combe. Il a fait passer dans
16 1804 3266 1986 mon cœur l'espoir qu'il nourrit dans le
21 2050 621 2248 sien.
444 2302 3260 2436 Un bruit soudain se fit entendre. --
32 2548 3266 2731 Ciel! dit Anna, c'est mon oncle! -- Eh
37 2778 3260 2987 bien, je le verrai, dit M. de la Combe;
16 3035 3271 3250 il y a huit jours que je suis ici, et je
16 3298 3271 3480 n'ai point eu ce plaisir. -- Mon père,
305 3544 3276 3726 lui dit son fils, j'espère que vous mo-
294 3790 3490 4011 dérerez la pétulance de votre caractère,
300 4047 3276 4218 et que vous ne causerez pas de désagré-
294 4288 3276 4470 mens à ces dames? -- Croyez - vous,
11 4534 3276 4722 monsieur, régenter votre père, et lui
289 4786 3271 4957 apprendre à se conduire? votre réflexion
21 5027 3271 5220 m'ofſense; je sais ce que j'ai à faire.
294 5278 3282 5423 L'arrivée de la vieille madame Noriss
21 5525 3271 5680 et de son frère mit fin à cette contes-
21 5771 798 5899 tation.
460 6023 3271 6215 Ha, ha! dit le grand Wilton en
16 6285 3266 6474 entrant, c'est la petite Française!......
