4266 8253
2278 1005 2816 1177 lo
768 1231 4009 1456 -- C'est mademoiselle de Saint-Silvain,
1048 1526 4234 1709 reprit M. de la Combe avec un ton
1048 1773 4264 1961 ſerme. Wilton jeta les yeux sur lui, et
1048 2026 4245 2203 ne répondit rien. M. de la Combe, sans
1048 2268 4217 2450 être officier de marine anglaise, joignoit
1042 2520 4264 2649 à une haute stature un air décidé. Ma-
1037 2762 4213 2891 dame Noriss la mère fit le meilleur
1037 3004 4208 3181 accueil à Zabeth, et lui demanda pour-
1031 3247 4233 3438 quoi elle ne l'avoit pas vue depuis qu'elle
1021 3498 3976 3681 étoit dans le canton? -- Je craignois,
1021 3745 4229 3923 madame, que ma visite ne vous fût
1016 3998 4256 4181 point agréable, lui dit-elle. -- Je ne
1016 4251 4229 4433 crois pas, mademoiselle, vous avoir
865 4484 4224 4675 laissé cette idée lorsque vous êtes partie
1005 4750 4186 4930 de chez moi? J'ai toujours eu pour ma-
1005 4978 4256 5195 demoiselle votre tante et pour vous la
1005 5245 4224 5444 plus sincère amitié. Mademoiselle de
989 5482 4181 5675 Saint-Silvain s'inclina, en signe de re-
999 5744 4229 5916 mercîment, et la conversation tomba.
994 5986 4219 6185 Wilton rompit le silence le premier;
994 6238 4221 6441 il ne pouvoit ôter les yeux de dessus
