4266 8253
1526 967 2058 1161 n.
-14 1245 3273 1456 elle. -- Etes-vous mariée, mademoiselle?
-13 1458 3267 1720 Elle rougit, en disant que non. -- God-
-13 1762 3273 1962 dam, vous ne devez pas manquer d'a-
-12 2019 3277 2210 dorateurs! Savez - vous que vous êtes
-12 2207 3267 2465 belle? Si vous étiez Anglaise, je veux
-11 2508 3266 2697 que le diable me torde le col, si je ne
-10 2751 3267 2952 vous prenois pour ma femme. Il seroit
-10 3009 3255 3209 dommage que vous devinssiez le partage
-9 3258 3273 3457 d'une grenouille Française..... -- Mon-
-9 3497 3262 3702 sieur, dit madame Noriss, ces messieurs
-8 3743 3251 3959 sont Français? -- Que m'importe? re-
-8 4002 3255 4250 prit Wilton; tant pis pour eux.... -- Ou
-8 4252 3261 4501 pour vous...... dit M. de la Combe en
-7 4500 3245 4707 rongissant de colère. Wilton roula ses
-7 4749 3234 4961 yeux dans sa tête avec un air furieux.
-6 4950 3250 5198 M. de la Combe, sans affecter cet air
-5 5230 3266 5442 rodomont, arrêta les siens sur lui, et
-5 5435 3235 5696 le regarda avec une fermeté qui lui
-5 5698 3261 5938 faisoit voir qu'on ne le craignoit nul-
-4 5937 3234 6192 lement. Il adressa la parole à madame
-3 6237 3471 6446 Noriss, et lui demanda quand son fils
