4266 8285
2055 901 2719 1111 iS.
885 1208 4197 1413 reviendroit? -- J'espère, dit-elle, qu'il ne
939 1478 4213 1667 tardera pas; il y a assez long-tems que
928 1731 4180 1909 je ne l'ai vu... Un soupir accompagna
933 1985 3943 2163 ces paroles. -- Je voudrois, dit-il, que
939 2233 3959 2411 vous ne le revissiez jamais. -- Que vous
939 2487 3959 2670 êtes singulier, mon frère! Vous savez
933 2735 3959 2913 bien la peine que vous faites à ma fille
938 2987 3964 3175 quand vous lui parlez ainsi. -- Taisez-
939 3242 3970 3425 vous, Clara; je ne veux pas que vous
933 3485 3959 3668 vous mêliez de mes affaires. Est-ce que
949 3738 3970 3911 vous lui avez écrit? dit-il, en continuant
939 3992 3954 4175 de parler à madame Noriss la jeune.
944 4245 3970 4423 Est-ce qu'il sait que toute votre sequelle
949 4499 4240 4666 de France est ici? -- Que voulez-vous
712 4747 3965 4925 dire, monsieur? Avez - vous des droits
949 4989 4202 5178 sur ce qui me regarde? Et même quels
944 5238 3965 5432 sont coux que vous avez sur mon fils?
955 5491 3959 5680 -- J'ai ceux d'un parent riche qui peut
949 5739 3965 5933 lui faire une grande fortune, et qui no
712 5998 3970 6192 souffrira pas qu'il ſasse une bassesse,
971 6241 4264 6457 comme son père en a fait une. -- O
