4266 8285
1321 237 1906 307 --- ----
1537 944 2352 1144 L.
11 1230 3296 1419 grands Dieux! Wilton, que dites-vous? ...
286 1483 3296 1667 -- Taisez-vous, Clara... -- Mais, mon
11 1726 3301 1915 frère. -- Taisez-vous, vous dis-je? .....
32 1951 3307 2185 Est-ce que vous ne voyez pas ce qui se
34 2211 3306 2421 trame ici? En disant cela, il se pro-
15 2396 3289 2681 menoit avec fureur dans la chambre.
42 2681 3295 2928 Mesdames Noriss s'étoient approchées
43 2929 3301 3180 l'une de l'autre, et parloient bas; Za-
43 3180 3307 3432 beth et Anna trembloient comme des
43 3432 3296 3687 feuilles; et messieurs de la Combe de-
43 3687 3301 3941 bout, suivoient des yeux le farouche
328 4001 3311 4185 vilton. Le père fit un mouvement
43 4230 3290 4466 pour le prendre et le jeter à la porte.
43 4466 3301 4704 Le fils, plus prudent, qui vit son mou-
49 4736 3301 4936 vement, l'arrêta par le bras. Wilton
49 5000 3307 5202 s'aperçut de cela; il se mit à les con-
43 5243 3307 5455 sidérer d'un air moqueur, et dit entre
43 5513 3312 5691 ses dents ſrench dogs. Frédérique s'a-
38 5744 3307 5944 vança vers lui, pour lui prendre la main
38 5998 3296 6195 et lui dire un mot; l'autre leva le poing-
32 6246 3301 6441 -- Pardonnez, dit-il en se retirant, je ne
