4266 8316
2203 909 2729 1083 i
963 1188 3973 1381 suis point accoutumé à me battre avec les
958 1444 3969 1635 porte-faix. -- Eh bien, sors, grenouille,
952 1688 4191 1872 lui dit Wilton. -- Je sortirai, dit Frédé-
953 1942 4207 2139 rique, et je purgerai la terre du plus
947 2190 4245 2389 insolent personnage qui soit au monde.
920 2442 3957 2629 M. de la Combe le père voulut parler;
941 2691 4180 2868 il étoit bouillant de colère; il sauta sur
941 2947 3962 3151 son épée, qui étoit sur un fauteuil, et
941 3188 3946 3396 vouloit vuider cette affaire sur-le-chamn.
947 3448 3952 3644 -- Laissez, mon père, dit Frédérique,
937 3703 3958 3889 ce n'est pas le moment; nous avons
930 3956 3952 4147 le tems de nous revoir; je vous prie de
942 4211 4226 4402 me laisser cette affaire; elle me regarde
930 4456 3947 4644 seul. Le père ne le vouloit pas; il vou-
764 4708 4234 4906 loit que ce fût lui qui eût l'avantage
925 4963 4228 5155 de redresser les torts de sir Jol. Pen-
925 5206 4239 5396 dant cette contestation, l'autre avoit
925 5468 4245 5660 gagné le large, et on fut fort étonné
925 5717 4244 5940 de ne plus le retrouver dans la chambre.
925 5966 4250 6168 Les quatre femmes, qui avoient été té-
925 6225 4249 6419 moins de cette scène, gémissoient de
