4266 8359
328 190 1088 288 -- ---
1000 1240 4263 1425 qui roule deux gros yeux à faire peur
980 1491 4250 1676 à tous les petits enfans, et qui jure à
947 1741 4264 1932 faire trembler tout le monde; vous voyez,
1001 1992 4264 2188 mesdames, que, quand on lui parle
1001 2253 4196 2433 ferme, il est doux comme un agneau?
996 2503 4239 2710 Une grenouille de mon pays feroit fuir
996 2746 4229 2953 un escadron de ces rost-beefs. -- Mon
996 2953 4239 3212 Dieu! dit Anna, que cela m'étonne!
1001 3246 4258 3450 Je n'ai pas dormi de la nuit, parce que
990 3521 4212 3706 je pensois à ce que mon oncle nous a
996 3717 4207 3956 conté plusieurs fois. Il nous a dit qu'il
985 4027 4212 4212 ne pouvoit nombrer la quantité de Fran-
990 4283 4207 4463 çais qu'il avoit mis sur le carreau. --
985 4533 4212 4713 Allez, ma chère bru, dit M. de la
990 4784 4212 4974 Combe, tous les Français qu'il a tués
985 5045 2552 5224 se portent fort bien.
1159 5295 4264 5513 Frédérique communiqua à son père,
980 5551 4223 5751 dans la journée, le desir qu'il avoit
675 5751 4218 6004 d'aller relancer Joln Wilton jusqu'à
974 6052 4223 6231 Londres. -- Fi donc, mon ami! c'est
735 6297 4223 6493 se compromettre... Tu veux courir après
