4266 8253
876 1225 4229 1381 avoit vu cette femme si malheureuse.
1009 1493 4217 1670 Elle s'étoit amusée à graver sur son
1016 1741 4003 1875 écorce le chiffre de Noriss et le sien:
1016 1983 4213 2160 an-dessous étoit un cœur que des ser-
758 2235 4175 2424 pens se plaisent à ronger. On lisoit plus
1010 2499 4170 2681 bas ces mots: O Enncric! c'est ainsi qu'est
1005 2746 4218 2913 le cœur de la trop sensible et trop mal-
1005 2982 4256 3165 heureuse Zabeth, depuis que vous l'avez
871 3235 4253 3407 abandonnée! Que sont devenus vos ser-
1021 3498 1650 3616 mens!
1177 3740 4191 3925 Madame Noriss et Mrs. de la Combe
833 3977 4234 4199 avoient calculé le tems où Enneric de-
914 4229 4025 4423 voit avoir reçu la lettre qu'on lui avoit
838 4487 4218 4670 écrite, et comptoient le voir arriver sous
838 4723 4251 4922 quelques jours, lorsqu'ils reçurent un
844 4987 4197 5159 billet en mauvais français, conçu en
709 5239 4229 5417 ces termes: „Les deux Français qui sont
1021 5486 4229 5664 à Vanstead sont priés de se rendre à
1016 5734 4229 5922 Londres, pour y faire raison à quel-
1021 5992 4240 6195 qu'un de ce qu'ils savent bien.“ Ils ne
973 6233 4030 6432 doutèrent pas que cela ne vînt de la part
