4266 8090
1422 906 2007 1080 6S
11 1185 3160 1317 aucunes lumières sur le sort de made-
11 1427 3155 1622 moiselle de Saint-Silvain. A la longue,
31 1679 3159 1869 elle s'expliqua plus clairement, et ap-
37 1923 3166 2102 prit à Madame Noriss que l'on avoit en-
42 2165 3166 2360 levé Zabeth; que ce ne pouvoit être que
32 2402 3160 2607 son oncle; qu'elle ne s'étoit pas trompée,
53 2671 3166 2850 et qu'elle avoit bien distingué sa voix,
58 2913 3171 3092 parce qu'en s'en allant, il avoit dit:
68 3160 3182 3292 Nous la tenons. Madame Noriss fut ac-
227 3403 3176 3529 cablee de cette nouvelle. -- Pauvre en-
3945 3388 4161 3576 L
232 3645 3187 3824 fant! pauvre enfant! Ah, M. de Saint-
232 3887 3192 4067 Silvain! si vous pouviez voir les mal-
237 4135 3176 4314 heurs qu'entraîne un moment de foiblesse,
232 4377 3197 4509 vous frémiriez d'horreur! Votre femme et
16 4625 3203 4799 sa sœur, descendues dans le tombeau
253 4878 3229 5065 avant le terme que la nature nous pres-
253 5115 3203 5294 crit! votre infortunée fille sans parens,
248 5368 3213 5541 et n'ayant d'autre espoir que l'intérêt
253 5610 3197 5789 que son sort inspire à des étrangers!
258 5857 3440 6031 en proie à toutes les persécutions, et
258 6105 3213 6279 aujourd'hui entre les mains d'un homme
3729 7732 4182 7870 --
