4266 8130
2356 889 2880 1064 a
988 1165 4263 1350 c'est lui qui soit l'auteur.... -- Oui,
1128 1419 4214 1593 ma bonne maman, reprit vivement
1075 1667 4071 1842 Anna; je le dirois à tout le monde,
1128 1888 4251 2091 parce que j'en suis sûre: je l'ai vu et
1128 2160 4256 2350 entendu. Sa voix est bien reconnois-
1133 2403 4198 2583 sable; car je ne crois pas que personne
1128 2652 4251 2837 parle aussi haut dans le monde! -- Je
1122 2901 4245 3086 n'en reviens pas, dit madame Noriss
1122 3144 4235 3319 la mère en se levant, et en s'en allant
1122 3388 4187 3568 avec le sang-froid qui ne la quittoit
1117 3637 4240 3817 jamais; je vais lui écrire une lettre très-
1122 3880 4230 4060 sévère, et l'envoyer à Londres par un
1128 4118 4232 4330 exprès. Adieu.... ma fille.... adieu.....
1122 4388 1821 4515 Anna.....
1112 4615 4177 4828 Quel flegme! dit sa bru en la re-
1112 4886 4256 5086 gardant aller: autant le frère est vio-
1106 5135 4177 5310 lent, autant la sœur est posée. Et M.rs
1101 5357 4166 5553 de la Combe qui ne sont point ici!....
1133 5622 4166 5807 Que faire? ... quel parti prendre?... En
1143 5865 4171 6040 vérité, la tête me tourne..... Je ne puis
1090 6093 4166 6284 rendre tout ce qui se passe dans mon
3642 6352 4161 6479 cœurl
