4266 8222
1215 947 2024 1125 ii
272 1226 3255 1425 riss leur dit ce qui s'étoit passé. Fré-
272 1477 3260 1682 dérique ne put entendre ce récit, sans
277 1722 3335 1918 sortir du caractère qui lui étoit natu-
277 1962 3271 2164 rel: il se leva, et jura avec feu que
277 2217 3266 2409 John Wilton auroit sa vie ou qu'il au-
14 2473 3276 2671 roit la sienne. A ces mots, les pleurs
15 2724 3255 2906 d'Anna recommencèrent de plus belle.
14 2823 3431 3158 Bon Dieu! que je suis à plaindre, dit-
20 3222 3270 3431 elle! Que j'avois raison de ne pas vou-
21 3417 3266 3681 loir aimer M. Frédérique! N'ai-je point
283 3721 3266 3914 assez de chagrins pour mon amie, sans
27 3969 3255 4160 encore craindre pour vos jours!... -- Eh!
277 4219 3255 4424 vous badinez, dit M. de la Combe,
36 4471 3244 4668 dont la fureur ne pouvoit se décrire:
36 4720 3255 4927 croyez - vous, ma belle demoiselle, que,
35 4965 3255 5220 parce que vous aimez mon fils, il va
35 5219 3250 5424 se faire capucin? .... Il faut qu'il se
36 5462 3244 5658 batte, morbleu! et tant qu'il coulera
36 5708 3243 5916 une goutte de sang dans les veines du
36 5948 3244 6228 père et du fils, elle servira à tirer raison
31 6214 3340 6398 de ce.... -- Ah, monsieur! dit madame
