4266 8161
2226 919 2747 1100 ipa.
998 1200 4234 1396 Noriss, calmez votre emportement; je
999 1456 4256 1637 crois qu'il faudroit mieux que, comme
988 1706 3953 1886 tnteur, vous fissiez votre déposition chez
988 1961 4256 2136 un juge-de-paix? -- Madame, dit-il en
988 2205 3943 2386 montrant son épée, voilà mon juge-de-
983 2449 4182 2635 paix; les officiers français n'en connois-
983 2694 4182 2904 sent point d'autre. Vous reverrez ma
978 2944 4232 3130 pupille, mais vous ne reverrez jamais
983 3193 4182 3347 ce scélérat de Wilton.... Il sortit en
978 3438 4182 3624 prononçant ces mots. Frédérique s'ap-
972 3682 3921 3873 procha d'Anna qu'il vouloit consoler:
802 3932 4176 4131 il lui dit tout ce que sa tendresse pour
978 4170 4176 4378 elle pouvoit lui suggérer; mais ce qui
967 4415 4244 4601 la calma davantage, c'est qu'il lui fit
978 4670 4256 4856 envisager que sir John n'étoit pas un
972 4915 2566 5111 dangereux adversaire.
1148 5165 3927 5345 Il fut rejoindre son père. Allons, mon
983 5414 4166 5624 ami, lui dit-il, prenons chacun un valet;
978 5647 4166 5808 montons à cheval. Le rendez-vous est ici:
983 5903 4166 6089 il ne faut point y remettre le pied, que
998 6152 4165 6338 quand Wilton aura rendu sa vilaine ame.
