4266 8031
345 1145 3268 1312 Tu iras de ton côté, et moi du mien.
340 1379 3383 1563 Partons: nous n'avons pas un moment
47 1637 3273 1830 à perdre. Ils partirent effectivement,
51 1881 3277 2064 quoique la nuit fût commencée, et furent
52 2123 3273 2321 chacun de leur côte, en s'informant dans
52 2369 3278 2562 tous les environs si l'on n'avoit pas vu
57 2613 3272 2786 une voiture, dans laquelle étoit une jeune
51 2705 3267 3063 personne qu'on emmenoit malgré elle?
340 3101 3514 3278 Laissons - les s'occuper d'une recherche
51 3105 2472 3523 aussi ifficile qu'intéressante.
518 3592 3268 3770 Madame Noriss avoit éprouvé une se-
51 3832 3262 4009 cousse trop violente pour l'état de santé
51 4003 3262 4251 dans lequel elle étoit. Dans la nuit
52 4317 3258 4490 même, elle eut un accès de fièvre assez
47 4491 3252 4742 fort, et fut plusieurs jours plus mal
46 4752 3246 4987 qu'elle n'eût encore été. Il y avoit quatre
44 4961 3246 5259 jours que messieurs de la Combe étoient
37 5297 3242 5521 partis, lorsque Noriss arriva. La lettre
36 5531 3236 5704 qu'il avoit reçue de sa cousine Anna
31 5745 3237 5973 avoit réveillé dans son cœur la tendresse
25 6007 3236 6206 qu'il avoit toujours eue pour sa mère. La
