4266 8161
1504 925 2035 1095 .
292 1187 3252 1402 fort embarrassé de vous satisfaire sur ce
11 1433 3252 1637 point; car il me semble que je n'ai rien
282 1695 3252 1876 pensé et rien senti depuis le moment où
21 1945 3241 2120 j'ai été jeté dans le monde. Etourdi....
282 2189 3246 2370 enivré... j'ai joui, sans penser si je jouis-
1 2425 3241 2634 sois. -- Où est votre lady? -- Ma lady?...
32 2683 3257 2864 -- Sans doute. Vous a-t-elle suivi dans
1 2921 3246 3114 votre retour ici? -- Voilà deux mois que
37 3177 3252 3376 je suis brouillé avec elle. -- Que faisiez-
36 3431 3251 3612 vous donc en France? -- J'y jouissois des
36 3656 3245 3924 plaisirs que l'on ne goûte que dans ce
36 3910 3261 4106 pays. -- Et ces plaisirs vous ont fait ou-
37 4118 850 4352 blier....
887 4171 3262 4352 .. Revenez de vos égaremens,
37 4398 3241 4616 mon ami. Faites un retour sur vous-
36 4649 3325 4863 même. Rappelez dans votre cœur les
37 4897 3262 5099 vertus qu'un honnête homme doit pro-
37 5100 3257 5359 fesser; et je mets en fait que, quand vous
32 5404 3257 5590 serez de sang-froid, vous serez étonné
32 5646 3246 5844 de vous-même. Anna, montrez à votre
26 5892 3256 6088 cousin la chambre qui lui est destinée.
26 6078 3256 6290 Il se retira avec sa cousine. Elle le ſit
