4266 8222
241 177 1076 343 ---- -
2163 894 2698 1103 .
931 1178 3908 1370 entrer dans sa chambre, et revint près
921 1435 3913 1634 de sa tante. Madame Noriss lui demanda
931 1669 3919 1858 si son fils avoit vu Victoire? -- Non, ma
921 1933 3919 2115 tante. -- Eh bien, ma chère enfant, pré-
921 2184 4170 2366 viens-la de ne se pas montrer à lui; qu'il
926 2425 3929 2607 ignore que mademoiselle de Saint-Silvain
931 2671 3929 2859 étoit ici. S'il t'en parloit, ne réponds pas
931 2923 3924 3100 à ses questions. Demain, de bonne
931 3161 3924 3357 heure, demande- lui de t'accompagner
926 3415 3929 3592 dans la forêt, et mène-le du côté de l'ar-
925 3666 3923 3853 bre dont tu m'as parlé. Tâche de n'y
937 3924 3935 4106 point aller avec lui; mais observe ce qui
937 4176 3935 4358 se passera dans son ame, et tu m'en ren-
942 4427 1879 4609 dras compte.
1108 4674 3935 4856 Anna étoit si pressée de remplir les de-
942 4914 3924 5096 sirs de sa tante et sa petite curiosité,
700 5165 3934 5347 qu'une heure après s'être endormie, elle
948 5412 3940 5594 se réveilla en sursaut, croyant qu'il étoit
948 5669 3940 5851 jour, et qu'elle avoit dormi trop long-
958 5916 3940 6081 tems. Quoi! dit-elle en sonnant sa mon-
846 6162 3940 6397 tre, il n'est que deux heures! Que la
