4266 8161
1514 877 2046 1057 .
303 1164 3273 1355 tête, et respiroit avec plaisir l'air pur
282 1419 3273 1552 du matin. -- Comme cela rafraîchit mes
303 1659 3268 1849 sens! dit-il. Cela me fait un bien que je
308 1908 3273 2093 ne puis rendre: mes poulmons se dila-
303 2157 3581 2327 tent!........ Quelle différence avec l'air
303 2402 3268 2582 chaud que l'on respire dans un spectacle
308 2651 3262 2832 ou dans un bal! On se fatigue toute une
303 2901 3252 3076 nuit; on rentre harassé: on se couche;
308 3146 3326 3326 on dort d'un sommeil pesant; on se lève
303 3390 3395 3576 tard, pour recommencer une pareille
302 3639 3251 3809 journée; et l'on appelle cela s'amuser!...
308 3884 3268 4054 -- Mais, mon cher cousin, il me semble
318 4128 3272 4303 que cela vous a plu long-tems; car, si on
319 4378 3273 4554 ne vous eût pas écrit l'état de ma tante,
319 4628 3273 4803 vous y seriez encore? -- C'est possible. Je
319 4872 3257 5048 ne pensois pas à revenir, j'en conviens.
16 5117 3268 5292 J'étois entraîné..... un jour succédoit à
329 5361 3273 5542 un autre: je n'avois pas le tems de la ré-
329 5606 3273 5781 flexion... Anna, attends-moi ici un mo-
345 5855 3305 6025 ment: je m'en vais revenir. -- Bon, dit
345 6094 3289 6275 Anna, il va du côté de l'arbre: je vais
