4266 8222
1049 186 2152 267 ---------
287 197 1051 315 --- --
3843 259 4223 358 -
2195 857 2725 1028 r
964 1135 4240 1322 manqué la perdre pour jamais!.... As-
958 1376 4224 1569 seyez - vous, mon cher ami. -- Non,
953 1633 4235 1809 madame. Je cède à vos raisons: je vais
958 1884 3935 2061 écouter le récit que vous allez faire,
958 2131 4251 2307 mais je l'écouterai debout; car, dans la
958 2377 4186 2564 position d'esprit où je suis, il m'est im-
974 2629 4229 2811 possible de rester en place. Abrégez, je
969 2875 4181 3057 vous prie, le plus que vous pourrez. --
707 3126 4245 3308 Ce qui la regarde vous intéresse donc
953 3346 4186 3560 bien peu?.... -- Pardonnez-moi: quand
964 3619 3929 3801 vous aurez fini, si elle n'est pas de retour,
964 3865 3935 4047 je vous préviens que rien ne m'arrête: je
862 4127 4186 4326 pars, et vais de mon côté m'informer
953 4374 2789 4556 de ce qu'elle est devenue.
1130 4608 4261 4807 Anna arriva dans ce moment, et gronda
958 4877 4186 5048 son cousin de l'avoir laissée seule ainsi.
958 5129 3945 5311 Il ne lui répondit rien, et marchoit à
964 5375 3945 5578 grands pas dans la chambre. Tous ses
964 5626 3945 5814 gestes annonçoient l'agitation de son es-
969 5857 3951 6076 prit. On apporta un bouillon à madame
969 6119 3940 6328 Noriss, et le thé pour son fils et sa nièce.
