4266 8130
1503 932 2027 1106 l
275 1218 3240 1392 -- Vous allez déjeûner, ma mère? Vous
281 1466 3240 1641 n'allez donc pas me commencer l'histoire
281 1705 3240 1874 de Zabeth? -- Mais, mon ami, il faut
274 1942 3233 2127 que toi-même tu déjeûnes? -- Moi? je
21 2192 3234 2372 ne veux rien manger avant de l'avoir
20 2439 3233 2625 vue. -- Quelle folie! O mon ſils! que
20 2621 3239 2922 l'on fait de sottises avec une tête comme
1 2923 3457 3113 celle-là! Mais où allez-vous? -- Tenez,
26 3187 3240 3351 ma mère, si vous allez vous amuser à
26 3430 3234 3627 me faire des sermons, je vais prendre un
26 3657 3229 3866 cheval et partir. -- Vous allez à Paris,
26 3912 3240 4111 mon cousin? -- A Paris, moi! Je vou-
21 4153 3234 4353 drois que la foudre m'eût écrasé le jour
26 4400 3224 4601 où l'envie m'a pris de quitter ma mère!
21 4653 3224 4830 -- Que voulez-vous donc, mon cher En-
21 4888 3229 5105 neric? -- Je veux, madame, que vous
21 5145 3229 5341 me parliez de Zabeth; que vous ne me
281 5394 3224 5569 parliez que d'elle, ou je cours la cher-
281 5632 3219 5812 cher. Madame Noriss, pour satisſaire à
270 5881 3219 6056 l'impatience de son fils, se hâta de pren-
281 6119 3219 6310 dre son bouillon, et commença le récit
