4266 8285
2158 971 2940 1149 e
976 1251 4218 1453 des malheurs de mademoiselle de Saint-
976 1462 3965 1683 Silvain. Il l'écouta, comme il l'avoit dit,
982 1748 3965 1931 debout et dans une agitation continuelle.
1154 1981 3970 2174 Elle en étoit à l'endroit où, au pou-
976 2217 4257 2443 voir de Dupuis, elle ne savoit par quel
976 2492 4207 2681 moyen échapper à la prison dans laquelle
987 2740 4207 2929 on la tenoit enfermée, quand on annonça
976 2980 4261 3166 madame Noriss la mère. Elle entra, en
976 3242 4202 3425 demandant pourquoi son cher petit-fils
858 3495 3975 3679 n'étoit pas venn la voir, puisqu'il étoit
831 3749 3970 3921 arrivé de la veille? -- Madame, dit-il, je
976 3997 3970 4175 répondrai à cette question quand ma
976 4245 3975 4423 Zabeth sera hors de prison. Eh bien, ma
971 4499 3975 4677 mère? -- Comment, hors de prison?
976 4747 3970 4925 est-ce que mon frère l'a fait mettre en
976 4995 3975 5173 prison? -- Je voudrois bien voir cela, dit
944 5238 3981 5432 Noriss: est-ce qu'il auroit cette audace?
863 5486 4264 5669 -- Mais expliquez-vous, mon ſils? -- Je
939 5734 3970 5942 n'ai pas le tems de vous dire tout cela:
975 5986 3974 6164 j'écoute ma mère; cela est beaucoun plus
976 6230 3970 6419 intéressant. -- Mais, ma fille, est-ce
