4266 8191
1467 928 1995 1104 O
26 1215 3364 1402 que votre fils est devenu fou depuis son
26 1466 3220 1642 vovage à Paris? -- Non, dit - il; c'est
37 1717 3216 1915 avant que je le suis devenu: c'est quand
37 1952 3211 2194 j'ai suivi les perfides conseils de monsieur
15 2199 3210 2516 votre frère, et que je me suis laissé
235 2459 3205 2640 éblouir par l'argent qu'il m'a prodigué.
10 2708 3210 2978 Il a séduit ma crédule jeunesse; il m'a
8 2959 3359 3135 égaré, il m'a perdu: j'ouvre enfin les
4 3188 3183 3386 veux, et je vois avec horreur le précipice
1 3451 3195 3639 dans lequel il m'avoit jeté. -- Mon fils,
37 3690 3184 3889 dit madame Noriss, jugez-vous moins
37 3930 3195 4133 sévèrement. A dix sept ans, on peut tom-
32 4139 3184 4386 ber dans bien des erreurs; et quand on
32 4431 3179 4637 en revient à dix-huit et demi, le mal
27 4688 3189 4891 n'est pas grand. L'expérience que vous
26 4932 3183 5221 avez acquise vous sera utile pour ne plus
20 5178 3172 5366 vous rendre coupable des mêmes ſautes.
21 5404 3216 5599 -- Je n'entends rien à tout cela, dit la
15 5653 3172 5917 vieille madame Noriss. Je me retire, car
15 5914 3167 6100 il paroît que vous êtes dans de grandes
213 6165 3403 6357 explications. Comme vous parlez fran-
