4266 8161
3980 240 4219 340 -
2237 946 2768 1149 (S
1015 1227 3980 1424 çais, et que je ne suis pas familière avec
1015 1477 4250 1658 cette langue, je ferai aussi bien de m'en
1025 1722 4208 1897 aller. Adieu, mes enfans. J'espère, mon
1031 1966 4224 2147 fils, que vous viendrez me voir. Enneric
1036 2210 4192 2402 la salua respectueusement, et fut fort
1031 2460 4192 2598 charmé de s'en voir débarrassé. Sa mère
1047 2705 4192 2880 continua l'histoire qu'elle avoit com-
1057 2954 1637 3082 mencée.
1201 3199 4006 3374 Il ne put entendre le récit des infor-
1036 3443 4208 3576 tunes de sa chère Zabeth sans verser
1047 3693 4017 3863 des larmes. -- Voilà, dit-il on les ramas-
1052 3923 4028 4118 sant avec ses doigts sur ses joues, voilà
1052 4192 4022 4373 les premières larmes qui sortent de mes
1047 4437 4219 4623 yeux. C'est d'aujourd'hui seulement que
951 4681 4033 4867 je sais qu'un homme peut pleurer. Qu'el-
1063 4936 4038 5138 les sont amères! mais qu'elles seroient
1079 5181 4038 5367 douces, ô Zabeth! si, en vous prouvant
978 5436 4038 5611 mon repentir, je pouvois obtenir mon
1068 5680 4033 5861 pardon! -- Vous l'obtiendrez, mon ami,
1068 5930 4038 6063 lui dit sa mère. Vous êtes aimé tendre-
1073 6179 4038 6365 ment; et on pardonne tout à l'homme
