4266 8060
199 1170 3133 1359 qui nous est cher. Un bruit de voiture
205 1417 3138 1601 empêcha madame Noriss de continuer.
207 1664 3159 1842 Polly, sa femme-de-chambre, entra, et
215 1905 3154 2083 lui annonça M. de la Combe, qui avoit
210 2146 3165 2325 l'air blessé. Enneric ne fit qu'un saut
16 2393 3170 2572 pour aller le recevoir. Ils montèrent en-
16 2635 3170 2802 semble. -- Quelle nouvelle, monsieur?
231 2871 3165 3049 dit-elle aussi-tôt qu'elle le vit. -- Aucune,
241 3123 3170 3301 madame; ma maudite goutte m'a repris,
247 3364 3175 3542 et j'ai été obligé de prendre une voiture
247 3605 3180 3789 pour revenir. Mais mon fils vous rendra
252 3847 3180 4031 avant peu bon compte du Wilton. Il est
257 4088 3180 4267 sur ses traces. Vous voilà donc, jeune
52 4340 3180 4477 homme? dit-il à Noriss. On a bien de la
268 4587 3191 4765 peine à vous avoir pour vous marier à
268 4828 3196 5001 une belle et tendre fille? -- Ah, mon-
273 5075 3196 5253 sieur! ménagez-moi: vous me voyez hon-
278 5327 3191 5500 teux de mes égaremens..... -- C'est une
68 5568 3196 5741 folie; il n'y ſaut plus penser. Je l'ai dit
289 5815 3196 5993 à madame votre mère: étourderie de jeu-
294 6056 3201 6235 nesse; le cœur n'étoit pas gâté. J'étois
