4266 8191
1419 837 1947 1013 i
181 1120 3168 1264 moiselle de Saint- Silvain. Restez avec
176 1371 3163 1552 nous en attendant, et, pour passer le
181 1621 3157 1792 tems, vous me conterez vos fredaines:
187 1872 3307 2048 cela me rappelle mon jeune tems. J'ai
187 2117 3173 2293 été, tel que vous me voyez, l'acteur de
181 2363 3173 2539 plus d'une aventure galante. -- Ah, mon-
187 2613 3173 2789 sieur! de grace, laissez-moi oublier, s'il
187 2864 3179 3045 est possible, toutes les sottises que j'ai
191 3115 3179 3291 faites? -- Vous n'en vaudrez que mieux
192 3360 3173 3547 apès, jeune homme. Il faut connoître
192 3611 3173 3787 la laideur du vice, pour aimer la vertu
197 3856 3173 4000 d'une amitié solide. J'ai été très-extrava-
16 4101 3173 4288 gant, et pourtant je me suis très-bien
5 4347 3173 4491 conduit avec ma femme. Madame de la
16 4592 3173 4773 Combe n'a jamais eu à se plaindre de
11 4837 3173 5013 moi; et vous n'auriez pas mademoiselle
5 5069 3168 5259 de Saint-Silvain, si je n'étois sûr de vos
16 5333 3163 5520 principes. -- Je conçois ce que vous me
16 5579 3477 5760 dites, si mes folies n'avoient pas été
213 5824 3168 6005 la cause des violens chagrins qu'elle a
229 6075 3173 6261 éprouvés: si je n'avois pas eu la barbarie
