<PcGts xmlns="http://schema.primaresearch.org/PAGE/gts/pagecontent/2017-07-15" xmlns:xsi="http://www.w3.org/2001/XMLSchema-instance" xsi:schemaLocation="http://schema.primaresearch.org/PAGE/gts/pagecontent/2017-07-15 http://schema.primaresearch.org/PAGE/gts/pagecontent/2017-07-15/pagecontent.xsd"><Metadata><Creator>User123</Creator><Created>2020-10-13T21:44:14</Created><LastChange>2020-10-13T21:44:14</LastChange></Metadata><Page imageFilename="0192.png" imageHeight="8191" imageWidth="4266"><TextRegion id="r0" type="paragraph" orientation="-0.0"><Coords points="1,1 4264,1 4264,8189 1,8189"/><TextLine id="r0_l001"><Coords points="299,213 1088,213 1088,353 299,353"/><TextEquiv index="1"><Unicode>-</Unicode></TextEquiv></TextLine><TextLine id="r0_l002"><Coords points="2085,880 2869,880 2869,1056 2085,1056"/><TextEquiv index="1"><Unicode>iaà</Unicode></TextEquiv></TextLine><TextLine id="r0_l003"><Coords points="1099,1157 4064,1157 4064,1344 1099,1344"/><TextEquiv index="1"><Unicode>de l'oublier dans le moment où je lui</Unicode></TextEquiv></TextLine><TextLine id="r0_l004"><Coords points="1093,1408 4064,1408 4064,1589 1093,1589"/><TextEquiv index="1"><Unicode>étois le plus nécessaire, je me pardonne-</Unicode></TextEquiv></TextLine><TextLine id="r0_l005"><Coords points="1093,1653 4053,1653 4053,1835 1093,1835"/><TextEquiv index="1"><Unicode>rois aisément; mais j'ai vraiment été</Unicode></TextEquiv></TextLine><TextLine id="r0_l006"><Coords points="1093,1904 4251,1904 4251,2091 1093,2091"/><TextEquiv index="1"><Unicode>coupable avec la plus aimable des fem-</Unicode></TextEquiv></TextLine><TextLine id="r0_l007"><Coords points="1088,2155 4053,2155 4053,2336 1088,2336"/><TextEquiv index="1"><Unicode>mes, et celle qui méritoit le mieux tous</Unicode></TextEquiv></TextLine><TextLine id="r0_l008"><Coords points="1083,2405 2283,2405 2283,2576 1083,2576"/><TextEquiv index="1"><Unicode>mes hommages.</Unicode></TextEquiv></TextLine><TextLine id="r0_l009"><Coords points="1253,2645 4053,2645 4053,2832 1253,2832"/><TextEquiv index="1"><Unicode>Noriss sentit qu'effectivement sa posi-</Unicode></TextEquiv></TextLine><TextLine id="r0_l010"><Coords points="1077,2896 4187,2896 4187,3077 1077,3077"/><TextEquiv index="1"><Unicode>tion étoit délicate, et qu'il ne pouvoit</Unicode></TextEquiv></TextLine><TextLine id="r0_l011"><Coords points="1072,3147 4245,3147 4245,3333 1072,3333"/><TextEquiv index="1"><Unicode>prendre fait et cause contre un oncle</Unicode></TextEquiv></TextLine><TextLine id="r0_l012"><Coords points="1072,3397 4043,3397 4043,3579 1072,3579"/><TextEquiv index="1"><Unicode>dans une circonstance pareille. Il céda</Unicode></TextEquiv></TextLine><TextLine id="r0_l013"><Coords points="1072,3632 4043,3632 4043,3808 1072,3808"/><TextEquiv index="1"><Unicode>donc aux conseils de M. de la Combe, et</Unicode></TextEquiv></TextLine><TextLine id="r0_l014"><Coords points="1067,3872 4037,3872 4037,4053 1067,4053"/><TextEquiv index="1"><Unicode>resta. Pour charmer son impatience, il</Unicode></TextEquiv></TextLine><TextLine id="r0_l015"><Coords points="1061,4123 4251,4123 4251,4309 1061,4309"/><TextEquiv index="1"><Unicode>s'amusa à jeter sur la toile une allégorie</Unicode></TextEquiv></TextLine><TextLine id="r0_l016"><Coords points="965,4357 4021,4357 4021,4555 965,4555"/><TextEquiv index="1"><Unicode>pour mettre à la place de ce que Zabeth</Unicode></TextEquiv></TextLine><TextLine id="r0_l017"><Coords points="1061,4619 4027,4619 4027,4800 1061,4800"/><TextEquiv index="1"><Unicode>avoit gravé sur l'arbre de la forêt de Wap-</Unicode></TextEquiv></TextLine><TextLine id="r0_l018"><Coords points="1056,4864 4021,4864 4021,5051 1056,5051"/><TextEquiv index="1"><Unicode>ping. On le voyoit à genoux devant ma-</Unicode></TextEquiv></TextLine><TextLine id="r0_l019"><Coords points="1056,5088 4011,5088 4011,5291 1056,5291"/><TextEquiv index="1"><Unicode>demoiselle de Saint-Silvain, qui, d'une</Unicode></TextEquiv></TextLine><TextLine id="r0_l020"><Coords points="1056,5355 4016,5355 4016,5536 1056,5536"/><TextEquiv index="1"><Unicode>main, conduite par l'amour, arrachoit</Unicode></TextEquiv></TextLine><TextLine id="r0_l021"><Coords points="1040,5605 4243,5605 4243,5781 1040,5781"/><TextEquiv index="1"><Unicode>le bandeau que la folie tenoit sur ses</Unicode></TextEquiv></TextLine><TextLine id="r0_l022"><Coords points="3648,6042 3647,6042 3647,6037 3647,6036 3637,6036 3636,6036 3636,6032 3636,6031 2843,6031 2842,6031 2842,6027 2842,6026 2837,6026 2836,6026 2836,5984 2836,5983 2517,5983 2516,5983 2516,5979 2516,5978 1472,5978 1471,5979 1471,5983 1471,5983 1184,5983 1183,5984 1183,5988 1183,5988 1104,5988 1103,5989 1103,5999 1103,5999 1099,5999 1098,6000 1098,6010 1098,6010 1093,6010 1092,6011 1092,6022 1092,6022 1082,6013 1082,5973 1082,5972 1077,5972 1076,5972 1076,5963 1076,5962 1072,5962 1071,5962 1071,5947 1071,5946 1067,5946 1066,5946 1066,5941 1066,5940 1061,5940 1060,5940 1060,5936 1060,5935 1051,5935 1050,5935 1050,5931 1050,5930 1045,5930 1044,5930 1044,5915 1045,5914 1050,5914 1050,5914 1050,5909 1051,5908 1453,5908 1453,5908 1453,5899 1454,5898 1615,5898 1615,5898 1615,5856 1616,5855 1626,5855 1626,5855 1626,5851 1627,5850 2372,5850 2372,5851 2372,5855 2373,5855 2660,5855 2660,5856 2660,5860 2661,5860 3503,5860 3503,5861 3503,5866 3504,5866 3930,5866 3930,5867 3930,5892 3931,5892 3978,5892 3978,5893 3978,5898 3979,5898 3983,5898 3983,5899 3983,5914 3984,5914 4250,5914 4250,5915 4250,5919 4250,5919 4000,5919 3999,5920 3999,5962 4000,5962 4004,5962 4004,5963 4004,5972 4004,5972 4000,5972 3999,5973 3999,5978 3999,5978 3995,5978 3994,5979 3994,5983 3994,5983 3984,5983 3983,5984 3983,5988 3983,5988 3712,5988 3711,5989 3711,6010 3711,6010 3707,6010 3706,6011 3706,6026 3706,6026 3701,6026 3700,6027 3700,6031 3700,6031 3691,6031 3690,6032 3690,6036 3690,6036 3664,6036 3663,6037 3663,6042 3663,6042"/><TextEquiv index="1"><Unicode>veux: dans le lointain, on distinguoit</Unicode></TextEquiv></TextLine><TextLine id="r0_l023"><Coords points="1045,6091 4256,6091 4256,6283 1045,6283"/><TextEquiv index="1"><Unicode>le temple de l'hymen, et la vertu leur en</Unicode></TextEquiv></TextLine><TextLine id="r0_l024"><Coords points="3376,6352 4011,6352 4011,6485 3376,6485"/><TextEquiv index="1"><Unicode>montroit</Unicode></TextEquiv></TextLine></TextRegion></Page></PcGts>