4266 8120
2199 883 2723 1057 n6e.
909 1144 3934 1348 blesse l'empêchoit d'aller plus vîte. Il la
952 1412 3891 1591 saisit, et l'enlève. En traversant la cour,
946 1655 3907 1829 il la pressoit contre son sein, et disoit
767 1898 3902 2057 d'une voix étoufſée: Zabeth! ma chère
952 2152 3912 2326 Zabeth! c'est vous!.... vous que je tiens
952 2395 3912 2570 contre ce cœur qui vous adore! Made-
952 2638 3907 2813 moiselle de Saint-Silvain poussa un sou-
714 2881 3912 3067 pir, pencha sa tête sur l'épaule de Noriss,
968 3135 3918 3310 et y resta presque sans sentiment. Il la
957 3378 3923 3569 posa sur un siége, et se précipita à ses
646 3632 3923 3812 genoux. Tout ce que je viens de dire avoit
973 3875 3928 4055 été si prompt, que MM. de la Combe
989 4119 3939 4298 et madame Noriss, qui se portoient
983 4362 3944 4542 mieux, ne faisoient que d'entrer dans
983 4610 3944 4790 la salle, quand Enneric parut chargé de
999 4854 3949 5033 son précieux fardeau. -- Où est mon ſils?
1015 5097 3955 5234 dit M. de la Combe d'un ton ému. --
1020 5345 3960 5530 Monsieur, dit la femme qui accompa-
1026 5599 3944 5779 gnoit Zabeth, il nous suivoit à cheval:
1031 5842 3949 6022 je suis étonnée qu'il ne soit pas ici.
1042 6080 3971 6260 Comme elle finissoit de parler, Frédéri-
