4266 8120
2247 872 2776 1047 nt.
941 1142 4177 1322 mon ami! dit-il en se relevant et en se
1026 1374 4219 1570 jetant à son cou, que je t'ai d'obligations!
1026 1639 4219 1819 Que je t'aime! Me pardonnes-tu? ..... Il
1020 1861 4171 2069 faut que tout ce que j'aime me pardonne!
1020 2104 4256 2326 Zabeth, toi, ma mère, il faut que tout
1020 2366 4166 2574 le monde oublie mes torts, ou il faut me
1031 2601 4261 2815 tuer! Je ne pourrois vivre sous le poids
1026 2848 4171 3051 de l'indifférence. -- Tenez, dit Frédéri-
1014 3108 4234 3282 que en montrant mademoiselle de Saint-
952 3299 4264 3532 Silvain, voilà l'objet dont serl vous devez
1026 3601 4177 3786 obtenir votre absolution. Elle est bien ir-
1015 3849 4177 4076 ritée contre vous! Pendant cette scène,
730 4084 4247 4324 le médecii que l'on avoit été réveiller,
1026 4351 1702 4515 arriva.
1190 4580 4256 4785 Il ordonna que l'on mît Zabeth au
1015 4822 4264 5023 lit, et qu'on la laissât reposer. Elle avoit
1019 5090 4260 5280 beaucoup de fièvre et une oppression
1020 5322 4182 5477 considérable. Elle avoit recouvré tout-à-
1010 5583 4264 5763 fait sa connoissance; mais elle tenoit sa
983 5826 3971 6017 main sur ses yeux, et avoit l'air de
745 6075 3976 6255 craindre la vue d'Enneric. Madame No-
