4266 8060
378 1123 3312 1291 riss lui dit: Ma chère fille, votre frère
378 1370 3312 1543 est là: voulez-vous lui permettre de s'ap-
357 1601 3301 1790 procher? Elle ne répondit rien, et ne fit
367 1853 3306 2031 aucun signe. -- Allons, dit le docteur,
373 2094 3312 2272 il faut la porter au lit; je vous dis que
357 2335 3301 2514 le poulx est dans un état alarmant: elle
357 2582 3296 2760 pourroit reperdre de nouveau la connois-
362 2829 3296 3007 sance. -- Je vais la porter, dit Enneric: je
357 3075 3285 3254 ne souffrirai pas que personne la touche.
352 3322 3296 3500 -- Mais, mon fils.... -- Il n'y a pas de
373 3563 3301 3742 mais .... ma mère; personne n'a plus de
362 3810 3296 3989 droits sur elle que moi: je l'ai retrou-
52 4057 3285 4235 vée, je ne la quitterai plus; c'est mon
52 4246 3280 4482 bien. Il la prit dans ses bras, et l'em-
52 4539 3280 4770 porta comme une plume. Il étoit arrivé
42 4791 3275 4975 dans sa chambre avant tout le monde:
42 5033 3285 5217 il la posa doucement sur son lit, et prit
45 5285 3259 5458 sur sa bouche le plus doux baiser. Voilà,
37 5521 3264 5707 dit-il avec feu, le premier baiser de l'a-
346 5768 3270 5951 mour! Oui, ma Zabeth, je sens à ce
345 5992 3274 6186 qui se passe dans mon ame, que je n'ai
