4266 8060
2131 849 2729 1023 cc
797 1118 3889 1312 jamais cessé de t'adorer! Les personnes
970 1366 3889 1564 qui entrèrent l'empêchèrent d'en dire da-
713 1610 3894 1814 vantage. Mademoiselle de Saint-Silvain,
734 1855 3899 2053 pâle et foible, ne pouvoit proférer une
975 2091 3899 2299 parole: ses yeux baignés de larmes étoient
970 2336 3889 2524 attachés sur Noriss. -- Pleurez, pleurez,
970 2578 3894 2765 mademoiselle, dit le médecin; cela ne
953 2826 3884 3018 peut que vous soulager. Allons, que tout
938 3064 3878 3265 le monde sorte, continua-t-il, et qu'on
944 3309 3878 3506 la mette au lit. -- Moi, je ne sors pas,
928 3543 3878 3735 dit Noriss: c'est ma femme, c'est ma
945 3793 3878 3980 sœur, c'est mon amie; et tout l'univers
933 4030 3857 4223 ne me feroit pas sortir d'auprès d'elle!
933 4271 3867 4468 -- Mais, mon fils, dit sa mère, ayez
928 4514 3862 4713 de la raison?... vous avez manqué la
923 4752 3862 4948 faire mourir en l'abandonnant; voulez-
938 5005 3857 5193 vous causer sa mort, après l'avoir re-
938 5242 3863 5439 trouvée, en lui faisant éprouver des émo-
781 5482 3857 5686 tions qui peuvent être dangereuses dans
938 5723 3857 5931 l'état où elle est? Vous reviondrez quand
928 5970 3852 6171 elle sera au lit? -- Eh bien, je m'en
