4266 8090
4056 288 4256 395 .
2239 832 2755 1006 at.
1053 1111 3966 1248 beth?... Voulez-vous ma mort?... dites-
1043 1359 3961 1512 le .... vous serez bientôt satisfaite... -- Al-
1011 1607 3945 1786 lez, dit sa mère, et soyez tranquille:
832 1843 3951 2054 je me charge de faire votre paix. Il prit
1032 2102 3951 2276 sa mère à bras le corps, et la baisa de
1027 2339 3956 2507 tout son cœur. -- O ma mère! je vous
1027 2576 3930 2707 devrai encore une seconde fois la vie!....
1195 2822 3950 2991 Quand mademoiselle de Saint-Silvain
1011 3071 3951 3240 le vit sorti, elle tendit la main à ma-
911 3303 3945 3503 dame Noriss; et, en la regardant de
1017 3561 4001 3740 l'œil le plus tendre, faites-moi un plai-
1011 3803 3940 3982 sir, madame; je vous le demande avec
853 4051 3940 4246 instance? Monsieur votre fils est-il re-
1001 4293 3940 4467 venu ici de lui - même? Comme un petit
996 4541 3940 4720 mensonge n'étoit que pour un plus grand
990 4783 3935 4962 bien, madame Noriss n'hésita pas à le
996 5025 3940 5204 faire. -- Oui, ma chère fille; il a ſait
996 5273 3940 5447 de sages réſlexions, et est revenu à la
996 5515 3930 5694 vertu. Vous voyez que son cœur est tou-
780 5757 3924 5946 jours à vous? -- Ah, ma tendre mère!
995 6004 3923 6178 que ce que vous me dites-là me fait de
