4266 8031
292 188 920 333 --
2201 852 2735 1030 c.
999 1129 3901 1324 peu vous ne jouissiez d'une santé par-
748 1359 3922 1506 faite. Il salua tout le monde de l'air le
988 1621 3901 1804 plus gracieux, et s'en ſut. Madame No-
627 1861 3906 2039 riss demanda à Zabeth si elle vouloit
983 2107 3895 2280 voir le reste de la société, et permettre
987 2347 3894 2524 que l'on prît le thé dans sa chanbre?
973 2573 3880 2761 -- Volontiers, dit-elle, ma chère ma-
972 2828 3894 3011 man; il v a long-tems que je n'ai eu le
873 3075 3916 3210 bonheur de voir réuni dans le même
899 3315 3895 3493 lieu tont ce qui est cher à mon cœur:
967 3545 3875 3733 il ne manque ici que ma bonne tante....
936 3801 3901 3989 Sa voix s'attendrit en finissant ces mots.
936 3989 3911 4225 Paix..... paix.... dit Enneric; ne pense
878 4293 3880 4492 point à cela, ma chère belle; laisse ton
952 4522 3911 4669 ame se livrer toute entière au bonheur
946 4779 3906 4957 présent. Pourquoi empoisonner par des
946 5020 3875 5211 souvenirs douloureux le plus beau mo-
946 5244 3869 5443 ment de notre vie?... Nous voilà réunis
931 5506 3835 5684 pour ne nous quitter qu'à la mort.....
946 5752 3859 5924 Je veux, ma chère et tendre Zabeth,
931 5997 3875 6198 te tenir lieu de tout, et te faire oublier,
288 7679 1605 7831 - -- -
