<PcGts xmlns="http://schema.primaresearch.org/PAGE/gts/pagecontent/2017-07-15" xmlns:xsi="http://www.w3.org/2001/XMLSchema-instance" xsi:schemaLocation="http://schema.primaresearch.org/PAGE/gts/pagecontent/2017-07-15 http://schema.primaresearch.org/PAGE/gts/pagecontent/2017-07-15/pagecontent.xsd"><Metadata><Creator>User123</Creator><Created>2020-10-13T21:44:36</Created><LastChange>2020-10-13T21:44:36</LastChange></Metadata><Page imageFilename="0208.png" imageHeight="8120" imageWidth="4266"><TextRegion id="r0" type="paragraph" orientation="-0.0"><Coords points="1,1 4264,1 4264,8118 1,8118"/><TextLine id="r0_l001"><Coords points="248,274 246,272 245,272 244,271 243,271 240,268 239,268 232,262 232,259 233,258 253,258 253,258 253,254 254,253 274,253 274,253 274,248 275,247 279,247 279,247 279,243 280,242 285,242 285,242 285,233 286,232 290,232 290,232 290,227 291,226 295,226 295,226 295,222 296,221 300,221 300,221 300,211 301,210 311,210 311,210 311,206 312,205 322,205 322,205 322,201 323,200 417,200 417,200 417,196 418,195 438,195 438,195 438,190 439,189 443,189 443,189 443,185 444,184 448,184 448,184 448,122 449,121 453,121 453,122 453,126 452,127 452,192 451,193 448,193 447,194 447,198 447,198 440,198 439,199 438,199 437,200 432,200 431,201 425,201 424,202 423,202 422,203 407,203 406,204 336,204 335,205 335,208 335,208 331,208 330,209 329,209 328,210 327,210 326,211 325,211 324,212 324,214 323,215 322,215 320,217 320,259 316,263 313,263 312,264 312,267 310,269 262,269 261,270 261,272 260,273 256,273 255,274"/><TextEquiv index="1"><Unicode></Unicode></TextEquiv></TextLine><TextLine id="r0_l002"><Coords points="3742,231 4219,231 4219,349 3742,349"/><TextEquiv index="1"><Unicode></Unicode></TextEquiv></TextLine><TextLine id="r0_l003"><Coords points="2215,894 2728,894 2728,1068 2215,1068"/><TextEquiv index="1"><Unicode></Unicode></TextEquiv></TextLine><TextLine id="r0_l004"><Coords points="999,1168 4260,1168 4260,1343 999,1343"/><TextEquiv index="1"><Unicode>dame Noriss), voulez-vous me faire l'hon-</Unicode></TextEquiv></TextLine><TextLine id="r0_l005"><Coords points="999,1417 3944,1417 3944,1597 999,1597"/><TextEquiv index="1"><Unicode>neur d'accepter mes hommages? Vous</Unicode></TextEquiv></TextLine><TextLine id="r0_l006"><Coords points="809,1660 4259,1660 4259,1840 809,1840"/><TextEquiv index="1"><Unicode>êtes encore, j'en conviens, trop jeune</Unicode></TextEquiv></TextLine><TextLine id="r0_l007"><Coords points="999,1909 4205,1909 4205,2083 999,2083"/><TextEquiv index="1"><Unicode>et trop jolie pour un vieux grenadier;</Unicode></TextEquiv></TextLine><TextLine id="r0_l008"><Coords points="989,2152 3944,2152 3944,2326 989,2326"/><TextEquiv index="1"><Unicode>mais son cœur est loyal, et vous est</Unicode></TextEquiv></TextLine><TextLine id="r0_l009"><Coords points="989,2400 4216,2400 4216,2570 989,2570"/><TextEquiv index="1"><Unicode>tout dévoué. Laissons l'amour unir cette</Unicode></TextEquiv></TextLine><TextLine id="r0_l010"><Coords points="978,2632 4251,2632 4251,2823 978,2823"/><TextEquiv index="1"><Unicode>bouillante jeunesse; que l'estime nous</Unicode></TextEquiv></TextLine><TextLine id="r0_l011"><Coords points="983,2892 4161,2892 4161,3067 983,3067"/><TextEquiv index="1"><Unicode>lie, et serre les nœuds que je vous</Unicode></TextEquiv></TextLine><TextLine id="r0_l012"><Coords points="983,3130 3939,3130 3939,3310 983,3310"/><TextEquiv index="1"><Unicode>oſfre de former. Devenone les père et</Unicode></TextEquiv></TextLine><TextLine id="r0_l013"><Coords points="978,3378 4166,3378 4166,3564 978,3564"/><TextEquiv index="1"><Unicode>mère de ces quatre aimables enfans: ne</Unicode></TextEquiv></TextLine><TextLine id="r0_l014"><Coords points="973,3627 3928,3627 3928,3807 973,3807"/><TextEquiv index="1"><Unicode>faisons plus qu'une famille? ... -- Ah!...</Unicode></TextEquiv></TextLine><TextLine id="r0_l015"><Coords points="973,3875 3928,3875 3928,4008 973,4008"/><TextEquiv index="1"><Unicode>oui.... oui..... maman!...</Unicode></TextEquiv></TextLine><TextLine id="r0_l016"><Coords points="978,4124 4177,4124 4177,4315 978,4315"/><TextEquiv index="1"><Unicode>madame!...... disoient tous ensemble</Unicode></TextEquiv></TextLine><TextLine id="r0_l017"><Coords points="968,4372 4177,4372 4177,4590 968,4590"/><TextEquiv index="1"><Unicode>Enneric, Zaheth, Anna, Frédérique;</Unicode></TextEquiv></TextLine><TextLine id="r0_l018"><Coords points="756,4602 4177,4602 4177,4795 756,4795"/><TextEquiv index="1"><Unicode>trois étoient à ses pieds et tenoient ses</Unicode></TextEquiv></TextLine><TextLine id="r0_l019"><Coords points="957,4861 4177,4861 4177,5067 957,5067"/><TextEquiv index="1"><Unicode>genoux embrassés; mademoiselle de Saint-</Unicode></TextEquiv></TextLine><TextLine id="r0_l020"><Coords points="962,5113 4182,5113 4182,5300 962,5300"/><TextEquiv index="1"><Unicode>Silvain, de son lit, lui tendoit les bras;</Unicode></TextEquiv></TextLine><TextLine id="r0_l021"><Coords points="968,5329 4187,5329 4187,5514 968,5514"/><TextEquiv index="1"><Unicode>M. de la Combe se tenoit incliné sur</Unicode></TextEquiv></TextLine><TextLine id="r0_l022"><Coords points="2104,5783 2103,5783 2103,5779 2103,5778 1697,5778 1696,5778 1696,5773 1696,5772 1692,5772 1691,5772 1691,5742 1691,5741 1036,5741 1035,5741 1035,5736 1035,5735 968,5735 967,5735 967,5731 967,5730 962,5730 961,5730 961,5726 961,5725 957,5725 956,5725 956,5673 957,5672 961,5672 961,5672 961,5668 962,5667 967,5667 967,5667 967,5662 968,5661 977,5661 977,5661 977,5657 978,5656 2643,5656 2643,5656 2643,5641 2644,5640 2648,5640 2648,5640 2648,5636 2649,5635 3208,5635 3208,5635 3208,5631 3209,5630 3541,5630 3541,5630 3541,5599 3542,5598 3557,5598 3557,5599 3557,5609 3558,5609 3562,5609 3562,5610 3562,5624 3563,5624 3568,5624 3568,5625 3568,5646 3569,5646 3843,5646 3843,5647 3843,5651 3844,5651 3848,5651 3848,5652 3848,5656 3849,5656 3853,5656 3853,5657 3853,5661 3854,5661 3859,5661 3859,5662 3859,5672 3860,5672 3917,5672 3917,5673 3917,5677 3918,5677 3922,5677 3922,5678 3922,5688 3922,5688 3918,5688 3917,5689 3917,5693 3917,5693 3907,5693 3906,5694 3906,5698 3906,5698 3854,5698 3853,5699 3853,5709 3853,5709 3849,5709 3848,5710 3848,5714 3848,5714 3838,5714 3837,5715 3837,5720 3837,5720 3786,5720 3785,5721 3785,5733 3785,5733 3778,5733 3777,5734 3733,5734 3732,5735 3732,5741 3732,5741 3727,5741 3726,5742 3726,5757 3716,5767 3712,5767 3711,5767 3711,5763 3711,5762 3706,5762 3705,5762 3705,5742 3706,5741 3711,5741 3711,5741 3711,5726 3711,5725 2860,5725 2859,5726 2859,5730 2859,5730 2411,5730 2410,5731 2410,5735 2410,5735 2152,5735 2151,5736 2151,5778 2151,5778 2147,5778 2146,5779 2146,5783 2146,5783"/><TextEquiv index="1"><Unicode>sa canne, ne pouvant se mettre à ge-</Unicode></TextEquiv></TextLine><TextLine id="r0_l023"><Coords points="952,5837 3897,5837 3897,6022 952,6022"/><TextEquiv index="1"><Unicode>noux, à cause de sa goutte. -- Allons,</Unicode></TextEquiv></TextLine><TextLine id="r0_l024"><Coords points="962,6077 4193,6077 4193,6281 962,6281"/><TextEquiv index="1"><Unicode>madame, j'attends, dans cette humble</Unicode></TextEquiv></TextLine><TextLine id="r0_l025"><Coords points="259,7783 1716,7783 1716,7952 259,7952"/><TextEquiv index="1"><Unicode>----- ---- -</Unicode></TextEquiv></TextLine></TextRegion></Page></PcGts>