4266 8031
1548 941 2060 1119 oo
329 1203 3247 1396 posture, la réponse que vous allez me
329 1464 3247 1642 faire?.... Madame Noriss, confuse, em-
37 1710 3242 1888 barrassée, s'étoit jetée sur un siége, et,
89 1950 3252 2128 son mouchoir sur son visage, balançoit
31 2196 3252 2391 à répondre. Chacun étoit resté dans la
89 2433 3242 2641 même posture, et attendoit ce qu'elle
84 2688 3242 2883 alloit dire. Elle sortit de sa rêverie, fit
89 2918 3231 3101 retirer tous ces aimables enſans; et, en
77 3173 3220 3356 tendant la main à M. de la Combe,
78 3420 3231 3610 elle lui dit: Monsieur, malgré le vœu
77 3659 3230 3837 que j'avois fait de ne plus former d'en-
72 3910 3225 4151 gageinent, en faveur de l'estime que
72 4150 3220 4328 vous m'inspirez, et de l'intérêt que je
67 4396 3215 4658 prends à cette jeunesse, j'accepte votre
67 4642 3215 4827 proposition; unissons-nous pour veiller
63 4884 3210 5061 à leur bonheur commun. J'avois pour-
63 5108 3205 5318 tant bien promis, dit-elle en soupirant,
58 5375 3210 5553 de ne jamais reprendre de mari. -- Ma
1 5630 3194 5798 foi, madame, dit M. de la Combe,
46 5787 3194 6060 c'est à-peu-près la même chose... Je vous
42 6123 3179 6301 tromperois, si je vous promettois......
