<PcGts xmlns="http://schema.primaresearch.org/PAGE/gts/pagecontent/2017-07-15" xmlns:xsi="http://www.w3.org/2001/XMLSchema-instance" xsi:schemaLocation="http://schema.primaresearch.org/PAGE/gts/pagecontent/2017-07-15 http://schema.primaresearch.org/PAGE/gts/pagecontent/2017-07-15/pagecontent.xsd"><Metadata><Creator>User123</Creator><Created>2020-10-13T21:44:28</Created><LastChange>2020-10-13T21:44:28</LastChange></Metadata><Page imageFilename="0210.png" imageHeight="8060" imageWidth="4266"><TextRegion id="r0" type="paragraph" orientation="-0.0"><Coords points="1,1 4264,1 4264,8058 1,8058"/><TextLine id="r0_l001"><Coords points="4041,1 4240,1 4240,221 4041,221"/><TextEquiv index="1"><Unicode></Unicode></TextEquiv></TextLine><TextLine id="r0_l002"><Coords points="3729,222 4235,222 4235,341 3729,341"/><TextEquiv index="1"><Unicode></Unicode></TextEquiv></TextLine><TextLine id="r0_l003"><Coords points="2293,897 2813,897 2813,1071 2293,1071"/><TextEquiv index="1"><Unicode>i</Unicode></TextEquiv></TextLine><TextLine id="r0_l004"><Coords points="1050,1176 3983,1176 3983,1370 1050,1370"/><TextEquiv index="1"><Unicode>Noriss et Frédérique se mirent à rire.</Unicode></TextEquiv></TextLine><TextLine id="r0_l005"><Coords points="1060,1404 4240,1404 4240,1595 1060,1595"/><TextEquiv index="1"><Unicode>-- Riez, riez, jeunes gens, vous en</Unicode></TextEquiv></TextLine><TextLine id="r0_l006"><Coords points="1050,1664 4264,1664 4264,1853 1050,1853"/><TextEquiv index="1"><Unicode>viendrez là aussi...... On ne peut pas</Unicode></TextEquiv></TextLine><TextLine id="r0_l007"><Coords points="1044,1905 4240,1905 4240,2094 1044,2094"/><TextEquiv index="1"><Unicode>avoir été et être...... Il baisa la main</Unicode></TextEquiv></TextLine><TextLine id="r0_l008"><Coords points="1055,2146 4235,2146 4235,2314 1055,2314"/><TextEquiv index="1"><Unicode>de madame Noriss, et se retournant</Unicode></TextEquiv></TextLine><TextLine id="r0_l009"><Coords points="1055,2379 4225,2379 4225,2566 1055,2566"/><TextEquiv index="1"><Unicode>du côté de son fils: -- Allons, monsieur,</Unicode></TextEquiv></TextLine><TextLine id="r0_l010"><Coords points="1044,2640 4240,2640 4240,2834 1044,2834"/><TextEquiv index="1"><Unicode>rendez vos hommages à votre belle-</Unicode></TextEquiv></TextLine><TextLine id="r0_l011"><Coords points="1029,2892 4240,2892 4240,3065 1029,3065"/><TextEquiv index="1"><Unicode>mère? -- Et moi, à mon beau-père,</Unicode></TextEquiv></TextLine><TextLine id="r0_l012"><Coords points="2005,3300 2004,3300 2004,3264 2004,3263 1905,3263 1904,3263 1904,3259 1904,3258 1385,3258 1384,3259 1384,3263 1384,3263 1380,3263 1379,3263 1379,3259 1379,3258 1055,3258 1054,3258 1054,3254 1054,3253 1050,3253 1049,3253 1049,3249 1049,3248 1039,3248 1038,3248 1038,3243 1039,3242 1043,3242 1043,3242 1043,3233 1044,3232 1049,3232 1049,3232 1049,3212 1050,3211 1054,3211 1054,3211 1054,3201 1055,3200 1059,3200 1059,3200 1059,3196 1060,3195 1064,3195 1064,3195 1064,3191 1065,3190 1075,3190 1075,3190 1075,3138 1076,3137 1080,3137 1080,3137 1080,3133 1081,3132 1101,3132 1101,3133 1101,3137 1102,3137 1474,3137 1474,3138 1474,3143 1475,3143 1479,3143 1479,3144 1479,3185 1480,3185 1836,3185 1836,3185 1836,3144 1837,3143 1841,3143 1841,3143 1841,3138 1842,3137 1857,3137 1857,3138 1857,3190 1858,3190 2282,3190 2282,3190 2282,3186 2283,3185 2481,3185 2481,3185 2481,3144 2482,3143 2502,3143 2502,3144 2502,3148 2503,3148 2508,3148 2508,3149 2508,3153 2509,3153 2513,3153 2513,3154 2513,3185 2514,3185 2660,3185 2660,3186 2660,3190 2661,3190 3006,3190 3006,3190 3006,3138 3007,3137 3032,3137 3032,3138 3032,3143 3033,3143 3038,3143 3038,3144 3038,3169 3039,3169 3505,3169 3505,3169 3505,3144 3506,3143 3510,3143 3510,3143 3510,3138 3511,3137 3914,3137 3914,3138 3914,3143 3915,3143 3919,3143 3919,3144 3919,3232 3920,3232 3972,3232 3972,3233 3972,3237 3973,3237 3977,3237 3977,3238 3977,3242 3978,3242 4245,3242 4245,3243 4245,3248 4245,3248 4231,3248 4230,3249 4230,3251 4229,3252 4229,3253 4229,3253 3968,3253 3967,3254 3967,3258 3967,3258 3821,3258 3820,3259 3820,3263 3820,3263 3815,3263 3814,3263 3814,3259 3814,3258 3068,3258 2970,3258 2969,3259 2969,3263 2969,3263 2724,3263 2723,3264 2723,3276 2723,3276 2721,3274 2719,3274 2718,3273 2716,3273 2715,3272 2619,3272 2618,3272 2618,3259 2618,3258 2246,3258 2245,3259 2245,3263 2245,3263 2036,3263 2035,3264 2035,3274 2035,3274 2031,3274 2030,3275 2030,3284 2030,3284 2026,3284 2025,3285 2025,3295 2025,3295 2021,3295 2020,3296 2020,3300 2020,3300"/><TextEquiv index="1"><Unicode>dit Enneric, en s'aporochant de lui.</Unicode></TextEquiv></TextLine><TextLine id="r0_l013"><Coords points="750,3369 4251,3369 4251,3548 750,3548"/><TextEquiv index="1"><Unicode>-- Viens, viens, mon ami: je t'aime,</Unicode></TextEquiv></TextLine><TextLine id="r0_l014"><Coords points="1018,3621 3978,3621 3978,3800 1018,3800"/><TextEquiv index="1"><Unicode>en vérité, autant que mon fils. Dis-</Unicode></TextEquiv></TextLine><TextLine id="r0_l015"><Coords points="1018,3863 3989,3863 3989,4041 1018,4041"/><TextEquiv index="1"><Unicode>moi? as-tu goûté autant de plaisir de-</Unicode></TextEquiv></TextLine><TextLine id="r0_l016"><Coords points="1013,4104 4261,4104 4261,4282 1013,4282"/><TextEquiv index="1"><Unicode>puis que tu fais des folies, que tu viens</Unicode></TextEquiv></TextLine><TextLine id="r0_l017"><Coords points="1044,4351 4246,4351 4246,4533 1044,4533"/><TextEquiv index="1"><Unicode>d'en avoir dans ce moment? -- Ah,</Unicode></TextEquiv></TextLine><TextLine id="r0_l018"><Coords points="1008,4533 4240,4533 4240,4776 1008,4776"/><TextEquiv index="1"><Unicode>jamais! dit Enneric; ne me parlez pas</Unicode></TextEquiv></TextLine><TextLine id="r0_l019"><Coords points="934,4806 4247,4806 4247,5007 934,5007"/><TextEquiv index="1"><Unicode>de cela, je vous prie? -- Je te crois;</Unicode></TextEquiv></TextLine><TextLine id="r0_l020"><Coords points="1044,5075 3983,5075 3983,5259 1044,5259"/><TextEquiv index="1"><Unicode>va, mon ami, rien n'égale le bonheur</Unicode></TextEquiv></TextLine><TextLine id="r0_l021"><Coords points="1034,5327 4251,5327 4251,5505 1034,5505"/><TextEquiv index="1"><Unicode>dont on jouit au sein de la vertu; tout</Unicode></TextEquiv></TextLine><TextLine id="r0_l022"><Coords points="1044,5568 3999,5568 3999,5752 1044,5752"/><TextEquiv index="1"><Unicode>ce qui entraîne avec soi des remords ne</Unicode></TextEquiv></TextLine><TextLine id="r0_l023"><Coords points="1039,5815 3978,5815 3978,5999 1039,5999"/><TextEquiv index="1"><Unicode>procure jamais à l'ame de vraies jouis-</Unicode></TextEquiv></TextLine><TextLine id="r0_l024"><Coords points="1039,6114 1543,6114 1543,6224 1039,6224"/><TextEquiv index="1"><Unicode>sances.</Unicode></TextEquiv></TextLine></TextRegion></Page></PcGts>