4266 8060
383 169 1853 341 - -- ---- --- -- - -- ---
3366 321 4264 430 -- -
2225 955 2839 1123 (a
1107 1223 4036 1427 personne ne peut seulement lui porter
1107 1457 4020 1648 une tasse de thé. Je frémissois d'indigna-
1102 1716 4010 1895 tion; je dirigeai mes pas vers la maison
1092 1958 4004 2141 qui m'étoit indiquée; je fis demander,
1092 2209 4015 2388 par mon valet, à parler à quelqu'un?
882 2456 4004 2629 Il vint un homme entre deux âges. --
1086 2692 4004 2871 N'est - ce point chez vous qu'un gen-
1076 2934 4004 3112 tilhomme a pris gîte? -- Oui, mon-
1076 3186 4004 3374 sieur. -- Voulez - vous lui dire que
1070 3409 4263 3599 quelqu'un demande à lui parler seul
1002 3668 3999 3847 à seul? -- Oui, monsieur. Au bout
745 3915 4264 4099 d'un moment, il revint me dire qu'il
1065 4167 3989 4345 refusoit de descendre, parce qu'il n'a-
777 4397 4256 4592 voit à parler à personne. -- En ce cas,
1055 4650 3983 4833 lui dis-je, je vais y aller. -- Monsieur, il
1055 4896 3978 5075 m'a défendu de laisser entrer qui que ce
1055 5138 4246 5269 ſût dans la maison. Je lui montrai un
1050 5369 3973 5563 pistolet, et lui dis que j'étois déterminé
1050 5631 3968 5804 à user de la force, si on ne vouloit pas
1044 5873 3962 6056 céder de bonne grâce. A ces mots, l'hom-
1044 6119 4057 6298 me se dérangea, et me laissa le passage
