4266 8130
1445 921 1964 1096 ie
228 1202 3181 1398 saisir le bras: je vis qu'il n'y avoit pas
233 1456 3176 1646 moyen de résister à ses infames projets,
233 1705 3181 1890 si je ne tirois pas sur lui, et que j'allois
233 1953 3187 2133 être précipité au bas de l'escalier. Je tirai
233 2202 3508 2382 de façon à ne faire que le blesser; mais,
237 2450 3191 2630 malgré mes précautions, il fit un mou-
37 2700 3197 2880 vement, et reçut la balle dans le miliou
244 2938 3203 3118 du corps..... -- Que je te plains!..... dit
238 3176 3197 3356 M. de la Combe en frappant sur la table
238 3425 3197 3600 avec force; que je te plains, d'avoir été
244 3674 3197 3854 obligé d'en venir là!..... Mais ce diable
249 3923 3192 4103 d'homme ne vouloit pas se battre. -- Me
48 4166 3192 4346 pardonnez-vous? dit Frédérique à Noriss
238 4420 3181 4590 en lui tendant la main. -- Ah, mon ami!
42 4664 3187 4844 je n'eusse pas pardonné à mon oncle de
1 4912 3176 5087 t'avoir assassiné; et ceci n'étoit qu'à ton
53 5161 3181 5347 corps défendant. -- Que de désastres!....
233 5405 3171 5590 que de désastres! ...... disoient madame
16 5648 3171 5828 Noriss et Anna. Que j'ai de regrets, disoit
244 5897 3166 6066 mademoiselle de Saint-Silvain, d'être la
249 6146 3166 6305 cause de tant de malheurs! .... -- Calme-
498 6437 662 6591 n.
