4266 8130
1408 873 1927 1043 iol
16 1159 3097 1329 sauter la serrure. Nous entrâmes, et la
1 1403 3086 1567 trouvâmes sur son lit, sans connoissance.
103 1641 3097 1821 Elle avoit eu la fièvre depuis deux jours
10 1889 3101 2069 qu'elle étoit au pouvoir de Wilton; et la
91 2133 3091 2308 frayeur qu'elle éprouva en m'entendant
11 2377 3097 2552 parler, la mit dans cet état. Craignant
5 2626 3091 2800 le combat que je lui avois proposé, le
16 2869 3086 3049 bruit de mon arme lui fit croire que j'é-
138 3118 3086 3293 tois tombé sous ses coups. La femme et
63 3356 3081 3536 les filles du maître arrivèrent; et, à force
63 3600 3076 3785 de secours, on la rappela à la vie. Lors-
132 3843 3070 4023 que je la vis plus tranquille, je fus avec
127 4087 3132 4298 l'hôte faire ma déposition chez le juge-
127 4317 3060 4531 de-paix. J'eus tous les habitans pour té-
116 4579 3054 4764 moins de la violence qu'il vouloit faire
111 4822 3049 5008 à une étrangère sur laquelle il n'avoit
29 5077 3054 5262 aucuns droits, et je revins près d'elle.
101 5315 3033 5474 Je la trouvai dans un accablement si
106 5558 3028 5759 grand, que je ne voulus point risquer de
106 5802 3028 5955 la faire mettre en route. J'attendis trois
106 6045 3023 6241 jours: sa foiblesse étoit toujours extrême.
