4266 8060
2183 950 2697 1118 (aa
976 1218 3889 1401 adroit, Frédérique ne seroit plus de ce
971 1475 1674 1606 monde....
1149 1711 3878 1889 Chacun s'empressa à la consoler; et,
971 1958 3889 2136 comme son ame tiède ne prenoit pas les
971 2204 3884 2377 choses fort à cœur, on finit par calmer
966 2451 3878 2624 la douleur qu'elle avoit de la perte de
971 2697 3889 2829 son cher John. On lui demanda son con-
966 2944 3884 3123 sentement pour le mariage de Frédérique
965 3185 3888 3363 et d'Anna. Elle eut un peu de peine à v
966 3427 3884 3600 consentir; mais enfi elle céda aux ex-
966 3663 3873 3847 cellentes raisons qu'on avoit à lui donner.
1113 3920 3889 4093 Au bout de quelques jours, Zabeth
955 4167 3878 4366 jouissoit de la plus brillante santé. Son
960 4414 3884 4592 amant lui proposa un tour de promenade
908 4655 3884 4833 dans la forêt. Il ne manqua pas de la
960 4902 3884 5100 mener auprès de l'arbre où il avoit mis
955 5143 3873 5332 sa petite allégorie. Elle n'eut pas jeté les
960 5384 3878 5573 yeux dessus, et compris ce que cela avoit
960 5610 3878 5815 de flatteur pour elle, qu'elle se précipita
960 5873 3878 6014 dans les bras d'Enneric. Jamais leurs
