4266 7620
2961 6 3491 121 o
1033 481 3378 739 TABLE,e
1040 715 3871 909 revient des Mines avec de grands proſits.
1047 887 3886 1065 Donne à ſon Maître un Diamant de
1051 1055 3879 1238 grand prix. Tompſon reçoit pluſieurs let-
1047 1219 3886 1427 tres d'Angleterre. Ce qu'elles contiennent.
1058 1380 3868 1548 Il écrit en particulier a M. Goodvill. 12r
1029 1540 4141 1747 Chap. L. Surcroît de bonne fortune. Il
1223 1716 4134 1886 remarque la profonde mélancolie de M.
1047 1877 3897 2049 Saris: tâche d'adoucir ſon inquiétude:
1223 2041 3897 2213 découvre en partie la cauſe de ſon afflic-
1223 2205 3915 2374 tion, & l'engage à lui raconter ſon
1219 2366 1709 2527 hiſtoire.
1058 2527 3890 2706 Chap. Ll. Il reçoit la permiſſion de re-
1223 2698 3893 2871 tourner en Angleterre. Réflexions ſur le
1230 2850 3937 3032 Gouvernement. M. Saris ſe trouve auſſi
1047 3027 3926 3195 en liberté de partir. Ils envoient Truman
1219 3188 3915 3360 avant eux avec la plus grande partie de
1215 3352 3897 3520 leurs effets. Ils prennent congé de leurs
1219 3513 3890 3666 amis. Arrivent à Batavin. S'embarquent
1197 3656 3930 3842 pour l'Europe dans un Vaiſſeau Hollan-
1223 3809 3897 3994 dois de la Compagnie des Indes Orien-
1230 3984 3897 4162 tales, & relâchent au Cap de Bonne-
1237 4160 2140 4355 Eſpérance.
3664 4190 3923 4314 IO.
1249 4884 3755 5034 Fin de la Table de la troiſieme Partie.
3697 6239 3923 6375 LA
