4266 7661
1102 678 3717 866 2 LA VIE ET LES AVENTURES
1099 838 3972 1029 l'habitude la plus baſſe & la plus indigne
1110 1007 3972 1181 d'un honnête homme, je veux dire, la
1053 1160 4002 1350 paſſion de boire. Je goûtai leurs diſcours,
1097 1339 4008 1508 & je ſentis une eſpece de conſolation &
1099 1496 3972 1677 de plaiſir à dire, à propos de rien, des
1124 1668 3972 1847 choſes qui n'avoient point de ſens; & lorſ-
1121 1827 3957 2007 que le vin ou la bierre ne ſuffiſoient pas
1117 1989 3975 2163 pour étourdir mon chagrin, j'avois recours
1102 2155 3968 2327 aux liqueurs, & j'en pris ſi bien l'habitude
1121 2320 3964 2491 que j'en avois toujours dans ma chambre:
1110 2485 3968 2659 il eſt ſurprenant même que cette boiſſon
1106 2643 3964 2820 ne m'ait pas donné la mort. Qui l'auroit
1124 2809 3975 2981 cru? L'ambition, & toutes les autres paſ-
1121 2975 3972 3145 ſions qui engagent à faire des actions loua-
1121 3143 3964 3310 bles, étoient mortes en moi: abſorbé dans
1121 3302 3964 3477 les triſtes réflexions que je faiſois ſur mes
1125 3464 3979 3635 malheurs, je ne ſongeois plus ni à ma ré-
1080 3613 4014 3801 putation, ni à ma fortune, ni à mon bon-
1128 3772 4001 3967 heur. Quel état fâcheux! ces liqueurs
1124 3942 3964 4125 maudites n'avoient pas plutôt fait leur effet,
1088 4107 3961 4292 que je me trouvois replongé dans le même
1128 4266 3975 4452 état qu'auparavant, d'où je ne pouvois ſortir
1124 4435 3085 4606 qu'en recommençant à boire.
1270 4583 3972 4767 Telle étoit ma ſituation, lorſqu'on vint
1128 4762 3968 4944 me dire un matin que le pauvre M. Deacon,
1139 4924 3975 5097 qui, comme je l'ai déjà remarqué, avoit
1139 5089 3975 5252 un peu trop de penchant pour le vin, étoit
1135 5237 3972 5423 mort ſubitement, dans ſon magaſin, d'une
1132 5413 3975 5583 attaque d'apoplexie: il avoit eu quelques
1128 5571 3979 5757 avant-coureurs de cette maladie fâcheuſe,
1150 5737 3983 5918 qui lui avoient fait prendre différentes fois
1143 5899 3983 6070 la réſolution de ſe corriger: jamais il n'avoit
1139 6068 3975 6228 eu aſſez de force ſur lui-même pour rompre
1139 6226 3975 6400 l'habitude de ſes débauches du ſoir, & il
1135 6395 2258 6568 en fut la victime.
