4266 7630
1370 697 3922 893 La vieetles aventures
1363 865 4218 1055 auſſi-tôt qu'il l'auroit dû, il avoit pris un
1366 1034 4225 1216 terme avec ſon créancier pour le paiement:
1363 1198 4222 1367 de ſorte que je croyois l'affaire entierement
1370 1363 4222 1541 conſommée, lorſque ſa mort ſubite me fit
1370 1526 4218 1703 connoître qu'il n'avoit point acquitté cette
1366 1692 4222 1865 ſomme; & que mon billet étoit toujours
1374 1852 4222 2017 dans les mêmes mains. Je me trouvai dans
1374 2010 4236 2185 l'embarras; j'allai voir le frere de M. Dea-
1374 2178 4233 2341 con ſon unique héritier: c'étoit un malheu-
1363 2339 4222 2514 reux, dont l'ame étoit baſſe & mercenaire;
1363 2503 4218 2674 il prétendit que ſon frere n'avoit laiſſé au-
1363 2664 4225 2839 cune note de cette affaire ſur ſes livres, ni
1366 2825 4214 2986 dans ſes papiers, & refuſa tout net de m'en
1363 2993 4218 3166 croire ſur ma parole, & de me délivrer
1370 3154 4215 3315 cette ſomme: quoique je puſſe dire, je fus
1363 3314 4216 3478 obligé de le quitter, & de me contenter
1370 3475 4171 3644 des reproches que ma colere & mon reſſen
1044 3637 4142 3806 timent me ſuggérerent. Je regardai cett
1366 3798 4142 3970 affaire comme la plus grande mortification
1374 3962 4182 4131 & je fus très - honteux de me voir ainſ
1366 4123 4152 4296 trompé d'une ſomme de ſix cens livres ſter
1363 4283 4156 4453 ling avant que d'entrer dans le monde, uni
1370 4448 4163 4782 t ma eenoonoiance Baileon ee naoo
1374 4773 4134 5103 eaa apuuaion aooi n uoiitil eei
1377 5096 4127 5267 en parler à M. Diaper: pour mon pere
1374 5256 4160 5429 j'étois réſolu à tout, ſi je ne pouvois obte
1377 5419 4131 5590 nir du tems pour payer, plutôt que de lui e
1381 5582 4138 5753 donner connoiſſance. Il étoit bien fâcheu
1369 5743 4167 5907 pour moi que Prig ne fût pas alors à Lon
1374 5904 4138 6073 dres; c'étoit un homme capable de m
1370 6069 4116 6239 donner de bons conſeils dans cette circon
1370 6232 4094 6427 tance: à l'égard de ſon commis je ne po
