4266 7620
1292 594 3634 784 aAitlesvevrures
1303 766 4152 954 s'accordoient à chercher dans le vin la gué-
1307 934 4167 1115 riſon de leurs chagrins. Si-tôt que l'Officier
1303 1095 4167 1286 m'eut quitté, l'un d'eux s'avança, & me
1307 1263 4167 1441 fit en riant ſon compliment ſur mon arrivée
1307 1424 4160 1605 dans ce lieu, où il me dit être venu déjà
1299 1584 4153 1769 pluſieurs fois; & voyant que j'avois l'air
1310 1749 4171 1929 conſterné, il ne faut point penſer à cela,
1310 1913 4138 2079 M. me dit-il, la moitié du monde s'eſt
1314 2074 4174 2246 déjà trouvé dans le même cas, & le reſte
1307 2238 4145 2578 ien venue; quandvous arr mi eu u a
1307 2569 4189 2908 oul ge llil denamdii qu'lemeendoii
1314 2896 4189 3073 par bien-venue? Une bagatelle, me ré-
1318 3056 4156 3231 pondit-il, ce n'eſt que cinq ou ſix ſols pour
1318 3221 4200 3395 une jatte de punch; c'eſt ce que l'on paie
1318 3385 4157 3556 ordinairement, en entrant dans cette ſocié-
1314 3548 4163 3718 té; je vous crois M. trop généreux pour
1318 3710 4160 3881 violer les régles. Je lui donnai l'argent qu'il
1321 3871 4196 4042 demandoit, & un moment après, on vit
1310 4039 4171 4207 paroître le punch, que mes compagnons
1321 4196 4174 4534 es po ua à de msandee eeee eoii 'a aire
1332 4518 4205 4694 qui m'avoit fait loger; car c'eſt ainſi qu'ils
1328 4678 4182 4858 apelloient ma détention. Je n'eus aucune
1325 4843 4185 5018 envie de les ſatisfaire, &, à dire le vrai,
1325 5004 4197 5172 leur compagnie ne me plaiſoit pas beau-
1062 5161 4207 5332 coup. Je fis apeller un commiſſionnaire
1329 5325 4204 5500 pour envoyer un mot à M. Brisk, com-
1325 5489 4218 5661 mis de M. Prig, afin de le conſulter. Dans
1336 5652 4222 5829 le même tems l'Officier avoit dit au geolier
1336 5818 4204 5994 que j'étois en état, & que l'argent ne me
1332 5975 4222 6155 tenoit point, à ce que j'ai apris depuis. En
1336 6132 4244 6311 effet, il vint me trouver, & après beau-
