4266 7693
817 539 2908 755 pe Joson.
66 724 3215 922 coup de révérences & de courbettes, il me
69 902 3248 1078 dit que ſi je voulois, il pourroit me donner
62 1074 3233 1231 une chambre particuliere, en cas que j'ai-
69 1235 3211 1403 maſſe mieux être ſeul. J'acceptai ſa propo-
58 1401 3244 1570 ſition, & prenant congé de mes nouveaux
306 1564 3215 1741 camarades, il me conduiſit à une chambre
310 1730 3241 1901 au ſecond étage, où il m'enferma, & me
310 1894 3222 2063 laiſſa méditer en liberté. Jamais je ne m'é-
43 2061 3241 2230 tois vu dans un pareil état; mes anciens
310 2223 3248 2392 accidens, & mon malheur preſent ſe réu-
306 2389 3215 2561 nirent pour me rendre tout-à-fait miſéra-
310 2556 3248 2729 ble. Je me figurai la douleur & les regrets
310 2723 3252 2897 que j'allois cauſer à mon pere; je m'ima-
306 2885 3211 3054 ginois déjà l'entendre me reprocher mon
58 3044 3245 3223 peu de prudence & de conduite; cette
40 3211 3255 3382 idée me dérangeoit la tête. Enfin M. Brisk
36 3381 3248 3550 arriva; ſa preſence me tira pour quelque
36 3540 3259 3707 tems de mon trouble. Il me dit qu'il auroit
36 3699 3248 3881 ſouhaité que ſon maître fût à Londres;
36 3858 3263 4199 e enn de an eeooueeet mmairou oane
28 4195 3259 4372 falloit pas penſer. Il me conſeilla, attendu
40 4354 3267 4535 l'énorme dépenſe que je devois faire dans
43 4521 3259 4696 cet endroit, de me faire transférer à la
29 4687 3267 4868 Flotte, juſqu'à l'arrivée de M. Prig; que
324 4858 3267 5021 cette précaution m'épargneroit du moins
25 5017 3263 5192 de la dépenſe. Il me donna en même-tems
325 5180 3233 5360 une telle idée de cette priſon, que je n'hé-
10 5339 3282 5524 ſitai point à la préférer à la vie que je me-
324 5513 3259 5690 nai à Spunging-Houſe, & que j'y mene-
10 5594 3259 5854 rois vraiſemblablement ſi j'y reſtois davan-
21 5846 3267 6017 tage; je ſuivis ſon avis, & lui donnai l'ar-
25 6005 3267 6186 gent néceſſaire pour obtenir un ordre, &
21 6171 3278 6342 me faire transférer. Heureuſement j'avois
2323 6341 2660 6509 A
