4266 7712
1061 630 3538 805 LAvEEETLAVAves
1057 797 4032 967 cier. Voilà les voleries que l'on ſouffre dans
1079 964 4010 1128 un pays gouverné par les loix les plus ſa-
1087 1128 4025 1459 ait ſonner ſi hautla liberté
1113 1458 3998 1641 M. Brisk, un Sergent & le Bailly, me
1094 1625 4032 1798 conduiſirent devant un Juge de paix, d'où
1094 1792 4021 1965 après les formalités ordinaires, je fus con-
1098 1956 4035 2129 duit à la priſon ſur les neuf heures du ſoir,
1105 2123 4017 2294 & mené auſſi-tôt au guichet, où un drôle
1102 2290 4006 2460 de mauvaiſe mine me regardant depuis les
1102 2453 4017 2626 pieds juſqu'à la tête, comme s'il eût voulu
1102 2620 4017 2787 me dévorer des yeux, me dit qu'il étoit
1102 2784 4050 2954 guichetier, & en conſéquence me deman-
1102 2951 4013 3121 da pour ſon droit, deux ſchelins, que je
1105 3114 4032 3283 lui payai, & une bouteille de vin pour ſes
1102 3274 4002 3452 autres compagnons. Je payai auſſi les droits
1109 3441 4028 3617 du concierge, à raiſon de deux ſchelins &
1109 3612 2313 3790 demi par ſemaine.
1276 3794 4017 3965 Ce qui m'avoit déterminé à choiſir la
1098 3957 4024 4301 ioſé, , coe oe oe oi e e ne u u
1105 4293 4013 4463 ré. Je m'en étois formé une idee comme
1098 4455 4002 4627 d'un lieu où on ne rencontroit que fort peu
1098 4624 4006 4796 de gens comme il faut, mais j'eus lieu de
1094 4785 4006 4953 m'apercevoir que j'étois dans l'erreur; car
768 4950 4002 5116 on ne trouve pas dans une foire plus de
1094 5105 4024 5280 gens de toutes ſortes: à chaque inſtant j'y
901 5264 3995 5453 voyois des perſonnes de connoiſſance. Je
901 5432 4002 5619 m'imaginai d'ailleurs que quand mon pere
1091 5610 4006 5785 viendroit à Londres, & qu'il me trouve-
1083 5770 4002 5947 roit dans cette ſituation, il en ſeroit plus
1083 5934 3991 6110 diſpoſé à me laiſſer voyager ſur mer. Je
1083 6096 4043 6279 croyois avoir aſſez d'argent pour ſubſiſter
1079 6261 4032 6457 juſqu'à ſon arrivée; on m'avoit même averti
