4266 7754
968 613 3405 806 DE JOSEPH THOMPSON. 11
456 785 3424 970 que tout y étoit à fort bon marché, & qu'à
427 962 3423 1134 peine  trouvoit-on l'occaſion de faire de
427 1120 3408 1312 la dépenſe. La ſuite fera voir combien je
448 1294 3412 1471 m'étois trompé; car je crois qu'il ſeroit dif-
444 1466 3412 1634 ficile d'en dépenſer plus ailleurs: non-ſeu-
442 1635 3372 1797 lement on y trouve tout ce qui peut enga-
440 1803 3412 1969 ger au luxe & aux extravagances, mais on
444 1963 3412 2136 eſt preſque obligé de s'y livrer. Il n'étoit
441 2128 3375 2300 plus poſſible d'en ſortir quand je fis ces re-
429 2293 3412 2467 marques. Ainſi nous entrâmes dans cette
433 2454 3409 2637 maiſon, & on nous introduiſit d'abord dans
425 2630 3368 2796 un Caffé aſſez commode, où nous aperçu-
433 2795 3412 2964 mes à différentes tables pluſieurs perſonnes
317 2956 2989 3128 bien miſes qui buvoient des liqueurs.
766 3521 3038 3660 CHAPITRE XXXVII.
276 3843 3401 4027 Thompſon eſt peint dans le caffé. Il va à
508 4011 3353 4192 l'auberge. Deſcription des gens qu'il y
587 4179 3401 4352 trouve. Portrait de Spéculiſte. Il entre
586 4344 3401 4526 dans ſon nouvel apartement. Deſcription
587 4513 3416 4685 de ce lieu, & de la priſon en général. Di-
590 4674 1732 4850 verſes réflexions.
416 4943 746 5305 A
753 4933 3401 5153 Peine nous avoit-on ſervi une jatte de
764 5149 3405 5313 punch, que je vis entrer ſous différens
424 5313 3394 5490 prétextes les uns après les autres, pluſieurs
413 5483 3409 5667 hommes que j'avois déjà vus dans le gui-
426 5658 3353 5832 chet, & qui après m'avoir regardé fixe-
425 5830 3412 5999 ment, comme s'ils euſſent voulu meſurer
433 5980 3360 6152 ma hauteur, ſortirent. J'exprimai ma ſur-
433 6141 3409 6313 priſe d'un pareil traitement. Ces Meſſieurs,
429 6312 3428 6500 qui étoient priſonniers pour la plupart, en
