<PcGts xmlns="http://schema.primaresearch.org/PAGE/gts/pagecontent/2017-07-15" xmlns:xsi="http://www.w3.org/2001/XMLSchema-instance" xsi:schemaLocation="http://schema.primaresearch.org/PAGE/gts/pagecontent/2017-07-15 http://schema.primaresearch.org/PAGE/gts/pagecontent/2017-07-15/pagecontent.xsd"><Metadata><Creator>User123</Creator><Created>2020-10-08T14:55:01</Created><LastChange>2020-10-08T14:55:01</LastChange></Metadata><Page imageFilename="0029.png" imageHeight="7754" imageWidth="4266"><TextRegion id="r0" type="paragraph" orientation="-0.125"><Coords points="1,1 4264,1 4264,7752 1,7752"/><TextLine id="r0_l001"><Coords points="2799,831 2799,831 2799,789 2798,788 2779,788 2778,789 2492,789 2492,789 2492,790 2490,792 2489,792 2488,793 2302,792 2301,793 2017,793 2016,794 2016,795 2015,796 1787,795 1786,796 1309,795 1309,796 1309,814 1307,815 1302,815 1302,815 1302,809 1301,808 1299,808 1298,807 1298,786 1297,785 1284,785 1281,782 913,781 913,782 913,826 912,826 896,826 896,826 896,782 895,781 865,781 863,784 863,785 862,785 846,785 845,784 845,783 843,781 838,781 837,780 837,779 836,778 835,778 834,777 834,696 833,695 826,695 826,695 826,693 824,691 823,691 822,690 822,679 824,676 825,676 826,676 826,675 828,672 829,672 830,672 830,652 832,650 833,650 833,650 833,649 836,646 839,649 998,650 998,650 998,660 999,661 1345,661 1346,663 1346,664 1348,665 1349,665 1350,667 1350,675 1350,675 1457,676 1459,677 1459,679 1459,680 1543,680 1545,681 1545,682 1545,683 1546,684 1547,684 1548,684 1548,685 1549,686 1549,687 1549,688 1559,688 1560,688 1560,690 1560,691 1931,692 1932,691 2444,692 2447,689 2447,688 2447,688 2449,688 2450,687 2693,687 2694,687 2694,685 2694,684 2865,685 2866,684 2866,681 2867,680 2868,680 2870,678 2870,677 2871,676 2886,676 2888,677 2888,679 2888,680 3216,680 3217,680 3217,676 3218,675 3218,674 3218,673 3254,673 3255,673 3255,656 3257,654 3262,654 3263,656 3263,665 3264,665 3273,665 3274,667 3274,668 3275,669 3276,669 3278,671 3278,690 3278,690 3283,691 3285,692 3285,701 3285,702 3286,702 3287,703 3288,703 3289,703 3289,705 3288,706 3287,706 3286,707 3281,707 3281,707 3281,743 3281,744 3329,744 3330,744 3330,746 3330,747 3331,747 3332,748 3333,748 3334,748 3334,750 3333,751 3281,750 3281,751 3281,758 3279,759 3263,759 3263,760 3263,765 3261,766 3260,766 3259,768 3259,773 3257,774 3256,774 3255,776 3255,781 3254,781 3253,781 3251,784 3251,785 3250,785 3245,785 3244,787 3244,788 3242,789 3222,789 3221,791 3221,792 3220,792 3219,792 3218,793 3216,793 3215,792 3214,792 3214,792 3214,791 3212,789 2817,788 2817,789 2817,831 2816,831"/><TextEquiv index="1"><Unicode>LAvie erles Avenrures</Unicode></TextEquiv></TextLine><TextLine id="r0_l002"><Coords points="2087,1006 2086,1005 2086,996 2086,996 1877,995 1876,994 1875,994 1874,994 1874,993 1873,991 1865,991 1863,990 1863,958 1863,957 1194,956 1193,956 1193,993 1193,994 1179,994 1178,993 1178,968 1178,968 1011,968 1009,966 1009,965 1009,965 1005,965 1004,964 1003,964 1002,963 1002,958 1001,957 1000,957 998,955 998,954 998,954 997,954 994,951 994,947 994,947 836,946 830,941 831,886 830,885 830,873 831,871 847,871 848,871 848,870 850,867 892,867 893,867 893,829 895,826 1298,827 1299,826 1314,826 1322,834 1323,834 1324,835 1324,871 1324,871 1341,871 1342,872 1342,873 1343,874 1502,875 1503,875 1503,876 1504,878 2184,879 2185,879 2185,850 2185,849 2186,849 2187,849 2189,847 2189,846 2189,845 2190,845 2192,844 2192,843 2193,841 2194,841 2196,840 2196,839 2196,838 2197,838 2200,836 2200,835 2200,834 2205,834 2207,833 2207,832 2208,830 2816,831 2817,832 2817,850 2817,850 3468,852 3469,851 3469,841 3469,841 3474,841 3476,839 3476,838 3476,838 3477,838 3480,835 3480,834 3480,834 3488,834 3489,833 3490,833 3491,832 3491,831 3492,830 3576,830 3577,830 3577,828 3578,826 3586,826 3588,828 3588,830 3588,830 3737,830 3738,831 3738,847 3738,847 3739,847 3742,850 3742,858 3743,860 3744,860 3745,860 3745,870 3745,871 3747,871 3749,872 3749,891 3756,899 3756,901 3757,902 3757,903 3759,905 3760,905 3760,905 3760,906 3761,907 3761,914 3763,916 3764,916 3764,916 3764,918 3763,920 3762,920 3760,921 3760,922 3760,923 3759,923 3758,924 3757,924 3757,925 3756,927 3754,927 3753,927 3753,944 3752,946 3751,946 3749,947 3749,948 3748,950 3747,950 3745,951 3745,952 3745,953 3744,953 3742,954 3742,955 3741,956 3741,957 3740,957 3738,958 3738,963 3736,965 3286,965 3285,965 3285,970 3286,971 3887,972 3888,973 3888,974 3890,976 3891,976 3891,976 3891,977 3894,980 3895,980 3895,980 3895,981 3897,983 3898,983 3899,984 3899,985 3898,987 3286,986 3285,986 3285,996 3286,997 3913,998 3914,999 3914,1000 3916,1002 3917,1002 3918,1003 3918,1004 3919,1005 3919,1006 3916,1006 3914,1004 3914,1003 3913,1002 3260,1000 3259,999 3250,999 3249,999 3249,998 3249,997 3095,997 3094,997 3094,993 3094,992 2101,990 2100,990 2100,1005 2100,1006"/><TextEquiv index="1"><Unicode>rirent beaucoup, &amp; m'aprirent que l'on</Unicode></TextEquiv></TextLine><TextLine id="r0_l003"><Coords points="3528,1170 3528,1170 3528,1168 3527,1167 1893,1163 1892,1162 1249,1161 1249,1161 1249,1116 1249,1115 947,1114 946,1114 946,1113 945,1111 870,1111 867,1109 867,1105 866,1103 865,1103 864,1103 864,1102 863,1101 863,1097 863,1096 862,1096 860,1095 860,1090 859,1088 858,1088 856,1087 856,1082 856,1081 855,1081 852,1079 852,1075 851,1073 850,1073 849,1073 849,1068 848,1066 847,1066 845,1065 845,1060 844,1058 843,1058 842,1058 841,1057 841,1056 841,1055 833,1055 832,1054 831,1054 830,1054 830,1042 828,1039 827,1039 826,1039 826,1037 827,1036 832,1036 834,1034 834,1033 835,1032 1174,1033 1174,1032 1174,996 1177,994 1430,994 1431,995 1432,995 1433,996 2703,999 2705,997 2705,996 2706,995 2707,995 2708,994 2849,995 2850,994 2858,994 2859,992 2859,991 2860,991 2865,991 2866,992 2866,993 2867,994 2882,994 2883,995 2884,995 2886,997 3106,997 3107,998 3112,998 3113,999 3259,999 3260,1000 3285,1001 3285,1001 3285,1004 3286,1005 3921,1006 3921,1006 3921,1007 3923,1009 3924,1009 3925,1010 3925,1011 3927,1013 3928,1013 3929,1014 3929,1015 3930,1016 3931,1017 3932,1017 3933,1018 3933,1019 3932,1021 3668,1020 3667,1021 3667,1024 3668,1024 3669,1024 3671,1027 3671,1046 3672,1046 3752,1047 3753,1048 3753,1075 3755,1077 3756,1077 3756,1077 3757,1078 3757,1079 3759,1081 3764,1081 3764,1081 3764,1090 3763,1092 3758,1092 3757,1092 3757,1097 3756,1099 3750,1099 3749,1100 3739,1099 3738,1100 3738,1105 3737,1106 3737,1107 3737,1107 3736,1107 3734,1109 3734,1117 3729,1122 3725,1122 3723,1124 3723,1125 3723,1125 3722,1125 3719,1128 3719,1129 3718,1129 3536,1129 3536,1130 3536,1170 3535,1170"/><TextEquiv index="1"><Unicode>venoit de me peindre: c'eſt ainſi qu'ils</Unicode></TextEquiv></TextLine><TextLine id="r0_l004"><Coords points="2012,1500 2011,1499 2011,1455 2011,1455 1904,1454 1903,1455 1479,1455 1478,1454 1478,1453 1477,1452 1321,1451 1320,1452 1320,1492 1320,1492 1319,1492 1317,1494 1317,1495 1316,1496 1314,1496 1313,1496 1313,1449 1313,1448 1145,1448 1144,1448 1144,1465 1144,1466 1143,1466 1129,1479 1129,1480 1129,1481 1120,1481 1118,1482 1118,1483 1117,1485 1098,1485 1095,1482 1095,1481 1095,1481 1086,1481 1084,1479 1084,1478 1083,1477 1082,1477 1081,1476 1081,1475 1079,1473 1078,1473 1077,1472 1077,1449 1077,1449 975,1448 972,1446 972,1445 972,1444 840,1444 830,1435 831,1336 830,1335 830,1333 831,1331 832,1331 834,1330 834,1209 834,1208 835,1208 838,1206 838,1205 838,1204 847,1204 849,1203 849,1202 850,1200 870,1200 871,1200 871,1199 872,1197 873,1197 874,1196 1065,1197 1066,1196 1066,1171 1067,1170 1068,1170 1069,1169 1069,1160 1070,1159 1154,1159 1155,1159 1155,1160 1155,1161 1259,1161 1261,1163 1262,1163 1264,1165 1264,1200 1264,1200 1463,1201 1466,1198 1466,1197 1466,1197 1581,1197 1582,1196 1582,1171 1582,1171 1583,1171 1584,1170 1588,1170 1590,1168 1590,1167 1590,1167 1603,1167 1605,1168 1605,1169 1605,1170 1606,1170 1608,1171 1608,1184 1608,1185 1629,1185 1631,1186 1631,1211 1631,1212 1937,1213 1938,1212 2003,1212 2004,1211 2039,1211 2040,1212 2368,1213 2369,1212 2433,1212 2436,1209 2436,1208 2436,1208 2452,1208 2456,1212 2747,1212 2750,1210 2750,1209 2750,1208 2786,1208 2787,1208 2787,1166 2787,1165 2813,1165 2815,1167 2816,1167 2817,1168 2817,1169 2818,1170 2820,1170 2821,1171 2821,1207 2821,1207 3006,1208 3008,1206 3008,1205 3009,1204 3078,1204 3079,1204 3079,1172 3079,1171 3080,1171 3081,1170 3082,1170 3083,1170 3083,1165 3083,1164 3097,1164 3098,1165 3098,1166 3099,1167 3100,1167 3102,1169 3102,1208 3102,1208 3284,1209 3285,1208 3285,1205 3286,1204 3287,1204 3289,1202 3289,1201 3290,1200 3411,1200 3412,1199 3412,1198 3413,1197 3414,1197 3416,1195 3416,1190 3417,1189 3418,1189 3420,1187 3420,1186 3420,1186 3421,1186 3424,1183 3424,1182 3424,1182 3432,1182 3436,1178 3440,1178 3443,1175 3443,1174 3443,1174 3524,1174 3525,1174 3525,1172 3526,1170 3541,1170 3543,1172 3543,1177 3543,1177 3544,1177 3545,1178 3546,1178 3547,1179 3547,1208 3547,1208 3587,1208 3588,1209 3588,1210 3590,1212 3658,1212 3659,1213 3659,1214 3660,1215 3728,1215 3731,1218 3731,1219 3731,1219 3732,1219 3734,1221 3734,1222 3735,1223 3737,1223 3738,1224 3738,1229 3738,1229 3747,1230 3749,1231 3749,1237 3749,1238 3751,1238 3753,1239 3753,1240 3753,1241 3754,1241 3757,1243 3757,1248 3757,1249 3766,1249 3768,1250 3768,1251 3769,1253 3770,1253 3772,1254 3769,1257 3768,1257 3768,1257 3768,1266 3766,1268 3765,1268 3764,1269 3764,1270 3763,1271 3742,1271 3742,1271 3742,1277 3740,1279 3739,1279 3738,1280 3738,1285 3735,1287 3731,1287 3731,1288 3730,1429 3731,1429 3734,1429 3734,1430 3734,1431 3735,1431 3740,1432 3742,1434 3742,1442 3744,1444 3745,1444 3745,1444 3745,1445 3746,1446 3746,1454 3747,1455 3764,1455 3764,1455 3764,1457 3763,1459 3762,1459 3761,1459 3761,1470 3760,1471 3760,1472 3759,1474 3754,1474 3753,1474 3753,1475 3753,1476 3752,1477 3751,1477 3750,1478 3735,1477 3734,1478 3734,1480 3729,1485 3725,1485 3723,1487 3723,1488 3723,1488 3722,1488 3721,1489 3717,1489 3716,1490 3716,1491 3715,1492 3706,1492 3704,1491 3704,1463 3704,1462 3638,1462 3637,1462 3637,1461 3636,1459 3359,1459 3356,1456 3201,1455 3199,1454 3199,1453 3198,1451 3088,1451 3087,1452 3087,1498 3087,1498 3069,1498 3068,1498 3068,1452 3068,1451 3047,1451 3046,1451 3046,1464 3045,1466 3036,1466 3034,1464 3034,1459 3034,1459 2879,1459 2877,1457 2877,1456 2877,1456 2560,1455 2559,1455 2559,1464 2558,1466 2557,1466 2555,1467 2555,1472 2554,1474 2553,1474 2552,1474 2552,1478 2551,1479 2551,1480 2551,1481 2550,1481 2548,1482 2548,1483 2547,1485 2546,1485 2545,1486 2544,1486 2544,1487 2544,1488 2543,1488 2542,1489 2534,1489 2533,1489 2533,1490 2532,1492 2517,1492 2514,1494 2514,1495 2514,1496 2512,1496 2510,1494 2510,1493 2509,1492 2501,1492 2499,1490 2499,1489 2499,1489 2498,1489 2495,1486 2495,1485 2495,1485 2494,1485 2492,1483 2492,1470 2491,1469 2491,1456 2491,1456 2026,1455 2025,1455 2025,1499 2025,1500"/><TextEquiv index="1"><Unicode>ene uiieeeies ſur ma iaue e &amp; me rairss</Unicode></TextEquiv></TextLine><TextLine id="r0_l005"><Coords points="2849,1665 2849,1664 2849,1654 2848,1654 2792,1653 2791,1652 2791,1621 2790,1620 2340,1619 2339,1620 2066,1620 2065,1621 2065,1622 2064,1623 1814,1622 1813,1623 1811,1623 1810,1624 1768,1624 1767,1623 1680,1623 1679,1622 1679,1621 1678,1620 1379,1619 1378,1620 1236,1620 1235,1619 1234,1619 1234,1619 1234,1618 1232,1616 1205,1616 1204,1614 1204,1613 1202,1612 964,1611 963,1612 867,1612 867,1613 867,1638 866,1638 865,1638 863,1641 863,1642 862,1642 857,1642 856,1644 856,1645 854,1646 835,1646 831,1642 830,1642 830,1642 830,1568 830,1567 689,1567 688,1566 688,1565 687,1564 686,1564 684,1562 684,1560 685,1560 830,1560 830,1560 830,1539 832,1537 837,1537 837,1537 837,1536 840,1533 874,1533 875,1532 875,1531 876,1530 878,1530 880,1532 1068,1533 1069,1534 1110,1534 1111,1535 1111,1536 1112,1537 1327,1537 1327,1537 1327,1534 1328,1533 1328,1531 1329,1530 1330,1530 1331,1529 1331,1525 1334,1522 1345,1522 1347,1525 1347,1526 1348,1526 1349,1526 1350,1528 1350,1540 1351,1540 1630,1541 1631,1542 1631,1543 1633,1545 1938,1546 1939,1545 1997,1545 1997,1544 1997,1510 1998,1509 1998,1508 2000,1507 2001,1507 2001,1506 2001,1505 2004,1503 2005,1503 2005,1502 2005,1501 2007,1500 2027,1500 2027,1500 2027,1501 2028,1502 2028,1506 2029,1507 2030,1507 2031,1508 2031,1513 2032,1514 2033,1514 2035,1516 2035,1536 2036,1537 2068,1537 2069,1538 2069,1540 2070,1541 2380,1542 2381,1541 2416,1541 2417,1542 2417,1543 2419,1545 2595,1545 2596,1544 2596,1543 2598,1541 2600,1541 2600,1542 2600,1543 2601,1544 2601,1545 2602,1545 2782,1545 2784,1543 2784,1542 2785,1541 2844,1542 2845,1541 2955,1541 2956,1539 2956,1538 2958,1537 3064,1537 3064,1537 3064,1502 3066,1500 3067,1500 3069,1498 3087,1498 3087,1499 3087,1541 3088,1541 3157,1541 3158,1543 3158,1544 3159,1544 3407,1545 3408,1543 3408,1532 3409,1531 3409,1530 3410,1530 3411,1530 3412,1528 3412,1524 3415,1522 3416,1522 3416,1521 3416,1516 3418,1515 3419,1515 3420,1513 3420,1508 3422,1507 3423,1507 3424,1505 3424,1504 3425,1504 3426,1504 3427,1502 3427,1501 3429,1500 3434,1500 3435,1498 3435,1497 3437,1496 3490,1496 3491,1497 3491,1498 3493,1500 3666,1500 3667,1502 3667,1503 3668,1503 3669,1503 3671,1506 3671,1507 3672,1507 3673,1507 3674,1509 3674,1545 3675,1545 3704,1545 3704,1546 3704,1547 3706,1548 3717,1548 3718,1549 3719,1549 3719,1550 3719,1551 3720,1551 3756,1552 3756,1552 3756,1553 3757,1554 3757,1557 3753,1561 3753,1566 3753,1567 3735,1566 3734,1567 3734,1578 3734,1578 3732,1578 3731,1579 3731,1610 3730,1611 3730,1612 3729,1612 3728,1612 3726,1615 3726,1616 3725,1616 3716,1616 3716,1617 3716,1618 3713,1620 3709,1620 3706,1623 3536,1623 3536,1623 3536,1622 3534,1620 3282,1620 3282,1620 3282,1645 3281,1646 3281,1648 3279,1649 3278,1649 3277,1650 3271,1650 3270,1652 3270,1653 3269,1653 3267,1653 3266,1652 3266,1651 3265,1650 3253,1650 3251,1648 3251,1638 3250,1637 3119,1637 3086,1637 3085,1638 3084,1638 3083,1640 3083,1645 3081,1646 3076,1646 3076,1647 3076,1648 3073,1650 3072,1650 3072,1651 3072,1652 3070,1653 3065,1653 3064,1652 3064,1651 3063,1650 3062,1650 3060,1648 3060,1621 3059,1620 2872,1620 2872,1620 2872,1664 2871,1665"/><TextEquiv index="1"><Unicode>pour me reconnoître en cas que je paſſaſſe</Unicode></TextEquiv></TextLine><TextLine id="r0_l006"><Coords points="2286,1833 2285,1833 2285,1824 2285,1823 1454,1822 1453,1821 1452,1821 1451,1820 1451,1819 1451,1819 1438,1818 1436,1817 1436,1816 1436,1815 839,1814 836,1811 832,1811 831,1810 830,1810 830,1810 830,1805 828,1803 827,1803 826,1802 826,1801 827,1799 832,1799 833,1799 833,1713 834,1712 834,1711 835,1709 836,1709 837,1709 837,1704 838,1702 850,1702 853,1700 853,1699 853,1698 1006,1699 1007,1698 1147,1698 1148,1697 1148,1665 1149,1664 1150,1664 1151,1663 1152,1662 1152,1661 1152,1661 1157,1661 1159,1659 1159,1658 1160,1657 1169,1657 1170,1657 1170,1658 1170,1659 2895,1663 2896,1662 2896,1661 2896,1661 2898,1661 2900,1663 3641,1664 3642,1665 3643,1665 3644,1666 3644,1667 3645,1668 3646,1668 3648,1670 3648,1671 3649,1672 3650,1672 3652,1674 3652,1705 3652,1705 3789,1706 3791,1707 3791,1708 3792,1710 3793,1710 3794,1710 3794,1764 3794,1765 3945,1765 3946,1766 3947,1766 3948,1766 3948,1783 3948,1784 3949,1784 3952,1786 3952,1788 3951,1789 3951,1790 3949,1792 3918,1792 3918,1792 3918,1808 3915,1811 3330,1810 3330,1810 3329,1816 3327,1818 3327,1819 3325,1822 2957,1821 2956,1821 2956,1830 2956,1831 2916,1831 2915,1832 2910,1832 2909,1833 2292,1831 2291,1832 2291,1833 2291,1833"/><TextEquiv index="1"><Unicode>par les guichets. En effet, il y a tant de</Unicode></TextEquiv></TextLine><TextLine id="r0_l007"><Coords points="2493,2000 2492,1999 2492,1953 2492,1953 2349,1952 2348,1953 2243,1953 2241,1955 2241,1956 2241,1956 2179,1956 2178,1957 2178,1975 2177,1976 2177,1978 2176,1979 2171,1979 2170,1980 2170,1982 2169,1983 2168,1983 2166,1985 2166,1986 2166,1986 2157,1986 2155,1988 2155,1989 2154,1990 2142,1990 2136,1985 2136,1954 2136,1953 1913,1953 1912,1953 1912,1954 1911,1956 1860,1955 1859,1956 1858,1956 1857,1957 1769,1957 1768,1956 1647,1956 1646,1955 1646,1954 1645,1953 1421,1952 1420,1953 1416,1953 1414,1952 1414,1951 1413,1949 1401,1949 1397,1945 1165,1945 1163,1943 1163,1942 1163,1942 945,1941 944,1942 848,1942 847,1941 846,1941 845,1941 845,1940 844,1938 840,1938 837,1936 837,1932 836,1930 835,1930 834,1930 834,1868 835,1867 836,1867 837,1866 837,1866 837,1865 839,1863 851,1863 852,1862 852,1827 854,1825 855,1825 856,1827 856,1828 858,1829 859,1829 860,1831 860,1862 862,1863 938,1863 938,1864 938,1865 939,1865 1182,1866 1182,1865 1182,1826 1184,1825 1189,1825 1189,1824 1189,1823 1191,1822 1195,1822 1197,1819 1197,1818 1198,1818 1200,1818 1200,1818 1200,1819 1203,1822 1207,1822 1208,1823 1208,1827 1212,1831 1212,1862 1213,1863 1275,1863 1275,1864 1275,1865 1278,1867 1429,1867 1429,1867 1429,1831 1431,1829 1436,1829 1436,1829 1436,1828 1439,1825 1443,1825 1444,1824 1446,1824 1448,1827 1448,1828 1449,1829 1454,1829 1455,1830 1455,1873 1456,1874 1900,1874 1900,1874 1900,1873 1902,1871 1902,1870 1906,1867 1951,1867 1953,1864 1953,1863 1954,1863 1956,1863 1957,1864 1957,1865 1959,1867 1967,1867 1968,1868 1968,1873 1969,1874 2027,1874 2028,1875 2028,1876 2030,1878 2278,1878 2278,1878 2278,1839 2280,1837 2281,1837 2282,1836 2282,1835 2284,1833 2356,1833 2357,1832 2357,1831 2358,1830 2359,1829 2360,1829 2361,1828 2378,1829 2379,1830 2379,1873 2380,1874 2506,1874 2506,1874 2506,1875 2509,1878 2514,1878 2514,1878 2514,1883 2517,1886 2518,1886 2518,1886 2518,1895 2519,1896 2520,1896 2522,1898 2522,1922 2523,1923 2712,1923 2712,1923 2712,1899 2715,1896 2716,1896 2716,1896 2716,1891 2718,1889 2719,1889 2720,1888 2720,1887 2722,1885 2723,1885 2724,1884 2724,1883 2725,1882 2726,1882 2728,1880 2728,1879 2729,1878 2738,1878 2738,1878 2738,1877 2741,1874 2801,1874 2805,1870 2837,1871 2838,1870 2888,1870 2888,1869 2888,1864 2890,1863 2891,1863 2892,1861 2892,1834 2894,1833 2909,1833 2910,1832 2937,1832 2938,1831 2975,1831 2975,1830 2975,1829 2976,1829 2977,1829 2981,1825 3156,1825 3162,1832 3162,1836 3164,1837 3165,1837 3165,1838 3165,1870 3166,1870 3316,1871 3317,1870 3319,1870 3319,1869 3319,1852 3320,1852 3321,1852 3322,1850 3322,1849 3324,1848 3364,1848 3364,1847 3364,1833 3365,1833 3535,1833 3536,1835 3536,1836 3537,1836 3538,1836 3540,1839 3540,1874 3541,1874 3580,1874 3581,1876 3581,1877 3583,1878 3662,1878 3663,1880 3663,1881 3664,1881 3665,1881 3666,1882 3670,1882 3671,1884 3671,1900 3672,1900 3673,1900 3674,1902 3674,1903 3675,1903 3741,1904 3742,1905 3742,1914 3743,1915 3752,1915 3753,1916 3753,1917 3755,1919 3756,1919 3757,1920 3757,1921 3756,1923 3755,1923 3751,1927 3739,1927 3738,1927 3738,1928 3737,1929 3736,1929 3735,1930 3725,1930 3723,1932 3723,1933 3722,1934 3683,1934 3682,1935 3682,1944 3680,1946 3679,1946 3678,1947 3678,1952 3677,1953 3305,1953 3304,1953 3304,1955 3304,1956 3301,1956 3300,1955 3300,1954 3296,1950 3171,1949 3169,1948 3169,1947 3168,1945 2954,1945 2952,1946 2952,1947 2951,1949 2822,1949 2821,1949 2821,1997 2821,1997 2694,1997 2693,1998 2692,1998 2690,1997 2690,1996 2689,1994 2688,1994 2686,1993 2686,1992 2685,1990 2684,1990 2683,1990 2683,1987 2683,1986 2568,1986 2566,1984 2566,1953 2566,1953 2508,1953 2507,1953 2507,1999 2507,2000"/><TextEquiv index="1"><Unicode>monde dans cette priſon, qu'il ſeroit im-</Unicode></TextEquiv></TextLine><TextLine id="r0_l008"><Coords points="2263,2165 2263,2165 2263,2122 2262,2121 1761,2120 1760,2121 1433,2120 1433,2121 1433,2123 1430,2125 1426,2125 1425,2127 1425,2128 1424,2128 1423,2128 1421,2131 1421,2132 1420,2132 1419,2132 1417,2135 1417,2136 1416,2136 1392,2136 1391,2135 1391,2111 1390,2110 964,2109 963,2110 871,2110 871,2111 871,2136 870,2136 869,2136 865,2140 857,2140 856,2142 856,2143 855,2143 854,2143 853,2144 835,2144 834,2143 834,2139 831,2136 830,2136 830,2136 830,2134 831,2132 832,2132 834,2131 834,2040 835,2039 836,2039 838,2037 838,2036 839,2035 840,2035 841,2034 841,2033 843,2031 1018,2032 1019,2031 1020,2031 1021,2029 1021,2017 1023,2016 1024,2016 1024,2015 1024,2011 1025,2010 1025,2009 1026,2009 1027,2009 1028,2007 1028,2003 1032,1999 1032,1995 1034,1994 1035,1994 1035,1993 1035,1992 1038,1990 1039,1990 1039,1989 1039,1988 1042,1986 1046,1986 1047,1984 1047,1983 1048,1983 1133,1983 1133,1983 1133,1984 1135,1986 1162,1986 1163,1987 1163,1989 1164,1990 1244,1990 1246,1993 1246,1994 1247,1994 1248,1994 1249,1996 1249,2035 1250,2035 1319,2035 1320,2037 1320,2038 1322,2039 1327,2039 1328,2041 1328,2042 1329,2043 1330,2043 1331,2044 1331,2045 1332,2046 1332,2053 1333,2054 1334,2054 1335,2055 1335,2080 1335,2080 1525,2081 1526,2080 1526,2051 1527,2050 1528,2050 1530,2048 1530,2047 1531,2046 1532,2046 1533,2045 1533,2044 1536,2042 1537,2042 1537,2041 1537,2036 1539,2035 1540,2035 1541,2033 1541,2021 1543,2020 1544,2020 1545,2018 1545,2013 1546,2013 1547,2013 1548,2011 1549,2010 1549,2009 1550,2009 1551,2009 1552,2007 1552,2006 1554,2005 1559,2005 1560,2003 1560,2002 1562,2001 1567,2001 1567,2000 1567,1999 1569,1998 1570,1998 1571,1997 1576,1997 1577,1998 1589,1998 1590,1999 1590,2000 1591,2001 1592,2001 1593,2002 1593,2003 1594,2004 1594,2038 1595,2039 1668,2039 1668,2039 1668,2041 1669,2042 1924,2043 1926,2042 2050,2042 2050,2041 2050,2036 2052,2035 2053,2035 2054,2033 2054,2032 2056,2031 2064,2031 2065,2032 2065,2034 2066,2035 2109,2035 2110,2036 2110,2041 2111,2042 2183,2042 2184,2044 2349,2044 2352,2042 2363,2042 2364,2042 2480,2042 2480,2041 2480,2033 2483,2031 2484,2031 2484,2030 2484,2017 2485,2017 2486,2017 2488,2014 2488,2010 2492,2006 2492,2000 2493,2000 2507,2000 2508,2001 2509,2001 2510,2002 2510,2003 2511,2004 2511,2041 2512,2042 2566,2042 2567,2040 2567,2039 2568,2039 2756,2039 2758,2037 2758,2036 2759,2035 2760,2035 2761,2034 2761,2033 2763,2031 2768,2031 2768,2031 2768,2030 2770,2028 2802,2028 2802,2028 2802,2000 2805,1997 2821,1997 2821,1998 2821,2034 2822,2034 2985,2035 2986,2036 2986,2037 2988,2039 2993,2039 2993,2039 2993,2055 2995,2058 2996,2058 2997,2058 2997,2083 2997,2084 3187,2084 3188,2084 3188,2070 3188,2069 3189,2069 3191,2068 3191,2057 3192,2056 3192,2055 3192,2054 3193,2054 3195,2053 3195,2052 3196,2050 3201,2050 3203,2049 3203,2044 3204,2043 3205,2043 3206,2042 3214,2042 3214,2042 3214,2041 3216,2039 3229,2039 3229,2039 3229,1995 3230,1994 3239,1994 3240,1993 3240,1992 3242,1990 3277,1990 3277,1990 3277,1988 3280,1985 3284,1986 3285,1987 3285,1988 3287,1990 3295,1990 3296,1991 3296,1995 3299,1998 3315,1998 3315,1998 3315,2038 3316,2039 3442,2039 3442,2039 3442,2040 3444,2042 3614,2042 3614,2042 3614,2030 3617,2027 3618,2027 3618,2027 3618,2026 3620,2024 3621,2024 3622,2023 3622,2018 3624,2016 3625,2016 3626,2015 3626,2014 3627,2013 3628,2013 3629,2012 3629,2008 3630,2007 3630,2006 3631,2005 3632,2005 3637,2000 3637,1999 3638,1998 3648,1998 3648,1999 3648,2000 3654,2005 3655,2005 3655,2006 3655,2007 3656,2008 3656,2012 3658,2013 3659,2013 3659,2014 3659,2022 3667,2030 3667,2034 3669,2035 3670,2035 3671,2037 3671,2064 3671,2064 3766,2065 3768,2066 3768,2067 3769,2069 3781,2069 3783,2070 3783,2082 3781,2084 3742,2084 3742,2084 3742,2085 3739,2088 3738,2088 3738,2088 3738,2089 3736,2090 3735,2090 3734,2091 3663,2091 3663,2092 3663,2113 3662,2113 3661,2113 3659,2116 3659,2117 3658,2117 3650,2117 3649,2118 3648,2118 3648,2119 3648,2120 3646,2121 3547,2121 3547,2122 3547,2147 3546,2147 3545,2147 3543,2150 3543,2151 3542,2151 3518,2151 3517,2150 3517,2149 3516,2148 3515,2148 3513,2146 3513,2130 3512,2129 3511,2129 3510,2128 3510,2118 3509,2117 3446,2117 3446,2116 3446,2115 3444,2114 3265,2113 3264,2114 3091,2114 3090,2116 3090,2117 3089,2117 3088,2117 3087,2119 3087,2124 3085,2125 3084,2125 3083,2127 3083,2131 3069,2144 3065,2144 3064,2146 3064,2147 3063,2147 3054,2147 3053,2146 3053,2115 3052,2114 3016,2114 3016,2114 3016,2160 3015,2161 2993,2161 2993,2160 2993,2114 2992,2114 2885,2114 2885,2114 2885,2115 2883,2117 2776,2116 2775,2117 2773,2117 2772,2118 2771,2118 2770,2117 2568,2117 2566,2119 2566,2120 2565,2121 2493,2121 2491,2123 2491,2124 2490,2125 2349,2124 2349,2125 2349,2147 2348,2147 2347,2147 2347,2148 2346,2149 2346,2150 2344,2151 2317,2151 2312,2146 2312,2122 2311,2121 2282,2121 2282,2122 2282,2165 2281,2165"/><TextEquiv index="1"><Unicode>poſſible, ſans cette précaution, d'empê-</Unicode></TextEquiv></TextLine><TextLine id="r0_l009"><Coords points="1716,2331 1715,2331 1715,2287 1715,2286 1565,2286 1564,2285 1564,2284 1563,2283 1382,2282 1381,2283 1381,2327 1381,2327 1369,2327 1368,2327 1368,2283 1368,2282 1272,2282 1271,2283 1271,2312 1271,2312 1262,2312 1260,2314 1260,2315 1259,2316 1251,2316 1249,2315 1249,2314 1248,2312 1232,2312 1230,2311 1230,2279 1230,2278 1213,2278 1212,2277 1212,2276 1211,2275 979,2274 978,2275 873,2275 871,2277 871,2278 871,2278 869,2278 867,2277 867,2276 867,2275 859,2275 858,2274 857,2274 856,2274 856,2273 855,2271 847,2271 846,2270 845,2270 845,2270 845,2269 844,2268 843,2267 842,2267 841,2266 841,2258 837,2254 837,2239 835,2237 834,2237 834,2237 834,2227 834,2226 835,2226 837,2225 837,2221 839,2218 840,2218 841,2218 841,2213 842,2211 843,2211 845,2210 845,2209 845,2208 846,2207 847,2207 849,2206 849,2201 849,2200 858,2200 860,2199 860,2198 861,2196 865,2196 868,2194 868,2193 868,2192 915,2192 916,2192 916,2157 917,2155 921,2155 924,2153 924,2152 924,2151 933,2151 934,2152 934,2153 936,2155 937,2155 938,2156 938,2157 939,2158 939,2195 939,2195 1041,2196 1045,2200 1356,2200 1357,2200 1357,2167 1358,2166 1358,2160 1358,2159 1359,2159 1360,2158 1460,2159 1461,2158 1471,2158 1474,2160 1474,2206 1474,2207 1790,2207 1792,2206 1792,2198 1793,2196 1794,2196 1795,2196 1795,2188 1796,2187 1796,2186 1796,2185 1797,2185 1799,2184 1799,2183 1800,2181 1801,2181 1803,2180 1803,2175 1803,2174 1804,2174 1806,2172 1807,2172 1807,2171 1807,2170 1812,2170 1814,2169 1814,2168 1815,2166 1816,2166 1818,2165 1818,2164 1819,2162 1834,2162 1837,2165 2011,2166 2012,2166 2012,2167 2012,2168 2014,2170 2015,2170 2016,2170 2016,2206 2016,2207 2244,2207 2245,2207 2245,2194 2246,2192 2247,2192 2248,2192 2248,2191 2250,2188 2251,2188 2252,2188 2252,2183 2253,2181 2254,2181 2256,2180 2256,2175 2256,2174 2257,2174 2260,2172 2260,2168 2262,2165 2281,2165 2282,2166 2282,2173 2282,2173 2283,2173 2286,2176 2286,2180 2287,2181 2288,2181 2289,2182 2289,2183 2290,2184 2290,2188 2291,2189 2292,2189 2293,2190 2293,2195 2293,2195 2445,2196 2447,2197 2447,2198 2448,2200 2449,2200 2450,2200 2450,2201 2451,2203 2564,2203 2567,2205 2567,2206 2567,2207 2760,2207 2761,2207 2761,2168 2762,2166 2763,2166 2765,2165 2765,2164 2766,2162 2767,2162 2769,2161 2769,2160 2769,2159 2770,2159 2771,2158 2784,2158 2785,2159 2786,2159 2787,2160 2787,2161 2787,2161 2788,2162 2789,2162 2791,2164 2791,2199 2791,2199 2913,2200 2915,2201 2915,2202 2915,2203 2992,2203 2993,2202 2993,2161 2993,2161 3015,2161 3016,2162 3017,2162 3019,2163 3019,2202 3019,2203 3282,2204 3283,2203 3301,2203 3305,2207 3647,2207 3648,2207 3648,2168 3649,2166 3657,2166 3659,2165 3659,2164 3660,2162 3661,2162 3663,2164 3663,2165 3664,2166 3665,2166 3667,2168 3667,2169 3668,2170 3669,2170 3671,2172 3671,2184 3671,2184 3797,2185 3798,2185 3798,2190 3796,2192 3779,2192 3779,2192 3779,2243 3777,2245 3754,2245 3750,2249 3749,2249 3749,2249 3749,2254 3747,2256 3735,2255 3734,2256 3675,2256 3675,2257 3674,2282 3674,2282 3605,2282 3604,2283 3604,2284 3602,2286 3466,2286 3465,2286 3465,2313 3461,2317 3461,2318 3461,2319 3460,2319 3459,2320 3443,2320 3442,2320 3442,2325 3442,2326 3375,2326 3374,2325 3372,2325 3371,2324 3371,2283 3371,2283 3024,2282 3023,2282 3023,2284 3022,2286 3021,2286 3019,2287 3019,2299 3018,2301 3017,2301 3016,2301 3016,2306 3015,2308 3014,2308 3012,2309 3012,2310 3011,2312 3010,2312 3008,2313 3008,2314 3007,2316 2999,2316 2995,2320 2992,2320 2989,2317 2989,2286 2989,2286 2787,2285 2786,2286 2349,2285 2348,2286 2018,2286 2016,2287 2016,2288 2015,2290 1862,2289 1861,2290 1858,2290 1855,2288 1855,2287 1855,2286 1734,2286 1733,2287 1733,2331 1733,2331"/><TextEquiv index="1"><Unicode>cher qu'il ne ſe ſauvât tous les jours quel-</Unicode></TextEquiv></TextLine><TextLine id="r0_l010"><Coords points="1771,2497 1770,2497 1770,2483 1770,2482 1223,2481 1222,2480 1221,2480 1219,2478 877,2477 875,2476 875,2440 875,2439 858,2439 856,2438 856,2437 856,2436 852,2436 851,2435 850,2435 849,2435 849,2434 848,2432 847,2432 845,2431 845,2430 845,2429 844,2428 843,2428 841,2427 841,2422 841,2421 840,2421 837,2419 837,2411 836,2409 835,2409 834,2409 834,2392 835,2391 836,2391 837,2390 837,2374 839,2372 840,2372 840,2372 841,2371 841,2370 843,2368 863,2368 863,2368 863,2367 866,2364 1037,2365 1038,2364 1358,2364 1358,2364 1358,2332 1359,2331 1360,2331 1361,2330 1361,2329 1363,2327 1442,2327 1443,2326 1450,2327 1451,2325 1451,2324 1453,2323 1457,2323 1459,2325 2897,2328 2898,2327 3368,2328 3369,2327 3370,2327 3372,2325 3374,2325 3375,2326 3443,2326 3444,2327 3602,2327 3607,2333 3607,2372 3608,2372 3670,2372 3670,2373 3670,2374 3671,2374 3739,2375 3740,2376 3741,2376 3742,2377 3742,2378 3743,2379 3744,2379 3746,2381 3746,2382 3747,2383 3748,2383 3749,2384 3749,2405 3750,2406 3764,2406 3764,2406 3764,2407 3766,2409 3767,2409 3768,2410 3768,2411 3767,2413 3766,2413 3764,2414 3764,2415 3763,2417 3750,2417 3749,2417 3749,2438 3749,2439 3748,2439 3736,2450 3733,2450 3730,2453 3730,2454 3730,2454 2766,2452 2765,2453 2765,2493 2765,2493 2414,2493 2413,2493 2413,2496 2413,2497 2291,2496 2290,2497 2290,2498 2290,2498"/><TextEquiv index="1"><Unicode>ques priſonniers. Ces drôles ſont auſſi des</Unicode></TextEquiv></TextLine><TextLine id="r0_l011"><Coords points="1813,2664 1813,2664 1813,2620 1812,2619 1718,2619 1717,2621 1717,2622 1715,2623 1706,2623 1706,2624 1706,2647 1698,2655 1698,2656 1697,2656 1691,2656 1691,2656 1691,2655 1689,2653 1677,2653 1676,2652 1676,2651 1674,2649 1673,2649 1672,2647 1672,2619 1671,2619 1568,2619 1567,2617 1567,2616 1566,2616 1294,2615 1294,2615 1294,2614 1292,2612 995,2612 995,2612 995,2639 993,2641 992,2641 991,2642 991,2643 989,2645 984,2644 983,2645 980,2645 980,2645 980,2644 977,2641 969,2641 968,2640 968,2639 967,2638 966,2638 965,2637 965,2609 964,2608 869,2608 867,2606 867,2605 866,2604 853,2604 853,2604 853,2603 852,2602 850,2600 849,2600 849,2600 849,2595 847,2593 846,2593 845,2592 845,2580 842,2577 841,2577 841,2577 841,2576 839,2574 838,2574 837,2573 837,2561 838,2559 839,2559 841,2558 841,2550 842,2548 843,2548 845,2547 845,2538 845,2537 846,2537 849,2535 849,2534 849,2533 850,2533 853,2531 853,2530 853,2529 858,2529 860,2528 860,2527 861,2525 930,2525 931,2525 931,2523 931,2522 932,2522 935,2520 935,2516 936,2514 937,2514 938,2514 938,2509 939,2507 940,2507 942,2506 942,2501 944,2499 945,2499 945,2499 946,2498 946,2497 947,2496 948,2496 950,2494 950,2493 951,2492 956,2492 957,2491 957,2490 959,2488 960,2488 961,2487 961,2486 963,2484 982,2484 983,2486 983,2528 983,2528 1176,2529 1178,2530 1178,2531 1179,2533 1454,2534 1455,2533 1455,2496 1457,2495 1458,2495 1459,2493 1459,2492 1460,2492 1465,2492 1466,2490 1466,2489 1468,2488 1477,2488 1477,2488 1477,2489 1480,2492 1481,2492 1481,2492 1481,2494 1482,2495 1686,2495 1688,2497 1777,2497 1779,2499 1783,2499 1784,2501 1784,2540 1784,2540 1908,2541 1909,2540 2010,2540 2013,2542 2013,2543 2013,2544 2187,2544 2188,2544 2188,2543 2190,2540 2270,2540 2271,2540 2271,2505 2278,2498 2394,2499 2394,2498 2394,2497 2395,2497 2548,2497 2550,2495 2551,2495 2552,2493 2552,2492 2553,2492 2577,2492 2578,2493 2578,2494 2579,2495 2580,2495 2582,2497 2582,2498 2583,2499 2584,2499 2585,2500 2585,2519 2587,2522 2588,2522 2589,2522 2589,2539 2589,2540 2749,2540 2750,2540 2750,2497 2752,2495 2760,2495 2762,2493 2832,2494 2834,2492 2850,2492 2855,2497 2855,2501 2856,2503 2857,2503 2858,2503 2858,2535 2858,2536 3007,2536 3008,2535 3008,2530 3009,2529 3010,2529 3012,2527 3012,2526 3013,2525 3105,2525 3106,2525 3106,2500 3107,2499 3108,2499 3113,2494 3113,2493 3114,2492 3123,2492 3124,2491 3124,2490 3126,2488 3127,2488 3128,2490 3128,2491 3130,2492 3131,2492 3132,2494 3132,2495 3133,2495 3134,2495 3135,2497 3135,2536 3135,2536 3316,2537 3317,2536 3325,2536 3326,2535 3326,2534 3327,2533 3535,2533 3536,2533 3536,2504 3536,2503 3537,2503 3540,2501 3540,2497 3542,2495 3598,2495 3600,2498 3600,2499 3601,2499 3602,2499 3603,2501 3603,2502 3604,2502 3604,2503 3605,2503 3607,2505 3607,2536 3607,2536 3667,2536 3668,2537 3669,2537 3671,2539 3747,2540 3749,2541 3749,2542 3750,2544 3789,2544 3790,2544 3790,2545 3792,2548 3793,2548 3794,2548 3794,2550 3792,2552 3791,2552 3790,2553 3790,2554 3789,2555 3750,2555 3749,2556 3749,2573 3748,2574 3746,2574 3746,2574 3746,2575 3745,2576 3745,2577 3744,2578 3738,2578 3738,2578 3738,2613 3736,2614 3735,2614 3734,2616 3734,2618 3732,2619 3657,2619 3655,2617 3655,2616 3654,2615 3413,2615 3413,2615 3413,2616 3410,2619 3364,2619 3364,2619 3364,2628 3362,2630 3361,2630 3360,2631 3360,2636 3359,2637 3358,2637 3356,2639 3356,2640 3355,2641 3354,2641 3352,2643 3352,2644 3351,2645 3342,2645 3341,2646 3341,2647 3339,2649 3309,2649 3300,2639 3300,2616 3299,2616 3288,2616 3288,2616 3288,2660 3287,2661 3278,2660 3278,2660 3278,2616 3277,2615 3181,2615 3180,2614 3180,2613 3179,2612 3124,2612 3123,2611 2981,2611 2981,2611 2981,2656 2980,2657 2979,2657 2979,2656 2979,2615 2978,2615 2817,2614 2816,2615 2725,2615 2724,2617 2724,2618 2722,2619 2285,2618 2284,2619 2170,2619 2170,2620 2170,2655 2168,2656 2152,2656 2151,2655 2151,2654 2150,2653 2141,2653 2140,2652 2140,2651 2138,2649 2137,2649 2136,2648 2136,2620 2135,2619 1858,2618 1857,2619 1827,2619 1827,2620 1827,2664 1826,2664"/><TextEquiv index="1"><Unicode>eſpeces d'eſpions qui inſtruiſent le geolier</Unicode></TextEquiv></TextLine><TextLine id="r0_l012"><Coords points="3466,2827 3465,2826 3465,2784 3465,2784 3440,2784 3439,2784 3439,2818 3438,2819 3438,2820 3438,2821 3433,2821 3431,2819 3431,2784 3431,2784 3411,2784 3408,2781 3408,2780 3408,2780 3299,2780 3298,2780 3298,2824 3298,2825 3292,2825 3291,2824 3291,2780 3291,2780 3272,2779 3229,2779 3228,2780 2780,2779 2779,2780 2763,2780 2761,2782 2761,2783 2760,2784 2647,2784 2644,2787 2613,2787 2611,2786 2611,2785 2611,2784 2352,2783 2351,2784 2167,2784 2166,2785 2166,2786 2165,2787 2152,2787 2151,2788 2151,2820 2150,2821 2130,2821 2129,2820 2129,2819 2127,2817 2126,2817 2125,2816 2125,2787 2125,2787 2014,2787 2013,2786 2013,2785 2012,2784 1840,2783 1839,2784 1711,2784 1710,2785 1710,2810 1709,2811 1709,2817 1709,2817 1697,2817 1694,2820 1694,2821 1694,2821 1685,2821 1683,2820 1683,2819 1682,2817 1677,2817 1676,2817 1676,2785 1676,2784 1525,2784 1522,2781 1522,2780 1522,2780 1328,2779 1327,2780 1318,2780 1316,2779 1316,2778 1315,2776 1090,2776 1088,2774 1088,2773 1088,2773 915,2772 914,2773 913,2773 912,2772 865,2772 864,2772 864,2771 863,2769 859,2769 858,2768 857,2768 856,2768 856,2767 855,2765 851,2765 845,2760 845,2756 843,2753 842,2753 841,2753 841,2733 840,2731 839,2731 838,2731 837,2730 837,2729 837,2728 837,2722 838,2720 839,2720 841,2719 841,2714 841,2713 842,2713 845,2711 845,2707 846,2705 847,2705 848,2705 848,2704 850,2701 851,2701 852,2701 852,2700 854,2697 858,2697 860,2696 860,2695 860,2694 878,2694 879,2694 879,2654 880,2652 881,2652 882,2652 882,2647 883,2645 895,2645 897,2644 897,2643 898,2641 899,2641 901,2643 901,2644 902,2645 907,2645 908,2646 908,2647 910,2649 910,2649 911,2649 912,2650 912,2694 912,2694 1080,2695 1081,2694 1082,2694 1085,2691 1085,2690 1085,2690 1086,2690 1088,2688 1088,2687 1089,2686 1093,2686 1099,2691 1099,2696 1099,2697 1308,2697 1309,2697 1309,2692 1310,2690 1318,2690 1320,2692 1320,2696 1322,2698 1323,2698 1324,2699 1324,2700 1324,2700 1471,2701 1475,2705 1543,2705 1545,2706 1545,2707 1546,2709 1806,2709 1807,2709 1807,2669 1807,2668 1808,2668 1811,2666 1811,2665 1811,2664 1979,2665 1980,2664 2000,2664 2001,2664 2001,2665 2003,2668 2004,2668 2005,2668 2005,2704 2005,2705 2026,2705 2028,2706 2028,2707 2029,2709 2287,2709 2289,2708 2289,2697 2290,2696 2290,2695 2290,2694 2291,2694 2293,2693 2293,2685 2295,2682 2296,2682 2297,2682 2297,2677 2298,2675 2299,2675 2301,2674 2301,2669 2301,2668 2302,2668 2305,2666 2305,2665 2305,2664 2310,2664 2312,2663 2312,2662 2313,2660 2318,2660 2319,2660 2319,2659 2321,2656 2358,2656 2359,2655 2381,2656 2383,2657 2383,2658 2384,2660 2389,2660 2390,2660 2390,2661 2390,2662 2554,2662 2556,2660 2572,2660 2574,2661 2574,2684 2575,2686 2576,2686 2578,2687 2578,2689 2578,2690 2598,2690 2600,2692 2600,2696 2601,2697 2602,2697 2604,2699 2604,2705 2604,2705 2767,2705 2768,2705 2768,2704 2770,2701 2884,2702 2885,2701 2885,2668 2886,2667 2887,2667 2888,2666 2888,2665 2889,2664 2890,2664 2891,2663 2892,2662 2892,2661 2893,2660 2928,2660 2929,2659 2929,2658 2931,2656 2946,2656 2947,2657 2981,2657 2982,2657 2982,2658 2983,2660 2988,2660 2989,2660 2989,2665 2990,2667 2991,2667 2993,2668 2993,2693 2993,2694 3168,2694 3169,2694 3169,2688 3170,2686 3171,2686 3173,2685 3173,2684 3173,2683 3174,2683 3176,2682 3176,2678 3177,2677 3177,2676 3177,2675 3178,2675 3180,2674 3180,2666 3181,2664 3182,2664 3183,2664 3184,2663 3184,2662 3185,2660 3288,2661 3289,2661 3289,2666 3289,2667 3290,2667 3293,2669 3293,2700 3293,2701 3429,2701 3431,2702 3431,2703 3432,2705 3621,2705 3622,2705 3622,2662 3623,2660 3639,2660 3640,2661 3640,2662 3642,2664 3646,2664 3650,2668 3651,2668 3652,2669 3652,2705 3652,2705 3717,2705 3721,2709 3729,2709 3730,2710 3730,2711 3730,2711 3735,2711 3736,2712 3737,2712 3738,2713 3738,2718 3739,2720 3740,2720 3742,2721 3742,2726 3742,2727 3762,2727 3764,2728 3763,2733 3761,2735 3761,2736 3759,2739 3743,2739 3742,2739 3742,2744 3741,2746 3739,2746 3738,2746 3738,2770 3733,2775 3733,2776 3729,2780 3728,2780 3727,2781 3727,2782 3725,2784 3717,2784 3715,2786 3715,2787 3715,2787 3706,2787 3704,2786 3704,2785 3704,2784 3477,2784 3476,2784 3476,2826 3476,2827"/><TextEquiv index="1"><Unicode>de tout ce qui ſe paſſe dans l'intérieur de</Unicode></TextEquiv></TextLine><TextLine id="r0_l013"><Coords points="2585,2996 2585,2995 2585,2948 2585,2948 2576,2948 2574,2949 2574,2950 2573,2952 2396,2952 2394,2950 2394,2949 2394,2949 2082,2948 2080,2949 2080,2950 2079,2952 2018,2952 2016,2953 2016,2954 2015,2956 1996,2956 1994,2954 1994,2953 1994,2953 1547,2952 1544,2949 1544,2948 1544,2948 1539,2948 1537,2946 1331,2945 1330,2944 1329,2944 1328,2944 1328,2943 1327,2941 1064,2941 1062,2939 1062,2938 1062,2938 862,2937 856,2932 856,2931 856,2930 851,2930 849,2929 849,2928 848,2926 847,2926 845,2925 845,2913 844,2911 843,2911 841,2910 841,2887 844,2884 845,2884 845,2884 845,2879 847,2877 848,2877 848,2877 848,2876 851,2873 852,2873 852,2873 852,2872 854,2870 855,2870 856,2869 856,2868 858,2866 859,2866 860,2865 860,2864 862,2862 867,2862 867,2862 867,2861 870,2858 1002,2859 1002,2858 1002,2856 1008,2851 1069,2851 1069,2851 1069,2861 1070,2862 1260,2862 1260,2862 1260,2823 1262,2821 1263,2821 1264,2820 1264,2819 1266,2817 1285,2817 1287,2820 1287,2824 1289,2825 1290,2825 1290,2826 1290,2866 1291,2866 1549,2867 1550,2866 1575,2866 1575,2865 1575,2855 1576,2855 1577,2855 1578,2854 1579,2854 1580,2855 1582,2855 1582,2855 1582,2869 1583,2870 1653,2870 1653,2870 1653,2872 1654,2873 1926,2874 1926,2873 1926,2834 1929,2832 1930,2832 1930,2831 1930,2830 1933,2828 1948,2828 1949,2826 1949,2825 1950,2825 1952,2825 1953,2826 1953,2827 1954,2828 1966,2828 1968,2830 1968,2831 1969,2832 1974,2832 1975,2833 1975,2834 1976,2835 1977,2836 1978,2836 1979,2837 1979,2872 1980,2873 2379,2874 2379,2873 2379,2849 2383,2845 2383,2837 2385,2836 2386,2836 2386,2835 2387,2834 2387,2833 2389,2832 2390,2832 2390,2831 2391,2830 2391,2829 2393,2828 2394,2828 2394,2827 2394,2826 2396,2825 2409,2825 2409,2825 2409,2826 2410,2827 2412,2829 2413,2829 2413,2829 2413,2834 2415,2836 2416,2836 2417,2837 2417,2842 2418,2843 2419,2843 2421,2845 2421,2853 2423,2855 2424,2855 2424,2855 2424,2861 2425,2862 2449,2862 2451,2864 2451,2869 2452,2870 2716,2870 2716,2870 2716,2830 2718,2828 2723,2828 2724,2827 2724,2826 2725,2825 2738,2825 2739,2827 2739,2843 2740,2843 2741,2843 2742,2845 2742,2857 2743,2858 2743,2869 2744,2869 2924,2870 2928,2866 3049,2866 3049,2865 3049,2856 3051,2855 3052,2855 3053,2854 3053,2849 3055,2847 3056,2847 3057,2846 3057,2841 3058,2840 3059,2840 3061,2838 3061,2837 3062,2836 3063,2836 3068,2831 3068,2830 3069,2829 3070,2829 3071,2828 3075,2828 3076,2827 3076,2826 3077,2825 3119,2825 3121,2823 3121,2822 3122,2821 3135,2821 3135,2822 3135,2823 3137,2824 3307,2825 3309,2827 3476,2827 3477,2828 3478,2828 3480,2830 3480,2834 3482,2836 3483,2836 3483,2836 3483,2861 3484,2862 3524,2862 3524,2863 3524,2864 3525,2865 3525,2870 3526,2870 3629,2870 3630,2872 3630,2873 3631,2873 3721,2873 3722,2874 3723,2874 3723,2875 3723,2876 3725,2877 3729,2877 3733,2881 3734,2881 3738,2886 3738,2894 3740,2896 3741,2896 3742,2897 3742,2899 3743,2900 3749,2900 3749,2900 3749,2901 3751,2903 3755,2903 3759,2907 3764,2907 3764,2907 3764,2909 3763,2911 3747,2911 3746,2911 3746,2949 3745,2950 3745,2951 3745,2952 3734,2951 3733,2952 3714,2952 3710,2948 3638,2948 3637,2949 3637,2995 3636,2995 3615,2995 3615,2995 3615,2949 3615,2948 3276,2947 3275,2948 3156,2948 3154,2947 3154,2946 3154,2945 2931,2945 2929,2946 2929,2947 2929,2948 2817,2947 2816,2948 2601,2948 2600,2949 2600,2996 2599,2996"/><TextEquiv index="1"><Unicode>cette demeure. Le maître du caffé étoit un</Unicode></TextEquiv></TextLine><TextLine id="r0_l014"><Coords points="2798,3162 2798,3162 2798,3140 2797,3139 2784,3139 2784,3139 2784,3138 2783,3137 2783,3118 2782,3117 2447,3117 2447,3117 2447,3133 2444,3136 2443,3136 2443,3136 2443,3141 2441,3143 2440,3143 2439,3144 2439,3145 2437,3147 2436,3147 2435,3148 2435,3149 2434,3150 2429,3150 2428,3151 2428,3152 2426,3154 2395,3154 2394,3152 2394,3151 2392,3150 2387,3150 2387,3149 2387,3144 2385,3143 2384,3143 2383,3141 2383,3118 2382,3118 2125,3117 2125,3117 2125,3118 2119,3124 2040,3124 2039,3125 2039,3126 2037,3128 2032,3128 2031,3126 2031,3121 2029,3120 2024,3120 2024,3119 2024,3118 2023,3118 1751,3117 1751,3118 1751,3142 1749,3143 1748,3143 1743,3149 1743,3150 1742,3150 1725,3150 1724,3149 1724,3148 1723,3147 1722,3147 1721,3146 1721,3145 1720,3144 1719,3143 1718,3143 1717,3142 1717,3118 1716,3117 1512,3117 1511,3115 1511,3114 1509,3113 1316,3112 1315,3113 1313,3113 1313,3113 1313,3112 1312,3111 1312,3110 1311,3109 1246,3109 1245,3108 1245,3107 1244,3106 976,3105 976,3105 976,3104 974,3102 846,3102 845,3101 845,3100 843,3098 838,3098 838,3098 838,3097 836,3095 835,3094 834,3094 834,3094 834,3092 833,3091 834,3090 834,3088 834,3087 839,3087 841,3086 841,3085 842,3083 843,3083 845,3082 845,2998 844,2997 842,2997 841,2996 841,2995 840,2994 839,2993 838,2993 837,2992 837,2984 838,2982 847,2982 848,2982 848,2981 850,2978 861,2978 869,2986 870,2986 871,2987 871,3022 872,3023 899,3023 901,3025 901,3026 901,3026 1165,3027 1167,3028 1167,3029 1167,3030 1402,3030 1403,3030 1403,2998 1403,2997 1404,2997 1406,2996 1406,2992 1408,2989 1412,2989 1414,2988 1414,2987 1414,2986 1424,2986 1425,2987 1425,2988 1426,2989 1430,2989 1432,2991 1432,2992 1433,2993 1433,3015 1433,3015 1446,3016 1448,3017 1448,3022 1448,3023 1453,3023 1455,3024 1455,3033 1455,3034 1645,3034 1646,3033 1646,3027 1646,3027 1647,3027 1649,3025 1649,3021 1651,3019 1652,3019 1653,3018 1653,3013 1654,3012 1655,3012 1657,3010 1657,3009 1658,3008 1659,3008 1661,3006 1661,3001 1661,3001 1666,3001 1668,2999 1668,2998 1669,2997 1674,2997 1676,2996 1676,2995 1677,2993 1685,2993 1687,2995 1687,3038 1687,3038 2008,3039 2009,3038 2009,3024 2010,3023 2011,3023 2012,3022 2012,3010 2021,3001 2029,3001 2031,2999 2031,2998 2032,2997 2052,2997 2054,2998 2054,2999 2055,3001 2060,3001 2061,3001 2061,3002 2063,3005 2064,3005 2065,3005 2065,3009 2065,3010 2229,3010 2231,3008 2232,3008 2233,3008 2233,3007 2235,3004 2236,3004 2237,3004 2237,3003 2242,2997 2280,2997 2282,2999 2282,3038 2282,3038 2506,3039 2507,3038 2543,3038 2544,3037 2544,3002 2546,3000 2549,2997 2584,2997 2585,2996 2600,2996 2601,2997 2602,2997 2604,2999 2604,3038 2604,3038 2786,3038 2787,3038 2787,3037 2789,3034 2797,3034 2798,3034 2798,3033 2799,3031 2801,3031 2802,3032 2802,3033 2802,3033 3273,3034 3274,3034 3274,2998 3275,2996 3279,2997 3282,2994 3282,2993 3282,2993 3294,2993 3297,2995 3297,2996 3297,2997 3298,2997 3300,2998 3300,3030 3300,3031 3355,3031 3356,3031 3356,3032 3357,3034 3361,3034 3364,3036 3364,3037 3364,3038 3613,3038 3614,3038 3614,2996 3614,2995 3636,2995 3638,2997 3639,2997 3641,2999 3641,3030 3641,3030 3682,3030 3683,3031 3684,3031 3686,3033 3686,3038 3686,3038 3691,3038 3693,3040 3693,3041 3694,3042 3699,3042 3700,3043 3700,3044 3702,3046 3703,3046 3704,3047 3704,3048 3704,3048 3755,3049 3757,3050 3757,3088 3754,3091 3753,3091 3753,3091 3753,3092 3751,3094 3733,3093 3732,3094 3704,3094 3704,3095 3704,3113 3703,3113 3698,3113 3694,3117 3514,3117 3514,3118 3514,3144 3513,3145 3513,3146 3511,3147 3510,3147 3510,3148 3510,3149 3508,3150 3499,3150 3498,3148 3498,3147 3497,3147 3485,3147 3483,3144 3483,3113 3482,3113 3191,3112 3190,3113 2818,3112 2817,3114 2817,3162 2816,3162"/><TextEquiv index="1"><Unicode>homme bruſque &amp; ſingulier; nous le quit-</Unicode></TextEquiv></TextLine><TextLine id="r0_l015"><Coords points="2066,3329 2065,3328 2065,3281 2065,3281 1875,3280 1874,3281 1869,3281 1866,3284 1866,3285 1866,3285 1857,3285 1856,3285 1856,3284 1854,3281 1565,3281 1563,3279 1340,3278 1339,3279 1339,3292 1338,3293 1325,3293 1324,3294 1324,3307 1323,3308 1322,3308 1320,3310 1320,3311 1320,3311 1296,3311 1290,3306 1290,3275 1290,3274 1184,3274 1181,3271 1181,3270 1181,3270 954,3269 953,3270 862,3270 858,3266 850,3266 849,3266 849,3265 848,3263 847,3263 845,3262 845,3211 845,3210 839,3210 837,3209 837,3198 844,3191 848,3191 849,3190 849,3189 850,3188 851,3188 851,3188 852,3183 854,3180 900,3180 901,3180 901,3178 901,3177 902,3177 905,3175 905,3167 906,3165 907,3165 908,3165 908,3161 909,3160 909,3159 909,3158 910,3158 912,3157 912,3152 912,3151 913,3151 914,3150 918,3150 920,3149 920,3148 920,3147 926,3147 927,3146 928,3147 929,3147 939,3157 939,3165 939,3165 940,3165 942,3167 942,3175 946,3179 946,3183 947,3184 948,3184 950,3186 949,3194 950,3194 1151,3195 1151,3195 1151,3196 1154,3199 1215,3199 1215,3199 1215,3200 1218,3203 1405,3203 1406,3202 1406,3201 1408,3199 1471,3200 1472,3199 1477,3199 1477,3199 1477,3200 1480,3203 1567,3203 1567,3203 1567,3204 1569,3206 1742,3206 1742,3206 1743,3167 1744,3165 1749,3165 1751,3164 1751,3163 1751,3162 1752,3162 1753,3161 1757,3161 1758,3161 1758,3160 1759,3158 1760,3158 1762,3160 1762,3161 1762,3161 1807,3161 1808,3162 1809,3162 1810,3163 1810,3164 1811,3165 1810,3202 1811,3203 1811,3205 1812,3205 2322,3206 2322,3206 2323,3171 2324,3169 2325,3169 2326,3169 2327,3168 2327,3167 2328,3165 2372,3166 2373,3165 2426,3165 2428,3166 2428,3167 2429,3169 2430,3169 2432,3170 2431,3205 2432,3206 2546,3206 2548,3208 2548,3209 2549,3210 2715,3210 2719,3206 2783,3206 2784,3205 2784,3204 2785,3203 2797,3203 2797,3203 2798,3163 2798,3162 2816,3162 2817,3163 2817,3171 2818,3172 2819,3172 2821,3174 2821,3182 2822,3184 2823,3184 2825,3185 2824,3190 2825,3191 2826,3191 2827,3192 2828,3192 2828,3192 2828,3202 2829,3203 3274,3203 3275,3202 3284,3203 3284,3202 3285,3158 3285,3158 3291,3158 3292,3157 3292,3156 3294,3154 3455,3154 3458,3156 3458,3157 3458,3158 3459,3158 3461,3159 3461,3160 3461,3161 3462,3161 3465,3163 3464,3202 3465,3203 3662,3203 3674,3216 3674,3217 3675,3217 3745,3218 3745,3218 3745,3219 3748,3222 3749,3222 3749,3222 3749,3223 3751,3225 3756,3225 3756,3225 3756,3226 3757,3227 3757,3231 3759,3233 3760,3233 3760,3233 3760,3234 3761,3235 3761,3240 3760,3241 3760,3242 3759,3244 3758,3244 3757,3244 3757,3253 3756,3255 3716,3254 3715,3255 3715,3266 3714,3267 3709,3267 3708,3268 3708,3269 3707,3270 3679,3270 3678,3271 3678,3273 3677,3274 3676,3274 3674,3276 3674,3277 3673,3278 3668,3278 3667,3279 3667,3280 3666,3281 3549,3281 3547,3280 3547,3279 3547,3278 3275,3277 3274,3278 3274,3281 3274,3281 2806,3280 2805,3281 2804,3281 2803,3282 2748,3282 2745,3285 2650,3285 2649,3286 2649,3295 2647,3297 2646,3297 2645,3298 2645,3299 2644,3300 2643,3300 2641,3302 2641,3307 2640,3308 2639,3308 2638,3309 2638,3310 2637,3311 2556,3311 2555,3311 2555,3328 2555,3329 2545,3329 2544,3328 2544,3285 2544,3285 2475,3285 2473,3283 2473,3282 2473,3282 2292,3281 2289,3284 2289,3285 2289,3285 2074,3285 2073,3285 2073,3328 2073,3329"/><TextEquiv index="1"><Unicode>tâmes pour aller au cellier, où nous deſcen-</Unicode></TextEquiv></TextLine><TextLine id="r0_l016"><Coords points="1938,3496 1938,3495 1938,3450 1937,3450 1892,3449 1891,3450 1874,3450 1874,3451 1874,3479 1872,3480 1863,3480 1863,3481 1863,3482 1860,3484 1858,3484 1857,3483 1856,3483 1855,3482 1855,3481 1854,3480 1849,3480 1848,3479 1848,3474 1847,3473 1846,3473 1844,3471 1844,3447 1843,3446 1602,3446 1601,3444 1601,3443 1600,3443 1343,3442 1343,3443 1343,3467 1340,3469 1339,3469 1339,3470 1339,3471 1337,3472 1336,3472 1336,3473 1336,3474 1333,3476 1332,3476 1331,3475 1331,3474 1329,3472 1325,3472 1324,3471 1324,3470 1323,3469 1318,3469 1316,3467 1316,3440 1315,3439 1312,3439 1312,3440 1312,3485 1311,3485 1302,3485 1301,3484 1301,3482 1300,3481 1130,3481 1130,3480 1130,3435 1129,3435 956,3434 955,3435 932,3435 931,3434 931,3432 930,3431 861,3431 860,3430 860,3429 858,3427 853,3427 852,3426 852,3421 851,3420 850,3420 848,3418 848,3417 848,3416 847,3416 845,3415 845,3407 844,3405 843,3405 841,3404 841,3384 842,3383 843,3383 845,3381 845,3373 847,3371 848,3371 849,3370 849,3369 851,3367 852,3367 852,3367 852,3366 854,3364 855,3364 855,3364 856,3363 856,3362 858,3360 859,3360 859,3360 860,3359 860,3358 862,3356 886,3356 886,3356 886,3313 888,3311 889,3311 889,3311 890,3310 890,3309 891,3308 892,3308 893,3307 951,3307 952,3308 953,3308 953,3309 953,3310 955,3311 979,3311 979,3312 979,3313 981,3314 983,3314 983,3315 983,3316 985,3318 986,3318 987,3319 987,3319 987,3359 988,3360 1207,3360 1208,3361 1208,3362 1210,3364 1222,3364 1223,3366 1223,3367 1224,3367 1440,3367 1441,3366 1742,3367 1743,3369 1743,3371 1744,3371 1958,3372 1959,3371 2016,3371 2016,3370 2016,3369 2019,3367 2057,3367 2057,3366 2057,3332 2058,3331 2058,3330 2059,3330 2064,3330 2065,3329 2073,3329 2074,3330 2075,3330 2076,3331 2076,3366 2077,3367 2116,3367 2117,3368 2117,3369 2119,3371 2319,3371 2319,3371 2319,3355 2322,3352 2323,3352 2323,3352 2323,3351 2326,3348 2327,3348 2327,3348 2327,3347 2329,3345 2330,3345 2330,3345 2330,3344 2333,3341 2334,3341 2334,3341 2334,3340 2337,3337 2338,3337 2338,3337 2338,3336 2340,3334 2344,3334 2348,3330 2357,3330 2358,3329 2543,3330 2544,3329 2555,3329 2555,3329 2555,3331 2559,3335 2559,3366 2560,3367 2614,3367 2615,3369 2615,3370 2617,3371 2693,3371 2694,3373 2694,3374 2696,3375 2697,3375 2697,3376 2697,3377 2698,3378 2698,3412 2699,3412 2866,3413 2866,3412 2866,3334 2866,3334 2861,3334 2857,3330 2856,3330 2855,3329 2855,3327 2857,3326 2858,3326 2858,3325 2858,3324 2861,3322 2905,3322 2906,3323 2907,3323 2907,3323 2907,3324 2910,3327 2911,3327 2911,3327 2911,3366 2912,3367 3302,3368 3303,3367 3389,3367 3390,3365 3390,3364 3391,3364 3502,3364 3502,3363 3502,3331 3504,3330 3505,3330 3506,3328 3506,3327 3508,3326 3509,3326 3509,3326 3509,3325 3511,3323 3566,3323 3566,3324 3566,3325 3568,3326 3606,3326 3607,3328 3607,3329 3609,3330 3610,3330 3611,3332 3611,3366 3612,3366 3774,3367 3775,3368 3775,3369 3776,3370 3776,3404 3777,3405 3782,3405 3783,3406 3783,3407 3784,3408 3785,3408 3787,3410 3787,3415 3788,3416 3801,3416 3802,3417 3801,3418 3801,3419 3800,3420 3787,3420 3787,3420 3787,3425 3784,3428 3783,3428 3783,3428 3783,3429 3781,3431 3754,3431 3753,3432 3753,3437 3752,3438 3751,3438 3749,3440 3749,3441 3748,3442 3747,3442 3745,3444 3745,3445 3744,3446 3732,3445 3731,3446 3649,3446 3648,3445 3648,3444 3646,3442 3350,3442 3349,3443 3349,3444 3347,3446 3266,3445 3265,3446 3263,3446 3263,3446 3263,3445 3260,3442 3058,3442 3057,3444 3057,3445 3055,3446 2938,3446 2937,3444 2937,3443 2935,3442 2742,3441 2742,3442 2742,3446 2741,3446 2736,3446 2735,3448 2735,3449 2733,3450 2725,3450 2724,3449 2724,3448 2723,3447 2559,3447 2559,3447 2559,3448 2557,3450 2270,3449 2269,3450 2122,3450 2121,3451 2121,3452 2120,3453 2118,3453 2117,3451 2117,3450 2116,3450 1956,3450 1956,3450 1956,3495 1955,3496"/><TextEquiv index="1"><Unicode>dîmes par un petit eſcalier. Les murailles</Unicode></TextEquiv></TextLine><TextLine id="r0_l017"><Coords points="2025,3661 2024,3660 2025,3615 2024,3615 1891,3614 1890,3615 1841,3615 1841,3616 1840,3658 1840,3658 1830,3658 1829,3658 1830,3616 1829,3615 1813,3615 1812,3614 1811,3614 1810,3613 1810,3612 1809,3611 1523,3611 1523,3611 1522,3653 1522,3654 1515,3654 1514,3653 1509,3653 1508,3652 1509,3608 1508,3608 1235,3607 1234,3606 1234,3605 1232,3603 1168,3603 1168,3603 1167,3647 1167,3648 1145,3648 1144,3647 1145,3603 1144,3603 982,3602 981,3603 980,3603 979,3602 979,3601 978,3600 866,3600 865,3599 864,3599 864,3599 864,3598 862,3596 861,3596 861,3596 860,3595 860,3594 858,3592 857,3592 856,3591 856,3590 854,3588 849,3588 849,3588 849,3587 846,3584 845,3584 845,3584 845,3545 846,3543 847,3543 849,3542 849,3537 849,3536 850,3536 853,3534 853,3533 853,3532 854,3532 856,3531 856,3530 856,3529 857,3529 860,3527 860,3526 860,3525 861,3525 864,3523 864,3522 864,3521 873,3521 875,3520 875,3519 876,3517 884,3517 886,3519 886,3520 886,3520 986,3520 987,3521 987,3522 989,3525 1113,3525 1114,3524 1114,3504 1115,3503 1115,3502 1115,3502 1116,3502 1118,3500 1118,3496 1120,3494 1121,3494 1122,3493 1122,3484 1123,3483 1128,3483 1129,3482 1129,3481 1129,3481 1139,3481 1141,3483 1142,3483 1144,3484 1144,3512 1144,3513 1179,3513 1182,3515 1182,3524 1182,3525 1252,3525 1253,3526 1253,3528 1253,3528 1297,3528 1298,3528 1298,3489 1299,3487 1300,3487 1301,3487 1301,3486 1301,3485 1312,3485 1313,3486 1313,3487 1313,3487 1314,3487 1317,3490 1317,3491 1317,3491 1318,3491 1320,3493 1320,3528 1320,3528 1374,3528 1376,3530 1376,3531 1376,3531 1510,3532 1511,3531 1511,3529 1511,3529 1512,3529 1515,3526 1515,3525 1515,3525 1516,3525 1518,3523 1519,3522 1519,3521 1519,3521 1615,3521 1616,3520 1616,3518 1617,3517 1618,3517 1620,3515 1620,3510 1620,3510 1621,3510 1623,3508 1623,3504 1624,3503 1624,3502 1624,3502 1625,3502 1626,3501 1627,3500 1627,3499 1627,3499 1628,3499 1631,3496 1631,3495 1631,3495 1632,3495 1635,3492 1635,3491 1635,3491 1636,3491 1639,3488 1639,3487 1639,3487 1670,3487 1672,3488 1672,3489 1673,3491 1674,3491 1676,3493 1676,3494 1676,3494 1677,3494 1679,3496 1679,3536 1679,3536 1891,3536 1893,3538 1933,3539 1934,3538 1934,3499 1935,3498 1936,3498 1938,3496 1955,3496 1957,3498 1958,3498 1960,3499 1960,3538 1960,3539 2060,3539 2061,3538 2061,3537 2062,3536 2078,3536 2080,3537 2080,3538 2080,3539 2144,3539 2145,3540 2146,3540 2147,3541 2147,3542 2148,3543 2149,3543 2151,3545 2151,3546 2152,3547 2153,3547 2155,3549 2155,3554 2155,3554 2156,3554 2159,3557 2159,3584 2159,3584 2337,3584 2338,3584 2338,3564 2339,3562 2340,3562 2342,3561 2342,3556 2342,3555 2343,3555 2346,3553 2346,3519 2347,3517 2348,3517 2349,3517 2349,3512 2350,3510 2351,3510 2353,3509 2353,3504 2354,3502 2355,3502 2357,3501 2357,3499 2357,3498 2358,3498 2361,3496 2361,3495 2361,3494 2366,3495 2368,3493 2368,3492 2369,3491 2385,3491 2387,3492 2387,3493 2387,3494 2388,3495 2389,3495 2391,3496 2391,3497 2391,3498 2396,3498 2398,3499 2398,3500 2399,3502 2400,3502 2402,3503 2402,3531 2402,3532 2558,3532 2559,3531 2559,3503 2560,3502 2561,3502 2563,3500 2563,3499 2564,3498 2565,3498 2567,3496 2567,3495 2567,3495 2572,3495 2574,3493 2574,3492 2575,3491 2580,3491 2581,3491 2581,3492 2583,3495 2584,3495 2585,3495 2585,3524 2585,3525 2614,3525 2615,3526 2615,3531 2616,3532 2643,3532 2645,3534 2645,3535 2646,3536 2814,3536 2815,3535 2850,3536 2851,3535 2851,3492 2852,3491 2853,3491 2854,3490 2854,3489 2856,3487 2857,3487 2858,3486 2858,3485 2860,3483 2867,3483 2870,3485 2870,3489 2871,3491 2872,3491 2873,3491 2873,3530 2874,3532 2928,3532 2929,3532 2929,3533 2930,3534 2930,3535 2930,3536 3073,3536 3076,3534 3076,3533 3076,3532 3108,3532 3109,3532 3109,3500 3110,3498 3111,3498 3113,3497 3113,3493 3114,3491 3118,3491 3122,3487 3137,3487 3139,3489 3139,3528 3139,3528 3170,3528 3177,3535 3376,3536 3380,3532 3384,3532 3386,3530 3386,3514 3386,3514 3387,3514 3390,3511 3390,3510 3390,3510 3391,3510 3394,3507 3394,3503 3395,3502 3396,3502 3397,3501 3397,3500 3399,3498 3400,3498 3401,3497 3401,3496 3406,3491 3407,3491 3408,3490 3408,3489 3410,3487 3418,3487 3420,3485 3420,3484 3421,3483 3436,3483 3439,3485 3439,3486 3439,3487 3571,3487 3573,3489 3573,3490 3574,3491 3575,3491 3577,3493 3577,3532 3577,3532 3729,3532 3730,3533 3730,3534 3731,3535 3747,3536 3757,3545 3757,3576 3757,3577 3774,3577 3775,3577 3775,3578 3776,3579 3776,3591 3776,3592 3781,3592 3783,3593 3783,3597 3780,3600 3757,3600 3757,3600 3757,3601 3755,3603 3754,3603 3754,3603 3753,3604 3753,3605 3751,3607 3746,3607 3746,3607 3746,3608 3743,3611 3739,3611 3735,3614 3731,3614 3730,3615 3633,3615 3633,3616 3633,3621 3631,3622 3623,3622 3622,3621 3622,3620 3620,3618 3615,3618 3614,3617 3614,3612 3613,3611 3563,3611 3562,3610 3562,3609 3560,3607 3297,3607 3296,3608 3296,3609 3294,3611 3243,3610 3242,3611 3219,3611 3218,3610 3218,3609 3216,3607 2815,3606 2814,3607 2798,3607 2798,3608 2798,3637 2797,3637 2796,3637 2795,3639 2795,3643 2793,3644 2777,3644 2776,3643 2776,3642 2775,3641 2770,3641 2768,3639 2768,3638 2767,3637 2766,3637 2765,3636 2765,3612 2764,3611 2635,3611 2634,3613 2634,3614 2633,3614 2630,3614 2630,3614 2630,3613 2628,3611 2462,3611 2462,3611 2462,3612 2460,3614 2459,3614 2458,3615 2451,3615 2450,3616 2450,3617 2449,3618 2240,3617 2239,3618 2238,3618 2237,3620 2237,3629 2236,3629 2231,3629 2230,3631 2230,3635 2229,3636 2229,3637 2228,3637 2227,3637 2226,3639 2226,3640 2225,3640 2224,3640 2223,3641 2219,3641 2218,3643 2218,3644 2217,3644 2208,3644 2207,3645 2205,3645 2203,3643 2203,3619 2202,3618 2062,3618 2061,3616 2061,3615 2060,3615 2043,3615 2043,3615 2042,3660 2042,3661"/><TextEquiv index="1"><Unicode>en étoient ſi noires, &amp; le plancher ſi bas</Unicode></TextEquiv></TextLine><TextLine id="r0_l018"><Coords points="3267,3986 3267,3986 3267,3941 3266,3940 3143,3940 3143,3941 3143,3965 3140,3967 3139,3967 3139,3968 3139,3969 3137,3970 3136,3970 3136,3971 3136,3972 3133,3974 3110,3974 3109,3973 3109,3972 3107,3970 3106,3970 3105,3969 3105,3941 3104,3940 3099,3940 3098,3939 3098,3938 3096,3936 2934,3936 2932,3934 2758,3933 2757,3935 2757,3936 2756,3936 2590,3936 2589,3937 2589,3938 2587,3940 2409,3940 2409,3940 2409,3942 2407,3944 2402,3944 2402,3944 2402,3945 2399,3948 2325,3947 2324,3948 2306,3948 2304,3946 2304,3945 2303,3944 2088,3944 2088,3944 2088,3955 2087,3956 2087,3957 2085,3959 2084,3959 2084,3959 2084,3964 2082,3966 2081,3966 2080,3967 2080,3968 2078,3970 2077,3970 2076,3971 2076,3972 2074,3974 2073,3974 2072,3975 2072,3976 2071,3977 2070,3977 2069,3978 2062,3978 2061,3979 2061,3980 2060,3981 2032,3981 2030,3979 1872,3978 1870,3976 1870,3945 1869,3944 1463,3944 1462,3945 1462,3950 1461,3951 1460,3951 1458,3953 1458,3954 1457,3955 1456,3955 1455,3956 1455,3957 1453,3959 1452,3959 1451,3960 1451,3961 1450,3962 1449,3962 1447,3964 1447,3965 1446,3966 1439,3965 1438,3966 1434,3966 1432,3969 1432,3970 1431,3970 1429,3970 1429,3970 1429,3969 1428,3968 1428,3938 1427,3937 1320,3937 1319,3936 1238,3936 1238,3936 1238,3935 1236,3933 1168,3933 1167,3931 1167,3930 1165,3929 981,3928 980,3929 958,3929 957,3931 957,3932 956,3932 955,3932 954,3933 847,3933 846,3932 845,3932 845,3932 845,3931 843,3929 842,3929 841,3928 841,3710 843,3708 844,3708 845,3707 845,3706 847,3704 848,3704 848,3704 849,3703 849,3702 850,3701 851,3701 852,3700 852,3699 854,3697 859,3697 860,3696 860,3695 862,3693 866,3693 870,3689 981,3689 982,3688 1144,3689 1144,3688 1144,3648 1145,3648 1167,3648 1167,3648 1167,3688 1168,3689 1229,3689 1231,3692 1231,3693 1232,3693 1241,3693 1241,3694 1241,3695 1244,3697 1455,3698 1455,3697 1455,3656 1456,3656 1457,3656 1459,3653 1459,3652 1460,3652 1477,3652 1478,3653 1514,3653 1515,3654 1523,3654 1525,3656 1526,3656 1526,3656 1526,3696 1527,3697 1634,3697 1635,3698 1635,3699 1636,3700 1825,3700 1825,3700 1825,3662 1828,3659 1829,3659 1830,3658 1841,3658 1842,3659 1843,3659 1844,3661 1844,3699 1845,3699 2020,3700 2020,3699 2020,3668 2023,3666 2024,3666 2024,3665 2024,3661 2025,3661 2043,3661 2043,3661 2043,3662 2044,3663 2045,3663 2046,3664 2046,3703 2047,3704 2237,3704 2237,3704 2237,3698 2238,3697 2316,3697 2316,3697 2316,3695 2318,3693 2319,3693 2319,3693 2319,3692 2325,3686 2327,3686 2327,3687 2327,3696 2328,3696 2638,3697 2638,3697 2638,3657 2640,3655 2641,3655 2641,3655 2641,3654 2643,3652 2667,3652 2667,3653 2667,3654 2668,3655 2668,3663 2669,3663 2670,3663 2671,3665 2671,3697 2672,3697 2855,3698 2856,3697 2941,3697 2941,3696 2941,3660 2943,3659 2944,3659 2944,3658 2944,3657 2946,3656 2950,3656 2951,3655 2952,3655 2952,3654 2952,3653 2954,3652 2959,3652 2959,3652 2959,3653 2960,3654 2962,3656 2963,3656 2963,3656 2963,3685 2964,3686 3120,3686 3121,3688 3121,3689 3122,3689 3127,3689 3128,3691 3128,3696 3130,3697 3251,3697 3251,3698 3251,3699 3252,3699 3438,3700 3438,3699 3438,3658 3439,3657 3439,3656 3440,3656 3448,3656 3450,3653 3450,3652 3451,3652 3453,3652 3454,3653 3454,3654 3455,3655 3456,3656 3457,3656 3457,3656 3457,3661 3459,3663 3460,3663 3461,3664 3461,3696 3462,3697 3640,3697 3640,3697 3640,3660 3641,3659 3641,3657 3642,3656 3647,3656 3648,3655 3648,3654 3650,3652 3666,3652 3667,3654 3667,3655 3668,3656 3669,3656 3670,3656 3671,3658 3671,3697 3672,3697 3730,3697 3732,3699 3740,3700 3742,3702 3742,3703 3743,3704 3744,3704 3746,3706 3746,3707 3747,3708 3748,3708 3752,3712 3782,3712 3783,3713 3783,3714 3784,3715 3785,3715 3787,3717 3787,3718 3788,3719 3789,3719 3790,3720 3790,3870 3793,3873 3794,3873 3794,3873 3794,3875 3793,3877 3780,3877 3779,3877 3779,3965 3778,3966 3777,3966 3777,3966 3775,3968 3775,3969 3774,3970 3711,3969 3710,3970 3709,3970 3708,3972 3708,3973 3706,3974 3701,3974 3701,3975 3701,3976 3698,3978 3684,3978 3683,3977 3682,3977 3682,3977 3682,3976 3681,3975 3680,3974 3679,3974 3678,3973 3678,3941 3677,3940 3281,3940 3281,3940 3281,3986 3280,3987"/><TextEquiv index="1"><Unicode>loluenn le aaaaee le e ile e e one</Unicode></TextEquiv></TextLine><TextLine id="r0_l019"><Coords points="2641,4150 2640,4150 2640,4149 2640,4148 1872,4146 1871,4146 1871,4145 1870,4144 1870,4129 1870,4128 1341,4127 1337,4123 1336,4123 1335,4123 1336,4102 1335,4101 1082,4101 1079,4098 860,4097 860,4097 860,4092 858,4090 854,4090 850,4086 846,4086 845,4085 845,4076 844,4075 842,4075 841,4074 841,4069 839,4067 838,4067 837,4066 837,4047 838,4045 839,4045 841,4044 841,4039 841,4038 842,4038 845,4036 845,4035 845,4034 846,4034 849,4032 849,4031 849,4030 850,4030 856,4025 856,4024 856,4023 857,4023 858,4022 862,4022 864,4021 864,4020 864,4019 869,4019 871,4018 871,4017 872,4015 1017,4016 1018,4015 1019,4015 1021,4013 1021,4012 1022,4011 1259,4011 1260,4011 1260,3987 1261,3985 1262,3985 1264,3984 1264,3979 1264,3978 1265,3978 1266,3977 2805,3980 2806,3980 2806,3979 2806,3978 2807,3978 2808,3977 2812,3977 2814,3976 2814,3974 2814,3973 2827,3974 2828,3974 2828,3975 2829,3977 2833,3977 2834,3978 2835,3978 2836,3978 2836,3985 2836,3986 3280,3987 3281,3987 3281,3990 3282,3992 3283,3992 3285,3993 3285,4025 3285,4026 3646,4026 3648,4028 3648,4029 3648,4029 3733,4029 3734,4030 3734,4031 3736,4034 3740,4034 3742,4035 3742,4036 3742,4037 3743,4037 3746,4039 3746,4040 3746,4041 3747,4041 3749,4042 3749,4043 3750,4045 3751,4045 3753,4046 3753,4051 3753,4052 3766,4052 3768,4053 3768,4058 3766,4060 3757,4060 3757,4060 3757,4091 3754,4094 3753,4094 3753,4094 3753,4099 3751,4101 3743,4101 3739,4105 3735,4104 3734,4106 3733,4107 3733,4107 3732,4107 3730,4109 3589,4109 3588,4110 3588,4115 3587,4116 3586,4116 3585,4117 3585,4122 3584,4123 3583,4123 3581,4125 3581,4130 3580,4131 3575,4131 3573,4133 3573,4134 3572,4135 3571,4135 3570,4136 3570,4137 3569,4138 3568,4138 3567,4139 3556,4139 3554,4141 3554,4142 3554,4142 3147,4141 3146,4142 2648,4141 2647,4142 2647,4150 2647,4150"/><TextEquiv index="1"><Unicode>entend, me rapella la confuſion qui regne</Unicode></TextEquiv></TextLine><TextLine id="r0_l020"><Coords points="1760,4319 1759,4319 1759,4274 1759,4273 1520,4273 1519,4273 1519,4300 1518,4301 1518,4302 1518,4303 1490,4303 1489,4302 1489,4271 1489,4271 1449,4271 1448,4271 1448,4317 1448,4318 1434,4317 1433,4316 1426,4316 1425,4316 1425,4271 1425,4270 1320,4270 1319,4269 1318,4269 1316,4268 1316,4267 1316,4266 1139,4266 1137,4264 1137,4263 1137,4263 877,4262 874,4260 874,4259 874,4258 862,4258 855,4251 851,4251 849,4250 849,4246 847,4243 846,4243 845,4243 845,4227 841,4223 841,4219 843,4217 844,4217 845,4216 845,4207 846,4206 847,4206 849,4204 849,4200 851,4198 856,4198 856,4198 856,4189 858,4187 867,4187 867,4187 867,4186 870,4183 1021,4184 1021,4183 1021,4180 1022,4180 1023,4180 1024,4178 1024,4174 1025,4173 1025,4172 1026,4172 1039,4172 1039,4172 1039,4173 1040,4174 1040,4182 1041,4183 1245,4183 1245,4183 1245,4152 1248,4149 1249,4149 1249,4149 1249,4148 1251,4146 1263,4146 1264,4145 1264,4144 1266,4142 1274,4142 1275,4144 1275,4148 1278,4150 1279,4150 1279,4151 1279,4191 1280,4191 1338,4191 1339,4193 1339,4194 1340,4194 1528,4195 1529,4194 1754,4194 1754,4194 1754,4193 1756,4191 1757,4191 1758,4190 1758,4189 1760,4187 1761,4187 1761,4187 1762,4186 1762,4185 1764,4183 1768,4183 1769,4185 1769,4197 1771,4198 1932,4199 1933,4198 1942,4198 1942,4197 1942,4157 1943,4157 1944,4157 1945,4155 1945,4151 1947,4150 1967,4150 1968,4151 1968,4152 1969,4153 1970,4153 1971,4154 1971,4158 1975,4162 1975,4197 1976,4198 2263,4198 2263,4198 2263,4197 2266,4194 2267,4194 2267,4194 2267,4193 2269,4191 2270,4191 2272,4193 2396,4194 2397,4195 2398,4195 2398,4195 2398,4196 2400,4198 2573,4198 2574,4196 2574,4195 2575,4195 2576,4195 2577,4194 2634,4194 2634,4194 2634,4155 2636,4153 2637,4153 2638,4152 2638,4151 2639,4150 2703,4150 2704,4149 2705,4149 2705,4149 2705,4148 2707,4146 2723,4146 2723,4146 2723,4145 2726,4142 2730,4142 2731,4144 2731,4145 2733,4146 2779,4146 2780,4148 2780,4149 2781,4150 2782,4150 2783,4150 2784,4152 2784,4190 2785,4190 2922,4191 2922,4191 2922,4192 2924,4194 3098,4194 3098,4194 3098,4193 3100,4191 3109,4191 3109,4191 3109,4152 3115,4146 3131,4146 3132,4148 3132,4149 3134,4150 3135,4150 3135,4151 3135,4152 3137,4153 3138,4153 3139,4155 3139,4160 3141,4161 3142,4161 3143,4163 3143,4164 3144,4164 3156,4164 3157,4165 3158,4165 3158,4166 3158,4194 3159,4194 3317,4195 3318,4194 3554,4194 3554,4194 3554,4193 3556,4191 3700,4191 3700,4192 3700,4193 3703,4195 3704,4195 3704,4196 3704,4197 3706,4198 3710,4198 3714,4202 3715,4202 3715,4203 3715,4204 3716,4205 3716,4209 3718,4210 3719,4210 3719,4211 3719,4235 3720,4235 3752,4236 3753,4237 3753,4238 3754,4239 3755,4239 3757,4241 3757,4242 3758,4243 3759,4243 3760,4244 3760,4245 3762,4247 3782,4247 3783,4248 3783,4256 3782,4258 3762,4258 3761,4258 3761,4262 3760,4263 3760,4264 3759,4266 3751,4266 3749,4267 3749,4268 3749,4269 3748,4269 3747,4270 3699,4269 3698,4270 3504,4270 3501,4273 3361,4273 3360,4273 3360,4286 3359,4288 3358,4288 3356,4289 3356,4290 3355,4292 3354,4292 3353,4292 3353,4300 3352,4301 3352,4302 3352,4303 3343,4303 3341,4304 3341,4305 3340,4307 3310,4307 3307,4304 3307,4303 3307,4303 3298,4303 3296,4301 3296,4300 3295,4299 3294,4299 3293,4298 3293,4297 3292,4296 3292,4274 3292,4274 3197,4273 3195,4272 3195,4271 3195,4270 2983,4270 2982,4270 2982,4271 2981,4273 2965,4273 2963,4271 2963,4270 2963,4270 2788,4269 2787,4270 2583,4270 2581,4271 2581,4272 2581,4273 2331,4272 2330,4273 2292,4273 2291,4274 2291,4318 2291,4318 2282,4318 2281,4319 2280,4319 2279,4319 2279,4278 2279,4277 1807,4276 1806,4277 1773,4277 1772,4278 1772,4319 1772,4319"/><TextEquiv index="1"><Unicode>entre les ponts dans un vaiſſeau de guerre.</Unicode></TextEquiv></TextLine><TextLine id="r0_l021"><Coords points="1515,4485 1514,4484 1497,4484 1497,4483 1497,4469 1496,4469 1422,4468 1421,4467 1421,4435 1420,4434 1287,4434 1286,4433 1286,4432 1285,4431 909,4430 908,4429 908,4428 907,4427 899,4427 897,4425 897,4424 896,4423 883,4423 883,4423 883,4422 880,4419 879,4419 879,4419 879,4418 876,4415 872,4415 856,4399 856,4391 854,4389 853,4389 852,4388 852,4387 850,4385 849,4385 849,4385 849,4384 848,4383 848,4359 849,4358 849,4357 849,4356 850,4355 851,4355 852,4355 852,4350 853,4348 854,4348 856,4347 856,4339 857,4337 858,4337 860,4336 860,4331 862,4329 863,4329 864,4328 864,4323 865,4322 870,4322 871,4321 871,4320 873,4318 874,4318 875,4317 875,4316 877,4314 882,4314 882,4314 882,4313 884,4311 888,4311 890,4309 890,4308 891,4307 896,4307 897,4306 897,4305 899,4303 908,4303 908,4303 908,4302 911,4299 926,4299 927,4301 927,4302 928,4302 1245,4303 1245,4304 1245,4305 1246,4306 1246,4307 1247,4307 1256,4307 1256,4308 1256,4309 1257,4309 1259,4311 1260,4311 1260,4312 1260,4313 1262,4314 1263,4314 1264,4315 2375,4318 2375,4318 2375,4319 2378,4322 2379,4322 2379,4322 2379,4327 2381,4329 2382,4329 2383,4330 2383,4342 2383,4343 3655,4345 3656,4345 3656,4312 3657,4311 3658,4311 3659,4310 3676,4310 3677,4311 3678,4311 3678,4312 3678,4313 3681,4315 3682,4315 3682,4316 3682,4358 3682,4358 3743,4359 3746,4361 3746,4362 3746,4363 3751,4363 3753,4364 3753,4365 3754,4367 3759,4367 3760,4367 3760,4368 3762,4370 3762,4371 3763,4371 3764,4371 3764,4380 3764,4381 3765,4381 3768,4383 3768,4417 3766,4419 3765,4419 3764,4420 3764,4425 3762,4427 3761,4427 3760,4428 3760,4429 3759,4430 3758,4430 3757,4431 3757,4432 3756,4433 3755,4434 3754,4434 3753,4435 3753,4436 3751,4438 3746,4438 3746,4438 3746,4439 3743,4442 3397,4441 3397,4441 3397,4466 3395,4468 3394,4468 3394,4468 3394,4469 3391,4472 2896,4471 2896,4471 2896,4480 2895,4481 2522,4480 2522,4480 2522,4482 2521,4483 2411,4483 2410,4484 1522,4482 1522,4482 1522,4484 1521,4485"/><TextEquiv index="1"><Unicode>On n'a jamais vu ailleurs une troupe de</Unicode></TextEquiv></TextLine><TextLine id="r0_l022"><Coords points="1857,4653 1856,4653 1856,4606 1856,4605 1841,4605 1840,4606 1826,4606 1825,4607 1825,4632 1824,4633 1823,4633 1822,4634 1822,4639 1821,4640 1805,4640 1803,4639 1803,4638 1802,4636 1797,4636 1796,4636 1796,4635 1795,4634 1795,4610 1795,4609 1699,4609 1698,4610 1698,4653 1698,4653 1542,4653 1541,4652 1541,4603 1541,4603 1438,4602 1437,4603 1407,4603 1406,4604 1406,4617 1406,4617 1405,4617 1403,4619 1403,4623 1402,4624 1402,4625 1402,4625 1401,4625 1395,4631 1395,4632 1395,4632 1394,4632 1393,4633 1381,4633 1380,4634 1380,4635 1379,4636 1348,4636 1346,4635 1346,4634 1345,4632 1344,4632 1343,4632 1343,4631 1342,4629 1341,4629 1339,4628 1339,4596 1339,4595 913,4594 912,4595 912,4598 911,4599 910,4599 909,4600 909,4608 908,4609 908,4610 908,4610 907,4610 905,4612 905,4616 903,4618 899,4618 897,4620 897,4624 896,4625 895,4625 894,4626 894,4627 892,4629 855,4629 852,4627 852,4626 852,4625 847,4625 846,4625 845,4624 845,4620 841,4616 842,4550 841,4549 841,4548 842,4546 843,4546 845,4545 845,4529 845,4528 846,4528 849,4526 849,4525 849,4524 850,4524 856,4519 856,4518 856,4517 857,4517 858,4516 862,4516 864,4515 864,4514 864,4513 1016,4514 1017,4513 1019,4513 1021,4514 1021,4515 1021,4516 1203,4516 1204,4515 1204,4503 1208,4499 1208,4495 1209,4494 1210,4494 1211,4493 1211,4492 1212,4491 1212,4487 1213,4486 1214,4486 1215,4486 1215,4485 1216,4483 1217,4483 1219,4482 1219,4481 1220,4480 1220,4479 1221,4479 1223,4478 1223,4477 1224,4475 1240,4475 1242,4474 1242,4473 1242,4472 1243,4472 1244,4471 1254,4471 1257,4474 1257,4475 1257,4475 1266,4475 1268,4477 1268,4482 1269,4483 1270,4483 1271,4484 1271,4485 1272,4486 1272,4520 1272,4520 1378,4520 1380,4522 1380,4523 1380,4523 1495,4524 1496,4523 1496,4484 1496,4484 1514,4484 1515,4485 1521,4485 1522,4485 1522,4527 1522,4528 1641,4528 1642,4527 1642,4525 1643,4524 1655,4524 1657,4525 1657,4526 1658,4528 1663,4528 1664,4528 1664,4529 1664,4530 1665,4531 1666,4531 1668,4532 1667,4579 1668,4580 1671,4580 1672,4581 1672,4582 1674,4584 1675,4584 1676,4585 1794,4585 1794,4585 1795,4542 1796,4541 1796,4540 1796,4539 1797,4539 1798,4539 1799,4538 1799,4537 1800,4535 1805,4535 1807,4534 1807,4533 1808,4531 1831,4531 1833,4530 1833,4529 1833,4528 1907,4529 1908,4528 2216,4528 2217,4527 2341,4527 2342,4527 2342,4526 2343,4524 2393,4525 2394,4524 2394,4488 2396,4486 2397,4486 2398,4485 2398,4484 2398,4484 2410,4484 2411,4483 2543,4483 2544,4482 2544,4480 2545,4479 2550,4479 2551,4478 2551,4477 2553,4475 2557,4475 2559,4476 2559,4477 2560,4479 2565,4479 2566,4479 2566,4480 2568,4483 2569,4483 2570,4483 2570,4496 2570,4497 2571,4497 2574,4499 2574,4523 2574,4524 2632,4524 2634,4526 2634,4527 2635,4528 2749,4528 2750,4528 2750,4488 2751,4486 2752,4486 2754,4485 2754,4480 2754,4479 2759,4479 2761,4478 2761,4477 2762,4475 2770,4475 2773,4478 2773,4479 2773,4479 2774,4479 2775,4480 2895,4481 2897,4483 3010,4483 3012,4484 3012,4485 3012,4486 3013,4486 3016,4488 3016,4527 3016,4528 3129,4528 3132,4526 3132,4525 3132,4524 3133,4524 3135,4523 3135,4519 3137,4516 3138,4516 3139,4516 3139,4511 3140,4509 3141,4509 3143,4511 3143,4512 3144,4513 3145,4513 3147,4515 3147,4516 3147,4516 3148,4516 3150,4518 3150,4524 3150,4524 3304,4525 3308,4521 3308,4520 3308,4520 3351,4520 3352,4519 3352,4518 3354,4516 3358,4516 3360,4514 3360,4513 3360,4513 3362,4513 3364,4514 3364,4515 3364,4516 3365,4516 3367,4517 3367,4521 3368,4522 3368,4523 3368,4524 3369,4524 3373,4528 3508,4528 3509,4528 3509,4487 3510,4486 3510,4484 3510,4483 3511,4483 3514,4481 3514,4480 3514,4479 3523,4479 3524,4479 3524,4478 3526,4475 3579,4475 3580,4476 3580,4477 3580,4477 3582,4479 3583,4479 3584,4480 3584,4481 3585,4482 3585,4486 3586,4487 3587,4487 3588,4488 3588,4524 3588,4524 3725,4524 3727,4526 3727,4527 3727,4527 3744,4528 3745,4528 3745,4529 3746,4531 3747,4531 3748,4532 3749,4532 3749,4533 3750,4535 3751,4535 3753,4536 3753,4552 3754,4554 3755,4554 3757,4555 3757,4557 3757,4558 3782,4558 3783,4558 3783,4563 3781,4565 3777,4565 3777,4565 3776,4581 3775,4582 3775,4583 3775,4584 3773,4584 3772,4584 3772,4586 3771,4588 3765,4588 3764,4588 3764,4594 3764,4595 3763,4595 3760,4597 3760,4605 3760,4606 3663,4605 3662,4606 3496,4606 3495,4605 3495,4604 3494,4603 3290,4603 3289,4603 3289,4604 3288,4606 3279,4606 3278,4605 3155,4604 3153,4606 3137,4606 3135,4605 3135,4604 3135,4603 2771,4602 2770,4603 2736,4603 2735,4604 2735,4605 2734,4606 2534,4606 2533,4606 2533,4615 2531,4618 2530,4618 2529,4618 2529,4623 2528,4625 2527,4625 2525,4626 2525,4627 2524,4629 2523,4629 2522,4629 2522,4630 2520,4633 2519,4633 2518,4633 2518,4634 2517,4636 2508,4636 2507,4635 2507,4634 2506,4633 2505,4633 2503,4631 2503,4603 2503,4603 2349,4602 2348,4603 2347,4603 2346,4604 2346,4605 2345,4606 1879,4605 1878,4606 1878,4653 1878,4653"/><TextEquiv index="1"><Unicode>gens ſi gais; pour moi j'oubliai tout d'un</Unicode></TextEquiv></TextLine><TextLine id="r0_l023"><Coords points="1840,4815 1840,4815 1840,4772 1840,4771 1565,4771 1564,4771 1564,4786 1563,4787 1563,4788 1562,4790 1561,4790 1560,4790 1560,4791 1557,4794 1556,4794 1556,4794 1556,4795 1554,4797 1546,4797 1545,4798 1545,4799 1543,4801 1542,4801 1541,4799 1541,4764 1541,4764 1306,4763 1305,4764 1305,4793 1303,4794 1298,4794 1298,4795 1298,4796 1296,4797 1193,4797 1193,4797 1193,4806 1192,4807 1174,4807 1174,4806 1174,4797 1173,4797 1104,4797 1103,4795 1103,4794 1102,4794 1101,4794 1099,4791 1099,4761 1099,4761 959,4760 957,4759 957,4758 956,4756 865,4756 864,4756 864,4755 859,4749 855,4749 852,4747 852,4743 849,4740 849,4732 848,4730 847,4730 845,4729 845,4709 847,4707 848,4707 849,4706 849,4701 850,4700 851,4700 852,4699 852,4695 866,4681 874,4681 875,4680 875,4679 877,4677 960,4677 961,4679 961,4680 962,4680 1076,4681 1077,4682 1077,4684 1078,4685 1144,4685 1144,4685 1144,4686 1147,4689 1330,4689 1331,4688 1447,4689 1448,4688 1541,4688 1541,4687 1541,4653 1542,4653 1698,4653 1698,4654 1698,4658 1699,4658 1855,4658 1855,4658 1855,4654 1856,4653 1878,4653 1878,4654 1878,4695 1879,4695 2042,4696 2042,4695 2042,4694 2045,4692 2047,4694 2047,4695 2048,4696 2361,4697 2361,4696 2361,4659 2363,4658 2364,4658 2364,4657 2364,4653 2365,4652 2365,4651 2366,4651 2464,4651 2466,4653 2466,4657 2468,4659 2469,4659 2469,4659 2469,4687 2470,4688 2587,4688 2589,4690 2589,4691 2590,4692 2595,4692 2597,4695 2597,4696 2598,4696 2599,4696 2600,4698 2600,4702 2604,4706 2604,4733 2605,4733 2610,4733 2611,4735 2611,4736 2613,4737 2787,4737 2787,4737 2787,4732 2789,4730 2790,4730 2791,4729 2791,4717 2793,4715 2794,4715 2795,4714 2795,4675 2796,4674 2797,4674 2798,4673 2798,4666 2799,4665 2799,4664 2801,4662 2802,4662 2802,4662 2802,4657 2804,4655 2805,4655 2805,4655 2806,4654 2806,4653 2808,4651 2812,4651 2813,4650 2813,4649 2814,4648 2816,4646 2817,4646 2817,4646 2817,4645 2819,4644 2832,4644 2832,4644 2832,4645 2834,4647 2838,4647 2839,4648 2995,4648 2996,4647 2999,4647 3001,4649 3001,4650 3002,4651 3003,4651 3008,4656 3008,4676 3009,4677 3018,4677 3020,4679 3020,4680 3021,4681 3022,4681 3023,4682 3023,4691 3024,4692 3271,4692 3272,4691 3322,4692 3322,4691 3322,4690 3324,4689 3325,4689 3326,4688 3428,4688 3429,4689 3569,4689 3570,4691 3570,4692 3571,4692 3669,4692 3671,4695 3671,4696 3672,4696 3673,4696 3674,4698 3674,4706 3676,4707 3677,4707 3678,4709 3678,4714 3679,4714 3752,4715 3757,4720 3757,4736 3758,4737 3759,4737 3760,4738 3760,4740 3760,4741 3759,4741 3757,4742 3757,4750 3756,4752 3683,4751 3682,4752 3682,4766 3681,4767 3680,4767 3678,4769 3678,4770 3677,4771 3560,4771 3559,4771 3559,4770 3557,4767 3272,4766 3271,4767 3235,4767 3232,4770 3232,4771 3232,4771 3047,4771 3046,4771 3046,4772 3044,4775 3017,4775 3016,4775 3016,4776 3014,4779 3013,4779 3012,4779 3012,4780 3011,4782 3010,4782 3008,4783 3008,4784 3007,4786 3006,4786 3004,4787 3004,4788 3003,4790 2996,4790 2995,4789 2994,4789 2993,4788 2993,4783 2992,4782 2991,4782 2989,4780 2989,4771 2989,4771 2834,4771 2832,4772 2832,4773 2831,4775 2693,4774 2690,4777 2690,4785 2689,4786 2688,4786 2687,4787 2686,4788 2686,4789 2685,4790 2684,4790 2683,4791 2683,4792 2682,4793 2681,4793 2679,4795 2679,4796 2677,4797 2672,4797 2671,4799 2671,4800 2669,4801 2657,4801 2656,4800 2656,4768 2656,4767 2430,4767 2428,4768 2428,4769 2427,4771 2331,4770 2330,4771 2253,4771 2252,4772 2252,4804 2251,4804 2250,4804 2250,4805 2249,4806 2249,4807 2247,4808 2245,4808 2244,4807 2244,4806 2243,4805 2219,4805 2219,4805 2219,4804 2218,4803 2218,4772 2218,4771 2048,4771 2046,4772 2046,4773 2045,4775 1921,4775 1919,4773 1919,4772 1919,4772 1846,4771 1845,4772 1845,4815 1844,4815"/><TextEquiv index="1"><Unicode>coup que j'étois en priſon, &amp; je crus en-</Unicode></TextEquiv></TextLine><TextLine id="r0_l024"><Coords points="2340,4981 2340,4981 2340,4936 2339,4935 2303,4935 2302,4936 2174,4936 2174,4937 2174,4941 2173,4942 2173,4943 2172,4943 2171,4943 2170,4945 2170,4953 2168,4954 2167,4954 2166,4956 2166,4957 2164,4958 2163,4958 2162,4960 2162,4961 2160,4962 2159,4962 2159,4963 2159,4964 2156,4966 1990,4966 1990,4966 1990,4971 1988,4973 1968,4973 1968,4972 1968,4971 1965,4969 1961,4969 1960,4967 1960,4959 1958,4958 1957,4958 1957,4957 1957,4956 1956,4955 1956,4936 1955,4936 1805,4935 1804,4936 1744,4936 1743,4935 1743,4934 1741,4932 1478,4932 1477,4931 1409,4930 1409,4931 1409,4974 1408,4974 1392,4974 1392,4974 1392,4931 1391,4930 1346,4930 1344,4932 1336,4932 1335,4931 1335,4930 1333,4928 1332,4928 1332,4928 1332,4927 1331,4926 1330,4925 1329,4925 1328,4924 1010,4924 1010,4924 1010,4968 1009,4969 1001,4969 1001,4968 1001,4924 1000,4924 923,4923 922,4924 868,4924 867,4925 866,4925 865,4924 864,4924 864,4924 864,4923 862,4921 854,4921 852,4919 852,4911 851,4910 850,4910 849,4909 849,4867 846,4864 845,4864 845,4864 845,4851 845,4850 846,4850 847,4850 849,4848 849,4847 849,4846 854,4846 856,4845 856,4844 857,4842 858,4842 860,4841 860,4840 861,4838 862,4838 864,4837 864,4836 864,4835 865,4835 867,4834 867,4833 868,4831 877,4831 879,4833 879,4841 880,4842 881,4842 882,4843 882,4845 882,4845 1000,4846 1002,4847 1002,4848 1002,4849 1078,4849 1081,4851 1081,4852 1081,4853 1169,4853 1170,4852 1170,4810 1172,4808 1173,4808 1174,4807 1308,4807 1309,4807 1309,4806 1309,4805 1413,4805 1414,4804 1415,4805 1416,4805 1417,4806 1417,4807 1417,4807 1456,4808 1459,4810 1459,4852 1459,4853 1561,4853 1564,4855 1564,4856 1564,4857 1738,4857 1739,4857 1739,4818 1740,4816 1741,4816 1743,4815 1743,4814 1744,4812 1749,4812 1750,4812 1750,4811 1752,4808 1767,4808 1769,4810 1769,4814 1770,4815 1844,4815 1845,4816 1850,4816 1852,4818 1852,4819 1853,4820 1854,4820 1855,4821 1855,4857 1855,4857 1922,4858 1923,4857 1925,4857 1926,4857 1926,4858 1928,4861 2075,4861 2076,4861 2076,4862 2077,4864 2081,4864 2084,4866 2084,4905 2084,4906 2255,4906 2256,4906 2256,4881 2256,4880 2257,4880 2260,4878 2260,4877 2260,4876 2261,4876 2264,4874 2264,4873 2264,4872 2265,4872 2267,4871 2267,4866 2267,4865 2268,4865 2269,4864 2273,4864 2275,4863 2275,4862 2275,4861 2276,4861 2278,4860 2278,4859 2279,4857 2394,4858 2395,4857 2509,4857 2510,4856 2510,4817 2511,4816 2512,4816 2514,4814 2514,4813 2515,4812 2516,4812 2518,4810 2518,4809 2519,4808 2530,4808 2534,4812 2535,4812 2536,4812 2536,4813 2537,4814 2537,4856 2537,4857 2813,4857 2814,4856 3116,4857 3117,4857 3117,4825 3118,4823 3119,4823 3120,4823 3120,4822 3122,4819 3123,4819 3124,4819 3124,4818 3125,4816 3130,4816 3131,4816 3131,4815 3133,4812 3137,4812 3139,4814 3139,4815 3140,4816 3141,4816 3143,4818 3143,4857 3143,4857 3270,4857 3271,4856 3298,4857 3300,4855 3300,4854 3301,4853 3340,4853 3341,4852 3341,4851 3343,4849 3490,4849 3491,4848 3491,4809 3492,4808 3501,4808 3502,4807 3502,4806 3503,4805 3504,4805 3505,4804 3510,4804 3511,4805 3512,4805 3513,4806 3513,4807 3514,4808 3514,4808 3515,4808 3517,4810 3517,4815 3518,4816 3519,4816 3521,4818 3521,4823 3521,4823 3523,4823 3524,4824 3524,4825 3525,4826 3525,4857 3525,4857 3662,4857 3663,4857 3663,4825 3664,4823 3665,4823 3667,4822 3667,4817 3667,4816 3672,4816 3675,4814 3675,4813 3675,4812 3680,4812 3682,4814 3682,4815 3683,4816 3688,4816 3689,4817 3689,4856 3689,4856 3736,4857 3738,4858 3738,4859 3739,4861 3751,4861 3753,4862 3753,4863 3753,4864 3754,4864 3757,4866 3757,4867 3757,4868 3758,4868 3760,4869 3760,4871 3760,4872 3781,4872 3783,4873 3783,4874 3784,4876 3785,4876 3787,4877 3787,4907 3784,4910 3783,4910 3783,4910 3783,4919 3782,4920 3781,4920 3780,4921 3779,4922 3779,4923 3778,4924 3770,4924 3769,4925 3768,4925 3768,4925 3768,4934 3767,4935 3766,4935 3765,4936 3764,4937 3764,4938 3763,4939 3750,4939 3748,4937 3564,4936 3563,4935 3562,4935 3562,4935 3562,4934 3560,4932 3559,4932 3559,4932 3559,4931 3556,4928 3473,4928 3472,4926 3472,4925 3470,4924 3321,4924 3320,4925 3319,4925 3319,4925 3319,4926 3317,4928 3308,4928 3308,4928 3308,4944 3296,4956 3296,4957 3295,4958 3286,4958 3285,4959 3285,4960 3284,4961 3283,4962 3282,4962 3281,4963 3281,4964 3279,4966 3271,4965 3270,4966 3268,4966 3266,4964 3266,4963 3265,4962 3249,4962 3248,4961 3248,4957 3245,4954 3244,4954 3244,4954 3244,4937 3243,4936 3193,4936 3191,4934 3191,4933 3190,4932 3020,4932 3019,4933 3019,4934 3017,4936 3002,4936 3000,4933 3000,4932 2999,4932 2745,4931 2744,4932 2736,4932 2735,4934 2735,4935 2733,4936 2688,4936 2687,4935 2686,4935 2686,4935 2686,4934 2684,4932 2608,4932 2608,4933 2608,4960 2607,4961 2607,4962 2606,4962 2601,4962 2600,4961 2600,4933 2599,4932 2413,4932 2413,4932 2413,4934 2411,4936 2364,4936 2364,4936 2364,4981 2363,4982"/><TextEquiv index="1"><Unicode>trer à Thomkings, ou dans une loge de la</Unicode></TextEquiv></TextLine><TextLine id="r0_l025"><Coords points="1539,5143 1538,5142 1536,5142 1535,5141 1440,5140 1439,5140 1439,5136 1439,5135 1034,5135 1033,5134 1033,5090 1033,5090 929,5089 927,5088 927,5087 926,5085 846,5085 845,5085 845,5084 844,5082 843,5082 841,5081 841,5080 844,5077 845,5016 846,5014 855,5014 856,5014 856,4997 856,4996 857,4996 860,4994 860,4990 861,4988 862,4988 863,4988 863,4987 862,4986 497,4985 496,4984 495,4984 495,4984 495,4983 496,4982 496,4979 496,4978 866,4979 868,4977 869,4977 870,4977 871,4976 871,4975 872,4973 873,4973 875,4972 875,4971 876,4969 881,4969 882,4969 882,4968 884,4965 892,4965 894,4964 894,4963 894,4962 899,4962 901,4964 901,4965 901,4965 905,4965 906,4966 907,4966 909,4968 1277,4969 1279,4971 1279,4972 1280,4973 1288,4973 1289,4974 1409,4974 1410,4975 1410,4976 1410,4976 1708,4977 1709,4978 1709,4979 1709,4979 2515,4981 2516,4980 2520,4980 2522,4978 2522,4977 2522,4977 2554,4977 2555,4977 2555,4978 2557,4981 2558,4981 2559,4981 2559,4982 2560,4984 2561,4984 2563,4985 2563,5020 2563,5021 3202,5022 3203,5022 3203,4986 3204,4984 3205,4984 3206,4984 3206,4983 3208,4980 3209,4980 3210,4980 3210,4979 3211,4977 3220,4977 3221,4978 3221,4979 3222,4980 3226,4980 3227,4981 3228,4981 3229,4982 3229,4987 3230,4988 3231,4988 3232,4989 3233,4990 3233,4991 3233,4991 3407,4992 3409,4993 3409,4994 3409,4995 3425,4995 3427,4996 3427,5009 3427,5010 3462,5010 3463,5011 3464,5011 3465,5011 3465,5012 3466,5014 3605,5014 3607,5016 3607,5017 3608,5018 3684,5018 3685,5019 3685,5020 3687,5022 3691,5022 3695,5026 3696,5026 3697,5028 3697,5036 3699,5037 3700,5037 3702,5039 3770,5040 3772,5042 3772,5043 3773,5044 3774,5044 3778,5048 3779,5048 3779,5048 3779,5065 3779,5066 3778,5066 3775,5068 3775,5069 3775,5070 3774,5070 3772,5071 3772,5072 3771,5074 3702,5073 3701,5074 3701,5084 3699,5086 3698,5086 3697,5087 3697,5088 3696,5089 3695,5089 3693,5091 3693,5092 3692,5093 3680,5093 3678,5095 3678,5096 3678,5096 3677,5096 3676,5097 3668,5097 3667,5098 3667,5099 3666,5100 3166,5099 3165,5100 2758,5099 2757,5100 2757,5144 2757,5144 2747,5144 2746,5144 2746,5105 2746,5104 2170,5103 2169,5104 2164,5104 2162,5103 2162,5102 2162,5101 1549,5100 1548,5100 1548,5142 1548,5143"/><TextEquiv index="1"><Unicode>foire Saint Barthelemi. Les uns s'entrete-</Unicode></TextEquiv></TextLine><TextLine id="r0_l026"><Coords points="3290,5284 3289,5282 3289,5259 3288,5259 3020,5258 3019,5259 3019,5260 3018,5261 2878,5261 2878,5261 2878,5262 2875,5265 2811,5264 2810,5265 2627,5265 2627,5266 2627,5267 2624,5269 2622,5267 2622,5266 2621,5265 2560,5265 2559,5263 2559,5262 2557,5261 2384,5261 2383,5262 2383,5263 2381,5265 2319,5264 2318,5265 2186,5265 2182,5269 2171,5269 2170,5268 2170,5267 2168,5265 1976,5265 1975,5266 1975,5267 1974,5268 1973,5269 1972,5269 1972,5268 1972,5267 1970,5266 1661,5265 1661,5264 1661,5261 1660,5261 1436,5260 1435,5261 1426,5261 1425,5260 1425,5259 1424,5258 1199,5258 1198,5257 1014,5257 976,5256 975,5257 972,5257 972,5257 972,5256 970,5254 854,5254 847,5246 846,5246 845,5246 845,5188 845,5187 844,5187 843,5186 842,5186 841,5186 841,5184 842,5183 843,5183 847,5179 859,5179 860,5178 860,5177 862,5175 866,5175 867,5174 867,5173 868,5172 869,5172 870,5171 871,5173 871,5174 872,5174 1032,5175 1032,5174 1032,5135 1033,5135 1054,5135 1054,5135 1054,5144 1055,5145 1055,5174 1056,5175 1248,5175 1249,5174 1249,5173 1250,5172 1251,5172 1253,5170 1253,5169 1254,5168 1361,5168 1361,5168 1361,5166 1363,5164 1364,5164 1365,5163 1365,5158 1366,5157 1367,5157 1369,5155 1369,5154 1370,5153 1371,5153 1373,5151 1373,5150 1374,5149 1375,5149 1380,5144 1380,5143 1381,5142 1382,5142 1383,5141 1387,5141 1388,5140 1388,5139 1389,5138 1398,5138 1400,5140 1453,5141 1454,5142 1538,5142 1539,5143 1549,5143 1549,5143 1549,5144 1550,5145 1551,5145 1552,5146 1552,5185 1553,5186 1743,5186 1743,5186 1743,5185 1744,5184 1746,5182 1747,5182 1747,5182 1747,5177 1749,5175 1750,5175 1751,5174 1751,5169 1752,5168 1753,5168 1754,5167 1754,5163 1755,5162 1755,5161 1756,5160 1757,5160 1757,5160 1758,5159 1758,5158 1759,5157 1760,5157 1762,5155 1762,5154 1763,5153 1768,5153 1769,5152 1769,5151 1771,5149 1772,5149 1773,5148 1773,5147 1775,5145 1794,5145 1799,5151 1799,5189 1800,5189 2087,5190 2087,5189 2087,5188 2090,5186 2162,5186 2162,5186 2162,5185 2164,5183 2168,5183 2170,5181 2170,5180 2171,5179 2293,5179 2293,5179 2293,5147 2295,5145 2296,5145 2297,5144 2297,5143 2298,5142 2299,5142 2300,5141 2314,5141 2316,5144 2316,5145 2317,5145 2318,5145 2320,5148 2320,5185 2321,5185 2701,5186 2701,5186 2701,5181 2703,5179 2739,5179 2739,5179 2739,5150 2740,5149 2741,5149 2746,5144 2758,5144 2759,5145 2760,5145 2761,5147 2761,5182 2762,5182 2821,5183 2821,5183 2821,5184 2823,5186 3117,5186 3117,5186 3117,5154 3118,5153 3119,5153 3120,5152 3120,5144 3123,5141 3134,5141 3135,5143 3135,5144 3137,5145 3138,5145 3139,5147 3139,5152 3140,5152 3141,5152 3142,5153 3143,5153 3143,5154 3143,5179 3144,5179 3293,5180 3294,5179 3303,5179 3304,5177 3304,5176 3306,5175 3385,5175 3389,5171 3517,5171 3517,5171 3517,5166 3519,5164 3528,5164 3528,5165 3528,5170 3531,5172 3532,5172 3532,5173 3532,5178 3534,5179 3692,5179 3693,5181 3693,5182 3694,5182 3695,5182 3698,5185 3729,5185 3731,5188 3731,5189 3732,5189 3733,5189 3734,5191 3734,5192 3736,5194 3737,5194 3738,5195 3738,5208 3739,5209 3760,5209 3760,5209 3760,5234 3760,5235 3729,5234 3728,5235 3702,5235 3701,5236 3701,5256 3698,5258 3575,5258 3574,5257 3562,5257 3562,5257 3562,5256 3560,5254 3522,5254 3521,5253 3521,5252 3520,5250 3316,5250 3315,5250 3315,5275 3314,5276 3309,5276 3301,5284"/><TextEquiv index="1"><Unicode>noient ſérieuſement de matieres importan-</Unicode></TextEquiv></TextLine><TextLine id="r0_l027"><Coords points="2215,5472 2214,5471 1298,5469 1298,5469 1298,5468 1297,5467 1031,5467 1031,5466 1031,5423 1030,5423 860,5422 860,5422 860,5421 852,5413 852,5409 850,5407 849,5407 849,5407 849,5397 848,5396 848,5360 846,5358 845,5358 845,5358 845,5353 843,5351 842,5351 841,5350 841,5349 842,5347 843,5347 845,5346 845,5345 845,5344 846,5344 849,5342 849,5341 849,5340 854,5340 856,5339 856,5334 856,5333 857,5333 860,5331 860,5330 860,5329 861,5329 862,5328 870,5328 871,5328 871,5327 872,5325 1824,5327 1825,5327 1825,5313 1826,5312 1826,5311 1826,5310 1827,5310 1829,5309 1829,5308 1830,5306 2678,5308 2680,5306 3449,5308 3450,5307 3450,5299 3450,5299 3455,5299 3457,5297 3457,5296 3458,5295 3471,5295 3472,5295 3472,5311 3474,5314 3475,5314 3476,5314 3476,5339 3476,5340 3527,5340 3528,5341 3528,5342 3529,5343 3593,5343 3596,5346 3747,5347 3749,5348 3749,5349 3750,5351 3755,5351 3757,5352 3757,5357 3758,5359 3759,5359 3760,5359 3760,5360 3761,5361 3761,5391 3761,5392 3788,5392 3790,5393 3790,5397 3792,5400 3793,5400 3794,5400 3794,5402 3793,5403 3792,5403 3790,5405 3790,5406 3789,5407 3761,5407 3761,5407 3761,5411 3760,5412 3760,5413 3758,5415 3757,5415 3757,5415 3757,5420 3755,5422 3754,5422 3753,5423 3753,5424 3751,5426 3742,5426 3742,5426 3742,5427 3739,5430 3728,5429 3727,5430 3547,5430 3547,5431 3547,5471 3546,5471 3545,5471 3544,5470 3533,5470 3532,5469 3517,5469 3517,5469 3517,5465 3516,5464 2297,5461 2297,5462 2297,5466 2295,5467 2294,5467 2294,5468 2293,5469 2293,5470 2291,5471 2218,5471 2217,5472"/><TextEquiv index="1"><Unicode>tes, comme des moyens de tromper leurs</Unicode></TextEquiv></TextLine><TextLine id="r0_l028"><Coords points="1781,5642 1780,5642 1780,5603 1780,5602 1715,5602 1713,5601 1713,5600 1712,5598 1711,5598 1710,5598 1710,5597 1710,5596 1595,5596 1594,5596 1594,5602 1593,5603 1593,5604 1592,5606 1591,5606 1590,5606 1590,5607 1589,5609 1588,5609 1586,5610 1586,5611 1585,5613 1584,5613 1583,5613 1582,5614 1582,5615 1581,5617 1580,5617 1578,5618 1578,5619 1577,5621 1569,5621 1568,5621 1568,5638 1568,5639 1559,5639 1558,5638 1557,5638 1556,5637 1556,5594 1556,5594 1373,5593 1372,5594 1370,5594 1369,5594 1369,5593 1368,5591 1244,5591 1241,5589 1241,5588 1241,5587 1019,5587 1018,5586 902,5585 900,5587 877,5587 875,5586 875,5585 874,5583 873,5583 871,5582 871,5581 870,5579 865,5579 864,5579 864,5578 863,5576 862,5576 860,5575 860,5570 859,5568 858,5568 856,5567 856,5562 856,5561 855,5561 852,5559 852,5533 854,5531 855,5531 856,5530 856,5525 858,5523 859,5523 860,5522 860,5517 861,5516 862,5516 870,5508 874,5508 875,5507 875,5506 876,5505 877,5505 878,5504 948,5504 949,5505 1017,5506 1017,5505 1017,5494 1019,5493 1020,5493 1021,5491 1021,5483 1023,5481 1024,5476 1026,5474 1027,5474 1028,5473 1028,5468 1029,5467 1045,5467 1047,5468 1046,5507 1047,5508 1293,5508 1293,5508 1294,5473 1297,5469 1316,5469 1317,5470 1317,5479 1317,5480 1317,5512 1318,5512 1379,5512 1380,5514 1380,5515 1381,5515 1507,5516 1507,5516 1507,5517 1510,5520 1511,5520 1511,5520 1511,5521 1517,5527 1518,5527 1519,5528 1519,5560 1520,5561 1683,5561 1683,5561 1683,5544 1685,5542 1686,5542 1687,5541 1687,5536 1688,5535 1689,5535 1690,5534 1691,5534 1691,5534 1691,5495 1693,5493 1694,5493 1694,5493 1694,5485 1695,5484 1695,5483 1696,5482 1697,5482 1698,5481 1699,5480 1702,5477 1702,5476 1702,5475 1703,5475 1704,5474 1706,5473 1706,5472 1706,5471 1734,5471 1736,5473 1736,5474 1737,5475 1738,5475 1739,5476 1739,5477 1740,5478 1741,5478 1745,5482 1746,5482 1747,5484 1747,5508 1748,5508 1899,5508 1899,5508 1900,5479 1901,5477 1902,5478 1905,5475 1908,5472 1908,5471 1908,5471 1925,5471 1926,5471 1926,5472 1926,5473 1928,5475 1929,5475 1930,5475 1930,5480 1930,5481 1930,5515 1931,5516 1986,5516 1987,5517 1987,5518 1988,5519 2121,5519 2121,5518 2121,5483 2123,5482 2124,5482 2124,5481 2125,5471 2125,5471 2142,5471 2143,5472 2218,5472 2219,5473 2219,5474 2219,5474 2223,5474 2224,5475 2225,5475 2226,5476 2226,5478 2226,5478 2329,5478 2331,5480 2330,5481 2331,5481 2332,5481 2337,5486 2338,5486 2338,5487 2338,5515 2339,5515 2368,5516 2368,5516 2368,5517 2370,5519 2570,5519 2570,5518 2570,5517 2572,5516 2584,5516 2585,5514 2585,5513 2587,5512 2588,5512 2589,5514 2589,5515 2591,5516 2756,5516 2756,5516 2757,5477 2759,5474 2760,5474 2761,5474 2761,5473 2762,5471 2778,5471 2780,5473 2779,5482 2780,5483 2780,5507 2781,5507 3041,5508 3041,5507 3042,5468 3043,5467 3044,5467 3045,5466 3045,5465 3046,5464 3046,5463 3046,5463 3126,5463 3128,5462 3128,5461 3128,5460 3129,5460 3130,5459 3140,5459 3143,5462 3143,5463 3143,5463 3144,5463 3147,5466 3146,5504 3147,5504 3262,5504 3263,5503 3263,5502 3264,5501 3331,5502 3336,5497 3344,5497 3345,5498 3345,5499 3346,5500 3347,5501 3348,5501 3349,5502 3349,5507 3350,5508 3475,5508 3475,5507 3476,5460 3476,5460 3477,5460 3478,5459 3491,5459 3492,5460 3493,5460 3495,5461 3495,5466 3495,5467 3496,5467 3498,5469 3532,5469 3533,5470 3544,5470 3545,5471 3546,5471 3547,5472 3546,5484 3548,5485 3549,5485 3551,5488 3551,5516 3552,5516 3700,5516 3701,5518 3701,5541 3702,5541 3763,5542 3764,5543 3764,5547 3766,5549 3800,5549 3802,5551 3802,5558 3800,5561 3769,5561 3768,5561 3768,5562 3759,5572 3705,5571 3704,5572 3704,5590 3703,5591 3695,5591 3693,5593 3693,5594 3693,5594 3691,5594 3689,5593 3689,5592 3689,5591 3507,5591 3506,5592 3506,5594 3506,5594 3505,5594 3504,5595 3361,5595 3360,5595 3360,5604 3360,5605 3359,5605 3358,5606 3354,5606 3352,5607 3352,5608 3352,5609 3339,5609 3338,5609 3338,5618 3336,5621 3329,5621 3326,5618 3326,5598 3326,5598 3272,5597 3270,5595 3228,5595 3227,5594 3101,5594 3100,5595 2953,5595 2952,5595 2952,5596 2951,5598 2942,5598 2941,5598 2941,5626 2940,5628 2939,5628 2937,5629 2937,5630 2936,5632 2920,5632 2919,5631 2919,5630 2918,5629 2918,5625 2917,5624 2916,5624 2915,5623 2915,5622 2914,5621 2914,5598 2914,5598 2754,5597 2753,5598 2751,5598 2750,5598 2750,5597 2749,5596 2749,5595 2749,5594 2497,5594 2496,5594 2496,5624 2495,5625 2495,5627 2495,5628 2482,5628 2481,5628 2481,5629 2479,5632 2476,5629 2476,5628 2476,5628 2475,5628 2473,5626 2473,5598 2473,5598 2342,5597 2341,5598 2205,5598 2204,5599 2204,5600 2203,5601 2203,5602 2203,5602 2194,5602 2192,5601 2192,5600 2191,5598 1895,5597 1894,5598 1801,5598 1799,5600 1799,5601 1798,5602 1797,5602 1796,5603 1796,5642 1796,5642"/><TextEquiv index="1"><Unicode>créanciers, &amp; de s'échaper de priſon; d'au-</Unicode></TextEquiv></TextLine><TextLine id="r0_l029"><Coords points="2068,5807 2068,5806 2068,5759 2067,5759 1957,5759 1957,5759 1957,5760 1954,5763 1862,5762 1861,5763 1817,5763 1817,5764 1817,5805 1816,5805 1796,5805 1796,5805 1796,5760 1795,5759 1639,5759 1639,5759 1639,5803 1638,5804 1627,5804 1626,5803 1623,5803 1623,5802 1623,5759 1622,5759 1564,5759 1564,5758 1564,5757 1562,5756 1343,5755 1343,5755 1343,5754 1341,5752 1049,5752 1048,5751 1047,5751 1047,5750 1047,5749 1046,5749 887,5748 886,5750 886,5751 885,5751 884,5751 883,5752 873,5752 872,5751 871,5751 871,5751 871,5750 869,5748 861,5748 860,5747 860,5746 858,5744 857,5744 856,5743 856,5738 855,5737 854,5737 852,5735 852,5690 849,5687 849,5686 848,5685 848,5680 849,5679 849,5678 850,5677 851,5677 852,5676 852,5675 854,5673 859,5673 860,5672 860,5671 862,5669 863,5669 863,5669 863,5668 866,5665 867,5665 867,5665 867,5660 869,5658 870,5658 870,5658 871,5657 871,5656 873,5654 881,5654 882,5656 882,5660 886,5664 886,5668 887,5668 1001,5669 1002,5670 1002,5671 1004,5673 1185,5673 1185,5672 1185,5656 1186,5655 1186,5654 1187,5654 1188,5654 1189,5652 1189,5651 1190,5651 1193,5651 1193,5651 1193,5652 1195,5654 1196,5654 1197,5655 1197,5675 1198,5676 1500,5677 1500,5676 1500,5640 1502,5639 1503,5639 1504,5637 1504,5636 1506,5635 1518,5635 1519,5633 1519,5632 1520,5632 1525,5632 1528,5635 1693,5635 1694,5637 1694,5638 1695,5639 1696,5639 1697,5639 1698,5641 1698,5642 1699,5642 1796,5642 1797,5643 1798,5643 1799,5645 1799,5684 1800,5684 1912,5685 1913,5684 1993,5684 1994,5682 1994,5677 1995,5677 1996,5677 1998,5674 1998,5673 1999,5673 2001,5673 2001,5673 2001,5674 2008,5681 2009,5681 2009,5681 2009,5686 2011,5688 2162,5688 2162,5688 2162,5645 2164,5643 2169,5643 2170,5642 2170,5641 2172,5639 2184,5639 2184,5640 2184,5641 2187,5643 2188,5643 2188,5644 2188,5645 2191,5647 2192,5647 2192,5648 2192,5673 2193,5673 2226,5673 2226,5674 2226,5688 2227,5688 2376,5689 2377,5688 2378,5688 2383,5683 2387,5678 2387,5677 2388,5677 2398,5677 2398,5677 2398,5683 2399,5684 2599,5684 2604,5679 2604,5674 2605,5673 2727,5673 2727,5673 2727,5649 2730,5646 2731,5646 2731,5646 2731,5645 2733,5643 2749,5643 2750,5645 2750,5646 2752,5647 2753,5647 2754,5649 2754,5650 2755,5650 2756,5650 2757,5652 2757,5683 2758,5683 3082,5684 3083,5683 3083,5682 3085,5680 3165,5680 3165,5680 3165,5679 3167,5677 3312,5678 3313,5677 3314,5677 3315,5676 3316,5676 3317,5677 3318,5677 3318,5677 3319,5678 3319,5679 3320,5680 3392,5680 3394,5682 3394,5683 3395,5684 3396,5684 3397,5685 3397,5724 3397,5725 3595,5725 3596,5725 3596,5682 3598,5680 3599,5680 3599,5680 3599,5642 3602,5639 3606,5639 3607,5638 3607,5637 3608,5636 3609,5636 3610,5635 3616,5635 3617,5636 3618,5636 3618,5637 3618,5638 3620,5639 3621,5639 3622,5641 3622,5679 3623,5679 3751,5680 3752,5681 3753,5681 3753,5681 3753,5682 3755,5684 3763,5684 3764,5685 3764,5690 3765,5691 3766,5691 3768,5693 3768,5724 3768,5725 3795,5725 3796,5726 3797,5726 3798,5726 3798,5727 3799,5729 3800,5729 3802,5730 3801,5731 3801,5732 3800,5733 3799,5733 3794,5738 3794,5739 3793,5740 3791,5740 3791,5740 3791,5741 3790,5742 3790,5743 3789,5744 3779,5744 3779,5744 3779,5746 3777,5748 3764,5748 3764,5748 3764,5754 3763,5755 3758,5755 3756,5757 3756,5758 3755,5759 3750,5759 3749,5760 3749,5761 3747,5763 3728,5762 3725,5759 3660,5759 3660,5759 3660,5758 3657,5755 3495,5755 3495,5755 3495,5757 3493,5759 3492,5759 3491,5760 3491,5765 3490,5766 3489,5766 3487,5768 3487,5776 3485,5778 3480,5778 3480,5778 3480,5779 3477,5782 3476,5782 3476,5782 3476,5783 3474,5785 3470,5785 3468,5787 3468,5788 3467,5789 3465,5789 3465,5788 3465,5787 3461,5783 3461,5752 3460,5752 3242,5751 3241,5752 3237,5752 3236,5754 3236,5755 3235,5755 3155,5755 3154,5754 3154,5753 3153,5752 2956,5752 2956,5752 2956,5753 2954,5755 2912,5755 2911,5756 2911,5757 2909,5759 2814,5758 2814,5759 2814,5760 2812,5761 2811,5762 2810,5762 2809,5763 2804,5763 2800,5759 2701,5759 2701,5760 2701,5803 2700,5803 2694,5803 2694,5803 2694,5760 2693,5759 2399,5759 2398,5760 2398,5761 2396,5763 2251,5762 2250,5763 2145,5763 2143,5761 2143,5760 2142,5759 2088,5759 2088,5759 2088,5806 2087,5807"/><TextEquiv index="1"><Unicode>tres maudiſſoient de tout leur cœur, les</Unicode></TextEquiv></TextLine><TextLine id="r0_l030"><Coords points="1592,5970 1591,5969 1592,5924 1591,5924 1580,5924 1580,5924 1579,5940 1577,5943 1568,5943 1567,5943 1567,5952 1566,5954 1565,5954 1563,5955 1563,5956 1563,5957 1543,5957 1540,5954 1536,5954 1533,5951 1534,5921 1533,5921 1433,5920 1433,5920 1433,5919 1430,5916 1115,5916 1113,5914 927,5913 927,5914 927,5927 926,5927 925,5927 924,5929 924,5933 921,5936 920,5941 919,5942 915,5942 912,5945 912,5946 912,5946 892,5946 890,5948 890,5949 889,5950 873,5950 871,5949 871,5948 870,5946 862,5946 853,5937 852,5937 852,5937 852,5859 864,5847 864,5843 865,5841 866,5841 867,5841 867,5840 868,5838 869,5838 870,5837 877,5837 879,5836 879,5835 879,5834 976,5834 977,5833 978,5833 980,5835 980,5836 980,5836 1225,5837 1226,5837 1226,5834 1227,5833 1227,5832 1228,5830 1229,5830 1230,5830 1230,5821 1231,5819 1232,5819 1234,5818 1234,5817 1235,5815 1236,5815 1238,5814 1238,5813 1239,5811 1240,5811 1242,5810 1242,5809 1242,5808 1243,5808 1245,5807 1245,5806 1246,5804 1251,5804 1253,5803 1253,5802 1254,5800 1255,5800 1256,5800 1256,5799 1258,5796 1276,5796 1277,5797 1278,5797 1279,5798 1279,5799 1280,5800 1280,5800 1281,5800 1283,5802 1283,5841 1283,5841 1355,5841 1358,5844 1453,5845 1455,5846 1455,5847 1456,5849 1618,5849 1619,5848 1619,5806 1620,5805 1620,5804 1620,5804 1621,5804 1622,5803 1626,5803 1627,5804 1734,5804 1735,5805 1817,5805 1818,5806 1818,5851 1818,5851 1982,5852 1983,5851 1983,5849 1983,5849 2064,5849 2065,5848 2065,5808 2065,5808 2066,5808 2067,5807 2087,5807 2088,5808 2198,5808 2200,5810 2200,5845 2200,5845 2462,5846 2463,5845 2685,5845 2686,5845 2686,5810 2688,5807 2689,5807 2690,5807 2690,5806 2691,5804 2692,5804 2693,5803 2701,5803 2702,5804 2703,5804 2705,5806 2705,5807 2705,5807 2706,5807 2709,5810 2709,5848 2709,5848 2819,5849 2821,5847 2821,5846 2822,5845 2894,5845 2896,5843 2896,5838 2896,5838 2906,5838 2907,5837 3029,5837 3031,5835 3031,5834 3031,5834 3032,5834 3034,5832 3034,5824 3036,5822 3037,5822 3038,5821 3038,5816 3039,5815 3040,5815 3042,5813 3042,5808 3042,5808 3043,5808 3045,5806 3046,5805 3046,5804 3046,5804 3047,5804 3053,5799 3053,5798 3053,5797 3054,5797 3055,5796 3059,5796 3061,5795 3061,5794 3061,5793 3070,5793 3072,5795 3072,5796 3072,5796 3077,5796 3079,5798 3079,5800 3079,5800 3156,5800 3158,5802 3158,5803 3159,5804 3164,5804 3165,5805 3165,5830 3165,5830 3329,5831 3330,5830 3330,5827 3330,5827 3331,5827 3334,5824 3334,5816 3335,5815 3336,5815 3337,5814 3337,5813 3339,5811 3340,5811 3341,5810 3341,5809 3342,5808 3347,5808 3349,5806 3349,5804 3349,5804 3358,5804 3360,5802 3360,5801 3361,5800 3369,5800 3371,5801 3371,5802 3372,5804 3373,5804 3375,5805 3375,5840 3375,5841 3542,5841 3543,5841 3543,5833 3544,5832 3544,5831 3544,5830 3545,5830 3547,5829 3547,5828 3547,5827 3548,5827 3551,5825 3551,5821 3560,5811 3561,5811 3562,5811 3562,5806 3563,5805 3563,5804 3568,5804 3569,5804 3569,5803 3571,5800 3627,5800 3629,5802 3629,5804 3629,5804 3699,5804 3700,5805 3700,5806 3702,5808 3703,5808 3704,5809 3704,5848 3704,5848 3766,5849 3768,5850 3768,5855 3768,5856 3769,5856 3772,5858 3772,5859 3772,5860 3796,5860 3798,5861 3798,5862 3799,5864 3800,5864 3802,5865 3799,5868 3798,5868 3798,5868 3798,5869 3796,5871 3772,5871 3772,5871 3772,5873 3770,5875 3769,5875 3768,5876 3768,5914 3762,5920 3754,5920 3753,5921 3753,5922 3752,5923 3751,5923 3749,5925 3749,5926 3748,5927 3747,5927 3746,5928 3709,5927 3708,5928 3680,5928 3679,5927 3678,5927 3678,5927 3678,5925 3677,5924 3500,5924 3498,5921 3498,5920 3497,5920 3387,5920 3386,5918 3386,5917 3384,5916 3206,5915 3205,5916 2908,5916 2907,5917 2907,5918 2905,5920 2818,5920 2818,5920 2818,5921 2815,5923 2778,5923 2777,5924 2489,5924 2489,5924 2488,5967 2488,5968 2478,5968 2477,5967 2478,5924 2477,5924 2333,5923 2332,5924 2328,5924 2325,5927 2324,5927 2323,5928 1969,5928 1969,5928 1968,5955 1966,5958 1965,5958 1964,5958 1964,5959 1963,5961 1939,5961 1938,5960 1939,5929 1938,5929 1783,5928 1782,5927 1781,5927 1781,5927 1781,5926 1779,5924 1609,5924 1609,5924 1608,5969 1608,5970"/><TextEquiv index="1"><Unicode>gens ſans pitié qui les avoient fait ſouffrir</Unicode></TextEquiv></TextLine><TextLine id="r0_l031"><Coords points="2859,6133 2858,6132 2858,6089 2858,6089 2646,6088 2645,6089 2645,6132 2645,6132 2639,6132 2638,6132 2638,6089 2638,6088 2494,6088 2493,6089 2435,6089 2434,6088 2291,6087 2290,6088 2290,6091 2289,6092 1925,6092 1922,6089 1734,6088 1732,6090 1732,6091 1731,6092 1576,6092 1575,6091 1575,6090 1573,6088 1471,6088 1470,6087 1470,6086 1470,6086 1311,6085 1309,6084 1309,6083 1308,6081 1079,6081 1077,6079 1077,6078 1077,6078 865,6077 864,6077 864,6076 863,6074 862,6073 861,6073 860,6073 860,6072 858,6069 857,6069 856,6069 856,6022 856,6021 854,6021 852,6020 852,6005 859,5998 863,5998 864,5997 864,5996 865,5995 866,5995 867,5994 867,5989 869,5987 877,5987 886,5997 886,6001 887,6001 1069,6002 1069,6001 1069,6000 1072,5998 1073,5998 1073,5997 1073,5996 1075,5995 1076,5995 1077,5993 1077,5992 1079,5991 1080,5991 1080,5990 1080,5989 1083,5987 1087,5987 1088,5988 1088,5989 1090,5991 1091,5991 1092,5992 1092,5997 1093,5998 1094,5998 1096,6000 1096,6005 1097,6006 1215,6006 1215,6006 1215,5960 1218,5957 1274,5957 1275,5959 1275,5960 1277,5961 1286,5961 1286,5962 1286,5963 1287,5964 1287,5972 1288,5972 1289,5972 1290,5974 1290,6006 1291,6006 1338,6006 1339,6008 1339,6009 1341,6010 1474,6011 1475,6010 1575,6010 1575,6009 1575,5999 1577,5998 1578,5998 1578,5997 1578,5996 1579,5996 1580,5995 1581,5995 1582,5993 1582,5985 1585,5983 1586,5983 1586,5982 1586,5969 1587,5969 1591,5969 1592,5970 1608,5970 1608,5970 1608,6012 1609,6013 1737,6013 1738,6014 1739,6014 1739,6015 1739,6016 1741,6017 1859,6017 1859,6017 1859,5971 1865,5965 1873,5965 1874,5967 1874,5968 1875,5968 1883,5968 1884,5969 1885,5969 1885,5970 1885,6012 1886,6012 2029,6013 2030,6014 2162,6014 2162,6014 2162,5978 2164,5976 2169,5976 2170,5975 2170,5974 2172,5972 2187,5972 2189,5975 2189,6013 2190,6013 2355,6013 2356,6012 2364,6013 2364,6012 2364,6011 2366,6010 2368,6010 2368,6010 2368,6011 2370,6013 2477,6013 2477,6012 2477,5968 2478,5968 2566,5968 2566,5967 2566,5966 2568,5965 2577,5965 2578,5966 2578,5974 2580,5976 2581,5976 2581,5976 2581,6009 2582,6010 2607,6010 2608,6012 2608,6013 2609,6013 2847,6014 2847,6013 2847,5992 2849,5991 2850,5991 2851,5989 2851,5981 2857,5976 2858,5976 2858,5975 2858,5974 2861,5972 2862,5972 2862,5971 2862,5970 2868,5965 2891,5965 2896,5970 2896,5971 2897,5972 2898,5972 2900,5974 2900,5975 2901,5976 2902,5976 2903,5977 2903,6001 2904,6002 3049,6002 3049,6002 3049,5967 3051,5965 3056,5965 3057,5964 3057,5963 3059,5961 3067,5961 3068,5963 3068,5964 3070,5965 3071,5965 3072,5967 3072,6002 3073,6002 3236,6002 3236,6002 3236,5964 3237,5963 3237,5962 3238,5961 3239,5961 3243,5957 3257,5957 3258,5958 3259,5958 3259,5959 3259,5960 3261,5961 3262,5961 3262,5962 3262,5963 3263,5964 3263,6005 3264,6005 3412,6006 3412,6005 3412,5996 3414,5995 3415,5995 3416,5993 3416,5988 3418,5987 3419,5987 3420,5985 3420,5980 3421,5980 3422,5980 3435,5966 3435,5965 3436,5965 3445,5965 3446,5963 3446,5962 3448,5961 3460,5961 3461,5962 3461,5967 3462,5968 3556,5968 3557,5969 3558,5969 3558,5970 3558,5971 3560,5972 3561,5972 3562,5974 3562,6013 3563,6013 3639,6013 3641,6016 3641,6017 3642,6017 3643,6017 3645,6020 3645,6021 3646,6021 3647,6021 3648,6023 3648,6024 3649,6024 3650,6024 3652,6027 3652,6057 3653,6057 3736,6058 3737,6059 3738,6059 3738,6059 3738,6060 3740,6062 3744,6062 3749,6067 3749,6071 3752,6074 3753,6074 3753,6074 3753,6076 3754,6077 3789,6077 3793,6081 3794,6081 3794,6081 3794,6083 3793,6085 3792,6085 3790,6086 3790,6091 3790,6092 3789,6092 3783,6097 3783,6101 3781,6104 3780,6104 3779,6104 3779,6105 3778,6107 3770,6107 3768,6108 3768,6109 3767,6111 3747,6111 3746,6111 3746,6112 3744,6115 3739,6115 3738,6115 3738,6116 3733,6121 3727,6121 3726,6122 3725,6122 3723,6124 3723,6125 3722,6126 3721,6126 3719,6125 3719,6124 3718,6122 3717,6122 3716,6122 3716,6121 3714,6118 3713,6118 3712,6118 3712,6090 3712,6089 3633,6089 3632,6088 3631,6088 3629,6087 3629,6086 3629,6085 3347,6085 3345,6083 3345,6082 3345,6082 2972,6081 2971,6081 2971,6083 2970,6085 2953,6085 2952,6085 2952,6086 2951,6088 2895,6088 2894,6089 2893,6089 2892,6089 2892,6090 2891,6092 2868,6092 2866,6090 2866,6089 2866,6089 2864,6089 2863,6089 2863,6132 2863,6133"/><TextEquiv index="1"><Unicode>tant d'années dans la miſere &amp; le beſoin,</Unicode></TextEquiv></TextLine><TextLine id="r0_l032"><Coords points="2417,6300 2417,6299 2417,6253 2416,6253 2341,6252 2340,6253 2335,6253 2335,6254 2335,6255 2332,6257 1945,6257 1945,6257 1945,6293 1944,6294 1927,6294 1927,6293 1927,6292 1924,6290 1923,6290 1923,6289 1923,6288 1921,6287 1920,6287 1919,6285 1919,6261 1918,6261 1906,6261 1905,6260 1904,6260 1904,6259 1904,6258 1903,6258 1752,6257 1750,6255 1750,6254 1749,6253 1572,6253 1572,6253 1572,6297 1571,6298 1548,6298 1548,6297 1548,6253 1547,6253 1482,6253 1481,6251 1481,6250 1480,6250 1297,6249 1297,6250 1297,6292 1296,6292 1291,6292 1291,6292 1291,6250 1290,6249 1238,6249 1238,6249 1238,6248 1236,6246 1171,6246 1171,6246 1171,6289 1170,6290 1159,6290 1159,6289 1159,6246 1158,6246 1086,6246 1084,6243 1084,6242 1083,6242 926,6241 925,6242 917,6242 916,6241 916,6240 914,6238 883,6238 882,6237 882,6236 880,6234 849,6234 849,6234 849,6217 849,6216 851,6216 852,6216 852,6173 853,6171 854,6171 855,6171 856,6170 856,6169 857,6167 865,6167 867,6166 867,6151 875,6143 875,6139 877,6137 878,6137 878,6137 878,6136 881,6133 882,6133 882,6133 882,6132 885,6129 886,6129 886,6129 886,6128 888,6126 892,6126 894,6124 894,6123 895,6122 900,6122 901,6121 901,6120 903,6118 915,6118 916,6120 916,6121 918,6122 919,6122 919,6123 919,6124 922,6126 923,6126 923,6127 923,6128 924,6129 924,6163 925,6163 948,6163 951,6166 1087,6167 1088,6167 1088,6168 1089,6169 1089,6170 1089,6171 1359,6171 1361,6170 1361,6169 1362,6167 1371,6167 1372,6168 1372,6169 1374,6171 1375,6171 1376,6172 1376,6173 1376,6173 1604,6174 1605,6173 1605,6138 1611,6133 1615,6133 1616,6131 1616,6130 1617,6130 1619,6130 1620,6131 1620,6132 1621,6133 1630,6133 1631,6134 1631,6176 1631,6177 1787,6177 1788,6177 1788,6172 1788,6171 1793,6171 1795,6170 1795,6169 1797,6167 1799,6167 1799,6168 1799,6169 1803,6173 1803,6181 1803,6181 1969,6182 1973,6178 2089,6178 2091,6179 2091,6180 2092,6182 2240,6182 2241,6182 2241,6142 2242,6141 2243,6141 2245,6139 2245,6135 2247,6133 2270,6133 2271,6135 2271,6178 2271,6178 2472,6179 2473,6178 2473,6171 2473,6171 2474,6171 2477,6168 2477,6160 2479,6159 2480,6159 2480,6158 2480,6154 2481,6153 2481,6152 2482,6152 2483,6152 2484,6150 2484,6149 2486,6148 2487,6148 2488,6147 2488,6146 2488,6145 2489,6145 2490,6145 2492,6142 2492,6141 2493,6141 2494,6141 2496,6138 2496,6137 2497,6137 2498,6137 2499,6135 2499,6134 2501,6133 2637,6133 2638,6132 2646,6132 2647,6133 2852,6134 2853,6133 2868,6133 2870,6135 2870,6177 2870,6178 2958,6178 2959,6177 2959,6176 2961,6174 2965,6174 2968,6171 3093,6171 3094,6171 3094,6132 3100,6126 3112,6126 3113,6128 3113,6132 3117,6136 3117,6140 3119,6141 3120,6141 3120,6142 3120,6167 3121,6167 3228,6167 3229,6169 3229,6170 3229,6170 3407,6171 3408,6170 3408,6136 3409,6135 3409,6134 3411,6133 3412,6133 3412,6132 3412,6131 3415,6129 3425,6129 3426,6130 3427,6130 3427,6130 3427,6132 3428,6133 3557,6133 3558,6135 3558,6139 3562,6143 3562,6159 3563,6159 3587,6159 3588,6161 3588,6162 3589,6162 3590,6163 3591,6163 3592,6165 3592,6177 3593,6178 3639,6178 3640,6179 3640,6180 3641,6181 3641,6182 3641,6182 3684,6182 3685,6183 3685,6184 3686,6185 3686,6193 3686,6193 3687,6193 3689,6195 3689,6197 3689,6197 3706,6197 3712,6203 3758,6204 3760,6205 3760,6209 3762,6212 3789,6212 3790,6212 3790,6213 3792,6216 3793,6216 3794,6216 3794,6218 3793,6219 3792,6219 3790,6221 3790,6222 3789,6223 3764,6223 3764,6223 3764,6225 3762,6227 3761,6227 3760,6228 3760,6229 3758,6231 3757,6231 3757,6231 3757,6232 3755,6234 3716,6233 3716,6234 3716,6236 3715,6237 3715,6238 3714,6238 3713,6238 3708,6244 3708,6245 3706,6246 3697,6246 3697,6247 3697,6248 3695,6249 3687,6249 3685,6252 3685,6253 3684,6253 3679,6253 3678,6255 3678,6256 3676,6257 3649,6257 3648,6256 3648,6255 3646,6253 3548,6253 3547,6252 3547,6251 3545,6249 3540,6249 3540,6249 3540,6247 3539,6246 3315,6246 3315,6246 3315,6247 3313,6249 3308,6249 3308,6248 3308,6247 3307,6247 2990,6246 2989,6247 2989,6248 2988,6249 2826,6249 2825,6250 2825,6251 2823,6253 2801,6252 2800,6253 2751,6253 2750,6255 2750,6256 2748,6257 2601,6257 2600,6256 2600,6255 2598,6253 2436,6253 2436,6253 2436,6298 2434,6300"/><TextEquiv index="1"><Unicode>ſans autre but que de ſatisfaire leur inhu-</Unicode></TextEquiv></TextLine><TextLine id="r0_l033"><Coords points="2992,6467 2989,6464 2989,6461 2989,6461 2086,6459 2084,6457 2084,6453 2084,6453 1352,6451 1350,6450 1350,6449 1350,6448 1349,6448 1346,6446 1346,6445 1346,6444 1345,6444 1343,6443 1343,6442 1342,6441 1342,6434 1342,6433 1319,6433 1315,6429 1314,6429 1313,6429 1313,6426 1313,6425 1265,6425 1264,6425 1264,6423 1264,6422 1260,6422 1259,6421 1258,6421 1257,6421 1257,6420 1256,6418 1147,6418 1146,6417 1145,6417 1144,6416 1144,6414 1144,6414 1105,6414 1103,6412 1103,6411 1103,6411 929,6410 927,6409 927,6408 927,6407 855,6407 852,6405 852,6401 851,6399 850,6399 849,6399 849,6397 848,6395 849,6394 849,6393 850,6391 851,6391 852,6391 852,6338 861,6328 873,6328 875,6327 875,6326 876,6324 1151,6325 1152,6324 1152,6291 1153,6290 1171,6290 1172,6291 1173,6291 1174,6292 1297,6292 1298,6293 1528,6294 1530,6295 1530,6296 1530,6297 2783,6299 2784,6298 2789,6298 2791,6297 2791,6296 2792,6294 3063,6295 3064,6295 3064,6293 3066,6290 3164,6290 3165,6290 3165,6289 3166,6287 3168,6287 3169,6288 3169,6289 3173,6293 3173,6331 3173,6331 3609,6332 3611,6334 3611,6335 3611,6335 3612,6335 3614,6337 3614,6341 3615,6342 3615,6343 3615,6343 3680,6343 3682,6345 3682,6346 3683,6347 3688,6347 3689,6348 3689,6353 3690,6354 3691,6354 3693,6356 3693,6361 3693,6361 3729,6361 3731,6363 3731,6364 3731,6364 3739,6365 3742,6367 3742,6368 3742,6369 3747,6369 3749,6370 3749,6371 3750,6373 3785,6373 3787,6374 3787,6375 3788,6377 3789,6377 3790,6377 3790,6378 3791,6379 3791,6380 3790,6381 3790,6383 3789,6384 3773,6384 3773,6384 3772,6434 3770,6437 3769,6437 3768,6437 3768,6453 3767,6455 3766,6455 3764,6456 3764,6457 3763,6459 3762,6459 3760,6460 3760,6465 3760,6466 2998,6464 2997,6464 2997,6465 2997,6466 2996,6466 2995,6467"/><TextEquiv index="1"><Unicode>manité; d'autres danſoient de tables en ta-</Unicode></TextEquiv></TextLine></TextRegion></Page></PcGts>