4266 7754
1009 785 3446 969 De Joseph Thomoson.
504 945 3439 1134 bles avec tous les ſymptômes de la folie.
523 1121 3446 1302 J'en vis, enfin, qui faiſoient les beaux eſ-
512 1290 3446 1467 prits, & qui éclatoient de rire de tout ce
538 1455 3450 1633 qu'ils faiſoient ou diſoient. Les uns étoient
530 1623 3454 1800 yvres; d'autres ſe querelloient; ici l'on
523 1795 3457 1963 mangeoit; là on buvoit: en un mot, de
523 1960 3457 2132 quelque côté qu'on jettât les yeux, on ne
534 2121 3457 2296 découvroit rien qui pût inſpirer la moindre
534 2289 3457 2461 pitié pour leur état. L'hôte voyant que nous
527 2458 3704 2624 étions étrangers, nous fit donner un petit
538 2619 3468 2796 réduit: après avoir attendu quelque tems,
545 2782 3472 2961 nous demandâmes un pot de bierre; toute
549 2959 3472 3129 la compagnie étoit ſous les armes pour voir
545 3120 3484 3294 le nouveau priſonnier: pluſieurs me vin-
575 3289 3487 3462 rent prendre la main d'un air familier, &
572 3450 3487 3627 me dirent que ſi j'avois de l'argent, je ne
564 3622 3495 3791 manquerois de rien. Ces diſcours m'en-
564 3783 3499 3955 nuyerent à la fin; & Brisk, qui étoit déjà
557 3940 3499 4110 venu dans cet endroit, demanda ſi nous ne
573 4110 3631 4276 pourrions pas avoir une chambre: on nous
590 4281 3495 4455 en montra une, telle qu'on en trouve dans
564 4449 3637 4621 une taverne où nous vîmes deux graves
568 4606 3510 4779 perſonnages, tous deux priſonniers. L'un
575 4773 3510 4951 étoit Sir Villiam Failer, Baronet, & l'au-
583 4935 3517 5114 tre le docteur Diagnoſtic, Médecin. Ils me
583 5108 3517 5281 parurent gens de bon ſens, & fort étonnés
276 5269 3861 5440 de me trouver dans cet endroit. Nous fimes
572 5433 3529 5602 aporter du vin, & de quoi ſouper. Sir Vil-
523 5583 3525 5772 liam & le docteur burent avec nous; ils
594 5770 3532 5951 nous firent l'hiſtoire de la priſon, & le por-
601 5942 3532 6277 binuient ne me ren oon astses, qui
605 6268 3536 6446 avoit un nommé M. Spéculiſte, homme de
609 6430 3547 6609 métite, mais ſi inſolent, que tous les pri-
