4266 7754
841 640 3495 864 LA VIE tTLsSAveEtUres
841 852 3772 1027 ſonniers en général le mépriſotent; enſuite
867 1017 3768 1182 ils me conſeillerent de ne point prêter d'ar-
580 1190 3765 1355 gent, & me donnerent d'autres avis ſur la
871 1357 3768 1534 façon de me conduire dans cet endroit.
864 1522 3764 1701 Quand il fut queſtion de payer l'échot, je
863 1691 3764 1870 m'aperçus que le Baronet & le Médecin
830 1855 3761 2033 étoient embarraſſés; qu'ils n'avoient pas
826 2016 3753 2195 ſuffiſamment d'argent ſur eux, & qu'ils
860 2192 3757 2364 étoient fâchés d'être obligés de remonter
526 2353 3753 2530 dans leur chambre. Sur quoi Sir Villiam dit
819 2525 3760 2683 qu'il alloit voir s'il trouveroit quelqu'un
831 2695 3855 2852 pour lui en prêter & le diſpenſer de ce
830 2855 3749 3031 voyage. Le prenant pour un fort honnête
830 3019 3899 3206 homme, je tirai un écu de ma poche, &
845 3188 3734 3363 le priai de ne pas aller chercher plus loin,
815 3352 3742 3526 puiſque je pouvois l'obliger. Ils firent quel-
811 3517 3738 3692 ques difficultés d'accepter ce ſervice, &
811 3682 3719 3856 enfin promirent de me rendre cet argent le
815 3846 3727 4023 lendemain matin; je n'en entendis plus par-
822 4011 3884 4185 ler, & j'apris bientôt après qu'ils étoient
575 4183 3723 4356 connus pour des gens qui empruntoient &
830 4344 3719 4513 ne rendoient jamais. En effet, il y a une
834 4513 3715 4687 eſpece de malédiction dans cet endroit; on
807 4670 3708 4852 ne peut jamais porter ſur ſoi plus d'argent
800 4842 3727 5010 qu'il n'en faut pour ſes beſoins, ſans quoi
796 5003 3719 5182 on eſt ſûr de ne pas manquer de pratique.
822 5168 3704 5347 Sur les dix heures on entendit crier: Qui
800 5332 3689 5513 eſt-ce qui ſort? Brisk fut obligé de partir;
826 5504 3682 5681 & bientôt après vint un homme, avec une
804 5671 3689 5845 paire de draps ſur ſon bras, qui m'avertit
796 5834 3689 6011 de venir voir mon nouveau logement. Ju-
811 6002 3686 6175 gez de ma ſurpriſe, lorſqu'après m'avoir
792 6148 3682 6344 fait traverſer un paſſage étroit, où l'on reſ-
796 6335 3671 6504 piroit une odeur abominable, on m'intro-
