4266 7682
690 783 3064 959 DE JosePn Thomson.
21 953 3083 1116 duiſit dans une petite chambre qui pouvoit
21 1119 3086 1296 bien avoir été blanchie vingt ans aupara-
24 1274 3086 1453 vant, mais dont les murs étoient alors ſi
10 1448 3094 1655 noirs, & ſi dégradés, qu'on voyoit le jour
9 1607 3094 1797 à travers en pluſieurs endroits, ainſi qu'au
10 1777 3094 1973 plancher, par les fentes duquel je pouvois
10 1940 3105 2107 facilement apercevoir les étoiles. Un mé-
10 2106 3111 2274 chant lit, une couverture toute déchirée
10 2269 3105 2441 & ſalle, des draps gros & troués en cent
232 2436 3101 2607 endroits, & une mauvaiſe croiſée qui fer-
216 2594 3105 2769 moit mal, deux chaiſes ſans doſſier & une
243 2768 3112 2934 table boiteuſe compoſoient tous les meu-
243 2927 3112 3100 bles de ma chambre; j'en marquai mon
228 3093 3112 3249 mécontentement à mon conducteur, qui
239 3256 3112 3429 me dit d'un ton railleur, & en ſecouant la
254 3419 3116 3594 tête, qu'il n'y avoit guere de priſonniers
221 3582 3123 3754 qui en euſſent une meilleure d'abord; qu'il
32 3741 3123 3918 ne doutoit pas que quand je ſçaurois une
36 3903 3123 4067 fois les uſages du lieu, je ne parvinſſe à
247 4062 3131 4240 me faire loger plus commodément. Je ſen-
80 4229 3134 4407 tis tout d'un coup que j'avois fait une fau-
235 4388 3134 4574 te; je lui donnai une demi-couronne, je
276 4554 3131 4731 lui promis une demi-guinée s'il me faiſoit
273 4720 3131 4887 loger mieux le lendemain: il me fit une pro-
280 4887 3131 5061 fonde révérence, & me dit obtigeamment
258 5053 3138 5222 qu'il verroit ce qu'on pourroit faire pour
266 5222 588 5344 moi.
450 5370 3142 5536 Le lendemain je me levai de fort bonne
43 5534 3153 5715 heure; la méchanceté de mon logement,
47 5715 3153 5882 & le bruit continuel des priſonniers ivres,
295 5881 3160 6061 qui ne firent que roder & ſe quereller toute
287 6037 3157 6205 la nuit dans les galleries voiſines, m'a-
54 6205 3160 6386 voient empêché de fermer l'œil. Je voulus
53 6359 3234 6547 examiner la priſon, & en vérité je n'avois
