4266 7702
648 745 3053 892 DE JosePh Thompson.1
10 890 3060 1093 nombre eſt celui des malheureux dont j'ai
162 1066 3045 1249 déjà parlé, & dont la ſituation mérite vrai-
166 1234 3045 1413 ment qu'on en ait pitié. L'honnête homme
162 1401 3071 1579 y ſouffre; on y voit le deſeſpoir & la mort
166 1557 3045 1751 peints ſur ſon viſage, & il y paſſe ſa vie
170 1724 3064 1906 à déplorer ſes malheurs; d'autres étouffent
177 1891 3090 2074 dans le vin & dans la débauche, tous ſen-
177 2058 3090 2238 timens de pudeur & de repentir de leurs
188 2221 3097 2398 crimes, & font de leur priſon un véritable
188 2396 3097 2572 enfer, pour tous ceux qui les entourent,
10 2563 2225 2734 & à qui il reſte de l'honneur.
351 2719 3086 2899 Juſte ciel! Quand verra-t-on arriver
10 2885 3104 3061 l'heureux tems où les hommes ceſſeront de
192 3052 3093 3222 déchirer & de tourmenter leurs freres?
192 3216 3091 3379 les lions ne devorent point les lions, &
195 3378 3094 3553 les tigres aiment leur eſpece. Les bêtes ſau-
192 3546 3108 3716 vages errantes dans les deſerts, avec des
181 3705 3097 3882 yeux farouches pour chercler une proie
203 3861 3123 4039 néceſſaire à leur ſubſiſtance, épargnent
199 4028 3131 4211 toujours leurs ſemblables, & ne font point
199 4195 3127 4374 la guerre à leurs freres; mais les hommes
207 4358 3130 4534 ſans reconnoiſſance pour tous les biens
203 4525 3127 4697 qu'ils ont reçus, dégradent leur ame, &
210 4689 3127 4868 triomphent de la miſere des autres hom-
210 4856 3145 5031 mes; on les voit rarement émus de pitié,
210 5011 3153 5178 répandre des larmes ſur les, accidens des
36 5191 661 5304 autres.
218 5334 3123 5529 A l'heure du dîner Sir William vint me
32 5494 3149 5703 joindre dans la cour, & me dit qu'il y
218 5683 3153 5861 avoit un bon ordinaire à l'auberge où il
32 5839 3119 6028 dînoit ordinairement avec d'autres perſon-
218 5998 3164 6188 nes de bonne ſociété; & qu'il eſpéroit que
229 6165 3180 6353 je lui ferois le plaiſir de m'y trouver. Je
43 6330 3190 6533 n'avois alors beſoin ni de boire ni de man-
433 6488 1294 6674 II. Partie.
2466 6514 2623 6645 .
3909 7275 4096 7366 .
