4266 7754
632 710 3293 900 De Josrpi Tioopson.19
10 886 3259 1071 d'auberge. J'allois l'après midi pour les en
321 1062 3270 1242 prier, lorſque je rencontrai au bout de la
55 1223 3296 1399 gallerie Spéculiſte nez à nez. Il s'arrêta,
14 1391 3274 1571 & fit un grand éclat de rire, en s'écriant:
313 1560 3337 1732 Hélas! M. Thompſon, qui auroit jamais
325 1724 3334 1902 cru vous rencontrer ici? Venez, mon ami,
325 1893 3255 2064 oublions nos anciennes animoſités, & puiſ-
321 2050 3338 2235 que la fortune nous a réduits dans la même
321 2218 3293 2395 ſituation, vivons auſſi unis que nous pour-
313 2391 3327 2561 rons; tâchons de nous rendre réciproque-
317 2559 3338 2730 ment, dans cette maiſon, tous les petits
310 2723 3319 2893 ſervices dont nous- ſerons capables. Ma
306 2888 3334 3064 rancune ne put pas tenir contre ſa bonne
309 3053 3330 3236 humeur, & je lui donnai la main: auſſi
291 3218 3248 3395 bien je voyois qu'il étoit impoſſible de l'é-
306 3390 3323 3557 viter; nous pouvions nous rencontrer à
303 3551 3326 3728 chaque inſtant; il s'en faut beaucoup que
18 3708 3285 4063 ien déiveere aa oote ant emuee popous
14 4037 3267 4228 rois, & de ne m'entretenir avec lui, qu'a-
302 4209 3289 4391 vec les plus grandes précautions. Après lui
306 4367 3293 4555 avoir fait voir mon appartement, il me
302 4535 3285 4722 mena dans ſa chambre, qui me parut une
302 4703 3289 4895 des meilleures de la priſon, & très-bien
298 4864 3274 5050 meublée. Nous y bûmes un peu de li-
298 5033 3285 5218 queurs, & nous nous ſéparâmes. Je ne fus
18 5201 3285 5552 lomoauatne, dann laniele je ne ame-
298 5523 3263 5714 vois, il me ſeroit impoſſible de vivre fru-
294 5706 3278 5889 galement; & quoique nos repas fuſſent d'un
10 5871 3278 6055 prix aſſez raiſonnable, la néceſſité d'em-
10 6040 3304 6217 ployer le tems, & la gaieté de la table,
10 6201 3278 6381 nous forçoit de boire & de veiller un peu
321 6365 3626 6541 tard; & j'eus bientôt contracté l'habitude
2358 6546 2691 6673 Ba
