4266 7674
648 736 3030 918 oE Josepn ThoMpson.
69 893 3023 1089 écarter le ſouvenir. Telle étoit ma ſitua-
73 1083 3027 1257 tion, quand un ſoir me trouvant en com-
58 1242 3045 1418 pagnie à l'auberge, j'eus une diſpute avec
80 1404 3030 1579 le Capitaine Bully, Officier d'un régiment
58 1570 3034 1744 en pied, qui me traita fort durement,
150 1732 3027 1898 pour avoir dit qu'il ne convenoit point à
154 1898 3034 2069 un Gentilhomme de jurer à tous momens.
58 2053 3034 2229 dans la converſation. Le Capitaine étoit
154 2219 3045 2388 un ſot & un brutal; mais il s'étoit ſi bien
150 2383 3030 2560 tiré de tous les combats de lutte qu'il avoit
146 2543 3034 2713 livrés, qu'il étoit devenu la terreur, &
154 2709 3038 2876 en même-tems le Dom Quichotte de tous
54 2872 3322 3047 ſes compagnons. Parbleu, M. me dit-il, je
51 3034 3038 3211 voudrois bien ſçavoir qui vous a établi ré-
146 3196 3038 3373 formateur de cette maiſon; je jurerai,
146 3359 3030 3528 Monſieur, quand il me plaira; je ſuis Gen-
150 3524 3056 3694 tilhomme, mon état ſuffit pour vous en
150 3683 3041 3850 convaincre. Capitaine, lui répondis-je,
146 3838 3041 4018 je n'ai prétendu choquer perſonne en par-
150 4008 3049 4179 ticulier, mais je n'en inſiſterai pas moins
150 4166 3045 4341 ſur ce que j'ai dit, & je ſuis fâché de voir
154 4332 3049 4498 qu'il y ait ici des gens aſſez ſots pour dire
157 4494 3056 4657 le contraire. Comment morbleu, ſot, que
150 4660 3056 4831 voulez-vous dire par-là? Sot vous-même;
147 4815 3049 4994 j'ai reçu une auſſi bonne éducation que
150 4977 3056 5155 vous, & s'il n'eſt queſtion que d'entendre
154 5143 3056 5316 le grec, ou tout ce que vous voudrez, je
36 5298 3329 5483 ſuis en état de vous prêter le collet. Toute
25 5460 3012 5650 la bande fit un éclat de rire qui m'encou-
161 5644 3041 5812 ragea; & je gageai qu'il ne ſeroit pas ſeu-
10 5792 3067 5976 lement en état de lire l'Anglois. On aporta
10 5958 3064 6128 un livre qu'il eſſaya de lire, mais la gageure
10 6117 3060 6287 fut décidée en ma faveur; & ſur ce que
10 6283 3056 6499 je voulus m'engager un peu plus avant dans
