4266 7702
734 745 3286 957 oE JosEon ThonsOn.
36 937 3138 1125 pour rendre ſa chute plus violente, je l'ac-
29 1116 3160 1287 cablai de tout le poids de mon corps. Il fut
36 1279 3190 1456 quelque-tems ſans pouvoir reprendre ſes
29 1439 3201 1622 ſens; mais il étoit ſi étourdi, & ſi affoibli
10 1609 3301 1780 de ſa chute, qu'il ne recommença que foi-
10 1760 3194 1941 blement le combat. D'abord je ne voulus
10 1936 3212 2119 pas employer toute ma force: le ſang ruiſ-
10 2103 3372 2271 ſeloit cependant de toutes les parties de
10 2266 3134 2444 notre corps, & la victoire ſembloit ba-
10 2433 3171 2606 lancer en faveur de qui elle devoit ſe dé-
10 2597 3138 2769 clarer, lorſque profitant d'un avantage, je
10 2759 3145 2897 ſerrai étroitement mon ennemi dans mes
32 2922 3138 3102 bras, & lui faiſant perdre terre, comme
36 3086 3138 3263 Hercule fit à Anthée, je le renverſai avec
29 3253 3268 3427 violence, de maniere qu'il reſta par terre,
218 3416 3142 3588 ſans ſentiment, ſans mouvement, & hors
222 3579 3134 3745 d'état de continuer le combat. Toute la
36 3739 3134 3906 troupe me félicita à grands cris de ma con-
32 3902 3127 4079 quête, & mes louanges coururent tout le
218 4069 3134 4238 préau: les uns me prenoient par la main;
214 4225 3130 4407 d'autres me frapoient ſur l'épaule, & tous
47 4395 3138 4567 me marquerent la plus grande joie de voir
36 4559 3141 4727 l'impertinent Bully vaincu, & l'invincible
229 4718 3149 4898 Province d'Yorck l'emporter ſur Tottenham.
58 4885 3149 5057 Les contuſions que j'avois reçues étant legé-
229 5052 3149 5223 res, je fus bientôt en état de me prome-
40 5215 3153 5388 ner & de converſer ſur le préau avec les
221 5382 3360 5565 autres; & tous les priſonniers me déclare-
240 5538 1895 5721 rent le héros du combat.
374 5709 3145 5892 Je ne tardai pas à retomber dans le cha-
236 5872 3134 6052 grin le plus violent; tout mon argent étoit
54 6035 3142 6220 dépenſé, je vivois alors d'emprunt, & de
51 6209 3160 6385 tems en tems j'envoyai mettre en gage
43 6365 3160 6566 mes habits, montre, & autres bijoux ,
