4266 7702
908 500 3420 684 LAviEETLesaverures
960 656 3906 849 rible. Pourquoi ai-je ſi mal profité du tems
923 830 3884 1009 & des faveurs précieuſes de la Providen-
919 993 3895 1177 ce? Ici il fit un ſoupir & répandit quel-
956 1156 3888 1507 e de baine
956 1475 3884 1661 & de mépris je ſentirois pour la vie que
949 1650 3884 1825 j'ai menée! La vanité & le deſir des aplau-
960 1809 3887 1998 diſſemens m'ont porté à combattre des vé-
964 1976 3891 2159 rités dont j'étois intérieurement convaincu
960 2143 3887 2322 malgré moi: les ſuites en ſont bien amé-
956 2310 3887 2482 res: je ſuis maintenant livré à un deſeſpoir
960 2474 3884 2647 affreux: je tremble à la vue de ces der-
934 2637 1847 2800 niers inſtans.
938 2795 3880 2975 S'il y a un pouvoir infini, comme tous
971 2971 3887 3146 les ouvrages de la nature nous l'annoncent,
978 3134 3895 3306 il doit aimer la vertu, & celui-là ſeul peut
937 3301 3138 3465 être heureux qui chérit la vertu.
1060 3460 3887 3635 Je ſouffre des tourmens cruels, & les
978 3627 3884 3805 remords de ma conſcience déchirent mon
934 3791 3895 3972 ame: je crains bien qu'un repentir que l'on
967 3954 3884 4127 ne ſent qu'au lit de la mort, ne ſoit in-
938 4117 3891 4295 fructueux. Si cet inſtant pouvoit effacer tou-
971 4280 3884 4463 tes mes injuſtices, mes cruautés & mes
975 4440 3880 4623 torts envers les hommes, (car j'ai été le
941 4603 3895 4789 monſtre le plus décidé) je paſſerois avec
978 4763 3887 4952 confiance dans les bras de l'éternité; mais,
782 4936 3891 5120 hélas! j'ai été pris au dépourvu: je n'ai
975 5100 3887 5444 vne pétaie ou
949 5431 3887 5606 mon exemple vous rende ſage, mon ami:
982 5597 3887 5771 n'aviliſſez point les ſentimens noble de vo-
982 5761 3887 5937 tre ame dans des ſcenes de débauche pour
986 5924 3884 6102 ſatisfaire des paſſions auxquelles la raiſon
990 6091 3947 6305 & la religion doivent toujours ſervir de
