4266 7589
809 747 3275 953 De Josepn ThoMpson.
32 906 3187 1122 frein. Il ne put en dire davantage, & re-
311 1103 3184 1284 tomba dans le délire, & dans des convul-
307 1266 3166 1437 ſions ſi violentes que je ne doutai pas qu'elles
307 1430 3166 1597 ne l'emportaſſent. Son état me tira des lat-
307 1593 3165 1771 mes; & par un mouvement involontaire,
300 1749 3166 1932 je me jettai à genoux à côté de ſon lit, &
292 1913 3166 2090 je priai le Ciel pour lui dans des termes
304 2079 3180 2250 qui ſurprirent tous ceux qui étoient preſens.
308 2236 3176 2408 Quand je me relevai, il n'étoit déjà plus;
315 2399 3176 2572 & la mort avoit ſi peu défiguré ſon viſage,
315 2559 3173 2727 qu'il ſembloit avoir rendu l'ame en ſouriant.
496 2719 3169 2895 1elle fut la fin du pauvre Spéculiſte,
308 2882 3169 3049 homme qui eût été l'ornement de ſon pays
315 3042 3184 3217 & l'amour de toutes ſes connoiſſances,
304 3205 3169 3378 s'il eût fait un bon uſage de ſes talens;
308 3369 3162 3525 mais une vanité inſuportable & la débauche
308 3521 3162 3696 le conduiſirent dans le fond d'une priſon,
68 3682 3166 3858 où une maladie contagieuſe le plongea dans
304 3837 3169 4025 les horreurs de la mort à la fleut de ſon âge.
475 3993 3162 4177 Il y avoit près de trois mois que j'étois
304 4164 3191 4343 dans cette priſon, où tout ſembloit conſ-
275 4320 3485 4507 pirer avec mes chagrins, pour me dégoû-
97 4480 3282 4827 ue ctei i riſle, ee ls ''lss niits qui
300 4799 3162 4986 me reſtoient, ſuffiſoient à peine à couvrir
300 4963 3166 5148 ma nudité; & j'étois reſté ſans ſouliers, &
300 5126 3169 5300 obligé de garder la chambre où j'étois prêt
97 5293 3165 5473 à mourir de faim. Tous les malheurs dont
304 5460 3173 5636 ma vie avoit été traverſée, ſe peignoient
304 5624 3162 5800 alors dans mon imagination avec plus de
304 5783 3162 5959 violence que jamais; & comme je n'avois
308 5936 3173 6110 point de livres, tout mon tems étoit em-
307 6102 3185 6281 ployé aux réflexions les plus ameres, & aux
315 6255 1837 6426 regrets les plus cruels.
2446 6274 2720 6442 C3
