4266 7754
1054 705 3637 965 La vie et les avenrures
1088 901 4019 1086 1elle étoit mon occupation deſagréable,
1088 1073 4019 1258 lorſque j'entendis un jour prononcer mon
1088 1241 4004 1429 nom à pluſieurs repriſes dans la gallerie par
1095 1410 4019 1588 une voix de femme, qui ne m'étoit pas in-
1096 1578 4019 1748 connue. Mon cœur me dit que ce ne pou-
1092 1743 4023 1919 voit être une autre que ma mere, & rien
1092 1908 4022 2092 ne peut égaler le ſaiſiſſement que me cauſa
1103 2080 4019 2248 cette penſée: cependant la voix aprochoit
1096 2248 4011 2422 de plus en plus; enfin un de mes plus pro-
1081 2413 4015 2587 ches voiſins ouvrit la porte de ma cham-
1081 2578 4019 2755 bre, & dit: Voilà ſon apartement, Ma-
733 2750 4026 2922 dame; entrez, vous l'y trouverez ſûrement.
1099 2911 4011 3091 O Dieu! c'étoit elle-même; c'étoit cette
768 3083 4038 3256 mere cherie. Après avoir avancé quelques
766 3248 4034 3424 pas, & pouſſé la porte d'une main, elle
1103 3412 4011 3589 n'eut pas plutôt aperçu le viſage maigre &
1110 3577 4015 3758 décharné de ſon fils, qu'elle jetta un grand
1107 3745 4041 3917 cri, & tomba évanouie ſur une chaiſe qui
1103 3914 4011 4086 ſe trouva derriere elle: pour moi ſortant
1099 4078 4243 4258 de ma léthargie & de l'état de ſtupidité où
1092 4243 4026 4425 j'étois plongé, je courus à elle, & ſoule-
1107 4412 4034 4583 vant ſa tête, je la preſſai contre mon cœur:
789 4576 4034 4749 un torrent de larmes ſortoit en abondance
1111 4741 4019 4906 de mes yeux, & les ſeules paroles que je
1107 4898 4038 5078 pus prononcer dans les intervalles de mes
1114 5063 4022 5240 mouvemens convulſifs furent: Ma chere
1118 5231 4041 5414 mere... O ciel!... Que vois-je... Elle revint
1118 5396 4064 5586 bientôt à elle, & me ſerrant entre ſes bras, elle
1118 5564 4060 5917 uloſ ,é-oon ee ſs ue dſſpoii de
1125 5897 4041 6081 vous voir dans cet état! Qu'avez-vous pu
1126 6066 4056 6251 faire pour vous y réduire? Je tombai à ſes
1118 6233 4026 6418 genoux; & lui prenant une main que j'ar-
