4266 7651
1083 620 3972 1008 i un ſeret a tou mnes amnitr mais lne
1091 995 3979 1340 les emno a uminmi l lieſo, oungon
1131 1322 3976 1500 voit mené en m'arrêtant: ce fut-là qu'ils apri-
1131 1487 4089 1668 rentle nom de mon créancier, la nature de
1105 1649 3979 1825 ma dette, en un mot tout ce qui pouvoit les
1134 1811 3983 1992 inſtruire de mon affaire. Mon pere & ma
1138 1980 3983 2153 mere en furent ſi conſternés, qu'ils reſterent
1054 2145 3986 2319 long-tems ſans parler: ils ſe tranſporterent de-
1138 2307 3983 2482 là chez M. Vautour, qui eut aſſez de généro-
1138 2465 3983 2642 ſité pour reconnoîrre qu'il ne croyoit pas
1135 2634 3983 2807 que j'euſſe touché un ſol de cet argent:
1138 2792 3994 2970 il leur dit que c'étoit une faute de jeuneſſe,
1146 2954 3986 3123 & qu'il n'auroit pas été ſi dur, s'il eût pu
1138 3115 3980 3288 ſe paſſer plus long-tems de cette ſomme;
1142 3288 3979 3465 mais que ne connoiſſant point mes parens,
1146 3443 3983 3625 & n'ayant pu tirer de moi leurs noms ni
1142 3608 3983 3788 leurs demeures, il s'étoit vu forcé de me
1146 3775 4001 3949 faire arrêter pour ſûreté de ſa créance. M.
1142 3931 4016 4112 Diaper qui connoiſſoit Vautour, & qui
1145 4108 3994 4280 en étoit connu, le blâma beaucoup de ne
1149 4269 3997 4445 point lui avoir parlé de cette affaire, & aſ-
1146 4431 3994 4606 ſura qu'il m'auroit cautionné, & n'auroit
1149 4596 3990 4766 pas ſouffert que je reſtaſſe en priſon; mais
1149 4754 3998 4928 celui-ci s'excuſa ſur ce qu'il n'avoit pas
1149 4912 4005 5093 imaginé que nous fuſſions ſi grands amis.
1157 5074 3998 5255 Enſuite ils allerent chez le frere de M.
1153 5243 4002 5417 Deacon: mais ils ne purent lui faire enten-
1157 5405 4001 5585 dre raiſon, quoique mon pere menaçât
1160 5567 4034 5734 de le pourſuivre pour la reſtitution de cet
1149 5728 4001 5910 argent, & de prouver qu'il n'étoit pas poſ-
1160 5897 3995 6060 ſible que j'en euſſe profité. Ils retournerent
1171 6055 3994 6233 encore chez Vautour, pour tâcher d'en
1153 6221 4001 6379 venir à un accommodement; mais il leur
