4266 7754
744 648 3151 879 De Josepn Thonoson.
10 852 3150 1044 dit que, faute d'avoir eu cet argent depuis
246 1028 3150 1211 long-tems, il avoit ſouffert un grand pré-
250 1193 3154 1542 u oiae, il oonſemntent aaate gaae des
115 1530 3143 1710 frais, & me quitteroit pour les ſix cens li-
246 1691 3147 1875 vres ſterlings de principal. M. Diaper &
241 1863 3150 2031 votre pere, continua ma mere, ſont ac-
223 2035 3139 2206 tuellement chez le concierge, pour payer
250 2200 3150 2375 les droits & vous mettre en liberté: ils ont
246 2367 3150 2536 acquitté votre dette ce matin; mais, mon
253 2529 3439 2706 cher fils, que vous êtes changé! aurois-je
246 2694 3154 2871 dû m'attendre à trouver mon pauvre Jo-
242 2858 3150 3044 ſeph ici, & dans un pareil équipage? Elle
137 3027 3165 3201 finiſſoit à peine ces mots, que je vis en-
250 3195 3150 3375 trer mon pere avec M. Diaper: ils me
246 3360 3143 3541 marquerent toute la joie imaginable de me
246 3525 3151 3699 revoir; mais le miſérable état où j'étois leur
10 3697 3150 3863 donna le plus violent chagrin. Ils me gron-
21 3861 3147 4032 derent avec amitié de ne leur avoir pas
250 4022 3147 4202 fait ſçavoir plutôt ma ſituation, & d'avoir
81 4191 3150 4361 mieux aimé manquer de tout pendant mon
227 4355 3150 4520 ſéjour dans cette priſon, que de les infor-
231 4520 3150 4695 mer de mon affaire. Mon fils, me dit mon
59 4688 3154 4854 pere, vous vous êtes conduit imprudem-
242 4853 3352 5025 ment, en donnant ainſi votre billet à la
226 5014 3150 5183 legére; mais comme c'eſt la reconnoiſſan-
242 5182 3147 5356 ce pour le pauvre M. Deacon, mon an-
242 5347 3147 5524 cien ami, qui vous a fait agir, & qu'on ne
9 5512 3155 5693 peut vous reprocher qu'un défaut d'atten-
238 5684 3151 5872 tion, & la négligence de prendre vos ſû-
10 5856 3147 6024 retés avec lui, je ne vous en parle plus;
10 6006 3143 6193 j'eſpere que vous effacerez à l'avenir par
250 6174 3143 6347 votre conduite le tort que votre empriſon-
246 6345 3137 6516 nement aura pu vous cauſer. Vous êtes
