4266 7620
1146 682 3705 882 36 LA VIE ET LES AVENTURES
1161 868 4010 1046 quoiqu'à bien conſidérer les choſes, il n'y
1186 1025 4003 1196 a rien là de ſi étonnant, car c'étoit un
1190 1190 4065 1366 homme indiſcret & bien malheureux. Les
1193 1354 4164 1528 événemens de ſa vie, dont je me reſ-
1193 1515 3999 1687 ſouviens encore, ſont propres à inſpirer
1193 1676 4003 1852 de la prudence à tous les hommes. Je le
1193 1844 3992 2016 priai de nous raconter ce qu'il ſçavoit de
1208 2004 4003 2172 cet honnête homme. M. Diaper & les
1190 2165 4003 2334 deux Dames joignirent leurs inſtances aux
1197 2329 4003 2499 miennes, & il nous en fit le recit de la
1201 2493 2399 2618 maniere ſuivante.
1657 3053 3564 3188 CHAPITRE XL.
1618 3335 3602 3503 Hiſtoire de Sir Villiam Failer.
1121 3605 1430 4013 J'
1424 3648 4010 3796 Ai fait connoiſſance avec cet honnête
1352 3796 4027 3969 homme à l'Univerſité où il a étudié en
1182 3966 3988 4134 même-tems que moi. Sir Villiam étoit
1197 4127 3995 4288 du collége d'Emmanuel, & moi de celui
1197 4287 4003 4460 de Saint Jean. Il y reſta neuf ou dix ans;
1186 4452 3985 4618 ſes infortunes le changerent au point qu'il
1201 4613 4207 4779 chercha à faire d'autres amis que ceux avec
1193 4766 3996 4938 qui il avoit été lié auparavant. Vous verrez
1186 4926 3992 5100 par les faits que je vais vous en rap-
1186 5087 3992 5258 porter de ſon hiſtoire, que tous les talens
1190 5245 3985 5417 ni mêmes les occaſions les plus favorables
1182 5413 3988 5577 ne ſuffiſent pas pour s'avancer dans le
1190 5570 3977 5734 monde, ſi on ne mêle dans ſes actions
1193 5734 3988 5908 beaucoup de prudence, une grande atten-
1182 5895 3984 6063 tion à garder les aparences, & un peu
1193 6056 3981 6234 d'intérêt; car ſans difficulté il en faut un peu
1190 6220 1906 6396 dans la yie.
