4266 7611
1212 593 3803 775 LAViETtLeS avEntures
1234 764 4091 935 jugea qu'il n'étoit pas à propos de lui per-
1249 921 4098 1094 mettre de s'expliquer. Ainſi la veille du jour
1227 1088 4095 1261 deſtiné à l'entendre, il fut arrêté le ſoir &
1234 1249 4091 1421 mis en priſon par ordre d'un Secrétaire
1234 1413 2874 1583 d'Etat. Le Lord T....
2910 1416 4095 1584 .. lui fit ſubir
1245 1573 4083 1747 interrogatoire à pluſieurs repriſes; mais il
1227 1741 4091 1909 ſe comporta avec une preſence d'eſprit, &
1238 1901 4095 2070 une fermeté qui ſurprit ce Seigneur. Une
1241 2061 4095 2235 pareille conduite lui inſpira beaucoup d'ami-
1238 2229 4094 2396 tié pour lui; il le recommanda à un autre
1241 2386 4095 2558 Grand, qui lui fit donner un emploi fort lu-
1238 2549 4087 2717 cratif dans une de nos Colonies des Indes
1242 2713 4076 2882 occidentales, où il auroit pû s'enrichir,
1249 2874 4087 3027 & vivre heureux, s'il eût été d'humeur
1245 3034 4084 3205 de ſacrifier ſon honneur & ſa conſcience
1249 3194 4087 3365 à ſon intérêt, comme font la plupart des
1227 3355 4091 3686 u ummina eme les anin, au rune
1249 3675 4087 3851 de confiſcation, une ſomme d'argent
1227 3839 4084 4005 conſidérables dont ces prédéceſſeurs n'é-
1234 4000 4080 4170 toient pas dans l'uſage de rendre aucun
1230 4164 4080 4332 compte: mais Sir Villiam, dominé par le
1227 4324 4076 4497 patriotiſme, & élevé dans les principes les
1227 4484 4076 4656 plus rafinés de l'amour déſintéreſſé du bien
1227 4648 4149 4973 ereédud u u odſſe poir ſaire remeetee e
1230 4954 4087 5139 argent au treſor. Le Miniſtre lui écrivit
1230 5118 4084 5302 une lettre polie, par laquelle il lui fit en-
1227 5282 4080 5466 tendre qu'il lui croyoit autant de droit de
1220 5450 4065 5627 s'aproprier cet argent qu'à tous ceux qui
1216 5606 4073 5787 avoient rempli le même office, & il lui
1223 5774 4069 5946 conſeilla de ne plus parler de cette affaire;
1220 5939 4065 6105 mais Sir Villiam ne put goûter cet avis, &
1216 6098 4058 6270 & renvoya cet argent qui arriva à bon
