4266 7712
1135 827 3855 1014 L Lv V E ET LES VENTuEEs
1146 998 4076 1181 arrêté pluſieurs fois & mis en priſon, d'où
1065 1165 4125 1352 il ne ſortit que par la libéralité de quelques-
1143 1332 4062 1514 uns de ſes protecteurs. Dans la ſuite il
1139 1495 4095 1682 exerça l'office de Notaire, & s'en acquitta
1143 1666 4062 1837 avec beaucoup de ſuccès; mais cette occu-
1139 1826 4050 2011 pation ne lui fourniſſant pas des ſecours
1139 1997 4076 2168 aſſez abondans, il s'adonna à emprunter
1139 2160 4065 2343 de petites ſommes d'argent de tous ceux
1131 2327 4043 2507 qu'il rencontroit: cette mauvaiſe conduite,
1128 2497 4069 2675 jointe à un ſecond mariage déſavantageux,
1131 2661 4047 2830 fit beaucoup de tort à ſa réputation. Il de-
1128 2821 4084 3000 vint fort à plaindre, & d'autant plus qu'il
1128 2992 4080 3168 étoit alors avancé en âge. Le généreux
1143 3152 4069 3330 Commode ayant appris ſa ſituation, lui
1139 3319 4087 3493 fit, avec une généroſité digne d'un Prince,
1139 3486 4084 3658 un preſent de cinq cens livres ſterlings,
1135 3649 4050 3826 pour ſatisfaire ſes créanciers les plus preſ-
1143 3813 4076 3990 ſés; mais il ne ſçavoit pas à quiil avoit
1143 3976 4091 4150 affaire: car du tempérament dont étoit Sir
1128 4143 4076 4319 Villiam, dix mille livres ſterlings de reve-
1143 4306 4047 4483 nu ne lui auroient pas ſuffi. Il quitta Com-
1143 4474 4076 4650 mode, plein de reconnoiſſance, & courut
1139 4641 4069 4814 à une auberge pour y dîner: il en avoit
1143 4800 4047 4980 grand beſoin; car depuis pluſieurs jours il
1143 4960 4054 5143 avoit fait très-maigre chere. Il y rencontra
1143 5127 4087 5308 un de ſes grands amis l'infortuné Bellario, qui
1143 5297 4084 5475 après les premiers complimens, lui fit un
1143 5461 4088 5643 long recit des embarras où il ſe trouvoit.
1146 5628 4088 5808 Bon Dieu! s'écria le Baronnet, que je ſuis
1146 5799 4043 5975 heureux, mon cher ami, de pouvoir vous
1146 5962 4091 6145 rendre ſervice; prenez ce billet de cent
1146 6126 4087 6304 piéces, & arrangez vos affaires; s'il vous
1150 6290 4084 6474 en faut davantage, venez me trouver de-
1143 6453 4076 6671 main chez moi: après quoi il le quitta-
