<PcGts xmlns="http://schema.primaresearch.org/PAGE/gts/pagecontent/2017-07-15" xmlns:xsi="http://www.w3.org/2001/XMLSchema-instance" xsi:schemaLocation="http://schema.primaresearch.org/PAGE/gts/pagecontent/2017-07-15 http://schema.primaresearch.org/PAGE/gts/pagecontent/2017-07-15/pagecontent.xsd"><Metadata><Creator>User123</Creator><Created>2020-10-08T14:55:04</Created><LastChange>2020-10-08T14:55:04</LastChange></Metadata><Page imageFilename="0060.png" imageHeight="7702" imageWidth="4266"><TextRegion id="r0" type="paragraph" orientation="-0.0"><Coords points="1,1 4264,1 4264,7700 1,7700"/><TextLine id="r0_l001"><Coords points="3114,1041 3113,1040 3102,1040 3101,1040 3101,1032 3101,1031 3082,1031 3081,1030 3080,1030 3078,1029 3078,1028 3078,1027 3025,1027 3022,1025 3022,1024 3022,1023 3017,1023 3015,1022 3015,1014 3014,1012 3013,1012 3012,1012 3012,987 3012,986 2973,986 2971,985 2971,980 2971,979 1506,979 1505,980 1505,982 1505,982 1285,982 1283,984 1283,985 1282,986 1175,986 1174,987 1174,1031 1174,1031 1167,1031 1166,1031 1166,994 1166,993 739,993 737,992 737,991 737,990 710,990 708,989 708,988 707,986 706,986 704,985 704,906 703,904 702,904 700,903 700,899 702,897 763,897 763,897 763,895 765,893 819,893 819,893 819,854 821,852 1030,852 1030,852 1030,844 1031,843 1031,842 1032,841 1033,841 1037,837 1041,837 1041,837 1041,836 1043,834 1720,834 1720,834 1720,829 1723,826 1724,826 1724,826 1724,825 1726,823 1727,823 1728,822 1729,822 1730,823 1913,823 1913,824 1913,825 1914,826 1914,841 1915,841 1916,841 1917,843 1917,867 1918,867 2540,867 2540,868 2540,869 2541,870 2541,871 2542,871 2982,871 2982,872 2982,878 2983,878 2984,878 2986,881 2986,897 2987,897 3163,897 3164,899 3164,907 3163,908 3131,908 3130,909 3130,937 3129,938 3128,938 3127,939 3127,999 3123,1003 3123,1041 3123,1041"/><TextEquiv index="1"><Unicode>De Joseph Thompson.</Unicode></TextEquiv></TextLine><TextLine id="r0_l002"><Coords points="3001,1194 3000,1194 3000,1147 3000,1146 2551,1146 2550,1145 2549,1145 2548,1145 2548,1144 2547,1142 2396,1142 2301,1142 2299,1144 2299,1145 2299,1145 2298,1145 2297,1146 2288,1146 2287,1145 2286,1145 2284,1144 2284,1143 2284,1142 2164,1142 2097,1142 2095,1144 2095,1145 2095,1145 2094,1145 2093,1146 2087,1146 2084,1144 2084,1143 2084,1142 1830,1142 1828,1144 1828,1145 1828,1145 1827,1145 1826,1146 1510,1146 1509,1147 1509,1148 1508,1149 1365,1149 1364,1150 1364,1160 1364,1160 1363,1160 1362,1161 1361,1160 1355,1160 1353,1159 1353,1151 1352,1149 1170,1149 1167,1152 1167,1153 1167,1153 721,1153 717,1157 206,1157 205,1156 204,1156 203,1156 203,1155 203,1154 202,1153 201,1153 199,1152 199,1144 201,1142 213,1142 213,1142 213,1072 213,1071 193,1071 192,1071 192,1028 193,1027 203,1027 203,1027 203,1021 205,1019 302,1019 303,1021 303,1027 304,1027 366,1027 366,1027 366,1014 368,1012 369,1012 370,1011 370,1010 372,1008 373,1008 374,1010 374,1027 375,1027 484,1027 485,1026 485,1025 487,1023 503,1023 503,1024 503,1025 506,1027 518,1027 518,1028 518,1030 519,1030 632,1030 634,1033 634,1034 635,1034 636,1034 637,1036 637,1037 639,1038 640,1038 641,1040 641,1079 642,1079 823,1079 823,1079 823,1043 825,1041 826,1041 826,1041 826,1040 828,1038 829,1038 830,1037 830,1036 832,1034 840,1034 841,1036 841,1037 843,1038 844,1038 845,1040 845,1075 846,1075 1085,1075 1086,1074 1086,1073 1088,1071 1089,1071 1089,1071 1090,1070 1090,1069 1091,1068 1092,1068 1092,1068 1093,1067 1093,1066 1095,1064 1153,1064 1153,1064 1153,1058 1155,1056 1156,1056 1156,1056 1156,1049 1157,1048 1157,1047 1159,1045 1160,1045 1160,1045 1160,1036 1162,1034 1163,1034 1164,1033 1164,1032 1165,1031 1175,1031 1175,1032 1175,1033 1177,1034 1182,1034 1182,1035 1182,1036 1183,1037 1183,1075 1184,1075 1285,1075 1287,1073 1287,1072 1288,1071 1438,1071 1439,1070 1439,1069 1441,1067 1442,1067 1442,1067 1442,1062 1444,1060 1452,1060 1453,1062 1453,1067 1454,1067 1657,1067 1657,1067 1657,1066 1659,1064 1705,1064 1705,1064 1705,1031 1706,1030 1706,1028 1707,1027 1708,1027 1710,1025 1710,1024 1711,1023 1720,1023 1720,1024 1720,1025 1723,1027 1761,1027 1761,1028 1761,1037 1763,1038 1764,1038 1765,1040 1765,1064 1766,1064 1831,1064 1832,1066 1832,1067 1833,1067 2010,1067 2010,1067 2010,1025 2012,1023 2024,1023 2024,1023 2024,1022 2027,1019 2029,1022 2029,1023 2030,1023 2031,1023 2032,1025 2032,1029 2034,1030 2035,1030 2036,1032 2036,1067 2037,1067 2221,1067 2221,1067 2221,1059 2224,1056 2225,1056 2225,1056 2225,1047 2227,1045 2228,1045 2229,1044 2229,1043 2230,1042 2231,1042 2232,1041 2232,1037 2246,1023 2273,1023 2273,1024 2273,1064 2274,1064 2554,1064 2556,1062 2556,1061 2557,1060 2788,1060 2789,1062 2789,1063 2791,1064 2885,1064 2885,1064 2885,1041 2886,1040 2886,1039 2887,1038 2967,1038 2967,1038 2967,1032 2968,1031 2969,1031 2970,1030 2980,1030 2981,1031 2982,1031 2982,1032 2982,1033 2984,1034 2985,1034 2985,1035 2985,1036 2988,1038 2989,1038 2989,1039 2989,1040 2990,1040 3113,1040 3114,1041 3125,1041 3127,1044 3127,1048 3126,1049 3125,1049 3123,1051 3123,1052 3122,1053 3120,1053 3119,1054 3119,1142 3120,1142 3122,1142 3123,1144 3123,1145 3124,1145 3125,1145 3127,1148 3127,1151 3126,1152 3126,1153 3126,1153 3125,1153 3123,1155 3123,1156 3123,1156 3122,1156 3121,1157 3100,1157 3099,1156 3098,1156 3097,1156 3097,1155 3096,1153 3062,1153 3060,1152 3060,1151 3059,1149 3024,1149 3023,1149 3023,1148 3022,1146 3018,1146 3017,1147 3017,1194 3017,1194"/><TextEquiv index="1"><Unicode>Ainſi la bonté naturelle de ſon cœur lui</Unicode></TextEquiv></TextLine><TextLine id="r0_l003"><Coords points="505,1366 504,1366 504,1325 504,1324 198,1324 196,1323 196,1319 194,1316 193,1316 192,1316 192,1314 194,1312 195,1312 196,1311 196,1254 197,1253 198,1253 210,1241 210,1230 211,1229 211,1228 212,1227 213,1227 218,1222 218,1214 220,1212 221,1212 222,1211 222,1210 223,1209 224,1209 225,1208 225,1207 227,1205 228,1205 229,1204 229,1203 231,1201 236,1201 236,1201 236,1200 239,1197 243,1197 244,1196 244,1195 245,1194 254,1194 261,1201 521,1201 522,1203 522,1204 524,1205 525,1205 526,1207 526,1234 527,1234 557,1234 558,1235 559,1235 559,1236 559,1241 561,1242 815,1242 815,1242 815,1203 817,1201 955,1201 956,1203 956,1242 957,1242 1022,1242 1023,1244 1023,1245 1024,1245 1087,1245 1088,1246 1089,1246 1090,1248 1090,1249 1091,1249 1092,1249 1094,1252 1094,1286 1095,1286 1264,1286 1264,1286 1264,1277 1266,1275 1267,1275 1268,1274 1268,1270 1270,1268 1271,1268 1271,1268 1271,1216 1272,1215 1272,1214 1274,1212 1275,1212 1275,1212 1275,1211 1278,1208 1279,1208 1279,1208 1279,1207 1281,1205 1285,1205 1293,1197 1297,1197 1298,1196 1298,1195 1299,1194 1316,1194 1317,1193 1318,1193 1319,1194 1320,1194 1320,1195 1320,1205 1321,1205 1323,1205 1323,1206 1323,1207 1325,1208 1329,1208 1330,1209 1331,1209 1331,1210 1331,1231 1332,1231 1520,1231 1520,1231 1520,1199 1521,1198 1522,1198 1524,1196 1524,1195 1525,1194 1534,1194 1535,1193 1535,1192 1537,1190 1538,1190 1539,1192 1539,1193 1541,1194 1542,1194 1542,1195 1542,1196 1543,1196 1544,1197 1545,1197 1546,1199 1546,1234 1547,1234 1713,1234 1713,1234 1713,1192 1715,1190 1723,1190 1724,1189 1724,1188 1726,1186 1727,1186 1728,1188 1728,1189 1730,1190 1731,1190 1731,1191 1731,1192 1734,1194 1735,1194 1735,1195 1735,1202 1736,1202 1900,1202 1912,1190 1916,1190 1917,1189 1917,1188 1919,1186 1924,1186 1924,1186 1924,1185 1926,1183 1928,1183 1928,1184 1928,1185 1930,1186 1931,1186 1932,1188 1932,1189 1934,1190 2031,1190 2036,1196 2036,1234 2037,1234 2310,1234 2310,1234 2310,1233 2312,1231 2443,1231 2444,1230 2444,1225 2445,1224 2446,1224 2448,1222 2448,1210 2449,1209 2450,1209 2451,1208 2451,1200 2454,1197 2455,1197 2455,1197 2455,1196 2461,1190 2462,1190 2462,1190 2462,1189 2465,1186 2466,1186 2466,1186 2466,1185 2469,1182 2477,1182 2477,1182 2477,1181 2479,1179 2540,1179 2540,1180 2540,1181 2543,1183 2544,1183 2544,1184 2544,1234 2545,1234 2699,1234 2706,1227 2714,1227 2715,1229 2715,1238 2716,1238 3000,1238 3000,1238 3000,1195 3001,1194 3022,1194 3023,1196 3023,1197 3024,1197 3103,1197 3105,1200 3105,1201 3106,1201 3111,1201 3112,1203 3112,1305 3113,1305 3115,1305 3115,1306 3115,1307 3117,1309 3118,1309 3119,1309 3119,1310 3119,1315 3114,1320 3068,1320 3067,1321 3067,1323 3066,1324 2905,1324 2904,1325 2904,1349 2904,1349 2903,1349 2902,1350 2881,1350 2874,1344 2874,1314 2874,1313 2852,1313 2851,1312 2543,1312 2542,1313 2540,1313 2539,1312 2538,1312 2537,1312 2537,1311 2536,1309 2252,1309 2251,1310 2251,1338 2251,1338 2250,1338 2247,1341 2247,1342 2247,1342 2223,1342 2222,1342 2222,1341 2221,1340 2220,1338 2219,1338 2218,1338 2218,1314 2218,1313 2110,1313 2109,1312 2108,1312 2106,1311 2106,1310 2106,1309 1680,1309 1679,1310 1679,1358 1679,1358 1678,1358 1677,1358 1677,1310 1677,1309 1600,1309 1598,1311 1598,1312 1598,1312 1525,1312 1524,1313 1403,1313 1401,1315 1401,1316 1401,1316 1400,1316 1397,1319 1397,1320 1397,1320 1176,1320 1175,1321 1175,1330 1174,1331 1173,1331 1172,1332 1172,1333 1170,1335 1169,1335 1168,1336 1168,1337 1166,1339 1165,1339 1164,1340 1164,1341 1163,1342 1162,1342 1160,1344 1160,1345 1159,1346 1158,1346 1157,1347 1157,1348 1155,1350 1148,1350 1145,1348 1145,1347 1145,1346 1144,1346 1142,1345 1142,1324 1142,1323 1009,1323 1008,1323 1008,1322 1007,1320 680,1320 678,1322 678,1323 678,1323 562,1323 561,1324 519,1324 518,1325 518,1366 518,1366"/><TextEquiv index="1"><Unicode>faiſoit oublier, &amp; le beſoin preſſant qu'il</Unicode></TextEquiv></TextLine><TextLine id="r0_l004"><Coords points="426,1528 425,1528 425,1488 425,1487 294,1487 292,1486 292,1485 291,1483 201,1483 199,1482 199,1481 198,1479 193,1479 192,1479 192,1428 192,1427 190,1427 188,1426 188,1422 190,1420 191,1420 192,1419 192,1418 194,1416 195,1416 196,1415 196,1414 197,1413 198,1413 199,1412 206,1412 206,1412 206,1379 207,1378 207,1377 209,1375 211,1378 211,1405 212,1405 243,1405 244,1407 244,1408 246,1409 447,1409 448,1408 448,1407 450,1405 503,1405 503,1405 503,1368 505,1366 519,1366 519,1367 519,1368 520,1368 521,1368 522,1370 522,1401 523,1401 652,1401 652,1401 652,1395 653,1394 655,1394 656,1396 656,1397 658,1398 659,1398 660,1400 660,1409 661,1409 882,1409 882,1409 882,1370 884,1368 1018,1368 1027,1378 1027,1408 1028,1408 1142,1408 1142,1408 1142,1407 1144,1405 1242,1405 1242,1405 1242,1392 1244,1390 1245,1390 1246,1389 1246,1384 1247,1383 1248,1383 1253,1378 1253,1377 1254,1376 1255,1376 1257,1374 1257,1370 1259,1368 1260,1368 1260,1368 1260,1363 1262,1361 1263,1361 1263,1361 1264,1360 1264,1359 1266,1357 1275,1357 1275,1358 1275,1363 1277,1364 1278,1364 1279,1366 1279,1382 1281,1383 1282,1383 1282,1384 1283,1385 1283,1386 1285,1387 1286,1387 1286,1388 1286,1389 1287,1390 1287,1405 1288,1405 1464,1405 1464,1405 1464,1404 1467,1401 1620,1401 1620,1401 1620,1359 1622,1357 1623,1357 1623,1357 1624,1356 1624,1355 1626,1353 1641,1353 1645,1357 1690,1357 1691,1359 1691,1360 1693,1361 1698,1361 1698,1362 1698,1401 1699,1401 1906,1401 1906,1401 1906,1400 1908,1398 2021,1398 2021,1398 2021,1396 2023,1394 2024,1394 2025,1393 2025,1384 2026,1383 2027,1383 2028,1382 2028,1378 2031,1375 2032,1375 2032,1375 2032,1374 2034,1372 2035,1372 2036,1371 2036,1370 2038,1368 2039,1368 2039,1368 2039,1367 2041,1365 2042,1364 2043,1364 2043,1364 2043,1363 2045,1361 2049,1361 2051,1359 2051,1358 2052,1357 2068,1357 2073,1363 2073,1398 2074,1398 2451,1398 2451,1399 2451,1400 2453,1401 2622,1401 2622,1401 2622,1363 2628,1357 2632,1357 2633,1356 2633,1355 2635,1353 2636,1353 2637,1355 2637,1356 2639,1357 2640,1357 2641,1359 2641,1401 2642,1401 2888,1401 2889,1403 2889,1404 2891,1405 3059,1405 3060,1407 3060,1408 3061,1409 3062,1409 3063,1409 3064,1411 3064,1416 3065,1416 3066,1416 3067,1418 3067,1435 3068,1435 3130,1435 3130,1436 3130,1460 3129,1461 3128,1461 3127,1462 3127,1463 3125,1465 3072,1465 3071,1466 3071,1482 3070,1483 3069,1483 3068,1484 3067,1485 3067,1486 3066,1487 3058,1487 3056,1486 3056,1485 3055,1483 2943,1483 2941,1482 2941,1481 2940,1479 2564,1479 2563,1480 2563,1508 2562,1509 2553,1509 2552,1510 2552,1511 2550,1513 2452,1513 2451,1514 2451,1522 2451,1522 2439,1522 2438,1521 2435,1521 2434,1521 2434,1477 2434,1476 2335,1476 2333,1475 2333,1474 2332,1472 2160,1472 2159,1473 2159,1474 2157,1476 2104,1476 2103,1477 2103,1478 2102,1479 2093,1479 2092,1479 2092,1478 2091,1476 1870,1476 1774,1476 1772,1478 1772,1479 1772,1479 1637,1479 1636,1480 1636,1524 1636,1524 1624,1524 1623,1524 1623,1477 1623,1476 1488,1476 1487,1477 1487,1478 1486,1479 1474,1479 1472,1481 1472,1482 1471,1483 1470,1483 1468,1482 1468,1481 1468,1480 1269,1480 1268,1481 1268,1482 1267,1483 1032,1483 1031,1484 1031,1485 1029,1487 432,1487 431,1488 431,1528 431,1528"/><TextEquiv index="1"><Unicode>auroit eu lui-même d'une ſomme plus con-</Unicode></TextEquiv></TextLine><TextLine id="r0_l005"><Coords points="1293,1695 1292,1695 1292,1647 1292,1646 1155,1646 1153,1648 1153,1649 1152,1650 1070,1650 1066,1654 1065,1654 1064,1655 1064,1656 1062,1658 853,1658 852,1659 852,1664 851,1665 850,1665 849,1666 849,1667 847,1669 846,1669 845,1670 845,1679 844,1680 843,1680 841,1682 841,1683 841,1683 836,1683 834,1685 834,1686 833,1687 824,1687 823,1687 823,1686 821,1683 820,1683 819,1683 819,1655 819,1654 673,1654 670,1652 670,1651 670,1650 297,1650 205,1650 203,1652 203,1653 202,1654 194,1654 192,1653 192,1652 192,1651 191,1650 190,1650 188,1649 188,1641 184,1637 184,1614 184,1613 183,1613 182,1613 181,1612 181,1611 183,1609 184,1609 184,1609 184,1604 186,1602 188,1602 188,1602 188,1582 191,1579 192,1579 192,1579 192,1570 194,1568 210,1568 210,1568 210,1556 213,1553 214,1553 214,1553 214,1552 216,1550 217,1550 218,1549 218,1544 219,1543 220,1543 222,1541 222,1537 228,1531 232,1531 233,1530 233,1529 234,1528 235,1528 237,1526 237,1525 238,1524 250,1524 252,1522 252,1521 253,1520 265,1520 266,1522 266,1523 268,1524 273,1524 273,1525 273,1526 275,1527 356,1527 357,1528 580,1528 581,1527 590,1527 591,1528 592,1528 593,1530 593,1531 594,1531 677,1531 678,1533 678,1534 680,1535 681,1535 682,1537 682,1576 683,1576 748,1576 748,1577 748,1578 750,1579 754,1579 763,1589 763,1593 766,1595 767,1595 767,1596 767,1624 768,1624 949,1624 949,1624 949,1607 950,1606 951,1606 952,1605 952,1601 956,1597 956,1552 958,1550 959,1550 960,1549 960,1544 961,1543 962,1543 962,1543 964,1541 964,1540 965,1539 966,1539 968,1537 968,1536 969,1535 970,1535 971,1534 971,1533 973,1531 1152,1531 1153,1530 1153,1529 1154,1528 1241,1528 1242,1527 1243,1527 1244,1528 1245,1528 1246,1530 1246,1531 1247,1531 1248,1531 1249,1533 1249,1561 1250,1561 1375,1561 1376,1563 1376,1564 1378,1565 1578,1565 1579,1564 1579,1560 1582,1557 1617,1557 1617,1557 1617,1533 1619,1531 1620,1531 1620,1531 1620,1526 1622,1524 1638,1524 1639,1526 1639,1527 1640,1527 1641,1527 1643,1530 1643,1565 1644,1565 1701,1565 1702,1567 1702,1568 1703,1568 1924,1568 1925,1567 1925,1566 1926,1565 1943,1565 1943,1565 1943,1522 1945,1520 1946,1520 1947,1519 1947,1518 1948,1517 1949,1517 1950,1516 1964,1516 1965,1518 1965,1519 1967,1520 1968,1520 1969,1522 1969,1527 1970,1527 1971,1527 1973,1530 1973,1565 1974,1565 2179,1565 2181,1563 2181,1562 2182,1561 2303,1561 2303,1561 2303,1525 2304,1524 2309,1524 2311,1522 2311,1521 2312,1520 2317,1520 2318,1521 2582,1521 2583,1520 2592,1520 2592,1520 2592,1519 2595,1516 2598,1516 2606,1524 2607,1524 2607,1525 2607,1565 2608,1565 2670,1565 2670,1566 2670,1567 2673,1569 2674,1569 2674,1570 2674,1571 2676,1572 2882,1572 2882,1572 2882,1570 2884,1568 2885,1568 2885,1568 2885,1567 2887,1565 2930,1565 2930,1565 2930,1529 2931,1528 2945,1528 2946,1527 2947,1528 2948,1528 2949,1530 2949,1531 2950,1531 3111,1531 3112,1533 3112,1634 3119,1641 3119,1650 3119,1650 3114,1650 3112,1652 3112,1653 3111,1654 3107,1654 3104,1652 3104,1651 3104,1650 3039,1650 3038,1650 3038,1647 3038,1646 2890,1646 2889,1647 2889,1694 2889,1694 2872,1694 2871,1694 2871,1647 2871,1646 2827,1646 2826,1647 2826,1679 2825,1680 2802,1680 2800,1679 2800,1678 2799,1677 2799,1676 2798,1676 2796,1675 2796,1647 2796,1646 2680,1646 2679,1647 2679,1691 2679,1691 2670,1691 2669,1691 2669,1690 2669,1689 2545,1689 2544,1689 2544,1644 2544,1643 2250,1643 2247,1641 2247,1640 2247,1639 2095,1639 2038,1639 2036,1641 2036,1642 2036,1642 2035,1642 2034,1643 2016,1643 2014,1642 2014,1641 2013,1639 1823,1639 1819,1643 1770,1643 1769,1644 1769,1645 1768,1646 1651,1646 1650,1647 1650,1690 1650,1690 1643,1690 1642,1690 1642,1647 1642,1646 1437,1646 1435,1648 1435,1649 1434,1650 1429,1650 1428,1650 1428,1649 1426,1646 1295,1646 1294,1647 1294,1695 1294,1695"/><TextEquiv index="1"><Unicode>fidérable, &amp; l'intention de celui de qui il</Unicode></TextEquiv></TextLine><TextLine id="r0_l006"><Coords points="1314,1859 1313,1859 1313,1814 1313,1813 1211,1813 1208,1816 1208,1817 1208,1817 454,1817 450,1813 202,1813 199,1816 199,1817 199,1817 197,1817 196,1817 196,1816 192,1812 192,1700 194,1698 195,1698 196,1697 196,1696 197,1695 198,1695 199,1694 203,1694 203,1694 203,1693 205,1691 225,1691 225,1692 225,1693 227,1695 228,1695 229,1695 229,1696 229,1735 230,1735 392,1735 392,1735 392,1730 394,1728 399,1728 400,1730 400,1731 401,1732 402,1732 403,1732 403,1733 403,1735 404,1735 462,1735 463,1737 463,1738 465,1739 678,1739 678,1739 678,1704 684,1698 695,1698 697,1701 697,1705 699,1706 700,1706 700,1707 700,1732 701,1732 741,1732 741,1733 741,1742 743,1743 752,1743 752,1744 752,1745 756,1749 756,1783 757,1783 904,1783 904,1783 904,1700 906,1698 907,1698 908,1697 908,1696 909,1695 910,1695 911,1694 1307,1694 1309,1697 1309,1698 1310,1698 1311,1698 1312,1700 1312,1701 1313,1702 1313,1739 1314,1739 1502,1739 1502,1739 1502,1699 1503,1698 1508,1698 1509,1697 1509,1696 1510,1695 1511,1695 1512,1694 1639,1694 1639,1694 1639,1693 1642,1690 1791,1690 1791,1690 1791,1689 1793,1687 1809,1687 1809,1688 1809,1689 1812,1691 1813,1691 1813,1692 1813,1731 1814,1731 1929,1731 1930,1732 2127,1732 2129,1730 2129,1729 2130,1728 2243,1728 2243,1728 2243,1687 2244,1686 2244,1685 2246,1683 2268,1683 2270,1686 2270,1732 2271,1732 2465,1732 2466,1731 2466,1730 2468,1728 2544,1728 2544,1728 2544,1690 2545,1689 2559,1689 2560,1690 2722,1690 2722,1690 2722,1689 2724,1687 2725,1687 2726,1689 2726,1690 2728,1691 2729,1691 2730,1693 2730,1694 2731,1694 2889,1694 2889,1695 2889,1702 2890,1702 3048,1702 3049,1701 3049,1700 3051,1698 3055,1698 3056,1700 3056,1701 3058,1702 3063,1702 3063,1703 3063,1704 3066,1706 3067,1706 3067,1707 3067,1717 3068,1717 3159,1717 3163,1721 3164,1721 3164,1722 3164,1723 3163,1724 3131,1724 3130,1725 3130,1809 3129,1810 3128,1810 3127,1811 3127,1812 3126,1813 3125,1813 3124,1814 3123,1815 3123,1816 3122,1817 3121,1817 3119,1819 3119,1820 3118,1821 3066,1821 3063,1819 3063,1818 3063,1817 2932,1817 2930,1816 2930,1815 2929,1813 2846,1813 2845,1813 2845,1812 2844,1810 2480,1810 2477,1808 2477,1807 2477,1806 1878,1806 1876,1808 1876,1809 1875,1810 1625,1810 1624,1811 1624,1856 1624,1856 1603,1856 1602,1856 1602,1814 1602,1813 1324,1813 1323,1814 1323,1859 1323,1859"/><TextEquiv index="1"><Unicode>la tenoit. Bellario lui demanda où il étoit</Unicode></TextEquiv></TextLine><TextLine id="r0_l007"><Coords points="3043,2030 3042,2030 3042,2011 3042,2010 2994,2010 2993,2011 2993,2013 2992,2014 2991,2014 2989,2016 2989,2017 2989,2017 2976,2017 2975,2017 2975,2016 2974,2014 2970,2014 2969,2013 2968,2013 2967,2013 2967,2012 2966,2010 2965,2010 2964,2010 2964,2009 2963,2008 2963,1978 2963,1977 2888,1977 2887,1978 2887,2025 2887,2025 2874,2025 2873,2025 2873,1978 2873,1977 2506,1977 2505,1976 2388,1976 2343,1976 2342,1977 2339,1977 2336,1975 2336,1974 2336,1973 2195,1973 2194,1974 2194,2018 2194,2018 2187,2018 2186,2018 2186,1974 2186,1973 1863,1973 1862,1974 1862,1975 1860,1977 1678,1977 1676,1979 1676,1980 1676,1980 1674,1980 1672,1979 1672,1978 1672,1977 1455,1977 1453,1979 1453,1980 1453,1980 1174,1980 1170,1984 1039,1984 1038,1985 1038,2020 1037,2021 1014,2021 1012,2020 1012,2019 1011,2017 1006,2017 1004,2016 1004,1985 1004,1984 937,1984 936,1985 936,2029 936,2029 929,2029 928,2029 928,1985 928,1984 397,1984 396,1985 396,1991 396,1991 395,1991 392,1994 392,1998 391,1999 390,1999 389,2000 389,2001 387,2003 386,2003 385,2004 385,2005 384,2006 383,2006 381,2008 381,2009 380,2010 375,2010 374,2011 374,2012 372,2014 364,2014 363,2015 363,2016 362,2017 349,2017 348,2017 348,2016 347,2014 339,2014 337,2013 337,2012 336,2010 335,2010 334,2009 333,2009 333,2008 332,2006 226,2006 225,2007 225,2025 225,2025 189,2025 188,2025 188,1978 188,1977 187,1977 184,1975 184,1968 187,1965 188,1965 188,1965 188,1964 190,1962 194,1962 196,1960 196,1877 196,1876 190,1876 188,1875 188,1874 188,1873 187,1873 184,1871 184,1864 187,1861 192,1861 192,1861 192,1860 194,1858 221,1858 222,1860 222,1865 223,1865 224,1865 225,1867 225,1888 226,1888 244,1888 244,1889 244,1898 245,1898 437,1898 437,1898 437,1882 439,1880 440,1880 440,1880 440,1879 443,1876 444,1876 444,1876 444,1871 446,1869 447,1869 448,1868 448,1863 449,1862 450,1862 452,1860 452,1859 453,1858 648,1858 648,1859 648,1860 650,1861 661,1861 662,1862 663,1862 663,1863 663,1864 665,1865 669,1865 677,1873 678,1873 678,1874 678,1906 679,1906 781,1906 782,1905 782,1900 783,1899 784,1899 786,1897 786,1896 787,1895 837,1895 838,1897 838,1898 839,1898 840,1899 841,1899 841,1900 841,1906 842,1906 915,1906 915,1907 915,1908 918,1910 1092,1910 1094,1908 1094,1907 1095,1906 1215,1906 1216,1905 1216,1893 1218,1891 1219,1891 1220,1890 1220,1882 1222,1880 1223,1880 1223,1880 1223,1875 1225,1873 1226,1873 1226,1873 1227,1872 1227,1871 1229,1869 1230,1869 1231,1868 1231,1867 1233,1865 1234,1865 1234,1865 1234,1864 1237,1861 1238,1861 1238,1861 1238,1860 1240,1858 1241,1858 1242,1857 1242,1856 1244,1854 1267,1854 1268,1856 1268,1857 1270,1858 1271,1858 1272,1859 1323,1859 1324,1861 1324,1865 1325,1865 1326,1865 1327,1867 1327,1902 1328,1902 1561,1902 1561,1902 1561,1863 1562,1862 1563,1862 1565,1860 1565,1859 1566,1858 1602,1858 1602,1858 1602,1857 1603,1856 1624,1856 1624,1857 1624,1864 1626,1865 1627,1865 1628,1867 1628,1898 1629,1898 1681,1898 1682,1899 1809,1899 1809,1899 1809,1890 1812,1887 1850,1887 1850,1887 1850,1856 1852,1854 1868,1854 1869,1856 1869,1857 1871,1858 1872,1858 1873,1860 1873,1898 1874,1898 2203,1898 2203,1898 2203,1897 2209,1891 2210,1891 2210,1891 2210,1882 2212,1880 2213,1880 2214,1879 2214,1878 2216,1876 2217,1876 2218,1875 2218,1867 2220,1865 2221,1865 2221,1865 2221,1860 2223,1858 2224,1858 2224,1858 2225,1857 2225,1856 2227,1854 2228,1854 2229,1853 2229,1852 2231,1850 2243,1850 2244,1849 2244,1848 2245,1847 2295,1847 2296,1846 2297,1847 2414,1847 2414,1848 2414,1849 2416,1850 2417,1851 2418,1851 2418,1852 2418,1895 2419,1895 2525,1895 2526,1897 2526,1898 2527,1898 2752,1898 2753,1899 2833,1899 2834,1901 2834,1902 2835,1902 3099,1902 3103,1906 3107,1906 3108,1908 3108,1909 3109,1910 3110,1910 3111,1910 3112,1912 3112,1939 3113,1939 3152,1939 3153,1941 3153,1943 3154,1943 3159,1943 3160,1945 3160,1954 3160,1954 3120,1954 3119,1955 3119,1983 3118,1984 3117,1984 3116,1985 3116,1993 3115,1994 3115,1995 3115,1995 3114,1995 3113,1996 3112,1997 3112,1998 3111,1999 3106,1999 3104,2001 3104,2002 3103,2003 3098,2003 3097,2004 3097,2005 3096,2006 3092,2006 3089,2009 3089,2010 3089,2010 3061,2010 3060,2011 3060,2030 3060,2030"/><TextEquiv index="1"><Unicode>logé. Cette queſtion l'embarraſſa beaucoup;</Unicode></TextEquiv></TextLine><TextLine id="r0_l008"><Coords points="1299,2194 1298,2194 1298,2148 1298,2147 1188,2147 1186,2149 1186,2150 1185,2151 1166,2151 1164,2150 1164,2149 1163,2147 988,2147 986,2149 986,2150 985,2151 909,2151 908,2152 908,2165 907,2166 906,2166 904,2168 904,2173 904,2173 903,2173 893,2183 893,2184 893,2184 884,2184 882,2186 882,2187 881,2188 854,2188 853,2188 853,2187 851,2184 843,2184 841,2183 841,2175 840,2173 839,2173 838,2173 838,2152 838,2151 780,2151 778,2150 778,2149 777,2147 624,2147 622,2146 622,2145 622,2144 392,2144 391,2143 390,2143 389,2143 389,2142 388,2140 194,2140 192,2139 192,2078 192,2077 191,2077 190,2076 189,2076 188,2076 188,2037 188,2036 186,2036 185,2036 185,2035 184,2034 184,2031 187,2028 188,2028 188,2028 188,2026 189,2025 250,2025 251,2024 251,2023 253,2021 258,2021 259,2020 259,2019 261,2017 268,2017 269,2018 270,2018 270,2019 270,2020 272,2021 273,2021 274,2023 274,2065 275,2065 494,2065 495,2066 496,2066 496,2067 496,2068 498,2069 629,2069 629,2070 629,2071 632,2073 923,2073 923,2073 923,2034 925,2032 926,2032 926,2032 926,2031 928,2029 937,2029 938,2031 938,2032 939,2032 940,2032 941,2033 1105,2033 1105,2033 1105,2030 1107,2028 1111,2028 1112,2027 1112,2026 1113,2025 1115,2025 1116,2027 1116,2028 1117,2028 1122,2028 1123,2030 1123,2069 1124,2069 1294,2069 1294,2069 1294,2067 1295,2066 1296,2066 1297,2065 1297,2058 1298,2057 1298,2056 1300,2054 1301,2054 1301,2054 1301,2049 1303,2047 1304,2047 1305,2046 1305,2041 1306,2040 1307,2040 1319,2028 1323,2028 1324,2027 1324,2026 1325,2025 1494,2025 1494,2025 1494,2023 1496,2021 1597,2021 1598,2023 1598,2024 1600,2025 1605,2025 1605,2026 1605,2038 1606,2039 1606,2065 1607,2065 1809,2065 1809,2065 1809,2047 1810,2046 1810,2045 1812,2043 1813,2043 1813,2043 1813,2034 1815,2032 1816,2032 1817,2031 1817,2026 1818,2025 1823,2025 1824,2024 1824,2023 1826,2021 2102,2021 2102,2021 2102,2020 2105,2017 2106,2018 2195,2018 2196,2020 2196,2021 2197,2021 2198,2021 2199,2023 2199,2051 2200,2051 2258,2051 2258,2052 2258,2053 2260,2054 2264,2054 2265,2055 2266,2055 2266,2056 2266,2057 2270,2061 2270,2065 2271,2065 2455,2065 2455,2065 2455,2064 2457,2062 2499,2062 2500,2064 2500,2065 2501,2065 2748,2065 2748,2065 2748,2064 2750,2062 2785,2062 2785,2062 2785,2023 2787,2021 2799,2021 2800,2020 2800,2019 2801,2018 2802,2018 2803,2017 2806,2017 2814,2025 2889,2025 2889,2026 2889,2030 2890,2030 3060,2030 3064,2035 3064,2058 3065,2058 3107,2058 3108,2060 3108,2068 3110,2069 3122,2069 3123,2071 3123,2072 3125,2073 3126,2073 3127,2075 3127,2076 3128,2076 3147,2076 3148,2077 3149,2077 3149,2078 3149,2080 3149,2080 3148,2080 3140,2088 3128,2088 3127,2089 3127,2153 3125,2155 3096,2155 3092,2151 2750,2151 2748,2150 2748,2149 2747,2147 2746,2147 2745,2147 2745,2146 2743,2143 2742,2143 2741,2143 2741,2142 2740,2140 2575,2140 2574,2141 2574,2142 2572,2144 2434,2144 2433,2145 2433,2169 2433,2169 2432,2169 2428,2173 2405,2173 2403,2172 2403,2171 2403,2170 2402,2170 2399,2168 2399,2141 2399,2140 2156,2140 2155,2141 2155,2142 2154,2143 2053,2143 2052,2144 1473,2144 1472,2145 1472,2146 1471,2147 1399,2147 1398,2148 1398,2179 1396,2181 1374,2181 1372,2180 1372,2175 1372,2174 1371,2174 1368,2172 1368,2148 1368,2147 1306,2147 1305,2148 1305,2194 1305,2194"/><TextEquiv index="1"><Unicode>il en rougit lorſqu'il réfléchit que c'étoit</Unicode></TextEquiv></TextLine><TextLine id="r0_l009"><Coords points="1896,2357 1895,2357 1895,2319 1895,2318 427,2318 426,2319 426,2354 426,2354 424,2354 423,2353 419,2353 418,2353 418,2308 418,2307 231,2307 229,2306 229,2305 228,2303 216,2303 214,2302 214,2301 213,2299 205,2299 203,2298 203,2297 203,2296 202,2296 199,2294 199,2293 199,2292 198,2292 196,2291 196,2268 195,2266 194,2266 192,2265 192,2245 193,2244 198,2244 199,2243 199,2239 207,2231 207,2230 208,2229 224,2229 226,2227 226,2226 227,2225 240,2225 240,2225 240,2186 241,2185 242,2185 244,2183 244,2182 245,2181 246,2181 247,2180 264,2180 265,2181 266,2181 266,2182 266,2183 269,2185 270,2185 270,2186 270,2192 271,2192 1568,2192 1568,2192 1568,2190 1570,2188 2273,2188 2273,2188 2273,2187 2276,2184 2280,2184 2281,2183 2281,2182 2282,2181 2283,2181 2284,2180 2297,2180 2298,2181 2299,2181 2299,2182 2299,2183 2300,2183 2301,2184 2302,2184 2303,2186 2303,2192 2304,2192 2848,2192 2848,2193 2848,2194 2850,2195 2851,2195 2852,2197 2852,2236 2853,2236 2951,2236 2952,2238 2952,2239 2954,2240 3041,2240 3041,2241 3041,2242 3042,2243 3044,2244 3045,2244 3045,2245 3045,2250 3047,2251 3148,2251 3149,2253 3149,2258 3149,2258 3120,2258 3119,2259 3119,2291 3118,2292 3117,2292 3116,2293 3116,2294 3114,2296 3057,2296 3056,2297 3056,2313 3051,2318 2270,2318 2269,2319 2269,2356 2269,2356 1911,2356 1910,2357"/><TextEquiv index="1"><Unicode>dans une mauvaiſe chambre, chez un chan-</Unicode></TextEquiv></TextLine><TextLine id="r0_l010"><Coords points="1236,2527 1235,2527 1235,2482 1235,2481 1136,2481 1135,2482 1135,2483 1133,2485 994,2485 993,2486 993,2514 993,2514 992,2514 990,2516 990,2517 989,2518 969,2518 967,2517 967,2516 967,2515 966,2514 965,2514 964,2514 964,2513 964,2512 963,2511 962,2511 960,2510 960,2486 960,2485 802,2485 800,2487 800,2488 799,2489 742,2489 741,2490 741,2527 741,2527 720,2527 719,2527 719,2490 719,2489 664,2489 663,2490 663,2492 663,2492 662,2492 654,2500 650,2500 648,2502 648,2503 648,2503 640,2503 637,2506 637,2507 637,2507 635,2507 633,2506 633,2505 632,2503 631,2503 630,2503 630,2478 630,2477 487,2477 486,2478 485,2478 484,2477 483,2477 481,2476 481,2475 481,2474 239,2474 236,2472 236,2471 236,2470 220,2470 218,2469 218,2468 217,2466 212,2466 211,2466 211,2465 210,2464 210,2460 210,2459 209,2459 207,2458 207,2457 206,2455 205,2455 203,2454 203,2438 203,2437 202,2437 199,2435 199,2417 207,2409 207,2405 209,2403 210,2403 210,2403 210,2399 211,2398 211,2397 212,2396 217,2396 218,2395 218,2394 220,2392 244,2392 244,2392 244,2349 245,2348 246,2348 247,2347 268,2347 270,2350 270,2351 271,2351 387,2351 389,2353 423,2353 424,2354 427,2354 428,2355 432,2355 433,2357 433,2396 434,2396 496,2396 496,2397 496,2398 498,2399 759,2399 759,2399 759,2381 760,2380 760,2379 762,2377 763,2377 763,2377 763,2376 766,2373 767,2373 767,2373 767,2372 773,2366 774,2366 774,2366 774,2365 777,2362 781,2362 782,2361 782,2360 783,2359 785,2359 786,2358 787,2359 789,2359 789,2360 789,2361 791,2362 799,2362 801,2365 801,2366 802,2366 807,2366 808,2368 808,2369 810,2370 815,2370 815,2371 815,2376 817,2377 818,2377 819,2379 819,2399 820,2399 877,2399 878,2401 878,2402 880,2403 881,2403 882,2405 882,2407 883,2407 1122,2407 1123,2406 1123,2405 1125,2403 1420,2403 1420,2403 1420,2401 1421,2400 1422,2400 1424,2398 1424,2397 1425,2396 1426,2396 1428,2394 1428,2393 1429,2392 1434,2392 1435,2394 1435,2395 1437,2396 1438,2396 1439,2398 1439,2399 1440,2399 1590,2399 1590,2399 1590,2381 1591,2380 1591,2379 1593,2377 1594,2377 1594,2377 1594,2376 1597,2373 1604,2373 1606,2376 1606,2399 1607,2399 1884,2399 1884,2399 1884,2386 1885,2385 1886,2385 1887,2384 1887,2376 1890,2373 1891,2373 1891,2373 1891,2372 1893,2370 1894,2370 1895,2369 1895,2358 1896,2357 1980,2357 1982,2355 1983,2355 1984,2354 1984,2353 1986,2351 1998,2351 1999,2353 1999,2354 2001,2355 2002,2355 2002,2356 2002,2357 2003,2358 2003,2362 2004,2362 2005,2362 2006,2364 2006,2403 2007,2403 2165,2403 2166,2402 2166,2401 2168,2399 2218,2399 2218,2399 2218,2390 2220,2388 2221,2388 2221,2388 2221,2383 2223,2381 2224,2381 2225,2380 2225,2375 2226,2374 2227,2374 2229,2372 2229,2371 2230,2370 2232,2370 2232,2370 2232,2362 2233,2361 2233,2360 2234,2359 2235,2359 2236,2358 2236,2357 2237,2356 2270,2356 2270,2357 2270,2396 2271,2396 2418,2396 2418,2396 2418,2379 2420,2377 2421,2377 2422,2376 2422,2375 2423,2374 2424,2374 2425,2373 2427,2373 2428,2374 2429,2374 2429,2375 2429,2376 2431,2377 2432,2377 2433,2379 2433,2396 2434,2396 2547,2396 2548,2398 2548,2399 2549,2399 2800,2399 2800,2399 2800,2398 2802,2396 2803,2396 2804,2395 2804,2394 2806,2392 2810,2392 2815,2398 2815,2402 2817,2403 2825,2403 2826,2405 2826,2451 2827,2451 3038,2451 3038,2451 3038,2416 3040,2414 3041,2414 3041,2414 3041,2413 3043,2411 3044,2411 3045,2410 3045,2372 3047,2370 3051,2370 3053,2368 3053,2367 3054,2366 3093,2366 3093,2366 3093,2365 3096,2362 3110,2362 3111,2363 3112,2363 3112,2364 3112,2466 3113,2466 3114,2466 3119,2472 3119,2484 3118,2485 3065,2485 3064,2486 3064,2517 3063,2518 3061,2518 3060,2518 3060,2517 3059,2515 2911,2515 2910,2514 2909,2514 2908,2514 2908,2513 2907,2511 2902,2511 2900,2510 2900,2482 2900,2481 2809,2481 2808,2481 2808,2480 2806,2477 2637,2477 2636,2478 2636,2523 2636,2523 2627,2523 2626,2523 2626,2478 2626,2477 2323,2477 2322,2478 2322,2505 2321,2506 2321,2507 2321,2507 2320,2507 2319,2508 2318,2509 2318,2510 2317,2511 2290,2511 2288,2510 2288,2482 2288,2481 2175,2481 2173,2480 2173,2479 2172,2477 2171,2477 1994,2477 1991,2480 1991,2481 1991,2481 1886,2481 1884,2483 1884,2484 1883,2485 1844,2485 1843,2486 1843,2488 1843,2488 1842,2488 1839,2491 1839,2495 1838,2496 1837,2496 1836,2497 1836,2502 1835,2503 1834,2503 1833,2504 1832,2505 1832,2506 1831,2507 1830,2507 1829,2508 1828,2509 1828,2510 1827,2511 1826,2511 1825,2512 1824,2513 1824,2514 1823,2515 1818,2515 1817,2516 1817,2517 1816,2518 1785,2518 1784,2518 1784,2517 1782,2514 1781,2514 1780,2514 1780,2513 1779,2511 1778,2511 1777,2511 1776,2510 1776,2509 1775,2507 1774,2507 1773,2507 1773,2506 1772,2505 1772,2482 1772,2481 1246,2481 1245,2482 1245,2527 1245,2527"/><TextEquiv index="1"><Unicode>delier; &amp; prenant congé bruſquement, il</Unicode></TextEquiv></TextLine><TextLine id="r0_l011"><Coords points="2881,2691 2880,2690 2876,2690 2875,2690 2875,2683 2875,2682 1457,2682 1456,2683 1456,2690 1456,2690 1444,2690 1443,2690 1443,2688 1443,2687 787,2687 786,2687 786,2660 786,2659 12,2659 10,2658 10,2653 11,2652 786,2652 786,2652 786,2642 786,2641 606,2641 604,2640 604,2639 603,2637 224,2637 220,2633 216,2633 214,2632 214,2631 214,2630 210,2630 209,2629 208,2629 207,2629 207,2628 206,2626 205,2626 203,2625 203,2620 202,2618 201,2618 200,2617 199,2617 199,2616 199,2615 198,2615 196,2614 196,2601 197,2600 198,2600 199,2599 199,2580 202,2577 203,2577 203,2577 203,2576 205,2574 206,2574 207,2573 207,2572 209,2570 210,2570 210,2570 210,2569 213,2566 214,2566 214,2566 214,2565 216,2563 228,2563 229,2562 229,2561 231,2559 313,2559 314,2558 314,2557 316,2555 719,2555 719,2555 719,2528 720,2527 875,2527 876,2526 889,2526 890,2527 2062,2527 2063,2526 2064,2526 2066,2524 2066,2523 2067,2522 2087,2522 2088,2521 2088,2520 2090,2518 2094,2518 2095,2520 2095,2521 2097,2522 3026,2522 3026,2523 3026,2524 3027,2525 3027,2529 3028,2529 3029,2529 3030,2531 3030,2555 3031,2555 3148,2555 3149,2557 3149,2573 3148,2574 3147,2574 3145,2576 3145,2577 3144,2578 3117,2578 3116,2579 3116,2631 3115,2632 3115,2633 3115,2633 3114,2633 3112,2635 3112,2640 3112,2640 3111,2640 3108,2643 3108,2644 3108,2644 3103,2644 3101,2646 3101,2647 3100,2648 3099,2648 3097,2650 3097,2651 3096,2652 3076,2652 3075,2653 3075,2654 3074,2655 2883,2655 2882,2656 2882,2691 2882,2691"/><TextEquiv index="1"><Unicode>courut à la maiſon payer ſix ſemaines de</Unicode></TextEquiv></TextLine><TextLine id="r0_l012"><Coords points="2995,2858 2994,2857 2991,2857 2990,2857 2990,2849 2990,2848 2277,2848 2276,2848 2276,2842 2276,2841 988,2841 986,2843 986,2844 985,2845 816,2845 815,2846 815,2850 815,2850 809,2850 808,2850 808,2846 808,2845 262,2845 261,2845 261,2805 261,2804 205,2804 203,2803 203,2802 202,2800 194,2800 192,2799 192,2719 192,2718 11,2718 10,2718 10,2665 12,2663 13,2663 14,2665 14,2678 15,2678 225,2678 225,2679 225,2681 226,2681 1159,2681 1160,2683 1160,2684 1162,2685 2751,2685 2752,2687 2752,2688 2754,2689 2755,2689 2756,2690 2880,2690 2881,2691 2882,2691 2884,2693 2885,2693 2886,2695 2886,2733 2887,2733 2947,2733 2949,2736 2949,2737 2950,2737 3003,2737 3004,2739 3004,2740 3006,2741 3026,2741 3026,2742 3026,2743 3027,2744 3027,2767 3028,2767 3145,2767 3145,2768 3145,2769 3148,2771 3149,2771 3149,2772 3149,2773 3153,2777 3153,2781 3155,2782 3156,2782 3156,2783 3156,2784 3157,2785 3157,2787 3156,2788 3156,2789 3156,2789 3143,2789 3142,2790 3142,2803 3141,2804 3117,2804 3116,2805 3116,2824 3115,2825 3115,2826 3115,2826 3114,2826 3112,2828 3112,2832 3099,2845 3091,2845 3090,2846 3090,2847 3089,2848 3088,2848 3087,2849 3005,2849 3004,2850 3004,2858 3004,2858"/><TextEquiv index="1"><Unicode>loyer qu'il y devoit, de peur de l'oublier,</Unicode></TextEquiv></TextLine><TextLine id="r0_l013"><Coords points="2354,3014 2352,3013 2352,2972 2352,2971 2350,2971 2346,2967 1979,2967 1975,2971 1971,2971 1969,2973 1969,2974 1969,2974 1968,2974 1967,2975 1961,2975 1960,2974 1959,2974 1958,2974 1958,2973 1957,2971 1544,2971 1543,2972 1543,2983 1542,2984 1542,2985 1542,2985 1541,2986 1540,2986 1539,2987 1539,2992 1538,2993 1537,2993 1535,2995 1535,2996 1534,2997 1533,2997 1531,2999 1531,3000 1531,3000 1530,3000 1528,3002 1528,3003 1527,3004 1526,3004 1524,3006 1524,3007 1523,3008 1518,3008 1517,3009 1517,3010 1515,3012 1508,3012 1507,3011 1506,3011 1505,3011 1505,3010 1504,3008 1485,3008 1483,3007 1483,3006 1483,3005 1482,3004 1481,3004 1479,3003 1479,3002 1479,3001 1478,3001 1476,3000 1476,2996 1474,2993 1473,2993 1472,2993 1472,2972 1472,2971 1162,2971 1160,2973 1160,2974 1159,2975 961,2975 960,2976 960,3003 959,3004 955,3004 953,3006 953,3007 952,3008 950,3008 949,3008 949,3007 948,3006 948,3005 948,3004 936,3004 930,2999 930,2972 930,2971 806,2971 804,2970 804,2969 803,2967 219,2967 218,2968 218,3006 218,3006 212,3006 211,3006 211,2968 211,2967 208,2967 207,2967 207,2966 205,2963 201,2963 199,2962 199,2961 199,2960 198,2960 196,2959 196,2909 197,2908 198,2908 199,2907 199,2903 209,2893 221,2893 221,2893 221,2892 224,2889 255,2889 255,2889 255,2850 256,2849 257,2849 257,2849 259,2847 259,2846 260,2845 366,2845 366,2846 366,2847 367,2848 367,2867 368,2867 369,2867 370,2869 370,2882 371,2882 470,2882 470,2883 470,2889 471,2889 670,2889 670,2889 670,2852 671,2851 671,2850 673,2848 677,2848 680,2845 685,2845 685,2846 685,2847 688,2849 689,2849 690,2850 815,2850 817,2852 818,2852 819,2854 819,2855 821,2856 822,2856 823,2858 823,2885 824,2885 971,2885 971,2885 971,2876 973,2874 1016,2874 1016,2874 1016,2857 1017,2856 1022,2856 1023,2855 1023,2854 1025,2852 1033,2852 1034,2854 1034,2897 1035,2897 1260,2897 1260,2897 1260,2859 1261,2858 1261,2857 1262,2856 1263,2856 1264,2855 1264,2854 1266,2852 1278,2852 1279,2851 1279,2850 1281,2848 1282,2849 1283,2849 1283,2850 1283,2851 1287,2855 1287,2893 1288,2893 1642,2893 1642,2893 1642,2892 1643,2891 1643,2887 1645,2885 1646,2885 1646,2885 1646,2884 1648,2882 1653,2882 1654,2884 1654,2893 1655,2893 2073,2893 2073,2893 2073,2891 2075,2889 2076,2889 2077,2888 2077,2880 2079,2878 2080,2878 2080,2878 2080,2873 2082,2871 2083,2871 2084,2870 2084,2865 2086,2863 2087,2863 2088,2862 2088,2854 2090,2852 2102,2852 2103,2854 2103,2859 2105,2860 2106,2860 2106,2861 2106,2862 2108,2863 2109,2863 2110,2865 2110,2877 2112,2878 2113,2878 2114,2880 2114,2892 2116,2893 2273,2893 2273,2893 2273,2851 2276,2848 2444,2848 2445,2847 2459,2847 2459,2848 2459,2852 2460,2852 2599,2852 2600,2854 2600,2855 2602,2856 2625,2856 2626,2858 2626,2889 2627,2889 2643,2889 2645,2892 2645,2893 2646,2893 2859,2893 2859,2893 2859,2859 2860,2858 2860,2857 2861,2856 2862,2856 2863,2855 2863,2854 2865,2852 2873,2852 2878,2857 2994,2857 2995,2858 3005,2858 3007,2860 3008,2860 3008,2861 3008,2926 3009,2926 3136,2926 3140,2930 3141,2930 3141,2931 3141,2932 3142,2933 3142,2937 3143,2937 3144,2937 3145,2939 3145,2952 3145,2952 3144,2952 3142,2954 3142,2955 3141,2956 3106,2956 3105,2957 3105,2972 3104,2973 3104,2974 3103,2975 3102,2975 3101,2976 3101,2984 3096,2989 3092,2989 3089,2992 3089,2993 3089,2993 3088,2993 3086,2995 3086,2996 3085,2997 3080,2997 3079,2998 3079,2999 3077,3001 3072,3001 3071,3002 3071,3003 3070,3004 3061,3004 3060,3004 3060,3003 3059,3001 3055,3001 3052,2999 3052,2979 3052,2978 2995,2978 2993,2977 2993,2976 2993,2975 2918,2975 2915,2973 2915,2972 2915,2971 2643,2971 2639,2967 2534,2967 2533,2968 2533,3014 2533,3014"/><TextEquiv index="1"><Unicode>s'il tardoit plus long-tems. Arrivé chez lui,</Unicode></TextEquiv></TextLine><TextLine id="r0_l014"><Coords points="1612,3183 1611,3183 1611,3176 1611,3175 1066,3175 1064,3174 1064,3173 1064,3172 1063,3171 1062,3171 1060,3170 1060,3143 1060,3142 1052,3142 1051,3141 1050,3141 1049,3141 1049,3140 1048,3138 832,3138 830,3137 830,3136 829,3134 19,3134 18,3135 18,3140 16,3142 13,3142 12,3141 11,3141 10,3141 10,3025 12,3023 199,3023 199,3023 199,3018 202,3015 203,3015 203,3015 203,3010 205,3008 210,3008 210,3008 210,3007 211,3006 218,3006 220,3008 225,3008 225,3009 225,3010 228,3012 388,3012 389,3014 389,3015 390,3015 395,3015 396,3017 396,3018 398,3019 399,3019 400,3021 400,3049 401,3049 540,3049 541,3051 541,3052 542,3052 543,3052 544,3054 544,3055 545,3055 1331,3055 1331,3055 1331,3047 1333,3045 1334,3045 1334,3045 1334,3044 1337,3041 1338,3041 1338,3041 1338,3036 1340,3034 1341,3034 1342,3033 1342,3028 1343,3027 1344,3027 1344,3027 1346,3025 1346,3024 1347,3023 1348,3023 1350,3021 1350,3020 1351,3019 1356,3019 1357,3018 1357,3017 1359,3015 1717,3015 1717,3015 1717,3013 1718,3012 1727,3012 1728,3013 2353,3013 2354,3014 2534,3014 2535,3015 2932,3015 2938,3022 2938,3049 2939,3049 3148,3049 3149,3051 3149,3055 3148,3056 3093,3056 3092,3057 3093,3058 3093,3066 3095,3067 3103,3067 3105,3070 3105,3071 3106,3071 3107,3071 3108,3073 3108,3077 3110,3078 3111,3078 3112,3080 3112,3081 3110,3083 3109,3083 3108,3084 3108,3141 3108,3141 3107,3141 3104,3144 3104,3145 3104,3145 3083,3145 3082,3146 3082,3171 3082,3171 2315,3171 2314,3172 2314,3181 2314,3181 1629,3181 1628,3182 1628,3183 1628,3183"/><TextEquiv index="1"><Unicode>il ſe trouva que ſon hôte, qui étoit un fort</Unicode></TextEquiv></TextLine><TextLine id="r0_l015"><Coords points="1022,3350 1021,3350 1021,3310 1021,3309 993,3309 992,3308 991,3308 990,3308 990,3307 989,3305 984,3305 982,3304 982,3303 981,3301 643,3301 641,3300 641,3299 641,3298 640,3298 639,3297 531,3297 530,3297 530,3296 529,3294 253,3294 223,3294 222,3295 222,3296 221,3297 217,3297 213,3301 205,3301 203,3300 203,3299 203,3298 199,3298 198,3297 197,3297 196,3297 196,3241 195,3240 195,3239 196,3238 196,3217 197,3216 198,3216 199,3215 199,3181 202,3178 203,3178 203,3178 203,3177 205,3175 213,3175 214,3174 214,3173 216,3171 228,3171 229,3173 229,3174 230,3175 231,3175 232,3175 233,3177 233,3190 234,3190 266,3190 266,3191 266,3216 267,3216 329,3216 329,3217 329,3218 331,3219 526,3219 526,3219 526,3184 528,3182 529,3182 530,3181 530,3180 531,3179 532,3179 533,3178 540,3178 541,3177 541,3176 542,3175 551,3175 552,3177 552,3219 553,3219 651,3219 652,3221 652,3222 654,3223 799,3223 801,3226 801,3227 802,3227 1007,3227 1010,3230 1014,3230 1016,3233 1016,3234 1017,3234 1018,3234 1019,3236 1019,3237 1021,3238 1022,3238 1023,3240 1023,3241 1025,3242 1026,3242 1027,3244 1027,3275 1028,3275 1201,3275 1201,3275 1201,3262 1203,3260 1204,3260 1205,3259 1205,3251 1207,3249 1208,3249 1208,3249 1208,3245 1209,3244 1209,3243 1210,3242 1211,3242 1212,3241 1212,3240 1214,3238 1215,3238 1215,3238 1216,3237 1216,3236 1217,3235 1218,3234 1219,3234 1220,3233 1220,3232 1221,3231 1222,3231 1223,3230 1227,3230 1227,3230 1227,3229 1229,3227 1279,3227 1279,3227 1279,3184 1281,3182 1289,3182 1290,3181 1290,3180 1291,3179 1294,3179 1294,3180 1294,3181 1296,3182 1300,3182 1301,3184 1301,3227 1302,3227 1597,3227 1598,3226 1598,3214 1600,3212 1601,3212 1602,3211 1602,3206 1603,3205 1604,3205 1605,3204 1605,3196 1608,3193 1609,3193 1609,3193 1609,3184 1610,3183 1628,3183 1628,3184 1628,3233 1629,3233 1787,3233 1790,3230 1794,3230 1795,3229 1795,3228 1796,3227 1817,3227 1817,3227 1817,3184 1819,3182 1820,3182 1821,3181 1821,3180 1822,3179 1823,3179 1824,3178 1825,3179 1839,3179 1839,3180 1839,3181 1842,3183 1843,3183 1843,3184 1843,3223 1844,3223 2051,3223 2051,3223 2051,3217 2052,3216 2053,3216 2054,3215 2054,3207 2057,3204 2058,3204 2058,3204 2058,3199 2060,3197 2061,3197 2062,3196 2062,3191 2063,3190 2064,3190 2072,3182 2076,3182 2077,3181 2077,3180 2078,3179 2079,3179 2080,3178 2081,3179 2102,3179 2103,3181 2103,3185 2106,3188 2106,3189 2107,3190 2107,3227 2108,3227 2296,3227 2296,3227 2296,3187 2297,3186 2298,3186 2299,3185 2299,3182 2300,3181 2314,3181 2315,3182 2394,3182 2398,3186 2399,3186 2399,3187 2399,3188 2400,3189 2400,3227 2401,3227 2469,3227 2470,3229 2470,3230 2471,3230 2472,3230 2474,3233 2474,3234 2475,3234 2476,3234 2477,3236 2477,3244 2479,3245 2480,3245 2481,3247 2481,3271 2482,3271 2692,3271 2692,3271 2692,3238 2693,3237 2693,3236 2695,3234 2696,3234 2696,3234 2696,3233 2699,3230 2815,3230 2815,3230 2815,3229 2817,3227 2822,3227 2822,3228 2822,3229 2824,3230 3030,3230 3030,3230 3030,3199 3032,3197 3033,3197 3034,3196 3034,3191 3035,3190 3036,3190 3037,3189 3038,3188 3038,3187 3039,3186 3048,3186 3049,3188 3049,3189 3051,3190 3052,3190 3052,3191 3052,3192 3053,3193 3053,3216 3054,3216 3148,3216 3149,3218 3149,3222 3148,3223 3117,3223 3116,3224 3116,3303 3114,3305 3113,3305 3112,3306 3112,3307 3107,3312 3095,3312 3093,3311 3093,3310 3093,3309 2872,3309 2871,3310 2871,3340 2870,3341 2870,3342 2870,3342 2865,3342 2863,3341 2863,3306 2863,3305 2575,3305 2574,3306 2574,3307 2572,3309 2571,3309 2570,3310 2570,3315 2569,3316 2568,3316 2567,3317 2567,3318 2565,3320 2564,3320 2563,3321 2563,3322 2562,3323 2561,3323 2559,3325 2559,3326 2558,3327 2553,3327 2552,3328 2552,3329 2550,3331 2539,3331 2537,3330 2537,3302 2537,3301 2527,3301 2526,3302 2526,3349 2526,3349 2519,3349 2518,3349 2518,3302 2518,3301 2311,3301 2310,3302 2310,3338 2310,3338 2305,3338 2303,3337 2303,3302 2303,3301 1900,3301 1899,3302 1899,3303 1897,3305 1830,3305 1828,3304 1828,3303 1827,3301 1793,3301 1791,3300 1791,3299 1790,3297 1627,3297 1626,3298 1625,3298 1624,3299 1624,3300 1623,3301 1619,3301 1615,3305 1558,3305 1557,3306 1557,3315 1556,3316 1555,3316 1554,3317 1554,3325 1553,3326 1553,3327 1553,3327 1552,3327 1550,3329 1550,3330 1550,3330 1549,3330 1546,3333 1546,3334 1546,3334 1541,3334 1539,3336 1539,3337 1538,3338 1518,3338 1517,3339 1517,3340 1515,3342 1507,3342 1506,3342 1506,3341 1504,3338 1496,3338 1494,3337 1494,3336 1494,3335 1493,3335 1490,3333 1490,3328 1490,3327 1489,3327 1487,3326 1487,3306 1487,3305 1109,3305 1108,3306 1108,3308 1108,3308 1107,3308 1105,3310 1105,3318 1103,3320 1102,3320 1101,3321 1101,3322 1096,3327 1095,3327 1094,3328 1094,3329 1092,3331 1091,3331 1090,3332 1090,3333 1089,3334 1085,3334 1082,3337 1082,3338 1082,3338 1077,3338 1075,3337 1075,3336 1075,3335 1074,3335 1071,3333 1071,3310 1071,3309 1030,3309 1029,3310 1029,3350 1029,3350"/><TextEquiv index="1"><Unicode>bon homme, chargé de famille, venoit</Unicode></TextEquiv></TextLine><TextLine id="r0_l016"><Coords points="2369,3513 2368,3513 2368,3469 2368,3468 1863,3468 1862,3469 1862,3470 1860,3472 1857,3470 1857,3469 1857,3468 1559,3468 1558,3469 1558,3470 1556,3472 1519,3472 1516,3470 1516,3469 1516,3468 1181,3468 1179,3470 1179,3471 1178,3472 1161,3472 1160,3473 1160,3501 1160,3501 1159,3501 1156,3504 1156,3505 1156,3505 1143,3505 1142,3505 1142,3504 1134,3496 1134,3473 1134,3472 947,3472 945,3471 945,3470 944,3468 717,3468 715,3467 715,3466 714,3464 372,3464 370,3463 370,3462 370,3461 312,3461 311,3462 311,3508 311,3508 304,3508 303,3508 303,3462 303,3461 232,3461 231,3460 230,3460 229,3460 229,3459 228,3457 224,3457 221,3455 221,3454 221,3453 216,3453 214,3452 214,3451 214,3450 213,3450 210,3448 210,3447 210,3446 205,3446 203,3445 203,3440 202,3438 201,3438 199,3437 199,3411 201,3409 202,3409 203,3408 203,3407 205,3405 206,3405 207,3404 207,3403 209,3401 210,3401 210,3401 210,3397 211,3396 211,3395 212,3394 217,3394 218,3393 218,3392 220,3390 228,3390 229,3389 229,3388 231,3386 251,3386 251,3386 251,3340 253,3338 395,3338 396,3340 396,3341 398,3342 399,3342 400,3344 400,3349 401,3349 402,3349 403,3350 403,3351 403,3352 404,3353 404,3360 405,3360 406,3360 407,3362 407,3371 408,3371 409,3371 409,3372 411,3374 411,3375 412,3375 443,3375 444,3377 444,3382 445,3382 560,3382 561,3383 562,3383 563,3385 563,3386 564,3386 569,3386 570,3388 570,3389 572,3390 864,3390 864,3390 864,3380 865,3379 866,3379 867,3378 867,3374 870,3371 871,3371 871,3371 871,3366 873,3364 874,3364 874,3364 874,3363 877,3360 878,3360 878,3360 878,3355 880,3353 881,3353 882,3352 882,3352 882,3351 884,3349 885,3349 886,3348 886,3347 887,3346 888,3346 889,3345 898,3345 899,3346 900,3346 901,3348 901,3350 902,3350 1030,3350 1031,3352 1031,3353 1032,3353 1033,3353 1034,3355 1034,3394 1035,3394 1348,3394 1350,3392 1350,3391 1351,3390 1353,3390 1353,3391 1353,3392 1354,3393 1354,3394 1355,3394 1556,3394 1557,3393 1557,3392 1559,3390 1839,3390 1839,3390 1839,3351 1841,3349 1842,3349 1843,3348 1843,3347 1844,3346 1845,3346 1846,3345 1854,3345 1854,3345 1854,3344 1856,3342 1861,3342 1861,3343 1861,3344 1863,3345 1867,3345 1868,3346 1869,3346 1869,3347 1869,3379 1870,3379 1983,3379 1984,3381 1984,3382 1985,3382 2038,3382 2040,3385 2040,3390 2041,3390 2251,3390 2251,3390 2251,3347 2252,3346 2253,3346 2254,3345 2267,3345 2268,3346 2269,3346 2270,3348 2270,3349 2271,3349 2272,3349 2273,3351 2273,3394 2274,3394 2514,3394 2514,3394 2514,3352 2517,3349 2528,3349 2530,3352 2530,3353 2531,3353 2532,3353 2533,3355 2533,3390 2534,3390 2729,3390 2730,3389 2730,3388 2732,3386 2736,3386 2737,3385 2737,3384 2738,3383 2740,3383 2741,3385 2741,3386 2742,3386 2743,3386 2745,3389 2745,3394 2746,3394 2915,3394 2915,3394 2915,3359 2918,3356 2919,3356 2919,3356 2919,3355 2921,3353 2933,3353 2934,3355 2934,3356 2935,3356 2936,3356 2937,3358 2937,3394 2938,3394 3004,3394 3004,3395 3004,3396 3006,3397 3010,3397 3012,3400 3012,3401 3013,3401 3111,3401 3112,3403 3112,3408 3113,3408 3114,3408 3116,3411 3114,3413 3113,3413 3112,3414 3112,3415 3111,3416 3109,3416 3108,3417 3108,3508 3107,3509 3077,3509 3075,3508 3075,3477 3075,3476 3060,3476 3059,3475 3058,3475 3056,3474 3056,3473 3056,3472 2873,3472 2871,3471 2871,3470 2870,3468 2705,3468 2704,3469 2704,3482 2703,3483 2702,3483 2700,3485 2700,3489 2695,3494 2694,3494 2693,3495 2693,3496 2691,3498 2690,3498 2689,3499 2689,3500 2688,3501 2684,3501 2681,3504 2681,3505 2681,3505 2665,3505 2663,3507 2663,3508 2662,3509 2661,3509 2659,3508 2659,3507 2658,3505 2646,3505 2644,3504 2644,3503 2643,3501 2642,3501 2641,3501 2641,3496 2640,3494 2639,3494 2637,3493 2637,3465 2637,3464 2465,3464 2462,3467 2462,3468 2462,3468 2380,3468 2379,3469 2379,3513 2379,3513"/><TextEquiv index="1"><Unicode>d'être arrêté pour une dette de vingt-cinq</Unicode></TextEquiv></TextLine><TextLine id="r0_l017"><Coords points="2836,3681 2835,3681 2835,3636 2835,3635 2200,3635 2199,3636 2199,3668 2199,3668 2171,3668 2169,3667 2169,3666 2169,3665 2168,3665 2166,3664 2166,3636 2166,3635 1949,3635 1947,3637 1947,3641 1946,3642 1945,3642 1944,3643 1943,3643 1942,3642 1933,3642 1932,3643 1932,3681 1932,3681 1915,3681 1914,3681 1914,3643 1914,3642 1804,3642 1802,3641 1802,3640 1802,3639 1581,3639 1580,3640 1580,3644 1579,3645 1579,3646 1579,3646 1578,3646 1576,3648 1576,3652 1567,3661 1563,3661 1561,3663 1561,3664 1561,3664 1560,3664 1557,3667 1557,3668 1557,3668 1544,3668 1542,3667 1542,3636 1542,3635 1392,3635 1391,3636 1391,3637 1389,3639 1386,3637 1386,3636 1386,3635 916,3635 915,3636 915,3664 914,3665 906,3665 904,3664 904,3636 904,3635 884,3635 882,3634 882,3633 881,3631 442,3631 441,3631 441,3630 440,3628 241,3628 240,3629 240,3657 240,3657 239,3657 236,3660 236,3661 236,3661 227,3661 225,3663 225,3664 224,3665 217,3665 213,3661 201,3661 200,3661 200,3660 198,3657 197,3657 196,3657 196,3655 198,3653 199,3653 199,3653 199,3645 201,3643 201,3569 199,3567 199,3566 199,3565 198,3564 197,3564 196,3564 196,3563 195,3562 195,3561 196,3560 196,3558 197,3557 213,3557 218,3552 218,3551 219,3550 251,3550 251,3550 251,3548 253,3546 254,3546 255,3545 255,3544 257,3542 258,3542 259,3544 259,3545 261,3546 292,3546 292,3546 292,3511 294,3509 302,3509 303,3508 312,3508 313,3509 314,3509 314,3510 314,3550 315,3550 525,3550 526,3552 526,3553 527,3553 741,3553 741,3553 741,3514 742,3513 743,3513 744,3512 745,3511 745,3510 746,3509 792,3509 793,3511 793,3512 794,3512 795,3512 797,3515 797,3553 798,3553 881,3553 882,3555 882,3556 884,3557 892,3557 893,3559 893,3560 895,3561 1060,3561 1060,3561 1060,3526 1070,3516 1078,3516 1078,3516 1078,3515 1080,3513 1082,3513 1083,3515 1083,3519 1085,3520 1086,3520 1086,3521 1086,3557 1087,3557 1401,3557 1401,3558 1401,3559 1404,3561 1471,3561 1472,3563 1472,3564 1473,3564 1474,3564 1476,3567 1476,3605 1477,3605 1702,3605 1702,3605 1702,3585 1704,3583 1705,3583 1706,3582 1706,3577 1707,3576 1708,3576 1709,3575 1709,3541 1712,3538 1713,3538 1713,3538 1713,3529 1714,3528 1715,3528 1717,3526 1717,3522 1723,3516 1724,3516 1724,3516 1724,3515 1727,3512 1748,3512 1749,3513 1750,3513 1750,3514 1750,3515 1752,3516 1756,3516 1764,3524 1765,3524 1765,3525 1765,3535 1766,3535 1932,3535 1932,3535 1932,3522 1934,3520 1935,3520 1935,3520 1935,3519 1938,3516 1939,3516 1939,3516 1939,3515 1942,3512 1952,3512 1953,3513 1954,3513 1954,3514 1954,3557 1955,3557 2087,3557 2088,3559 2088,3560 2090,3561 2247,3561 2247,3561 2247,3522 2249,3520 2250,3520 2250,3520 2251,3519 2251,3518 2253,3516 2365,3516 2368,3513 2380,3513 2385,3519 2385,3557 2386,3557 2495,3557 2496,3556 2496,3551 2497,3550 2507,3550 2507,3551 2507,3552 2510,3554 2511,3554 2511,3555 2511,3557 2512,3557 2584,3557 2585,3559 2585,3560 2587,3561 2791,3561 2793,3559 2793,3558 2794,3557 2811,3557 2811,3557 2811,3515 2814,3512 2832,3512 2834,3515 2834,3523 2836,3524 2837,3524 2837,3525 2837,3561 2838,3561 3012,3561 3012,3561 3012,3521 3013,3520 3030,3520 3030,3521 3030,3530 3032,3531 3033,3531 3034,3533 3034,3557 3035,3557 3144,3557 3145,3559 3145,3563 3148,3565 3149,3565 3149,3566 3149,3571 3148,3572 3146,3572 3145,3573 3145,3590 3144,3591 3143,3591 3142,3592 3142,3600 3140,3602 3139,3602 3138,3603 3138,3604 3137,3605 3117,3605 3116,3606 3116,3626 3114,3628 3113,3628 3112,3629 3112,3634 3111,3635 3110,3635 3109,3636 3108,3637 3108,3638 3107,3639 3018,3639 3015,3637 3015,3636 3015,3635 2845,3635 2844,3636 2844,3681 2844,3681"/><TextEquiv index="1"><Unicode>pieces. Les larmes, &amp; les plaintes de la</Unicode></TextEquiv></TextLine><TextLine id="r0_l018"><Coords points="2284,3846 2283,3845 2282,3845 2281,3845 2281,3799 2281,3798 2272,3798 2269,3801 2269,3802 2269,3802 2137,3802 2136,3803 2136,3827 2135,3828 2130,3828 2129,3829 2129,3830 2127,3832 2116,3832 2114,3831 2114,3830 2113,3828 2108,3828 2107,3828 2107,3827 2106,3826 2106,3799 2106,3798 2019,3798 2018,3799 2018,3842 2018,3842 2014,3842 2013,3842 2013,3799 2013,3798 1852,3798 1850,3797 1850,3796 1850,3795 1646,3795 1618,3795 1617,3796 1617,3797 1616,3798 1288,3798 1287,3798 1287,3797 1285,3794 1284,3794 1283,3794 1283,3793 1282,3791 1233,3791 1231,3790 1231,3789 1230,3787 1076,3787 1075,3788 1075,3834 1075,3834 1061,3834 1060,3834 1060,3788 1060,3787 1040,3787 1038,3789 1038,3790 1037,3791 880,3791 878,3793 878,3794 878,3794 877,3794 876,3795 866,3795 863,3793 863,3792 863,3791 793,3791 792,3792 792,3833 792,3833 787,3833 786,3833 786,3792 786,3791 278,3791 277,3792 277,3834 277,3834 263,3834 262,3834 262,3792 262,3791 198,3791 196,3790 196,3729 197,3728 198,3728 199,3727 199,3723 206,3716 214,3716 214,3716 214,3700 216,3698 217,3698 218,3697 218,3696 220,3694 221,3694 221,3694 222,3693 222,3692 223,3691 228,3691 229,3690 229,3689 231,3687 235,3687 244,3678 244,3677 245,3676 253,3676 254,3675 255,3675 255,3675 255,3674 257,3672 258,3672 259,3671 259,3670 261,3668 268,3668 269,3669 270,3669 270,3670 270,3671 272,3672 273,3672 273,3673 273,3674 274,3675 274,3716 275,3716 548,3716 548,3716 548,3704 550,3702 555,3702 555,3703 555,3704 557,3705 558,3705 559,3707 559,3716 560,3716 726,3716 726,3716 726,3685 728,3683 729,3683 729,3683 730,3682 730,3681 731,3680 732,3680 734,3678 734,3677 735,3676 755,3676 756,3678 756,3679 757,3679 1032,3679 1033,3680 1034,3680 1034,3681 1034,3682 1035,3682 1036,3683 1037,3683 1038,3685 1038,3720 1039,3720 1286,3720 1286,3720 1286,3715 1288,3713 1290,3713 1290,3714 1290,3715 1294,3719 1294,3723 1296,3724 1504,3724 1508,3720 1560,3720 1565,3715 1565,3711 1567,3709 1575,3709 1576,3711 1576,3720 1577,3720 1871,3720 1875,3724 1910,3724 1910,3724 1910,3685 1912,3683 1913,3683 1913,3683 1913,3682 1914,3681 1932,3681 1932,3682 1932,3686 1934,3687 1935,3687 1936,3689 1936,3724 1937,3724 2157,3724 2158,3723 2158,3722 2160,3720 2161,3720 2162,3722 2162,3723 2164,3724 2447,3724 2447,3724 2447,3723 2450,3720 2503,3720 2503,3720 2503,3715 2505,3713 2510,3713 2511,3715 2511,3716 2512,3716 2557,3716 2558,3717 2559,3717 2559,3718 2559,3719 2561,3720 2741,3720 2741,3720 2741,3685 2743,3683 2744,3683 2744,3683 2744,3682 2747,3679 2748,3679 2748,3679 2748,3678 2750,3676 2762,3676 2766,3680 2835,3680 2836,3681 2845,3681 2845,3682 2845,3720 2846,3720 2884,3720 2886,3723 2886,3727 2888,3728 3044,3728 3053,3738 3053,3739 3054,3739 3156,3739 3156,3740 3156,3742 3155,3743 3154,3743 3153,3744 3153,3745 3152,3746 3120,3746 3119,3747 3119,3775 3118,3776 3117,3776 3116,3777 3116,3778 3114,3780 3065,3780 3064,3781 3064,3800 3063,3801 3063,3802 3063,3802 3054,3802 3053,3803 3053,3804 3051,3806 3048,3804 3048,3803 3048,3802 2765,3802 2763,3801 2763,3800 2762,3798 2461,3798 2459,3800 2459,3801 2458,3802 2453,3802 2452,3802 2452,3801 2450,3798 2297,3798 2296,3799 2296,3845 2296,3845 2295,3845 2294,3846"/><TextEquiv index="1"><Unicode>femme lui firent entrevoir que cette déten-</Unicode></TextEquiv></TextLine><TextLine id="r0_l019"><Coords points="2148,4004 2147,4004 2147,4002 2147,4001 1989,4001 1988,4001 1988,3955 1988,3954 1975,3954 1973,3956 1973,3957 1972,3958 1964,3958 1961,3956 1961,3955 1961,3954 1648,3954 1646,3956 1646,3957 1645,3958 1634,3958 1630,3954 1392,3954 1390,3953 1390,3952 1389,3950 929,3950 926,3953 926,3954 926,3954 836,3954 832,3950 588,3950 585,3953 585,3954 585,3954 583,3954 581,3953 581,3952 580,3950 261,3950 235,3950 233,3952 233,3953 232,3954 231,3954 229,3953 229,3952 228,3950 212,3950 211,3950 211,3949 210,3947 209,3947 207,3946 207,3892 207,3891 205,3891 203,3890 203,3882 205,3880 206,3880 207,3879 207,3878 209,3876 217,3876 218,3875 218,3874 219,3873 220,3873 222,3871 222,3870 223,3869 257,3869 258,3868 262,3868 262,3868 262,3835 263,3834 278,3834 279,3835 280,3835 281,3837 281,3838 282,3839 283,3839 284,3839 285,3841 285,3876 286,3876 436,3876 437,3875 437,3874 439,3872 441,3875 441,3876 442,3876 604,3876 604,3876 604,3840 605,3839 606,3839 610,3835 655,3835 656,3834 656,3833 657,3832 658,3832 659,3831 664,3831 665,3832 666,3832 667,3833 793,3833 795,3835 799,3835 800,3837 800,3843 801,3844 801,3865 802,3865 840,3865 841,3867 841,3876 842,3876 1056,3876 1056,3876 1056,3838 1060,3834 1075,3834 1075,3835 1075,3838 1077,3839 1078,3839 1079,3841 1079,3876 1080,3876 1271,3876 1271,3877 1271,3878 1274,3880 1519,3880 1520,3879 1520,3878 1521,3877 1522,3876 1523,3876 1524,3875 1524,3874 1526,3872 1578,3872 1580,3875 1580,3876 1581,3876 1582,3876 1583,3878 1583,3882 1585,3883 1753,3883 1758,3878 1758,3870 1759,3869 1760,3869 1761,3868 1761,3860 1764,3857 1765,3857 1765,3857 1765,3856 1767,3854 1768,3854 1769,3853 1769,3848 1771,3846 1772,3846 1772,3846 1772,3845 1774,3843 1783,3843 1784,3845 1784,3883 1785,3883 2006,3883 2006,3883 2006,3845 2008,3843 2012,3843 2013,3842 2051,3842 2051,3842 2051,3840 2052,3839 2065,3839 2065,3840 2065,3841 2066,3842 2066,3843 2067,3843 2106,3843 2106,3844 2106,3861 2107,3861 2281,3861 2281,3861 2281,3846 2282,3845 2296,3845 2296,3846 2296,3853 2298,3854 2299,3854 2299,3855 2299,3860 2301,3861 2302,3861 2303,3863 2303,3875 2305,3876 2306,3876 2307,3878 2307,3891 2308,3891 2462,3891 2462,3891 2462,3853 2469,3846 2473,3846 2474,3845 2474,3844 2475,3843 2484,3843 2485,3845 2485,3846 2486,3846 2491,3846 2492,3848 2492,3880 2493,3880 2599,3880 2600,3882 2600,3883 2601,3883 2646,3883 2647,3884 2648,3884 2648,3885 2648,3887 2649,3887 2714,3887 2715,3889 2715,3890 2717,3891 3041,3891 3041,3892 3041,3893 3042,3893 3044,3895 3045,3895 3045,3896 3045,3921 3046,3921 3104,3921 3104,3922 3104,3923 3106,3924 3107,3924 3108,3926 3108,3931 3110,3932 3111,3932 3112,3934 3112,3938 3111,3939 3110,3939 3108,3941 3108,3942 3107,3943 3106,3943 3105,3944 3105,3945 3103,3947 3054,3947 3053,3948 3053,3967 3051,3969 2936,3969 2933,3967 2933,3966 2933,3965 2412,3965 2411,3966 2411,3993 2410,3994 2410,3995 2410,3995 2390,3995 2389,3995 2389,3994 2387,3991 2386,3991 2385,3991 2385,3966 2385,3965 2308,3965 2307,3965 2307,3964 2306,3962 2273,3962 2272,3961 2271,3961 2270,3961 2270,3960 2269,3958 2163,3958 2162,3959 2162,4004 2162,4004"/><TextEquiv index="1"><Unicode>tion alloit ruiner cette famille à platte -cou-</Unicode></TextEquiv></TextLine><TextLine id="r0_l020"><Coords points="3066,4166 3064,4165 3064,4164 3063,4163 3063,4133 3063,4132 2991,4132 2989,4131 2989,4130 2989,4129 2523,4129 2522,4130 2522,4157 2521,4158 2516,4158 2515,4159 2515,4160 2513,4162 2502,4162 2499,4160 2499,4159 2499,4158 2498,4158 2496,4157 2496,4126 2496,4125 2308,4125 2307,4126 2307,4127 2306,4128 2305,4128 2304,4129 2303,4128 2293,4128 2292,4128 2292,4127 2291,4125 1997,4125 1995,4124 1995,4123 1994,4121 1889,4121 1888,4122 1888,4165 1888,4165 1884,4165 1883,4165 1883,4122 1883,4121 1518,4121 1517,4122 1517,4148 1516,4149 1516,4150 1515,4151 1503,4151 1502,4152 1502,4153 1501,4154 1499,4154 1498,4154 1498,4153 1498,4152 1496,4150 1495,4150 1494,4150 1494,4118 1494,4117 1070,4117 1067,4120 1067,4121 1067,4121 1055,4121 1051,4117 662,4117 661,4118 661,4162 661,4162 648,4162 647,4162 647,4118 647,4117 494,4117 492,4116 492,4115 492,4114 234,4114 233,4115 233,4161 233,4161 220,4161 219,4160 215,4160 214,4160 214,4115 214,4114 213,4114 210,4112 210,4089 210,4088 209,4088 207,4087 207,4059 207,4058 205,4058 203,4057 203,4045 205,4043 206,4043 207,4042 207,4041 209,4039 217,4039 218,4038 218,4037 219,4036 220,4036 226,4030 226,4029 227,4028 259,4028 259,4028 259,4026 260,4025 261,4025 262,4024 264,4024 265,4025 266,4025 266,4026 266,4039 267,4039 593,4039 593,4039 593,4015 595,4013 596,4013 596,4013 596,4008 598,4006 599,4006 599,4006 600,4005 600,4004 602,4002 607,4002 607,4002 607,4001 609,3999 610,3999 611,3998 614,3998 617,3995 629,3995 630,3994 630,3993 632,3991 636,3991 637,3993 637,3994 639,3995 651,3995 652,3997 652,3998 653,3998 654,3998 656,4001 656,4002 657,4002 658,4002 659,4004 659,4005 660,4006 660,4039 661,4039 933,4039 934,4038 934,4037 935,4036 937,4036 938,4035 939,4035 940,4036 1067,4036 1068,4038 1068,4039 1069,4039 1419,4039 1420,4041 1420,4042 1422,4043 1665,4043 1665,4043 1665,4041 1667,4039 1668,4039 1669,4038 1669,4037 1670,4036 1671,4036 1672,4035 1672,4034 1674,4032 1787,4032 1787,4033 1787,4034 1788,4034 1790,4036 1791,4036 1791,4037 1791,4042 1793,4043 1861,4043 1861,4044 1861,4045 1864,4047 1980,4047 1980,4047 1980,4012 1983,4009 1984,4009 1984,4009 1984,4004 1986,4002 1987,4002 1988,4001 1999,4001 1999,4002 1999,4004 2000,4004 2162,4004 2164,4006 2165,4006 2166,4008 2166,4013 2167,4013 2168,4013 2169,4015 2169,4016 2170,4017 2170,4031 2172,4032 2173,4032 2173,4033 2173,4047 2174,4047 2458,4047 2459,4046 2459,4041 2461,4039 2462,4039 2463,4038 2463,4037 2464,4036 2465,4036 2466,4035 2466,4030 2467,4029 2468,4029 2470,4027 2470,4026 2471,4025 2472,4025 2474,4023 2474,4019 2476,4017 2477,4017 2477,4017 2477,4016 2480,4013 2481,4013 2481,4013 2481,4012 2483,4010 2507,4010 2507,4011 2507,4012 2511,4016 2511,4050 2512,4050 2674,4050 2674,4050 2674,4037 2675,4036 2676,4036 2678,4034 2678,4030 2680,4028 2681,4028 2681,4028 2681,4020 2682,4019 2682,4018 2683,4017 2684,4017 2688,4013 2692,4013 2693,4012 2693,4011 2694,4010 2695,4010 2696,4009 2696,4008 2698,4006 2725,4006 2726,4008 2726,4009 2728,4010 2733,4010 2733,4011 2733,4012 2736,4014 2737,4014 2737,4015 2737,4016 2739,4017 2740,4017 2741,4019 2741,4020 2743,4021 2744,4021 2744,4022 2744,4023 2745,4024 2745,4035 2747,4036 2748,4036 2748,4037 2748,4054 2749,4054 2930,4054 2930,4054 2930,4015 2932,4013 2943,4013 2944,4014 2945,4014 2945,4015 2945,4054 2946,4054 3134,4054 3134,4054 3134,4041 3136,4039 3141,4039 3141,4040 3141,4093 3145,4097 3145,4098 3146,4098 3147,4098 3148,4099 3149,4099 3149,4100 3149,4102 3148,4103 3143,4103 3142,4104 3142,4108 3141,4109 3141,4110 3141,4110 3106,4110 3105,4111 3105,4137 3104,4138 3104,4139 3103,4140 3102,4140 3101,4141 3101,4142 3100,4143 3099,4143 3097,4145 3097,4146 3096,4147 3095,4147 3093,4149 3093,4150 3092,4151 3091,4151 3090,4152 3090,4153 3089,4154 3088,4154 3086,4156 3086,4157 3086,4157 3085,4158 3084,4158 3082,4160 3082,4161 3081,4162 3080,4162 3078,4164 3078,4165 3077,4166"/><TextEquiv index="1"><Unicode>ture. Son cœur ne put tenir à ce ſpectacle;</Unicode></TextEquiv></TextLine><TextLine id="r0_l021"><Coords points="2679,4338 2678,4338 2678,4292 2678,4291 2651,4291 2650,4292 2572,4292 2570,4294 2570,4295 2570,4295 2546,4295 2544,4294 2544,4293 2544,4292 2279,4292 2277,4291 2277,4290 2276,4288 1856,4288 1854,4287 1854,4286 1853,4284 1678,4284 1676,4286 1676,4287 1675,4288 1588,4288 1587,4289 1587,4313 1586,4314 1585,4314 1583,4316 1583,4317 1582,4318 1577,4318 1576,4319 1576,4320 1575,4321 1566,4321 1565,4321 1565,4320 1564,4318 1560,4318 1556,4314 1555,4314 1554,4314 1554,4285 1554,4284 1362,4284 1361,4284 1361,4283 1360,4281 1265,4281 1264,4282 1264,4328 1264,4328 1254,4328 1253,4328 1253,4282 1253,4281 1158,4281 1157,4282 1157,4283 1156,4284 957,4284 956,4285 956,4330 956,4330 936,4330 935,4330 935,4285 935,4284 831,4284 830,4285 830,4287 829,4288 828,4288 826,4290 826,4295 826,4295 825,4295 823,4297 823,4298 822,4299 821,4299 819,4301 819,4306 819,4306 818,4306 815,4309 815,4310 815,4310 810,4310 808,4312 808,4313 807,4314 795,4314 793,4313 793,4285 793,4284 698,4284 696,4283 696,4282 696,4281 206,4281 205,4280 204,4280 203,4280 203,4216 199,4212 199,4168 202,4165 206,4165 207,4164 207,4163 208,4162 213,4162 215,4160 263,4160 263,4160 263,4159 264,4158 406,4158 407,4157 407,4156 408,4155 409,4155 410,4154 417,4154 418,4156 418,4157 420,4158 421,4158 422,4160 422,4161 424,4162 662,4162 663,4164 663,4206 664,4206 725,4206 726,4208 726,4209 728,4210 733,4210 733,4211 733,4212 736,4214 737,4214 737,4215 737,4220 739,4221 740,4221 741,4223 741,4251 742,4251 908,4251 908,4251 908,4219 910,4217 911,4217 912,4216 912,4211 913,4210 918,4210 919,4209 919,4208 920,4207 921,4207 923,4205 923,4200 924,4199 930,4199 930,4200 930,4201 933,4203 934,4203 934,4204 934,4206 935,4206 1138,4206 1138,4206 1138,4204 1139,4203 1140,4203 1148,4195 1271,4195 1271,4196 1271,4197 1272,4198 1272,4206 1273,4206 1520,4206 1520,4206 1520,4197 1522,4195 1523,4195 1524,4194 1524,4189 1525,4188 1526,4188 1535,4179 1535,4175 1537,4173 1545,4173 1546,4172 1546,4171 1548,4169 1567,4169 1569,4172 1569,4173 1570,4173 1571,4173 1572,4175 1572,4210 1573,4210 1790,4210 1791,4209 1791,4201 1793,4199 1865,4199 1865,4199 1865,4194 1868,4191 1869,4191 1869,4191 1869,4182 1871,4180 1872,4180 1873,4179 1873,4171 1875,4169 1879,4169 1883,4165 1889,4165 1890,4166 1891,4166 1891,4167 1891,4168 1893,4169 1894,4169 1895,4171 1895,4210 1896,4210 2051,4210 2051,4210 2051,4204 2052,4203 2057,4203 2058,4202 2058,4197 2060,4195 2061,4195 2062,4194 2062,4193 2063,4192 2064,4192 2066,4190 2066,4189 2067,4188 2068,4188 2069,4187 2069,4186 2071,4184 2072,4184 2073,4183 2073,4178 2074,4177 2075,4177 2083,4169 2087,4169 2088,4168 2088,4167 2089,4166 2090,4166 2092,4164 2092,4163 2093,4162 2132,4162 2132,4163 2132,4164 2134,4165 2138,4165 2140,4168 2140,4169 2141,4169 2142,4169 2144,4172 2144,4173 2145,4173 2150,4173 2151,4175 2151,4176 2153,4177 2154,4177 2155,4179 2155,4180 2156,4180 2161,4180 2162,4182 2162,4187 2163,4187 2164,4187 2166,4190 2166,4210 2167,4210 2362,4210 2362,4210 2362,4205 2365,4202 2366,4202 2366,4202 2366,4197 2368,4195 2369,4195 2370,4194 2370,4189 2371,4188 2372,4188 2377,4183 2377,4179 2379,4177 2387,4177 2388,4176 2388,4175 2390,4173 2395,4173 2396,4172 2396,4171 2398,4169 2406,4169 2407,4171 2407,4172 2409,4173 2506,4173 2507,4175 2507,4217 2508,4217 2947,4217 2949,4220 2949,4221 2950,4221 3011,4221 3011,4222 3011,4223 3014,4225 3015,4225 3015,4226 3015,4262 3016,4262 3137,4262 3138,4264 3138,4269 3139,4269 3141,4269 3142,4271 3142,4272 3141,4273 3106,4273 3105,4274 3105,4304 3104,4305 3104,4306 3103,4307 3102,4307 3101,4308 3101,4309 3100,4310 3099,4310 3097,4312 3097,4317 3097,4317 3096,4317 3093,4320 3093,4321 3093,4321 3092,4321 3089,4324 3089,4325 3089,4325 3084,4325 3082,4327 3082,4328 3081,4329 3076,4329 3075,4330 3075,4331 3073,4333 3070,4333 3067,4331 3067,4330 3067,4329 3066,4329 3064,4328 3064,4327 3063,4326 3063,4300 3063,4299 2984,4299 2982,4298 2982,4297 2981,4295 2824,4295 2822,4294 2822,4293 2822,4292 2817,4292 2816,4291 2690,4291 2689,4292 2689,4338 2689,4338"/><TextEquiv index="1"><Unicode>il s'écria, tout tranſporté: Conſolez-vous,</Unicode></TextEquiv></TextLine><TextLine id="r0_l022"><Coords points="2965,4505 2964,4505 2964,4463 2964,4462 2839,4462 2837,4461 2837,4460 2837,4459 2313,4459 2310,4457 2310,4456 2310,4455 2093,4455 2092,4456 2092,4498 2092,4498 1944,4498 1943,4499 1929,4499 1928,4499 1928,4456 1928,4455 1596,4455 1594,4454 1594,4453 1593,4451 1254,4451 1253,4451 1253,4449 1253,4448 1021,4448 1019,4450 1019,4451 1019,4451 961,4451 960,4452 960,4458 959,4459 958,4459 956,4461 956,4473 956,4473 955,4473 952,4476 952,4477 952,4477 951,4477 949,4479 949,4480 948,4481 947,4481 945,4483 945,4484 945,4484 944,4484 942,4486 942,4487 941,4488 939,4488 938,4488 938,4487 936,4484 935,4484 934,4484 934,4483 933,4481 828,4481 827,4481 827,4480 826,4478 825,4477 824,4477 823,4477 823,4452 823,4451 739,4451 737,4450 737,4449 737,4448 733,4448 732,4447 731,4447 730,4447 730,4446 729,4444 606,4444 605,4445 605,4492 605,4492 596,4492 595,4491 519,4491 518,4491 518,4448 518,4447 380,4447 379,4448 271,4448 270,4449 270,4488 270,4488 268,4488 262,4483 262,4449 262,4448 202,4448 199,4446 199,4435 201,4433 202,4433 203,4432 203,4334 205,4332 206,4332 207,4331 207,4327 209,4325 474,4325 474,4325 474,4323 476,4321 487,4321 491,4325 495,4325 496,4327 496,4369 497,4369 757,4369 758,4370 759,4370 760,4372 760,4373 761,4373 766,4373 767,4375 767,4376 769,4377 770,4377 771,4379 771,4380 772,4380 934,4380 934,4380 934,4331 935,4330 956,4330 956,4331 956,4369 957,4369 1127,4369 1127,4369 1127,4360 1128,4359 1129,4359 1131,4357 1131,4353 1138,4346 1138,4342 1140,4340 1141,4340 1142,4339 1142,4338 1144,4336 1145,4336 1145,4336 1145,4335 1148,4332 1156,4332 1157,4331 1157,4330 1158,4329 1252,4329 1253,4328 1266,4328 1267,4329 1427,4329 1427,4330 1427,4335 1429,4336 1434,4336 1435,4338 1435,4373 1436,4373 1891,4373 1891,4373 1891,4368 1893,4366 1894,4366 1895,4365 1895,4364 1897,4362 1898,4362 1899,4361 1899,4353 1916,4336 1920,4336 1921,4335 1921,4334 1922,4333 1923,4333 1924,4332 1930,4332 1931,4333 1932,4333 1932,4334 1932,4335 1934,4336 1938,4336 1943,4342 1943,4377 1944,4377 2169,4377 2169,4377 2169,4376 2170,4375 2170,4374 2171,4373 2307,4373 2307,4373 2307,4371 2308,4370 2309,4370 2310,4369 2316,4369 2320,4373 2321,4373 2321,4374 2321,4375 2322,4376 2322,4381 2323,4381 2491,4381 2492,4380 2492,4379 2494,4377 2495,4377 2496,4379 2496,4381 2497,4381 2659,4381 2659,4381 2659,4371 2660,4370 2661,4370 2666,4365 2666,4358 2667,4357 2667,4356 2668,4355 2669,4355 2670,4354 2670,4350 2674,4346 2674,4342 2676,4340 2677,4340 2679,4338 2689,4338 2691,4340 2692,4340 2693,4342 2693,4377 2694,4377 2833,4377 2834,4376 2834,4375 2836,4373 2843,4373 2847,4377 3000,4377 3000,4377 3000,4339 3003,4336 3022,4336 3023,4338 3023,4339 3025,4340 3026,4340 3026,4341 3026,4342 3027,4343 3027,4377 3028,4377 3152,4377 3153,4379 3152,4380 3152,4381 3152,4381 3151,4381 3149,4383 3149,4384 3149,4384 3143,4384 3142,4385 3142,4390 3140,4392 3117,4392 3116,4393 3116,4416 3110,4422 3109,4422 3108,4423 3108,4450 3096,4462 2972,4462 2971,4463 2971,4505 2971,4505"/><TextEquiv index="1"><Unicode>Madame, je ſuis heureuſement en état de</Unicode></TextEquiv></TextLine><TextLine id="r0_l023"><Coords points="2401,4668 2400,4668 2400,4623 2400,4622 2301,4622 2300,4622 2300,4621 2298,4618 1975,4618 1973,4620 1973,4621 1972,4622 1923,4622 1921,4621 1921,4620 1920,4618 1458,4618 1457,4619 1457,4662 1457,4662 1291,4662 1290,4663 1290,4665 1290,4665 1273,4665 1272,4665 1272,4649 1272,4648 1262,4648 1261,4648 1261,4647 1260,4646 1260,4623 1260,4622 973,4622 971,4624 971,4625 971,4625 970,4625 967,4628 967,4629 967,4629 962,4629 960,4631 960,4632 959,4633 954,4633 953,4634 953,4635 951,4637 940,4637 938,4636 938,4635 938,4634 937,4633 936,4633 934,4632 934,4619 934,4618 802,4618 800,4617 800,4616 800,4615 793,4615 792,4614 791,4614 789,4613 789,4612 789,4611 213,4611 210,4609 210,4608 210,4607 209,4607 207,4606 207,4497 208,4496 209,4496 211,4494 211,4493 212,4492 213,4492 214,4491 214,4490 216,4488 239,4488 240,4490 240,4502 242,4503 243,4503 244,4505 244,4518 245,4518 269,4518 270,4520 270,4533 271,4533 437,4533 437,4533 437,4490 439,4488 440,4488 440,4488 440,4487 442,4485 443,4485 444,4484 449,4484 450,4485 451,4485 452,4487 452,4488 453,4488 454,4488 455,4490 455,4491 456,4491 531,4491 532,4492 607,4492 607,4493 607,4494 610,4496 611,4496 611,4497 611,4536 612,4536 807,4536 808,4535 808,4534 809,4533 811,4533 812,4535 812,4536 813,4536 821,4536 823,4539 823,4540 824,4540 888,4540 890,4543 890,4544 891,4544 892,4544 893,4546 893,4574 894,4574 1062,4574 1063,4573 1064,4573 1064,4573 1064,4564 1065,4563 1066,4563 1068,4561 1068,4560 1069,4559 1070,4559 1071,4558 1071,4513 1074,4510 1075,4510 1075,4510 1075,4501 1076,4500 1077,4500 1079,4498 1079,4497 1080,4496 1085,4496 1086,4495 1086,4494 1088,4492 1096,4492 1097,4491 1097,4490 1099,4488 1100,4488 1101,4490 1101,4491 1103,4492 1304,4492 1305,4491 1305,4490 1307,4488 1319,4488 1320,4490 1320,4491 1322,4492 1326,4492 1327,4494 1327,4498 1330,4500 1331,4500 1331,4501 1331,4540 1332,4540 1531,4540 1531,4540 1531,4539 1534,4536 1618,4536 1619,4537 1620,4537 1620,4538 1620,4539 1622,4540 1835,4540 1835,4541 1835,4542 1838,4544 1928,4544 1928,4544 1928,4500 1929,4499 2043,4499 2043,4499 2043,4498 2045,4496 2054,4496 2054,4497 2054,4498 2055,4498 2092,4498 2093,4499 2277,4499 2277,4499 2277,4498 2279,4496 2295,4496 2296,4498 2296,4499 2297,4499 2301,4499 2302,4500 2303,4500 2303,4501 2303,4502 2305,4503 2306,4503 2307,4505 2307,4517 2309,4518 2310,4518 2310,4519 2310,4520 2311,4521 2311,4544 2312,4544 2321,4544 2322,4546 2322,4548 2323,4548 2498,4548 2500,4546 2500,4542 2502,4540 2503,4540 2503,4540 2503,4539 2506,4536 2629,4536 2629,4536 2629,4510 2630,4509 2630,4508 2631,4507 2632,4507 2633,4506 2633,4505 2635,4503 2699,4503 2700,4505 2700,4506 2702,4507 2962,4507 2964,4505 2971,4505 2973,4507 2974,4507 2974,4508 2974,4509 2975,4510 2975,4540 2976,4540 3018,4540 3019,4542 3019,4548 3020,4548 3093,4548 3093,4549 3093,4550 3095,4551 3099,4551 3116,4569 3116,4584 3117,4584 3139,4584 3140,4585 3141,4585 3141,4586 3141,4588 3140,4589 3139,4589 3138,4590 3138,4591 3137,4592 3113,4592 3112,4593 3112,4617 3111,4618 3110,4618 3109,4619 3108,4620 3108,4621 3107,4622 3106,4622 3105,4623 3104,4624 3104,4625 3103,4626 3091,4626 3090,4627 3090,4628 3089,4629 3084,4629 3082,4631 3082,4632 3081,4633 3073,4633 3071,4632 3071,4631 3070,4629 3013,4629 3012,4629 3012,4628 3011,4626 2502,4626 2500,4625 2500,4624 2499,4622 2411,4622 2410,4623 2410,4668 2410,4668"/><TextEquiv index="1"><Unicode>le délivrer, &amp; j'y cours à l'inſtant. Enſuite</Unicode></TextEquiv></TextLine><TextLine id="r0_l024"><Coords points="2613,4833 2611,4832 2611,4790 2611,4789 1173,4789 1172,4790 1172,4794 1171,4795 1171,4796 1171,4796 1170,4796 1167,4799 1167,4800 1167,4800 1166,4800 1164,4802 1164,4803 1164,4803 1163,4803 1160,4806 1160,4807 1160,4807 1159,4807 1156,4810 1156,4811 1156,4811 1147,4811 1146,4812 1146,4813 1144,4815 916,4815 915,4816 915,4827 915,4827 899,4827 898,4827 898,4819 898,4818 196,4818 195,4818 196,4817 196,4816 197,4815 898,4815 898,4815 898,4786 898,4785 836,4785 832,4781 687,4781 685,4780 685,4779 685,4778 213,4778 210,4776 210,4772 209,4770 208,4770 207,4770 207,4705 208,4704 209,4704 211,4702 211,4701 212,4700 217,4700 218,4699 218,4698 220,4696 258,4696 259,4695 259,4694 261,4692 429,4692 429,4692 429,4691 431,4689 432,4689 433,4688 1268,4688 1268,4688 1268,4668 1270,4666 1271,4666 1272,4665 1435,4665 1435,4665 1435,4664 1436,4663 1437,4663 1438,4662 1665,4662 1665,4662 1665,4661 1667,4659 1679,4659 1680,4661 1680,4662 1681,4662 2634,4662 2635,4663 2636,4663 2637,4665 2637,4666 2638,4666 2639,4666 2648,4676 2648,4704 2649,4704 3153,4704 3153,4705 3153,4710 3155,4711 3156,4711 3156,4712 3156,4714 3157,4715 3156,4716 3156,4718 3156,4718 3113,4718 3112,4719 3112,4780 3111,4781 3107,4781 3104,4784 3104,4785 3104,4785 3103,4785 3097,4791 3097,4792 3097,4792 3096,4792 3095,4793 3084,4793 3082,4795 3082,4796 3082,4796 2634,4796 2633,4797 2633,4833 2633,4833"/><TextEquiv index="1"><Unicode>mettant une guinée dans la main de cette</Unicode></TextEquiv></TextLine><TextLine id="r0_l025"><Coords points="2951,5001 2950,5001 2950,4983 2950,4982 2843,4982 2837,4988 2837,4989 2837,4989 2832,4989 2829,4986 2818,4986 2817,4985 2816,4985 2815,4985 2815,4984 2811,4980 2811,4975 2811,4974 2784,4974 2783,4975 2783,4993 2783,4993 2779,4993 2778,4993 2778,4975 2778,4974 2682,4974 2681,4975 2680,4974 2553,4974 2551,4973 2551,4972 2550,4970 2549,4970 2548,4970 2548,4969 2547,4967 2546,4967 2544,4966 2544,4953 2544,4952 2364,4952 2362,4951 2362,4950 2361,4948 2182,4948 2181,4948 2181,4947 2180,4945 2074,4945 2073,4946 2073,4963 2073,4963 2067,4963 2066,4963 2066,4962 2065,4961 2065,4946 2065,4945 1997,4945 1995,4947 1995,4948 1995,4948 1908,4948 1906,4947 1906,4946 1906,4945 1761,4945 1744,4945 1743,4946 1743,4947 1742,4948 1607,4948 1605,4947 1605,4946 1605,4945 1474,4945 1472,4944 1472,4943 1471,4941 1137,4941 1136,4942 1136,4986 1136,4986 1130,4986 1129,4986 1129,4942 1129,4941 1095,4941 1094,4941 1094,4940 1092,4937 968,4937 967,4938 967,4940 966,4941 921,4941 919,4943 919,4944 918,4945 895,4945 893,4944 893,4938 893,4937 769,4937 767,4939 767,4947 758,4956 754,4956 752,4958 752,4959 752,4959 751,4959 750,4960 746,4960 745,4961 745,4962 744,4963 736,4963 734,4965 734,4966 733,4967 612,4967 611,4968 611,4970 610,4971 599,4971 596,4969 596,4942 596,4941 571,4941 570,4942 570,4988 570,4988 545,4988 544,4988 544,4942 544,4941 399,4941 398,4942 398,4986 398,4986 376,4986 375,4986 375,4942 375,4941 234,4941 233,4942 233,4986 233,4986 200,4986 199,4986 199,4984 201,4982 202,4982 202,4982 203,4981 203,4980 205,4978 214,4978 214,4978 214,4827 214,4826 198,4826 196,4825 196,4820 195,4819 196,4818 275,4818 276,4819 277,4819 277,4820 277,4821 279,4822 280,4822 281,4824 281,4863 282,4863 443,4863 445,4866 445,4867 446,4867 632,4867 634,4865 634,4864 635,4863 640,4863 641,4865 641,4866 643,4867 659,4867 659,4868 659,4869 662,4871 663,4871 663,4872 663,4877 665,4878 666,4878 667,4880 667,4885 668,4885 669,4885 671,4888 671,4889 672,4889 889,4889 889,4889 889,4880 891,4878 892,4878 893,4877 893,4876 895,4874 897,4874 897,4874 897,4828 898,4827 946,4827 947,4826 959,4826 960,4828 960,4833 961,4833 962,4833 964,4836 964,4882 965,4882 1084,4882 1085,4881 1086,4881 1086,4881 1086,4876 1088,4874 1093,4874 1093,4874 1093,4873 1096,4870 1097,4870 1097,4870 1097,4869 1099,4867 1103,4867 1105,4865 1105,4864 1106,4863 1200,4863 1201,4865 1201,4866 1203,4867 1374,4867 1375,4866 1464,4866 1465,4865 1465,4864 1466,4863 1467,4863 1472,4858 1472,4857 1473,4856 1474,4856 1475,4855 1513,4855 1513,4855 1513,4853 1514,4852 1515,4852 1517,4850 1517,4849 1518,4848 1519,4848 1520,4850 1520,4860 1521,4860 1607,4860 1608,4859 1612,4859 1613,4861 1613,4862 1615,4863 1616,4863 1617,4865 1617,4870 1618,4870 1849,4870 1850,4871 1974,4871 1975,4870 1980,4870 1980,4870 1980,4869 1982,4867 1995,4867 1995,4867 1995,4854 1997,4852 2002,4852 2002,4853 2002,4854 2003,4855 2003,4867 2004,4867 2166,4867 2166,4867 2166,4835 2168,4833 2169,4833 2169,4833 2169,4832 2171,4830 2191,4830 2192,4832 2192,4833 2193,4833 2194,4833 2195,4835 2195,4836 2196,4837 2196,4870 2197,4870 2261,4870 2262,4872 2262,4873 2264,4874 2611,4874 2611,4874 2611,4833 2612,4832 2613,4833 2633,4833 2633,4834 2633,4836 2635,4837 2636,4837 2637,4839 2637,4915 2638,4915 2811,4915 2811,4915 2811,4891 2813,4889 2814,4889 2815,4888 2815,4883 2816,4882 2817,4882 2818,4881 2822,4881 2823,4880 2823,4879 2824,4878 2847,4878 2848,4877 2848,4876 2850,4874 2851,4874 2852,4876 2852,4877 2854,4878 2929,4878 2930,4880 2930,4881 2931,4881 3141,4881 3141,4881 3141,4877 3142,4876 3142,4875 3143,4874 3148,4874 3149,4876 3149,4911 3150,4911 3152,4911 3153,4913 3153,4918 3152,4919 3143,4919 3142,4920 3142,4921 3141,4922 3117,4922 3116,4923 3116,4954 3114,4956 3113,4956 3112,4957 3112,4958 3110,4960 3002,4960 3001,4961 3001,4969 2999,4971 2998,4971 2997,4972 2997,4977 2996,4978 2995,4978 2993,4980 2993,4985 2993,4985 2992,4985 2989,4988 2989,4989 2989,4989 2969,4989 2967,4988 2967,4983 2967,4982 2959,4982 2958,4983 2958,5001 2958,5001"/><TextEquiv index="1"><Unicode>femme, il courut trouver le mari, paya</Unicode></TextEquiv></TextLine><TextLine id="r0_l026"><Coords points="2794,5163 2793,5163 2793,5162 2793,5161 2650,5161 2649,5161 2649,5120 2649,5119 2413,5119 2410,5122 2410,5123 2410,5123 2409,5123 2407,5122 2407,5121 2406,5119 2394,5119 2392,5118 2392,5117 2391,5115 2253,5115 2251,5114 2251,5113 2251,5112 1889,5112 1887,5114 1887,5115 1887,5115 1882,5115 1880,5114 1880,5113 1880,5112 1641,5112 1639,5111 1639,5110 1638,5108 1422,5108 1420,5107 1420,5106 1419,5104 1140,5104 1138,5106 1138,5107 1137,5108 449,5108 448,5109 448,5137 448,5137 447,5137 446,5138 425,5138 424,5137 423,5137 422,5137 422,5109 422,5108 413,5108 410,5106 410,5105 410,5104 238,5104 237,5105 237,5124 236,5125 236,5126 236,5126 235,5126 233,5128 233,5133 232,5134 231,5134 229,5136 229,5137 229,5137 228,5137 227,5138 225,5140 225,5141 225,5141 224,5141 221,5144 221,5145 221,5145 220,5145 219,5146 203,5146 202,5145 201,5145 199,5144 199,4987 200,4986 399,4986 401,4988 571,4988 572,4989 573,4989 574,4991 574,5030 575,5030 852,5030 852,5030 852,4991 854,4989 855,4989 856,4988 856,4987 857,4986 858,4986 860,4984 860,4983 861,4982 867,4982 867,4983 867,4984 869,4985 877,4985 878,4987 878,4988 880,4989 881,4989 882,4991 882,4992 883,4993 884,4993 885,4993 886,4995 886,5030 887,5030 1119,5030 1119,5030 1119,4996 1120,4995 1120,4994 1121,4993 1122,4993 1123,4992 1123,4991 1124,4990 1125,4989 1126,4989 1127,4988 1127,4987 1128,4986 1138,4986 1138,4987 1138,4999 1142,5003 1142,5026 1143,5026 1200,5026 1201,5028 1201,5029 1203,5030 1368,5030 1368,5030 1368,5021 1370,5019 1371,5019 1372,5018 1372,5013 1374,5011 1375,5011 1375,5011 1375,5007 1376,5006 1376,5005 1377,5004 1378,5004 1378,5004 1383,4999 1383,4998 1384,4997 1385,4997 1387,4995 1387,4994 1388,4993 1389,4993 1391,4991 1391,4990 1392,4989 1397,4989 1398,4988 1398,4987 1400,4985 1635,4985 1635,4985 1635,4984 1637,4982 1639,4982 1639,4983 1639,4985 1640,4985 1645,4985 1646,4987 1646,5007 1647,5007 1809,5007 1810,5006 1810,5002 1812,5000 1813,5000 1813,5000 1813,4999 1816,4996 1817,4996 1817,4996 1817,4995 1819,4993 1823,4993 1831,4985 1838,4985 1839,4987 1839,4988 1841,4989 2024,4989 2025,4991 2025,4992 2027,4993 2032,4993 2032,4994 2032,5022 2033,5022 2197,5022 2198,5023 2199,5023 2199,5024 2199,5034 2200,5034 2374,5034 2374,5034 2374,5020 2375,5019 2376,5019 2377,5018 2377,5006 2379,5004 2380,5004 2381,5003 2381,4998 2382,4997 2383,4997 2385,4995 2385,4994 2386,4993 2566,4993 2566,4994 2566,4999 2568,5000 2569,5000 2570,5002 2570,5037 2571,5037 2770,5037 2770,5037 2770,5033 2771,5032 2771,5031 2772,5030 2773,5030 2774,5029 2774,5021 2776,5019 2777,5019 2778,5018 2778,5009 2779,5008 2780,5008 2781,5007 2781,4994 2782,4993 2814,4993 2815,4995 2815,4996 2816,4996 2817,4996 2819,4999 2819,5000 2820,5000 2821,5000 2822,5001 2959,5001 2962,5004 2963,5004 2963,5005 2963,5007 2964,5008 2964,5045 2965,5045 3011,5045 3012,5047 3012,5048 3013,5048 3028,5048 3029,5049 3030,5049 3030,5050 3030,5071 3031,5071 3141,5071 3142,5073 3142,5077 3141,5078 3113,5078 3112,5079 3112,5133 3111,5134 3110,5134 3108,5136 3108,5137 3108,5137 3107,5137 3104,5140 3104,5141 3104,5141 3103,5141 3101,5143 3101,5144 3100,5145 3091,5145 3090,5146 3090,5147 3088,5149 3087,5149 3086,5150 3086,5151 3085,5152 3069,5152 3067,5151 3067,5120 3067,5119 2965,5119 2963,5118 2963,5117 2962,5115 2813,5115 2812,5116 2812,5163 2812,5163"/><TextEquiv index="1"><Unicode>juſqu'au dernier ſol de ſa dette &amp; les frais,</Unicode></TextEquiv></TextLine><TextLine id="r0_l027"><Coords points="1809,5324 1808,5323 1806,5323 1805,5323 1805,5295 1805,5294 85,5294 84,5295 85,5296 85,5297 86,5297 87,5297 88,5299 88,5304 88,5304 87,5304 86,5305 84,5305 83,5304 82,5304 81,5304 81,5298 80,5297 80,5296 83,5293 1361,5293 1361,5293 1361,5280 1361,5279 339,5279 336,5277 336,5276 336,5275 246,5275 244,5274 244,5273 243,5271 234,5271 233,5271 233,5270 231,5267 227,5267 225,5266 225,5265 225,5264 224,5264 221,5262 221,5261 221,5260 220,5260 218,5259 218,5255 210,5247 210,5150 210,5149 205,5149 203,5148 203,5147 204,5146 218,5146 218,5147 218,5149 219,5149 273,5149 274,5151 274,5152 275,5152 2602,5152 2604,5155 2604,5156 2605,5156 2614,5156 2614,5157 2614,5158 2617,5160 2618,5160 2619,5161 2659,5161 2659,5162 2659,5163 2660,5163 2814,5163 2815,5165 2815,5204 2816,5204 2880,5204 2884,5208 3026,5208 3026,5209 3026,5210 3029,5212 3104,5212 3104,5213 3104,5214 3107,5216 3108,5216 3108,5217 3108,5230 3109,5230 3148,5230 3149,5232 3149,5233 3150,5234 3151,5234 3152,5234 3153,5236 3153,5237 3152,5238 3151,5238 3150,5239 3149,5240 3149,5241 3149,5241 3109,5241 3108,5242 3108,5274 3107,5275 3106,5275 3104,5277 3104,5282 3104,5282 3103,5282 3100,5285 3100,5286 3100,5286 3088,5286 3086,5288 3086,5289 3086,5289 3085,5289 3084,5290 2816,5290 2815,5291 2815,5304 2815,5304 2814,5304 2811,5307 2811,5308 2811,5308 2810,5308 2808,5310 2808,5314 2806,5316 2798,5316 2797,5317 2797,5318 2796,5319 1821,5319 1820,5320 1820,5324 1820,5324"/><TextEquiv index="1"><Unicode>&amp; le ramena chez lui. En un mot, dix jours</Unicode></TextEquiv></TextLine><TextLine id="r0_l028"><Coords points="2074,5489 2073,5489 2073,5443 2073,5442 1893,5442 1891,5444 1891,5445 1891,5445 1890,5445 1889,5446 1727,5446 1724,5444 1724,5443 1724,5442 1681,5442 1680,5443 1680,5485 1680,5485 1662,5485 1661,5485 1661,5443 1661,5442 1600,5442 1598,5441 1598,5440 1597,5438 1355,5438 1353,5440 1353,5441 1352,5442 824,5442 823,5443 823,5470 821,5472 820,5472 819,5473 819,5474 818,5475 798,5475 797,5475 797,5474 795,5471 794,5471 793,5471 793,5443 793,5442 684,5442 681,5440 681,5439 681,5438 513,5438 511,5437 511,5436 510,5434 312,5434 311,5435 311,5463 310,5464 290,5464 288,5463 288,5455 287,5453 286,5453 285,5453 285,5435 285,5434 216,5434 214,5433 214,5432 214,5431 213,5431 210,5429 210,5428 210,5427 209,5427 207,5426 207,5418 206,5416 205,5416 203,5415 203,5373 205,5371 206,5371 207,5370 207,5365 208,5364 213,5364 214,5363 214,5362 216,5360 232,5360 233,5359 233,5358 235,5356 440,5356 440,5356 440,5315 441,5314 441,5313 442,5312 443,5312 444,5311 444,5310 446,5308 450,5308 457,5315 627,5315 628,5316 629,5316 630,5318 630,5319 631,5319 632,5319 633,5321 633,5322 634,5323 634,5364 635,5364 988,5364 992,5360 1000,5360 1001,5362 1001,5363 1003,5364 1193,5364 1193,5364 1193,5363 1196,5360 1309,5360 1309,5360 1309,5343 1310,5342 1311,5342 1312,5341 1312,5337 1316,5333 1316,5329 1318,5327 1322,5327 1331,5318 1331,5317 1332,5316 1691,5316 1691,5317 1691,5318 1693,5319 1775,5319 1776,5321 1776,5322 1778,5323 1808,5323 1809,5324 1821,5324 1821,5325 1821,5364 1822,5364 1879,5364 1880,5366 1880,5367 1881,5367 2125,5367 2125,5367 2125,5366 2126,5365 2127,5364 2128,5364 2128,5364 2128,5363 2129,5362 2129,5358 2131,5356 2138,5356 2140,5359 2140,5367 2141,5367 2267,5367 2268,5368 2269,5368 2270,5370 2270,5371 2271,5371 2499,5371 2500,5370 2500,5369 2501,5368 2502,5368 2503,5367 2600,5367 2600,5367 2600,5332 2601,5331 2602,5331 2604,5329 2604,5328 2605,5327 2800,5327 2800,5328 2800,5329 2802,5330 2810,5330 2811,5332 2811,5337 2812,5337 2813,5337 2814,5338 2815,5338 2815,5339 2815,5371 2816,5371 2997,5371 2997,5371 2997,5332 2998,5331 2999,5331 3001,5329 3001,5328 3002,5327 3018,5327 3027,5337 3027,5364 3028,5364 3152,5364 3153,5366 3153,5367 3154,5367 3155,5367 3156,5369 3156,5371 3156,5371 3155,5371 3152,5374 3152,5375 3152,5375 3151,5375 3149,5377 3149,5378 3148,5379 3113,5379 3112,5380 3112,5433 3110,5435 3109,5435 3108,5436 3108,5441 3107,5442 3106,5442 3105,5443 3104,5444 3104,5445 3103,5446 3098,5446 3097,5447 3097,5448 3096,5449 3092,5449 3089,5452 3089,5453 3089,5453 3066,5453 3062,5449 2661,5449 2660,5450 2660,5451 2658,5453 2657,5453 2655,5452 2655,5451 2654,5449 2441,5449 2440,5450 2440,5452 2439,5453 2438,5453 2437,5454 2437,5455 2435,5457 2428,5457 2425,5455 2425,5454 2425,5453 2424,5453 2422,5452 2422,5450 2422,5449 2249,5449 2247,5448 2247,5447 2247,5446 2132,5446 2131,5445 2130,5445 2129,5445 2129,5444 2128,5442 2104,5442 2103,5443 2103,5489 2103,5489"/><TextEquiv index="1"><Unicode>après le pauvre Sir Villiam trouva la fin de</Unicode></TextEquiv></TextLine><TextLine id="r0_l029"><Coords points="3042,5663 3041,5663 3041,5621 3041,5620 2939,5620 2938,5620 2938,5619 2936,5616 2669,5616 2667,5618 2667,5619 2666,5620 2635,5620 2633,5619 2633,5618 2632,5616 2487,5616 2485,5618 2485,5619 2484,5620 2405,5620 2403,5619 2403,5618 2402,5616 2386,5616 2385,5616 2385,5615 2384,5613 1889,5613 1888,5614 1888,5656 1888,5656 1877,5656 1876,5656 1876,5614 1876,5613 1813,5613 1812,5612 1811,5612 1810,5612 1810,5611 1809,5609 1715,5609 1670,5609 1669,5610 1669,5611 1669,5611 1668,5612 1667,5612 1666,5613 1590,5613 1589,5612 1588,5612 1587,5612 1587,5611 1586,5609 1422,5609 1420,5608 1420,5607 1419,5605 1191,5605 1190,5606 1190,5638 1190,5638 1188,5638 1186,5637 1186,5636 1186,5635 1181,5635 1179,5634 1179,5606 1179,5605 998,5605 997,5606 997,5608 996,5609 995,5609 994,5610 993,5611 993,5612 993,5612 992,5612 990,5614 990,5615 989,5616 988,5616 986,5618 986,5623 986,5623 985,5623 984,5624 980,5624 978,5626 978,5627 978,5627 973,5627 971,5629 971,5630 970,5631 958,5631 956,5630 956,5617 956,5616 698,5616 697,5617 697,5625 696,5626 696,5627 696,5627 695,5627 693,5629 693,5634 693,5634 692,5634 689,5637 689,5638 689,5638 688,5638 685,5641 685,5642 685,5642 680,5642 678,5644 678,5645 677,5646 672,5646 671,5647 671,5648 669,5650 651,5650 648,5648 648,5647 648,5646 639,5646 637,5645 637,5644 636,5642 635,5642 634,5642 634,5641 633,5640 632,5638 631,5638 630,5638 630,5614 630,5613 507,5613 506,5612 505,5612 504,5612 504,5611 503,5609 209,5609 207,5608 207,5529 209,5527 210,5527 210,5527 210,5526 213,5523 214,5523 214,5523 214,5522 216,5520 224,5520 225,5519 225,5507 227,5505 228,5505 229,5504 229,5499 230,5498 231,5498 233,5496 233,5495 234,5494 235,5494 237,5492 237,5491 238,5490 239,5490 240,5489 240,5485 242,5483 246,5483 248,5481 248,5480 249,5479 250,5479 252,5477 252,5476 253,5475 262,5475 262,5475 262,5474 265,5471 268,5471 280,5483 281,5483 281,5484 281,5516 282,5516 403,5516 403,5517 403,5518 406,5520 592,5520 593,5522 593,5523 594,5523 874,5523 875,5522 875,5521 876,5520 919,5520 919,5520 919,5518 921,5516 926,5516 926,5517 926,5518 927,5519 927,5568 928,5568 1027,5568 1027,5568 1027,5562 1028,5561 1029,5561 1030,5560 1105,5560 1105,5560 1105,5488 1107,5486 1108,5486 1108,5486 1108,5485 1110,5483 1111,5483 1112,5482 1121,5482 1122,5483 1123,5483 1123,5484 1123,5485 1124,5485 1126,5487 1127,5487 1127,5488 1127,5489 1129,5490 1130,5490 1131,5492 1131,5523 1132,5523 1174,5523 1175,5525 1175,5526 1177,5527 1309,5527 1309,5527 1309,5484 1310,5483 1311,5483 1313,5481 1313,5480 1314,5479 1330,5479 1331,5481 1331,5482 1332,5482 1333,5482 1335,5485 1335,5527 1336,5527 1579,5527 1579,5527 1579,5526 1582,5523 1583,5523 1583,5523 1583,5522 1589,5516 1650,5516 1650,5516 1650,5514 1652,5512 1653,5512 1654,5511 1654,5506 1655,5505 1656,5505 1657,5504 1657,5493 1658,5492 1658,5491 1659,5490 1660,5490 1661,5489 1661,5486 1662,5485 1680,5485 1680,5486 1680,5509 1681,5509 1828,5509 1828,5509 1828,5488 1830,5486 1835,5486 1835,5486 1835,5485 1837,5483 1839,5483 1839,5484 1839,5485 1841,5486 1849,5486 1851,5489 1851,5490 1852,5490 1853,5490 1854,5492 1854,5531 1855,5531 1916,5531 1917,5532 2055,5532 2056,5531 2057,5531 2058,5530 2058,5518 2060,5516 2061,5516 2062,5515 2062,5510 2063,5509 2064,5509 2065,5508 2065,5497 2066,5496 2066,5495 2067,5494 2068,5494 2069,5493 2069,5492 2071,5490 2072,5490 2073,5489 2103,5489 2103,5490 2103,5531 2104,5531 2202,5531 2203,5533 2203,5534 2204,5534 2231,5534 2233,5537 2233,5538 2234,5538 2239,5538 2240,5540 2240,5541 2241,5541 2242,5542 2243,5542 2244,5543 2382,5543 2383,5542 2387,5542 2392,5537 2392,5536 2393,5535 2394,5535 2395,5534 2628,5534 2630,5537 2630,5538 2631,5538 2874,5538 2874,5538 2874,5500 2877,5497 2878,5497 2878,5497 2878,5496 2880,5494 2892,5494 2893,5496 2893,5497 2894,5497 2895,5497 2897,5500 2897,5501 2898,5501 2899,5501 2900,5503 2900,5515 2902,5516 2903,5516 2904,5518 2904,5538 2905,5538 3078,5538 3078,5538 3078,5533 3080,5531 3081,5531 3082,5530 3082,5529 3084,5527 3134,5527 3134,5527 3134,5522 3136,5520 3142,5520 3143,5519 3144,5520 3145,5520 3145,5521 3145,5579 3145,5579 3113,5579 3112,5580 3112,5619 3111,5620 3057,5620 3056,5621 3056,5663 3056,5663"/><TextEquiv index="1"><Unicode>ſon argent, la bonté de ſon cœur n'eut</Unicode></TextEquiv></TextLine><TextLine id="r0_l030"><Coords points="3033,5832 3032,5832 3032,5788 3032,5787 3002,5787 3001,5787 3001,5786 2999,5783 2832,5783 2830,5785 2830,5786 2829,5787 2821,5787 2818,5785 2818,5784 2818,5783 2367,5783 2366,5784 2366,5827 2366,5827 2356,5827 2355,5827 2355,5784 2355,5783 2245,5783 2244,5783 2244,5782 2243,5780 1759,5780 1758,5781 1758,5789 1756,5791 1755,5791 1754,5792 1754,5793 1753,5794 1752,5794 1750,5796 1750,5801 1749,5802 1741,5802 1739,5804 1739,5805 1739,5805 1730,5805 1728,5807 1728,5808 1727,5809 1722,5809 1721,5809 1721,5808 1720,5807 1720,5777 1720,5776 1574,5776 1572,5778 1572,5779 1572,5779 1558,5779 1557,5780 1556,5779 1555,5779 1554,5779 1554,5778 1553,5776 909,5776 908,5777 908,5779 908,5779 868,5779 867,5780 866,5779 757,5779 756,5779 756,5778 755,5776 721,5776 719,5775 719,5774 718,5772 594,5772 593,5772 593,5771 591,5768 438,5768 437,5768 437,5767 436,5765 367,5765 366,5766 366,5813 366,5813 349,5813 348,5813 348,5766 348,5765 264,5765 263,5766 263,5767 262,5768 249,5768 248,5769 248,5789 246,5791 245,5791 244,5792 244,5793 243,5794 235,5794 233,5796 233,5797 232,5798 209,5798 205,5794 204,5794 203,5794 203,5792 204,5791 205,5791 205,5791 205,5710 203,5708 203,5703 204,5702 205,5702 206,5701 207,5700 207,5699 208,5698 209,5698 211,5696 211,5695 212,5694 251,5694 251,5694 251,5693 254,5690 296,5690 296,5690 296,5651 297,5650 298,5650 299,5649 320,5649 322,5652 322,5690 323,5690 541,5690 541,5690 541,5662 542,5661 543,5661 545,5659 545,5658 546,5657 551,5657 552,5656 552,5655 554,5653 555,5653 555,5654 555,5655 556,5656 556,5657 557,5657 562,5657 563,5659 563,5664 564,5664 602,5664 608,5671 608,5694 609,5694 722,5694 723,5696 723,5701 724,5701 878,5701 878,5701 878,5659 880,5657 881,5657 882,5656 882,5655 884,5653 899,5653 904,5659 904,5674 907,5676 908,5676 908,5677 908,5683 909,5683 945,5683 945,5684 945,5698 946,5698 1119,5698 1119,5698 1119,5652 1121,5650 1125,5650 1129,5646 1145,5646 1145,5647 1145,5648 1148,5650 1149,5650 1149,5651 1149,5656 1151,5657 1152,5657 1153,5659 1153,5694 1154,5694 1564,5694 1565,5696 1565,5697 1567,5698 1734,5698 1736,5696 1736,5695 1737,5694 1742,5694 1743,5696 1743,5697 1745,5698 1750,5698 1750,5699 1750,5704 1752,5705 1872,5705 1872,5705 1872,5668 1873,5667 1873,5666 1875,5664 1876,5664 1876,5664 1876,5657 1877,5656 1888,5656 1889,5657 2068,5657 2070,5655 2070,5654 2071,5653 2087,5653 2088,5655 2088,5656 2090,5657 2091,5657 2091,5658 2091,5659 2092,5660 2092,5701 2093,5701 2232,5701 2233,5700 2233,5699 2234,5698 2235,5698 2236,5697 2236,5696 2238,5694 2250,5694 2251,5696 2251,5697 2252,5697 2253,5698 2254,5698 2255,5700 2255,5701 2256,5701 2472,5701 2474,5704 2474,5705 2475,5705 2793,5705 2793,5705 2793,5695 2794,5694 2825,5694 2826,5693 2826,5681 2828,5679 2829,5679 2829,5679 2830,5678 2830,5677 2831,5676 2832,5676 2833,5675 2833,5668 2834,5667 2834,5666 2836,5664 2837,5664 2837,5664 2837,5663 2839,5661 2919,5661 2919,5661 2919,5659 2921,5657 2926,5657 2926,5658 2926,5659 2929,5661 2933,5661 2935,5663 3057,5663 3059,5665 3060,5665 3060,5666 3060,5679 3061,5679 3148,5679 3149,5681 3149,5690 3150,5690 3155,5690 3156,5692 3156,5693 3158,5694 3159,5694 3160,5696 3160,5697 3159,5698 3151,5698 3149,5700 3149,5701 3149,5701 3146,5701 3145,5702 3145,5742 3145,5742 3144,5742 3143,5743 3142,5744 3142,5745 3141,5746 3117,5746 3116,5747 3116,5785 3110,5791 3096,5791 3093,5789 3093,5788 3093,5787 3050,5787 3049,5788 3049,5832 3049,5832"/><TextEquiv index="1"><Unicode>plus lieu de s'exercer; il ſe trouva réduit</Unicode></TextEquiv></TextLine><TextLine id="r0_l031"><Coords points="1621,5987 1620,5987 1620,5947 1620,5946 1566,5946 1565,5946 1565,5945 1564,5943 1273,5943 1272,5944 1272,5971 1271,5972 1247,5972 1246,5972 1246,5971 1245,5969 1244,5969 1242,5968 1242,5955 1242,5954 1144,5954 1142,5953 1142,5940 1142,5939 1066,5939 1064,5938 1064,5937 1063,5935 765,5935 763,5934 763,5933 763,5932 610,5932 607,5930 607,5929 607,5928 375,5928 374,5929 374,5930 372,5932 210,5932 209,5931 208,5931 207,5931 207,5814 208,5813 213,5813 214,5812 214,5811 216,5809 239,5809 240,5811 240,5812 242,5813 366,5813 366,5814 366,5815 368,5816 369,5816 370,5818 370,5853 371,5853 555,5853 555,5853 555,5852 557,5850 600,5850 600,5850 600,5844 602,5842 603,5842 604,5841 604,5840 605,5839 606,5839 607,5838 607,5834 610,5831 611,5831 611,5831 611,5826 613,5824 614,5824 615,5823 615,5818 616,5817 617,5817 619,5815 619,5814 620,5813 637,5813 637,5814 637,5820 638,5820 688,5820 689,5822 689,5857 690,5857 747,5857 749,5860 749,5861 750,5861 930,5861 930,5861 930,5822 932,5820 948,5820 949,5822 949,5834 951,5835 952,5835 952,5836 952,5837 953,5838 953,5842 955,5843 956,5843 956,5844 956,5861 957,5861 1171,5861 1171,5862 1171,5863 1174,5865 1552,5865 1561,5856 1561,5855 1562,5854 1563,5854 1564,5853 1566,5853 1567,5854 1568,5854 1568,5855 1568,5856 1570,5857 1571,5857 1572,5859 1572,5865 1573,5865 1832,5865 1832,5865 1832,5822 1834,5820 1839,5820 1839,5820 1839,5819 1842,5816 1852,5816 1853,5817 1854,5817 1854,5818 1854,5819 1856,5820 1901,5820 1903,5823 1903,5824 1904,5824 1905,5824 1906,5826 1906,5830 1910,5834 1910,5868 1911,5868 2355,5868 2355,5868 2355,5828 2356,5827 2368,5827 2370,5830 2370,5831 2371,5831 2372,5831 2374,5834 2374,5872 2375,5872 2543,5872 2544,5871 2544,5870 2545,5869 2575,5869 2576,5868 2633,5868 2633,5868 2633,5867 2635,5865 2778,5865 2778,5865 2778,5829 2779,5828 2780,5828 2781,5827 2785,5827 2785,5827 2785,5826 2787,5824 2799,5824 2804,5830 2804,5872 2805,5872 3030,5872 3030,5872 3030,5833 3031,5832 3049,5832 3049,5833 3049,5834 3051,5835 3052,5835 3052,5836 3052,5837 3053,5838 3053,5876 3054,5876 3159,5876 3160,5878 3160,5882 3155,5887 3124,5887 3123,5888 3123,5916 3122,5917 3121,5917 3119,5919 3119,5920 3119,5920 3118,5920 3115,5923 3115,5924 3115,5924 3065,5924 3064,5925 3064,5945 3063,5946 3059,5946 3055,5950 2854,5950 2852,5949 2852,5948 2851,5946 2160,5946 2158,5945 2158,5944 2158,5943 1985,5943 1984,5944 1984,5949 1983,5950 1971,5950 1969,5949 1969,5948 1969,5947 1828,5947 1827,5946 1826,5946 1824,5945 1824,5944 1824,5943 1677,5943 1676,5944 1676,5957 1676,5957 1675,5957 1674,5958 1641,5958 1640,5959 1640,5987 1640,5987"/><TextEquiv index="1"><Unicode>lui-même à emprunter d'un ami une demi-</Unicode></TextEquiv></TextLine><TextLine id="r0_l032"><Coords points="1981,6157 1980,6157 1980,6155 1980,6154 1539,6154 1538,6154 1538,6142 1538,6141 219,6141 218,6141 218,6078 217,6076 216,6076 214,6075 214,6049 224,6039 225,6039 225,6039 225,6034 227,6032 228,6032 228,6032 229,6031 229,6030 231,6028 239,6028 240,6027 240,6026 241,6025 242,6025 244,6023 244,6022 245,6021 246,6021 247,6020 251,6020 251,6020 251,6019 253,6017 1290,6017 1290,6017 1290,5993 1292,5991 1293,5991 1294,5990 1294,5989 1296,5987 1297,5987 1297,5987 1297,5986 1300,5983 2551,5983 2551,5983 2551,5982 2553,5980 2555,5980 2555,5981 2555,5982 2557,5983 2561,5983 2563,5986 2563,5987 2564,5987 2565,5987 2566,5989 2566,5991 2567,5991 2941,5991 2941,5992 2941,5997 2944,5999 2945,5999 2945,6000 2945,6009 2946,6009 2947,6009 2949,6012 2949,6016 2951,6017 2952,6017 2952,6018 2952,6034 2954,6035 3014,6035 3015,6037 3015,6038 3017,6039 3018,6039 3019,6041 3019,6042 3021,6043 3022,6043 3023,6045 3023,6054 3024,6054 3144,6054 3149,6060 3149,6064 3151,6065 3152,6065 3152,6066 3152,6067 3153,6068 3153,6082 3151,6084 3150,6084 3149,6085 3149,6086 3148,6087 3117,6087 3116,6088 3116,6108 3114,6110 3113,6110 3112,6111 3112,6116 3111,6117 3106,6117 3105,6118 3105,6119 3103,6121 3102,6121 3101,6122 3101,6123 3099,6125 3098,6125 3097,6126 3097,6127 3096,6128 3092,6128 3089,6131 3089,6132 3089,6132 3084,6132 3082,6134 3082,6135 3081,6136 2798,6136 2797,6137 2797,6141 2796,6142 2796,6143 2796,6143 1996,6143 1995,6144 1995,6157 1995,6157"/><TextEquiv index="1"><Unicode>couronne pour aller dîner, &amp; bientôt après,</Unicode></TextEquiv></TextLine><TextLine id="r0_l033"><Coords points="1384,6316 1383,6316 1383,6274 1383,6273 1366,6273 1365,6273 1365,6272 1363,6269 1054,6269 1053,6270 1053,6272 1052,6273 1044,6273 1041,6271 1041,6270 1041,6269 954,6269 953,6269 953,6268 951,6265 947,6265 944,6262 468,6262 467,6263 467,6264 466,6265 464,6265 463,6265 463,6264 462,6262 253,6262 251,6264 251,6265 251,6265 231,6265 230,6266 221,6266 220,6265 219,6265 218,6265 218,6264 213,6258 212,6258 211,6258 211,6257 210,6256 210,6253 212,6251 213,6251 214,6250 214,6152 214,6151 213,6151 210,6149 213,6146 214,6146 214,6146 214,6145 216,6143 217,6143 219,6141 273,6141 273,6141 273,6128 274,6127 274,6126 276,6124 279,6124 280,6125 281,6125 281,6126 281,6127 287,6132 288,6132 288,6133 288,6135 289,6135 416,6135 417,6136 418,6136 418,6137 418,6138 420,6139 424,6139 426,6142 426,6173 427,6173 628,6173 630,6171 630,6167 632,6165 633,6165 633,6165 633,6164 636,6161 637,6161 637,6161 637,6156 639,6154 640,6154 641,6153 641,6152 642,6151 643,6151 645,6149 645,6148 646,6147 651,6147 652,6146 652,6145 654,6143 666,6143 667,6142 667,6141 669,6139 836,6139 838,6142 838,6143 839,6143 967,6143 967,6144 967,6145 970,6147 974,6147 975,6149 975,6150 976,6150 977,6150 979,6153 979,6154 980,6154 981,6154 982,6156 982,6169 983,6169 1078,6169 1079,6171 1079,6191 1080,6191 1300,6191 1302,6194 1302,6195 1303,6195 1527,6195 1527,6195 1527,6183 1530,6180 1531,6180 1531,6180 1531,6175 1533,6173 1534,6173 1535,6172 1535,6156 1537,6154 1556,6154 1557,6156 1557,6199 1558,6199 1719,6199 1721,6197 1721,6196 1722,6195 1742,6195 1743,6197 1743,6198 1745,6199 1750,6199 1750,6200 1750,6202 1751,6202 1928,6202 1928,6202 1928,6201 1930,6199 1931,6199 1932,6198 1973,6198 1973,6198 1973,6159 1974,6158 1979,6158 1980,6157 2050,6157 2053,6154 2057,6154 2061,6150 2071,6150 2072,6151 2073,6151 2073,6152 2073,6157 2075,6158 2076,6158 2077,6160 2077,6187 2078,6187 2295,6187 2295,6187 2295,6154 2296,6153 2296,6152 2298,6150 2305,6150 2307,6153 2307,6154 2308,6154 2528,6154 2529,6156 2529,6198 2530,6198 2696,6198 2696,6198 2696,6197 2698,6195 2730,6195 2730,6195 2730,6163 2732,6161 2733,6161 2733,6161 2733,6160 2735,6158 2740,6158 2741,6157 2741,6156 2743,6154 2755,6154 2755,6155 2755,6156 2756,6157 2756,6158 2757,6158 2966,6158 2967,6157 2967,6156 2969,6154 2988,6154 2989,6156 2989,6180 2990,6180 3130,6180 3130,6180 3130,6179 3133,6176 3137,6176 3138,6175 3138,6174 3139,6173 3141,6173 3142,6175 3142,6176 3143,6176 3144,6176 3145,6178 3145,6179 3147,6180 3148,6180 3149,6182 3149,6183 3151,6184 3152,6184 3153,6186 3153,6187 3154,6188 3155,6188 3156,6188 3156,6189 3156,6234 3163,6240 3164,6240 3164,6241 3164,6242 3162,6244 3161,6244 3160,6245 3160,6246 3159,6247 3158,6247 3157,6248 3156,6249 3156,6250 3155,6251 3154,6251 3153,6252 3153,6253 3152,6254 3124,6254 3123,6255 3123,6265 3123,6265 3122,6265 3119,6268 3119,6276 3118,6277 3110,6277 3108,6279 3108,6280 3108,6280 3065,6280 3064,6280 3064,6279 3063,6277 3003,6277 3000,6275 3000,6274 3000,6273 2702,6273 2700,6275 2700,6276 2700,6276 2699,6276 2698,6277 2424,6277 2422,6276 2422,6275 2421,6273 2414,6273 2219,6273 2218,6274 2218,6275 2216,6277 1870,6277 1869,6278 1869,6306 1869,6306 1868,6306 1864,6310 1863,6310 1862,6311 1862,6312 1860,6314 1845,6314 1843,6313 1843,6312 1842,6310 1837,6310 1836,6310 1836,6309 1836,6308 1834,6306 1833,6306 1832,6306 1832,6278 1832,6277 1644,6277 1643,6278 1643,6279 1642,6280 1633,6280 1632,6280 1632,6279 1631,6277 1534,6277 1531,6275 1531,6274 1531,6273 1399,6273 1398,6274 1398,6316 1398,6316"/><TextEquiv index="1"><Unicode>il fut ſaiſi &amp; amené en priſon à Marshalſea</Unicode></TextEquiv></TextLine><TextLine id="r0_l034"><Coords points="2076,6488 2075,6487 2066,6487 2065,6487 2065,6445 2065,6444 1983,6444 1982,6443 1955,6443 1954,6443 1954,6442 1953,6440 1722,6440 1721,6441 1721,6442 1719,6444 1697,6444 1694,6442 1694,6441 1694,6440 1441,6440 1438,6438 1438,6437 1438,6436 1206,6436 1205,6437 1205,6461 1204,6462 1203,6462 1201,6464 1201,6469 1201,6469 1200,6469 1199,6470 1182,6470 1181,6469 1180,6469 1179,6469 1179,6468 1179,6467 1178,6466 1177,6466 1175,6465 1175,6464 1174,6462 1173,6462 1171,6461 1171,6433 1171,6432 974,6432 973,6433 972,6433 971,6434 971,6435 970,6436 965,6436 964,6436 964,6435 962,6432 958,6432 956,6431 956,6430 956,6429 827,6429 826,6430 826,6476 826,6476 813,6476 812,6476 812,6430 812,6429 798,6429 797,6430 797,6431 797,6431 796,6432 795,6432 794,6433 793,6433 792,6432 791,6432 789,6431 789,6430 789,6429 386,6429 385,6430 385,6435 384,6436 383,6436 381,6435 381,6433 381,6432 249,6432 248,6433 248,6453 246,6455 245,6455 244,6456 244,6457 239,6462 212,6462 211,6462 211,6461 210,6460 210,6457 212,6455 214,6455 214,6455 214,6364 216,6362 217,6362 218,6361 218,6361 218,6360 220,6358 228,6358 229,6357 229,6356 230,6355 231,6355 232,6354 332,6354 335,6351 529,6351 529,6351 529,6343 530,6342 530,6341 531,6340 532,6340 533,6339 535,6339 536,6340 537,6340 537,6341 537,6351 538,6351 897,6351 897,6351 897,6338 899,6336 900,6336 900,6336 900,6335 901,6334 901,6330 903,6328 904,6328 904,6328 904,6323 906,6321 907,6321 908,6320 908,6320 908,6319 909,6318 910,6318 912,6316 912,6315 913,6314 914,6314 916,6312 916,6311 917,6310 922,6310 923,6309 923,6308 925,6306 940,6306 942,6309 942,6310 943,6310 944,6310 945,6312 945,6313 946,6313 947,6313 949,6316 949,6354 950,6354 1052,6354 1053,6353 1053,6352 1054,6351 1086,6351 1086,6351 1086,6349 1088,6347 1093,6347 1093,6347 1093,6346 1096,6343 1097,6345 1097,6346 1099,6347 1100,6347 1101,6349 1101,6354 1102,6354 1103,6354 1105,6357 1105,6358 1106,6358 1111,6358 1112,6360 1112,6361 1114,6362 1282,6362 1283,6361 1283,6360 1285,6358 1341,6358 1342,6357 1342,6353 1344,6351 1379,6351 1379,6351 1379,6319 1380,6318 1381,6318 1383,6316 1398,6316 1399,6317 1400,6317 1401,6319 1401,6323 1404,6325 1405,6325 1405,6326 1405,6354 1406,6354 1482,6354 1483,6353 1483,6349 1485,6347 1486,6347 1487,6349 1487,6362 1488,6362 1631,6362 1631,6362 1631,6361 1634,6358 1635,6358 1635,6358 1635,6353 1637,6351 1638,6351 1639,6350 1639,6345 1641,6343 1642,6343 1643,6342 1643,6337 1644,6336 1645,6336 1654,6327 1654,6326 1655,6325 1660,6325 1661,6324 1661,6323 1663,6321 1686,6321 1687,6323 1687,6362 1688,6362 1854,6362 1854,6363 1854,6364 1856,6365 2028,6365 2028,6365 2028,6349 2030,6347 2031,6347 2036,6353 2036,6354 2037,6354 2240,6354 2240,6354 2240,6349 2242,6347 2243,6347 2243,6347 2243,6346 2246,6343 2247,6343 2247,6343 2247,6342 2250,6339 2251,6339 2251,6339 2251,6338 2253,6336 2254,6336 2255,6335 2255,6335 2255,6334 2257,6332 2258,6332 2258,6332 2258,6331 2261,6328 2262,6328 2262,6328 2262,6327 2264,6325 2265,6325 2266,6324 2266,6323 2268,6321 2284,6321 2284,6321 2284,6320 2287,6317 2309,6317 2311,6320 2311,6321 2312,6321 2328,6321 2329,6323 2329,6324 2331,6325 2339,6325 2344,6331 2344,6362 2345,6362 2600,6362 2600,6362 2600,6352 2601,6351 2603,6351 2604,6353 2604,6362 2605,6362 2837,6362 2837,6362 2837,6320 2840,6317 2858,6317 2860,6320 2860,6335 2863,6338 2863,6362 2864,6362 3004,6362 3004,6362 3004,6327 3006,6325 3010,6325 3014,6321 3022,6321 3023,6323 3023,6324 3025,6325 3026,6325 3026,6326 3026,6327 3027,6328 3027,6339 3028,6339 3150,6339 3151,6340 3152,6340 3153,6342 3153,6350 3155,6351 3159,6351 3163,6355 3164,6355 3164,6356 3164,6357 3162,6359 3161,6359 3160,6360 3160,6369 3160,6369 3158,6369 3157,6370 3157,6396 3156,6397 3156,6398 3153,6401 3153,6402 3152,6403 3139,6403 3138,6404 3138,6406 3138,6406 3124,6406 3123,6407 3123,6432 3123,6432 3118,6432 3116,6434 3116,6442 3114,6444 3098,6444 3097,6445 3097,6446 3092,6451 3084,6451 3082,6450 3082,6449 3081,6447 3010,6447 3003,6440 2687,6440 2685,6442 2685,6443 2685,6443 2683,6443 2681,6442 2681,6441 2681,6440 2519,6440 2518,6441 2518,6487 2518,6487 2501,6487 2500,6487 2500,6441 2500,6440 2316,6440 2314,6442 2314,6443 2314,6443 2313,6443 2312,6444 2298,6444 2296,6443 2296,6442 2295,6440 2275,6440 2274,6440 2274,6439 2272,6436 2268,6436 2266,6435 2266,6434 2266,6433 2265,6433 2264,6432 2260,6432 2258,6431 2258,6430 2258,6429 2133,6429 2132,6430 2132,6439 2131,6440 2130,6440 2129,6441 2129,6442 2127,6444 2079,6444 2078,6445 2078,6488 2078,6488"/><TextEquiv index="1"><Unicode>pour une fort petite ſomme. Commode le</Unicode></TextEquiv></TextLine><TextLine id="r0_l035"><Coords points="2873,6662 2862,6662 2861,6661 2859,6661 2858,6660 2857,6660 2856,6659 2854,6659 2853,6658 2851,6658 2850,6657 2847,6657 2846,6656 2842,6656 2841,6655 2836,6655 2835,6654 2809,6654 2808,6654 2808,6619 2808,6618 2739,6618 2737,6617 2737,6616 2736,6614 2731,6614 2730,6614 2730,6613 2729,6611 2562,6611 2561,6610 2560,6610 2559,6610 2559,6609 2558,6607 2550,6607 2548,6606 2548,6605 2547,6603 2230,6603 2229,6604 2229,6617 2228,6618 2227,6618 2225,6620 2225,6625 2225,6625 2224,6625 2206,6643 2206,6644 2206,6644 2201,6644 2199,6646 2199,6647 2198,6648 2194,6648 2192,6647 2192,6619 2192,6618 2015,6618 2014,6619 2014,6620 2012,6622 1718,6622 1717,6623 1717,6624 1716,6625 1711,6625 1709,6624 1709,6623 1709,6622 1656,6622 1654,6621 1654,6619 1654,6618 1448,6618 1446,6620 1446,6621 1445,6622 1367,6622 1364,6620 1364,6619 1364,6618 1199,6618 1198,6619 1198,6620 1196,6622 1193,6620 1193,6619 1193,6618 1192,6618 1190,6617 1190,6615 1190,6614 972,6614 971,6615 971,6617 970,6618 969,6618 968,6619 968,6620 966,6622 963,6620 963,6619 963,6618 962,6618 960,6617 960,6615 960,6614 884,6614 882,6613 882,6612 882,6611 800,6611 799,6610 798,6610 797,6610 797,6609 796,6607 501,6607 500,6608 500,6617 499,6618 498,6618 496,6620 496,6621 495,6622 494,6622 493,6623 493,6631 491,6633 490,6633 489,6634 489,6635 487,6637 486,6637 485,6638 485,6639 480,6644 324,6644 321,6642 321,6641 321,6640 283,6640 281,6639 281,6597 281,6596 213,6596 210,6594 210,6593 210,6592 209,6592 207,6591 207,6579 209,6577 210,6577 210,6577 210,6521 211,6520 211,6519 212,6518 213,6518 214,6517 214,6516 215,6515 216,6514 217,6514 218,6513 218,6512 220,6510 221,6510 222,6509 222,6504 223,6503 224,6503 229,6498 229,6497 230,6496 231,6496 232,6495 236,6495 236,6495 236,6494 238,6492 239,6492 240,6491 240,6490 242,6488 243,6488 244,6487 244,6486 246,6484 247,6484 248,6483 248,6482 249,6481 250,6481 251,6480 255,6480 255,6480 255,6479 257,6477 261,6477 262,6476 262,6475 264,6473 265,6473 266,6475 266,6476 268,6477 273,6477 273,6478 273,6479 274,6480 274,6484 275,6484 328,6484 329,6486 329,6492 330,6492 336,6492 337,6494 337,6503 338,6503 478,6503 478,6503 478,6501 480,6499 541,6499 541,6499 541,6478 542,6477 543,6477 547,6473 555,6473 555,6473 555,6472 558,6469 565,6469 567,6472 567,6477 568,6477 733,6477 733,6477 733,6476 736,6473 859,6473 860,6475 860,6476 862,6477 907,6477 908,6479 908,6521 909,6521 1096,6521 1097,6523 1097,6524 1099,6525 1335,6525 1335,6525 1335,6512 1337,6510 1338,6510 1338,6510 1338,6509 1340,6507 1342,6507 1342,6508 1342,6525 1343,6525 1586,6525 1587,6527 1587,6528 1589,6529 1928,6529 1928,6529 1928,6516 1930,6514 1931,6514 1932,6513 1932,6508 1933,6507 1934,6507 1939,6502 1939,6498 1942,6495 1946,6495 1951,6490 1951,6489 1952,6488 1957,6488 1958,6487 1958,6486 1960,6484 1975,6484 1978,6487 2075,6487 2076,6488 2079,6488 2083,6492 2084,6492 2084,6493 2084,6529 2085,6529 2132,6529 2132,6530 2132,6531 2134,6532 2138,6532 2139,6533 2302,6533 2303,6532 2310,6532 2310,6532 2310,6531 2312,6529 2500,6529 2500,6529 2500,6488 2501,6487 2518,6487 2518,6488 2518,6529 2519,6529 2914,6529 2915,6528 2915,6527 2917,6525 2933,6525 2934,6524 2934,6523 2936,6521 3004,6521 3004,6521 3004,6520 3006,6518 3008,6518 3008,6519 3008,6521 3009,6521 3040,6521 3041,6523 3041,6524 3043,6525 3159,6525 3160,6527 3160,6528 3162,6529 3163,6529 3164,6531 3164,6543 3164,6543 3163,6543 3162,6544 3158,6544 3156,6546 3156,6547 3156,6547 3155,6547 3154,6548 3128,6548 3127,6549 3127,6620 3125,6622 3124,6622 3123,6623 3123,6628 3122,6629 3121,6629 3119,6628 3119,6627 3119,6626 3104,6626 3103,6625 3102,6625 3101,6625 3101,6615 3101,6614 3050,6614 3049,6614 3049,6613 3048,6611 2894,6611 2893,6612 2893,6654 2892,6655 2891,6655 2889,6657 2889,6662 2889,6662 2875,6662 2874,6663"/><TextEquiv index="1"><Unicode>ſçut, le délivra encore une fois, mais ne vou-</Unicode></TextEquiv></TextLine><TextLine id="r0_l036"><Coords points="2261,6826 2258,6824 2258,6823 2258,6822 2257,6822 2255,6821 2255,6772 2254,6770 2253,6770 2251,6769 2251,6653 2253,6651 2276,6651 2280,6647 2292,6647 2292,6647 2292,6646 2294,6644 2325,6644 2325,6645 2325,6646 2327,6647 2342,6647 2344,6650 2344,6651 2345,6651 2350,6651 2351,6653 2351,6654 2353,6655 2807,6655 2808,6654 2835,6654 2836,6655 2841,6655 2842,6656 2846,6656 2847,6657 2850,6657 2851,6658 2853,6658 2854,6659 2856,6659 2857,6660 2858,6660 2859,6661 2861,6661 2861,6662 2861,6663 2861,6663 2815,6663 2814,6662 2813,6662 2811,6661 2811,6660 2811,6659 2366,6659 2365,6660 2368,6662 2380,6674 2381,6674 2381,6675 2381,6677 2382,6677 2573,6677 2574,6679 2574,6680 2576,6681 2577,6681 2578,6683 2578,6725 2579,6725 2587,6725 2589,6728 2589,6729 2590,6729 2591,6729 2592,6731 2592,6732 2593,6733 2592,6734 2592,6740 2592,6740 2587,6740 2585,6742 2585,6743 2584,6744 2553,6744 2552,6745 2552,6817 2550,6819 2549,6819 2548,6820 2548,6821 2547,6822 2274,6822 2273,6823 2273,6825 2272,6826"/><TextEquiv index="1"><Unicode>Da</Unicode></TextEquiv></TextLine><TextLine id="r0_l037"><Coords points="526,7542 1833,7542 1833,7695 526,7695"/><TextEquiv index="1"><Unicode></Unicode></TextEquiv></TextLine></TextRegion></Page></PcGts>