4266 7754
1166 803 3641 1018 4 LLavveetlessavvntures
1185 1010 4154 1191 „plus grand plaiſir à rendre des ſervices
1186 1182 4146 1361 „réels à une perſonne de votre caractere,
1182 1346 4123 1534 „& en même-tems à ma patrie: ç'a tou-
1066 1508 4131 1698 „jours été mon ambition; & dans la dé-
1185 1679 4146 1852 „treſſe où je me trouve, il n'y a que cette
1189 1848 4124 2022 „eſpérance qui ſoit capable de me tran-
1193 2016 1994 2188 „quilliſer.
1185 2180 4153 2381 „J'aurois encore à vous communiquer
1185 2349 4116 2525 „d'autres choſes auſſi eſſentielles aux af-
1189 2514 4116 2691 „faires de l'Amérique, comme la nature
1193 2682 4153 2854 „& l'utilité de papiers qui euſſent cours
864 2843 4153 3023 „en Angleterre, la néceſſité de l'aſſujettir
1189 3012 4146 3189 „à de certaines regles, ſans quoi il en
1185 3177 4150 3350 „réſultera des conſéquences fâcheuſes
1178 3345 4150 3553 „pour notre commerce & celui de ſes
1185 3517 2147 3688 „colonies.
1178 3647 4138 3883 „J'ai auſſi quelques remarques utiles à
1178 3843 4138 4015 „vous preſenter ſur le ſoin que l'on doit
1178 4007 4109 4182 “avoir d'établir la pêche du hareng & de
1182 4171 4146 4350 „la baleine ſur les côtes ſeptentrionales
1174 4341 4138 4522 „d'Ecoſſe; & je me croirois ſuffiſamment
1174 4513 4134 4686 „récompenſé, ſi le peu de connoiſſance
1103 4681 4109 4849 „& d'induſtrie dont je ſuis capable, pou-
1178 4834 4247 5016 „voient me procurer ſeulement cinq ſchel-
1178 4998 4123 5188 „lings par jour pour me ſoutenir. Comme
1178 5164 4153 5348 „il ne me reſte vraiſemblablement que
1171 5332 4150 5511 „peu de tems à vivre, ſi vous voulez bien
1185 5507 4146 5682 „écouter l'humanité, en me procurant la
923 5669 4150 5851 „liberté, & me mettant dans le cas de
1185 5837 4146 6016 „pouvoir ſubſiſter, vous aurez ſans doute
1182 6006 4135 6198 „la ſatisfaction d'avoir délivré de la plus
1182 6174 4142 6347 “grande miſere, Monſieur, votre très, &c.
2540 6498 3630 6660 illiam Failer.
