4266 7754
1178 799 3667 974 LaveTlLsavenrurns
1189 972 4138 1153 convaincus que cette Dame & ſon frere
1182 1129 4127 1310 étoient toujours dans les mêmes ſentimens
1185 1305 4108 1463 pour mon ami, & deſiroient fort de rece-
1193 1466 2679 1639 voir de ſes nouvelles.
1354 1634 4112 1820 Quoique j'affectaſſe un extérieur tran-
1189 1803 4097 1985 quille & ſatisfait, j'étois néanmoins fort
1189 1968 4097 2153 chagrin de voir mon pere & M. Diaper dé-
1182 2137 4094 2318 terminés à m'établir dans la mercerie en
1182 2297 4093 2486 gros. Ce commerce ne me plaiſoit point
1178 2469 4094 2648 du tout, & le départ de mon ami n'y avoit
1170 2641 4094 2807 pas peu contribué: d'ailleurs les divers ac-
1178 2790 4090 2978 cidens qui m'étoient arrivés, la mort de
1170 2959 4094 3141 ma chere Louiſe, & la vie que j'avois me-
1156 3120 4165 3311 née en dernier lieu, m'avoient donné de la
1156 3289 4082 3468 répugnance pour toute application ſéden-
1129 3457 4108 3637 taire. Ce n'étoit pourtant pas avoir une
1163 3622 4086 3806 idée juſte des choſes; car dans l'exécution
1163 3783 4109 3974 de mon projet de voyage, ſi j'avois ſeule-
1159 3962 4097 4135 ment penſé aux embarras qui s'y rencon-
1163 4123 4120 4305 trent tout naturellement, & aux ſoins qu'il
1159 4284 4109 4470 me falloit prendre pour réuſſir ſelon mes
1159 4449 4123 4635 deſirs, je crois que j'aurois abſolument-
1163 4614 4086 4793 abandonné ce projet; mais je ne me pro-
1159 4778 4116 4968 poſois autre choſe, en changeant de pays,
1159 4943 4112 5115 que de diſtraire mes chagrins par la variété
1156 5111 4116 5289 des objets. En peu de tems mon amour
1156 5276 4109 5458 ſans eſpoir avoit donné à mon eſprit un
1152 5448 4108 5626 tour romaneſque, qui ne me permettoit
1155 5609 4108 5786 pas de me lier par un emploi ſtable: je
1148 5779 4123 5962 n'aurois jamais pu me tirer de ce labyrinthe,
1148 5939 4109 6126 ſi ma bonne fortune n'eût ramené Prig à-
1156 6103 4105 6287 Londres. Dès qu'il aprit que nous étions
1159 6269 4086 6444 tous réunis chez M. Diaper, il vint nous
1152 6435 4079 6627 y rendre viſite: ce Gentilhomme le reçut
3787 6647 4168 6763 avec-
