4266 7682
1241 635 3697 821 LavieEtlesaventores
1245 801 4214 972 envoyer dans ſes différens comptoirs, &
1249 968 4151 1142 qu'il ne doutoit point de pouvoir m'y pro-
1241 1134 4170 1315 curer une bonne place. Mon pere le laiſſa
1123 1300 4162 1482 entierement le maître de tout, perſuadé
1249 1466 4151 1622 qu'il ne pouvoit me remettre en de meil-
1245 1627 2237 1800 leures mains.
1419 1796 4148 1969 A notre arrivée à Londres, nous fûmes
1252 1959 4155 2133 reçus & régalés magnifiquement. Le len-
1260 2125 4162 2299 demain M. Goodvill me mena avec lui
1260 2291 4155 2468 chez ſon oncle, qui à l'inſtant l'aſſura qu'il
1263 2458 4160 2630 alloit me placer: il nous parla de M. Social
1271 2620 4162 2795 Capitaine du Hartings, frêté pour le Fort
1260 2783 4162 2962 Saint George, comme d'un homme fort
1260 2953 4160 3128 aimable, & me dit que par ſon moyen j'au-
1256 3116 4155 3290 rois dans cet endroit un comptoir qui me
1260 3282 4155 3454 ſeroit beaucoup plus avantageux que l'em-
1256 3445 4159 3625 ploi de Supercargo, & il me pria de l'aller
1260 3615 4184 3780 voir quand je ſerois prêt à partir. Nous le
1260 3774 4166 3948 quittâmes fort contens de notre viſite, &
1260 3937 4173 4099 M. Goodvill me dit qu'il ne doutoit point
1263 4103 4173 4274 que ſon oncle ne me tint parole. Allons,
1263 4266 4170 4437 M. Thompſon, ajouta t-il, j'engagerai Ma-
1271 4428 4166 4599 dame Goodvill à envoyer une pacotille de
1271 4595 4166 4758 deux mille livres, que vous ferez valoir. Je
1267 4750 4170 4922 l'embraſſai pour cette nouvelle marque d'a-
1267 4909 4177 5094 mitié, & je retournai avec lui auſſi gai que
1274 5072 4188 5250 je l'aie été de ma vie, entouſiaſmé de ma
1271 5234 4170 5415 nouvelle ſituation, & du plaiſir que j'allois
1271 5412 4177 5578 goûter en parcourant les pays étrangers,
1278 5572 4181 5747 pour augmenter ma fortune, & me mettre
1282 5737 4195 5911 en état de rendre ſervice à mes amis. Deux
1282 5896 4173 6077 ou trois jours après, j'eus ordre d'aller trou-
1282 6066 4166 6245 ver les Directeurs; j'y fus le lendemain,
1278 6225 4188 6395 & je crois n'avoir jamais été ſi frapé qu'à
