4266 7661
651 614 3116 803 De Jostph TioMpson.
80 756 3155 967 dignes femmes tout le tems que je pus; &
76 959 3107 1125 de concert avec mes amis, je tâchai de
238 1121 3100 1293 diſſiper, autant qu'il fut poſſible, l'affliction
231 1286 3092 1457 de ma mere, & de la guérir de ſes idées
242 1455 3107 1622 de crainte de tous les malheurs qui pou-
227 1621 1349 1786 voient m'arriver.
400 1775 3100 1949 Un jour mon pere me tira à l'écart, &
234 1945 3096 2099 me ſerrant entre ſes bras, il me dit, en
220 2099 3170 2275 laiſſant échaper quelques larmes: Mon
231 2268 3089 2443 cher fils, vous allez être ſéparé de moi,
231 2434 3085 2607 peut-être pour toujours; j'ai cédé à votre
223 2599 3081 2773 importunité, & maintenant que je l'ai fait,
227 2761 3089 2935 l'événement m'inquiette: cependant j'eſ-
227 2930 3089 3096 pere que l'Etre ſouverain qui arrange tou-
227 3089 3081 3265 tes choſes pour le mieux, ſera votre guide
227 3254 3078 3429 & votre protecteur, qu'il benira vos tra-
223 3420 3081 3589 vaux, & qu'il vous rendra ſain & ſauve à
223 3578 3085 3749 des parens affligés, qui n'ont d'autres con-
227 3743 3081 3906 ſolations que vous, & à des amis qui vous
227 3894 3081 4027 eſtiment. Je vous ai dreſſé mon cher fils
228 4053 3174 4226 quelques inſtructions; je vous recomman-
227 4225 3081 4396 de de les lire ſouvent, afin que quand vous
216 4387 3078 4554 ſerez éloigné de moi, les ſoins de votre
223 4552 3078 4707 pere ne vous manquent pas au beſoin. Si
216 4711 3085 4881 vous en faites la regle de vos actions, ce
220 4872 3081 5031 dont je ne doute point, vous ſerez heu-
220 5034 3074 5204 reux. Il n'en dit pas davantage, & me re-
216 5200 3074 5373 mit ce papier, que j'arroſai de mes larmes;
216 5365 3078 5532 je n'oublierai jamais les excellentes maxi-
227 5527 3093 5699 mes qu'il contenoit, & que j'ai jugé à pro-
10 5696 1470 5906 pos de raporter ici.
559 5925 1534 6080 Mon cher fils,
239 6176 3082 6367 „Quelque peine que j'aie à me ſéparer
