4266 7632
1171 618 3566 800 L vieEEL LeAAeentures
1182 786 4031 959 „de vous, je céde à vos deſirs, & je
1178 955 4024 1128 „vous abandonne aux ſoins de cette Pro-
1182 1120 4031 1298 „vidence ſurveillante, qui dirige & gou-
1186 1281 4035 1458 „verne toutes les actions de notre vie;
1189 1449 4035 1622 „mais comme vous avez dérangé mes eſ-
1196 1613 4042 1782 “pérances, & les projets que j'avois for-
1197 1775 4042 1944 „més de vous voir bientôt établi dans
1193 1940 4035 2110 “votre patrie, & de jouir du plaiſir & de
1197 2101 4061 2262 „la conſolation de vous ſentir près de moi;
1201 2270 4040 2428 “que vous allez vous plonger dans une
1200 2427 4054 2594 „mer d'embarras, & eſſuyer les dangers
1200 2592 4042 2763 „inévitables d'un voyage long & en-
1200 2753 4039 2923 “nuyeux, pour vous fixer, du moins pour
1204 2918 4042 3086 “quelque tems, dans un pays éloigné dont
1200 3082 4061 3253 „le climat eſt ſouvent contraire à la ſanté
1207 3240 4054 3417 “de ceux qui ſont nés dans nos pays ſep-
1204 3409 4035 3583 “tentrionaux; les liens les plus ſacrés vous
1207 3566 4039 3737 „obligent à ſuivre les regles de la ſageſſe
1204 3735 4046 3899 “& de la vertu, & de prendre tous les
1200 3892 4039 4063 „ſoins poſſibles de votre ſanté, afin qu'a-
1211 4049 4046 4227 “vant de mourir, je puiſſe jouir encore du
1204 4218 4039 4372 “plaiſir de vous revoir. Pardonnez donc à
1207 4379 4035 4549 “l'affection & à la tendreſſe d'un pere,
1208 4540 4039 4702 „recevez ce petit nombre d'inſtructions
1207 4698 4039 4864 „ſur la façon de vous conduire dans une
1200 4855 4046 5030 „entrepriſe ſi périlleuſe; quoique vos bon-
1208 5016 4042 5192 “nes qualités & votre raiſon me donnent
1207 5187 4039 5342 „lieu de croire que vous en avez moins
1205 5347 2802 5512 “beſoin que tout autre.
1204 5511 4028 5708 „En premier lieu, mon cher fils, que
1204 5676 4039 5843 „toutes vos actions & vos paroles ſe ſen-
1196 5833 4024 6004 „tent de la vénération que vous devez
1200 5998 4013 6169 „avoir pour la Divinité; ne perdez jamais
1193 6159 4046 6331 „de vue cet objet; que votre intention
