4266 7601
1062 658 3669 843 oLLaI eT LES Avetures
1069 833 3891 997 „que vous pourrez acquérir, ſeront par
1076 1000 3894 1167 „ce moyen comme un baume dans votre
1073 1164 3884 1326 „cœur; vous ne les enviſagerez jamais
1076 1324 4069 1495 „avec cette inquiétude chagrine qu'occa-
1076 1477 3749 1651 „ſionne toujours le bien mal acquis.
1244 1644 3884 1815 „N'affectez jamais d'avoir des connoiſ-
1084 1812 3905 1965 „ſances ſupérieures à ceux à qui vous avez
1085 1969 3895 2137 „affaire. Quand vous traiterez avec les
1084 2136 3902 2302 „naturels du pays où vous allez, faites-
1087 2296 3916 2449 „leur voir que vous êtes véritablement
1084 2456 3898 2622 „Chrétien, & que ce qui vous met au-
1091 2613 3898 2780 „deſſus d'eux, eſt uniquement la fincéri-
1095 2777 3905 2944 „té, l'honneur & la probité. Peut-être
1102 2940 3905 3106 „pourrez-vous, avec une pareille condui-
1102 3097 3916 3267 „te, leur faire goûter la doctrine dont
1098 3257 3920 3429 „vous faites profeſſion, quoique ce ne
1102 3421 3920 3591 „ſoit point là votre miſſion, & qu'il ne
1109 3581 3923 3751 „ſoit pas néceſſaire de vous écarter de
1109 3742 3916 3902 „vos devoirs pour faire de pareilles ten-
1118 3910 1748 4063 „tatives.
1106 4065 3916 4263 „Ne ſoyez ni trop impatient, ni cole-
1106 4231 3916 4386 „re, comme il arrive ſouvent à ceux qui
1114 4390 3921 4547 „demeurent long - tems dans les pays
1106 4550 3909 4712 „chauds; la colere rend le viſage diffor-
1120 4699 3924 4874 „me; elle gâte le cœur, & rend un hom-
1120 4855 3931 5037 „me à charge à lui-même, & odieux à
1127 5034 2813 5187 „ceux qui l'environnent.
1117 5183 3927 5377 „Ne buvez des liqueurs fortes qu'avec
1117 5350 3927 5518 „modération, & uniquement pour la ſan-
1131 5507 3938 5682 „té: je vous recommande d'éviter toute
1127 5671 3927 5836 „intempérance de cette eſpece: elle a
1131 5827 3927 5991 „perdu une quantité innombrable de gens
807 5998 3920 6153 „dans les Indes. Figurez-vous que vous
1135 6144 3949 6319 „êtes comptable de votre vie & de ſon
