4266 7651
734 595 3116 757 De Joseph Thompson.
9 569 3108 1037 „uſage à l'Auteur de votre être, & que
10 943 3112 1163 „c'eſt de ſa conſervation que dépend le
9 1109 3112 1329 „bonheur ou le malheur de vos pere &
10 1327 826 1450 „mere.
275 1432 3119 1644 „Adieu, mon cher fils, puiſſent vos
270 1601 3123 1770 „entrepriſes avoir le ſuccès le plus heu-
278 1763 3123 1932 „reux; puiſſiez-vous enfin revenir ſain &
278 1928 3127 2097 „ſauf, & combler de bonheur votre ten-
87 2094 2149 2256 „dre & affectionné pere,
1462 2416 2815 2586 illiam Thompſon.
434 2748 3141 2925 J'eus beaucoup de ſatisfaction avant mon
304 2913 3145 3079 départ, d'aprendre que M. Diaper s'étoit
307 3079 3152 3255 rendu aux deſirs de mon pere & M. Good-
304 3237 3149 3419 vill, & qu'il iroit avec ſa famille paſſer
311 3406 3152 3564 quelques mois dans le pays d'York, partie
315 3567 3160 3737 chez l'un, & partie chez l'autte, auſſi-tôt
315 3729 3160 3893 qu'il m'auroit vu embarqué. J'eus ainſi le
315 3887 3163 4055 plaiſir de ſonger que toutes ces perſonnes
326 4052 3171 4214 eſtimables ſeroient réunies enſemble pour
326 4214 3171 4388 ſe conſoler mutuellement des chagrins que
326 4379 3174 4546 mon abſence & celle de mon ami devoient
322 4545 3174 4717 naturellement cauſer à deux peres tendres,
333 4703 3185 4873 dont nous étions les ſeuls enfans, & l'uni-
333 4865 3189 5037 que eſpérance. M. Goodvill goûta tellement
333 5030 3185 5199 Prig, qu'il lui promit l'adminiſtration de
337 5188 3193 5361 toutes ſes affaires, & lui donna une procu-
341 5357 3189 5531 ration pour agir comme ſon intendant dans
341 5519 3185 5685 trois ou quatre biens conſidérables qu'il
352 5684 3204 5855 avoit dans le Comté de Hertfort. Il le preſſa
352 5846 3200 6019 auſſi de faire un voyage au pays d'York
355 6008 3204 6183 dans le même tems; à quoi il conſentit
356 6173 3215 6338 d'autant plus volontiers, qu'il étoit alors
