4266 7552
608 637 2960 811 DE JosEp ThoMPson.6
24 792 2949 980 enſin le ſignal terrible fut donné, il fallut
28 958 2971 1121 nous rendre à bord, & tandis que le Ca-
28 1121 2967 1300 taine & les autres paſſoient dans la cha-
132 1286 2982 1616 aueu a oou ee aiià oout
140 1604 2982 1777 fut un peu frapé de ce ſpectacle atten-
154 1770 2967 1939 driſſant malgré toute ſa philoſophie, &
147 1936 2982 2100 Prig pleuroit ſi amerement qu'il ne put
143 2091 2978 2268 pas prononcer une ſyllabe. M. Diaper fut
161 2253 2978 2416 auſſi touché, que quand il ſe ſépara de
161 2419 2989 2590 ſon propre fils; ſa femme & Madame Good-
161 2585 2989 2752 vill fondoient en larmes; mon pere me
176 2740 2993 2911 ſerra dans ſes bras & me donna mille
168 2902 2993 3066 bénédictions. J'embraſſai ma chere mere,
179 3066 2993 3237 que la douleur empêchoit preſque de me
186 3223 3007 3396 rendre les mêmes careſſes; pour moi
183 3389 3007 3553 j'étois occupé à répondre aux empreſſe-
201 3548 3014 3710 mens de toute la bande, & je n'étois pas
197 3699 3014 3873 moins touché. Nous partimes enfin, & je
96 3854 3021 4024 crois que la ſéparation de l'ame d'avec le
183 4023 3018 4187 corps, ne peut avoir rien de plus terrible
219 4175 3025 4353 que cette circonſtance le fut pour moi.
212 4341 3021 4515 M. Goodvill & M. Diaper me virent ſeuls
219 4504 3029 4682 arriver à la chaloupe, où je paſſai après
208 4659 3032 4842 les avoir embraſſés tous les deux, ſans dire
226 4821 3043 4999 un ſeul mot. J'aurois cru pouvoir ſoutenir
215 4983 3047 5135 cet adieu avec plus de fermeté; mais les
223 5146 3047 5318 larmes me gagnerent, & mon cœur fut
237 5304 3047 5473 tellement accablé de chagrin, qu'il ne me
241 5463 3058 5644 fut pas poſſible de jetter davantage les yeux
251 5632 1431 5798 du côté du rivage.
280 5788 3061 5965 Quand nous fûmes arrivés au vaiſſeau,
255 5950 3058 6124 le Capitaine fit aporter une jatte de punch
255 6119 3054 6285 pour nous noyer le chagrin, & il me dit
