4266 7663
1196 662 3706 890 OLa vie ET Ls AveETUres
1193 872 4056 1042 force que je puſſe prendre ſur moi-même,
1189 1040 4052 1374 eeemmpee des aures oaſagess e nee en-
1189 1366 4026 1547 fermai dans ma chambre. Le tumulte hor-
1189 1535 4019 1698 rible qui ſe faiſoit ſur le tillac, les cris du
1193 1694 4045 1839 Boſman & de ſes mouſſes ſe mêlant avec
1189 1860 4041 2043 le ſiflement des vents & le bruit continuel
1189 2022 4015 2208 des vagues irritées, répandoient une con-
1185 2188 4019 2370 fuſion capable de faire tourner la tête à
1182 2361 4022 2533 tout homme qui n'eſt point accoutumé à
1185 2523 4052 2696 ce ſpectacle effrayant. Nous reſtâmes vingt-
1185 2692 4030 2860 quatre heures dans cet état; quoique cette
1178 2854 4026 3026 tempête nous eût donné beaucoup de peine
1174 3015 4004 3188 à tous, le Capitaine Social me dit, dans
1171 3175 4023 3355 le plus fort, que ce n'étoit rien qu'un bon
1167 3344 4026 3520 tems de mer, & me jura qu'il s'étoit trou-
1160 3506 4019 3683 vé fort ennuyé d'être ſi long-tems ſans rien
1159 3661 4026 3846 faire. Le lendemain vers le midi le ciel
1174 3838 4015 4008 commença à s'éclaircir; le vent diminua
1159 4004 3986 4173 peu à peu, & bientôt le tems devint ſe-
1159 4164 3986 4339 rein; & le ſoleil nous lança ſes rayons &
1156 4321 4015 4500 il ne nous reſta d'autre incommodité que
1148 4479 3982 4662 le roulis du vaiſſeau occaſionné par le mou-
1149 4657 4008 4814 vement violent que la tempête avoit im-
1145 4804 4011 4979 primé dans les flots, & qui donnoit plus
1152 4973 4244 5143 d'embarras aux matelots que la tempête
1152 5140 4008 5294 même; mais ſur le ſoir il ſurvint un cal-
1152 5301 4008 5478 me parfait, & la ſurface de l'eau devint
1152 5467 4008 5636 auſſi unie qu'un étang. Le ſoleil prêt à ſe
1152 5632 3967 5802 coucher formoit ſur notre horiſon une eſ-
1148 5795 4000 5970 pece d'amphitéâtre de lumiere & d'obſcuri-
1152 5960 3986 6135 té. Le firmament aſuré étoit émaillé de tous
1148 6126 3993 6302 les aſtres brillans qui ornent ſes plaines ſpa-
1156 6292 3986 6465 ieuſes, juſqu'à ce qu'enfin la lune ſe le-
