4266 7754
1148 718 3641 906 7LaVvieetlesaventurus
1159 890 4064 1051 tems, qui heureuſement avoit été favora-
1155 1047 4064 1234 ble, une chaloupe remplie de gens qui ſem-
1163 1215 4135 1395 bloient ramer de toutes leurs forces pour
1159 1389 4075 1571 atteindre notre vaiſſeau; ſur quoi le Ca-
1159 1555 4079 1904 e s ieur beuse ee aueres gens ouies
1159 1888 4071 2069 preſque morts de fatigue arriverent par le
1167 2054 4079 2234 travers du vaiſſeau, d'où ils nous prierent
1167 2218 4079 2392 pour l'amour de Dieu de les prendre ſur
1167 2390 4075 2564 notre bord, ce que nous fimes auſſi-tôt:
1163 2559 4075 2729 nous les halâmes au nombre de quarante-
1163 2712 4078 2898 ſix. Rien ne m'a jamais fait plus de plaiſir:
1163 2885 4079 3227 aqoee aas geaui des mae de maer rouneue leus
1170 3221 4079 3393 compagnons dans ces occaſions. Ils s'em-
1167 3381 4082 3555 preſſoient tous à l'envi de leur donner du
1163 3547 4079 3724 rafraîchiſſement, pour nous nous prîmes
1170 3714 4086 3880 le Capitaine & deux autres qu'il nous mon-
1171 3884 4079 4056 tra; nous les conduiſimes dans la grande
1170 4048 4135 4223 chambre, où nous leur ſervîmes à boire &
1174 4213 4082 4389 à manger de ce que nous avions de meil-
1170 4382 4082 4557 leur, & nous eûmes le plaiſir de les voir
1170 4546 4240 4721 manger comme des affamés; car n'ayant
1171 4711 4082 4877 eu le tems de tirer de leur vaiſſeau qu'un
1170 4868 4079 5044 peu de biſcuit, ils avoient jeûné preſque
1174 5029 4086 5211 tous, depuis le moment qu'ils en étoient
1174 5194 4086 5375 ſortis. Nous aprîmes que leur vaiſſeau étoit
1171 5358 4086 5545 parti de la Virginie pour Londres, chargé
1178 5534 4079 5707 en partie de tabac & de rum qu'ils avoient
1170 5703 4086 6040 enaiioamonne aaiaer ſur leu s ore, poun
1174 6032 4079 6204 qui le Capitaine marquoit beaucoup de
1171 6200 4082 6372 teſpect: cela nous le fit examiner plus at-
1174 6361 4079 6556 tentivement; mais je n'eus pas plutôt jetté
3910 6534 4110 6662 les
