4266 7712
645 511 3018 703 DE JosapH Thompson.
47 686 3022 866 les yeux ſur lui, qui me regardoit en mê-
39 849 3033 1035 me-tems, qu'il accourut à moi, & nous
144 1020 3074 1193 nous embraſſâmes avec les plus grandes
148 1183 3040 1368 marques d'amitié. Nous ne pouvions profé-
147 1347 3037 1522 rer d'autres paroles que, mon cher Thomp-
140 1514 3029 1697 ſon! mon cher Prim! C'étoit en effet ce
140 1681 3044 1859 jeune homme que je me ſerois plutôt at-
136 1848 3026 2019 tendu de trouver à Londres dans ce mo-
133 2012 3026 2193 ment, que ſur le Haſtings. Chacun parut
136 2175 3081 2358 auſſi charmé que nous d'une rencontre
147 2349 3040 2526 auſſi imprévue; & mes compagnons s'em-
144 2509 3033 2692 preſſérent tous à qui marqueroit plus d'ami-
133 2673 3033 2852 tié à ces nouveaux venus. Si je fus ſurpris
140 2847 3029 3019 de rencontrer Prim, il ne le fut pas moins
140 3007 3029 3181 de me voir en mer; mais nous fûmes obli-
144 3178 3037 3356 gés de ſuſpendre notre curioſité pour nous
147 3345 3037 3518 occuper d'autre choſe. Le Capitaine Clé-
110 3508 3033 3686 ment, (c'étoit le nom du Commandant
144 3668 3033 3835 du vaiſſeau brûlé) nous fit les remercie-
47 3831 3029 4010 mens les plus ſinceres du ſecours que nous
114 3994 3037 4174 lui avions donné; & pria le Capitaine So-
10 4162 3026 4338 cial de vouloir bien le garder ſur ſon bord
10 4324 3029 4518 lui & ſon équipage, juſqu'à ce qu'on ren-
9 4492 3037 4676 contrât un vaiſſeau chargé pour l'Europe,
10 4659 3033 4851 promettant de tirer des lettres ſur ſes pro-
9 4826 3026 5017 priétaires, pour le dédommager; mais Prim
10 4990 3025 5167 aſſura notre Capitaine qu'il le ſatisferoit de
10 5153 3026 5349 tout avant que de quitter notre bord, &
10 5324 3022 5494 qu'il prendroit les billets du Capitaine Clé-
140 5491 3026 5658 ment. Nous y conſentîmes, & quand tout
10 5658 3022 5833 fut arrangé, & des poſtes donnés aux ma-
103 5825 3025 6004 telots, le Capitaine Social donna une
144 5989 3018 6166 chambre à M. Clément: pour moi j'offris
88 6156 3026 6342 à Prim la moitié de la mienne pour tout le
13 6319 1069 6460 III. Partie.
