4266 7661
1316 613 3696 787 LavEetlSAventuRes
1327 779 4170 948 tems qu'il ſeroit à bord; il l'accepta volon-
1323 944 4159 1103 tiers, & une autre perſonne de notre vaiſ-
1327 1106 4170 1279 ſeau eut la même attention pour leur ca-
1176 1272 2022 1449 marade.
1481 1433 4166 1608 Le Capitaine Clément nous fit le recit
1316 1599 4166 1776 de l'accident arrivé à leur vaiſſeau que
1316 1768 4159 1934 l'on apelloit le Lovely Betty de quatorze
1308 1934 4159 2102 canons, & de trois cens tonneaux de char-
1308 2092 4155 2270 ge. Le cuiſinier ayant laiſſé du feu dans la
1312 2257 4155 2434 cuiſine plutard qu'à l'ordinaire, un mate-
1308 2426 4155 2597 lot y avoit allumé ſa pipe, & s'en étoit
1305 2588 4148 2750 allé à ſon poſte fumer avec quelques-uns
1308 2754 4155 2926 de ſes compagnons en buvant. Par hazard
1312 2919 4155 3094 leur liqueur étoit à ſa fin, & ils convinrent
1308 3081 4148 3253 entr'eux que le même homme tâcheroit
1308 3247 4144 3419 d'en tirer de nouvelle à une barique de
1301 3405 4130 3583 rum qu'on avoit miſe auprès d'eux, faute
1308 3578 4144 3751 de place dans la cale. Il quitta ſa pipe, &
1301 3743 4137 3916 tandis qu'il étoit occupé à cette importante
1305 3905 4133 4080 opération, il tomba un peu de tabac allu-
1301 4067 4137 4243 mé ſur un coffre qui étoit ouvert, ce qui
1301 4232 4137 4406 mit le feu à quelques matieres combuſti-
1301 4402 4137 4567 bles. On ne s'en aperçut que quand les
1305 4560 4141 4726 flammes furent trop grandes, tout leur tra-
1308 4718 4137 4896 vail & leur induſtrie ne purent ſuffire pour
1268 4869 4133 5063 l'éteindre. Ils ſçavoient qu'ils n'étoient pas
1316 5034 4155 5231 éloignés des iſles du Cap-Verd; ce fut ce
1312 5196 4133 5388 qui les détermina à ſe mettre dans leur cha-
1312 5369 4133 5549 loupe; cependant ne voulant rien oublier
1319 5536 4133 5709 de tout ce qui pourroit contribuer à con-
1312 5696 4122 5887 ſerver leur vie, avant que de quitter leur
1312 5862 4119 6064 vaiſſeau, ils avoient tiré pluſieurs coups de
1308 6031 4111 6204 canon, pour faire connottre leur détreſſe,
1308 6193 4119 6366 & fort heureuſement, puiſqu'ils avoient
