4266 7540
492 672 2802 846 DE Josepn Thomeson.
38 841 2809 1010 btenu par ce moyen le ſecours que nous
46 995 2823 1177 ur avions donné. Le Capitaine finit ſon
64 1154 2823 1342 ecit par nous dire que M. Prim étoit celui
110 1316 2827 1500 qui perdoit le plus, puiſque la plus grande
46 1477 2827 1653 artie de la cargaiſon étoit à lui. Cepen-
100 1636 2834 1803 ant M. Prim avoit écrit à Londres pour
64 1798 2834 1975 e faire aſſurer par un autre vaiſſeau qui
92 1963 2839 2137 toit parti quelque tems auparavant des
114 2118 2845 2296 arbades; à l'égard de la carcaſſe, le Ca-
114 2280 2384 2453 itaine l'avoit fait aſſurer lui-même.
197 2438 2845 2611 Quoique charmé d'aprendre que Prim
110 2600 2859 2763 toit ſi riche, je n'en fus pas moins ſur-
118 2760 2855 2926 ris. Nous nous retirâmes fort tard dans
182 2917 2863 3090 a chambre, & après avoir ſatisfait ſa cu-
92 3078 2856 3252 ioſité, & lui avoir dit comment je m'é-
136 3242 2863 3412 is déterminé à voyager: Mon ami, lui
132 3395 2870 3573 is-je, vous avez quitté l'Angleterre bien
136 3557 2874 3730 ruſquement; j'en ai ſouvent fait la ré-
139 3719 2877 3883 exion avec chagrin; mais je vois par vo-
107 3877 2870 4036 re ſituation preſente, que la fortune vous
190 4039 2874 4204 favoriſé, & vous m'obligerez fort de
186 4197 2874 4360 'en faire le recit. Vous avez raiſon, mon
136 4355 2881 4524 her Thompſon, me répondit-il, & mal-
153 4514 2888 4683 ré les circonſtances où vous me rencon-
125 4672 2877 4845 rez, je ſuis véritablement heureux. Je vous
117 4835 2884 5003 itoujours aimé, mon cher, & j'ai cent
136 4985 2884 5156 ois penſé à vous depuis mon départ. Je
125 5136 2878 5314 'étois propoſé à mon retour à Londres
132 5302 2884 5476 'aller vous voir, & vous étiez le premiet
172 5474 2888 5638 vec qui je comptois renouveller connoiſ-
143 5629 2888 5795 ance. Allons, faiſons une jatte de punch;
308 5787 2888 5966 vous inſtruirai, tout en buvant, des
186 5949 2888 6125 ccidens heureux & malheureux qui me
164 6111 2895 6317 ont arrivés depuis que j'ai quitté mon maî-
2035 6277 2306 6412 G a
