4266 7661
1419 657 4050 827 76 LavVeEtTLESavVEtures
1430 819 4251 1161 e lee e ne , s liineommmreme-
1427 1151 2957 1284 raconter ſes aventures.
1753 1706 3975 1846 HAPITRE XLIV.
1673 1990 4061 2133 Aventure de M. William Prim.
1441 2305 4200 2481 Ous vous reſſouvenez, ſans doute
1443 2425 4211 2643 dutriſte état où j'étois le jour fatal qu
1437 2640 4214 2809 je vous quittai, après que mon Maîtree
1441 2798 4218 2971 découvert que j'avois diſſipé la caiſſe qu'
1444 2960 4225 3118 m'avoit confiée. Il en fut ſi irrité, qu'il n
1444 3129 4203 3298 voulut pas me garder plus long tems chez lu
1459 3290 4207 3463 Mon pere, qui n'étoit pas moins en coler
1411 3453 4211 3624 contre moi, me fit embarquer ſuru
1444 3617 4217 3789 vaiſſeau des Indes Orientales, qui parto
1275 3780 4225 3952 le lendemain, & dont le Capitaine, qu
1466 3945 4188 4117 connoiſſoit un peu, me prit en quali
1470 4100 4211 4282 d'Ecrivain. Tout cela ſe fit ſi bruſquement
1448 4271 4207 4439 que je me trouvai fort mal équipé pour u
1419 4431 4174 4609 tel voyage. Mon pere m'a écrit depuis
1448 4589 4207 4771 qu'il avoit beaucoup de regret d'avoir ain
1437 4744 4203 5080 uéeaiopé tien coité de lamnee, mau co
1448 5064 4211 5247 me c'eſt un homme d'un tempéramentv
1452 5229 4159 5409 & bilieux, je lui pardonne d'autant pl
1452 5406 4119 5585 volontiers, que cette précipitation
1448 5564 4152 5753 été cauſe de la fortune que j'ai faite d
1434 5754 1751 5911 puis.
1606 5891 4196 6083 Le Capitaine Surly mon Commandant
1419 6053 4181 6392 nem, olo u raa rtou, ſnn lun
