4266 7754
10 657 3061 1029 habee ls ee nn ouſeuns joure l
10 1006 3023 1194 n'eût pas la permiſſion de paroître ſur le
100 1178 3046 1360 tillac. Depuis ce tems le jeune Surly me
111 1339 3049 1526 traita plus mal qu'un forçat. Je maudiſſois
111 1503 3049 1693 l'inſtant de ma naiſſance; & je crois que ſi
92 1679 3364 1861 nous n'euſſions relâché à Madagaſcar, où
100 1848 3042 2027 le mauvais tems nous obligea d'aborder,
93 2016 3038 2196 j'aurois exécuté la réſolution violente que
92 2181 3046 2357 j'avois formée depuis quelques jours, de le
104 2349 3049 2529 ſaiſir à la premiere occaſion, de me jetter
115 2521 3053 2697 à la mer avec lui, & de nous noyer tous
104 2686 3046 2863 les deux, mais la vue de la terre me donna
108 2851 3061 3035 d'autres idées, que j'exécutai de la ma-
10 3019 3075 3162 niere ſuivante. Nous étions dans une bon-
111 3173 3057 3360 ne baye à l'oueſt de l'Iſle, qu'on apelle,
111 3356 3053 3539 à ce que je crois, la baye de Saint Auguſ-
115 3524 3060 3708 tin, & nous travaillions à réparer nos
10 3689 3060 3874 agrès, & à faire de l'eau & du bois pour
119 3850 3064 4040 pourſuivre notre voyage. Je fus envoyé
126 4019 3061 4204 dans la chaloupe pour faire de fréquens
123 4187 3057 4374 voyages de la côte au vaiſſeau, & porter
134 4349 3061 4542 à bord le bois à meſure qu'on le coupoit.
115 4513 3057 4706 Je réſolus de m'échaper à la premiere oc-
70 4681 3061 4880 caſion, & de me livrer, s'il le falloit, à
107 4846 3053 5027 la merci des nations barbares dont j'avois
10 5018 3053 5181 entendu faire d'étranges contes; ou d'at-
108 5175 3038 5359 tendre à ſortir de l'Iſle, que quelqu'autre
29 5340 3042 5535 vaiſſeau vint aborder, plutôt que de reſter
108 5501 3038 5709 davantage dans un eſclavage ſi horrible. Il
108 5677 3046 5879 y avoit à deux lieues de l'endroit où nous
115 5845 3027 6042 avions débarqué, un bois fort épais, où je
122 6006 3049 6209 pouvois reſter caché juſqu'au départ du
126 6171 3038 6374 vaiſſeau. Dans cette réſolution, j'attendis
126 6339 3046 6511 que l'on tranſportât à bordle dernier muid
2156 6531 2463 6703 a
