4266 7754
1200 654 3603 923 o La vu rles averures
1212 886 4168 1085 d'eau; & en attendant je portai ſecrette-
1214 1063 4123 1247 ment à terre, en différentes fois, une boëte
1215 1226 4135 1426 à fuſil, quelques biſcuits, & une ou deux
1218 1395 4139 1579 bouteilles d'eau-de-vie, que je cachai
1219 1559 4131 1762 dans le ſable, ſans être aperçu de mes
1215 1732 4139 1923 camarades; & prenant le tems qu'ils étoient
1218 1897 4146 2080 tous endormis, en attendant la baſſe marée,
1212 2065 4139 2259 je m'emparai d'un mouſquet & d'un cor-
1219 2228 4153 2428 net de poudre, & je gagnai à toutes
1208 2394 4139 2578 jambes, le bois dont je viens de parler,
879 2568 4150 2739 où je me cachai dans des brouſſailles, juſ-
1219 2736 4154 3086 bords equu lrenn paae nnavo r ee-
1211 3064 4146 3249 ché & apellé pendant plus d'une demi-
1223 3236 4146 3416 heure pour m'avertir du départ. Je m'étois
1223 3401 4146 3582 gliſſé juſques ſur un monticule d'où je
1226 3572 4165 3746 pouvois aiſément apercevoir le vaiſſeau,
1219 3738 4154 3915 ſans courir riſque d'en être vu moi-même.
1238 3902 4161 4084 Je ne ſçaurois vous dire ſi le brutal de
1241 4071 4161 4242 Capitaine fut bien aiſe ou non d'être défait
1230 4236 4161 4578 baaaeſ e e ee ie t ceee,ea, jlle
1234 4575 4168 4741 vis gagner la pleine mer avec un bon vent
1238 4730 4172 4917 de nord-oueſt quart à l'oueſt, qui bientôt me
1238 4893 2840 5066 les fit perdre de vue.
1425 5051 4172 5234 Ce fut alors que je ſentis toutes les
1241 5220 4150 5402 frayeurs qu'éprouve néceſſairement un
1238 5392 4157 5568 homme abandonné ſeul ſur une terre in-
1256 5557 4168 5734 connue, dont il a entendu raconter des
1245 5724 4176 5897 hiſtoires effrayantes. Je ne voyois aucu-
1249 5890 4176 6071 ne aparence d'y rencontrer les beſoins de
1260 6058 4176 6225 la vie, à moins que de me livrer moi-même
1253 6223 4169 6392 à des ſauvages barbares qui me traiteroient
1257 6387 4176 6602 peut-être avec encore plus de cruauté que
