<PcGts xmlns="http://schema.primaresearch.org/PAGE/gts/pagecontent/2017-07-15" xmlns:xsi="http://www.w3.org/2001/XMLSchema-instance" xsi:schemaLocation="http://schema.primaresearch.org/PAGE/gts/pagecontent/2017-07-15 http://schema.primaresearch.org/PAGE/gts/pagecontent/2017-07-15/pagecontent.xsd"><Metadata><Creator>User123</Creator><Created>2020-10-08T14:54:58</Created><LastChange>2020-10-08T14:54:58</LastChange></Metadata><Page imageFilename="0098.png" imageHeight="7592" imageWidth="4266"><TextRegion id="r0" type="paragraph" orientation="-0.0"><Coords points="1,1 4264,1 4264,7590 1,7590"/><TextLine id="r0_l001"><Coords points="1075,869 1074,869 1074,835 1074,834 905,834 903,833 903,832 903,831 811,831 809,830 809,829 808,827 789,827 787,826 787,825 787,824 786,823 785,823 783,822 783,818 782,816 781,816 780,816 780,814 780,813 779,813 778,812 777,812 776,812 776,723 777,722 778,722 782,718 786,718 787,717 787,716 789,714 797,714 798,713 798,712 799,711 804,711 805,710 805,702 807,700 1043,700 1044,699 1045,699 1045,699 1045,694 1046,693 1047,693 1048,692 1055,692 1056,691 1056,690 1057,689 1069,689 1071,687 1071,686 1072,685 1636,685 1637,684 1637,683 1638,682 1672,682 1675,685 1763,685 1764,687 1764,692 1765,692 1766,692 1767,693 2980,693 2980,693 2980,687 2981,686 2982,686 2984,684 2984,683 2985,682 2987,682 2987,682 2987,666 2990,663 3015,663 3017,666 3017,689 3018,689 3042,689 3042,690 3042,696 3043,696 3052,696 3053,698 3053,699 3055,700 3060,700 3060,701 3060,703 3061,703 3131,703 3133,706 3133,725 3134,725 3135,725 3139,729 3140,729 3140,730 3140,732 3139,733 3138,733 3136,735 3136,739 3135,740 3119,740 3118,741 3118,746 3113,751 3112,751 3111,752 3111,812 3111,812 3040,812 3039,813 3039,816 3040,816 3172,816 3173,818 3173,822 3172,823 3040,823 3039,824 3039,827 3040,827 3154,827 3155,829 3155,833 3154,834 3040,834 3039,835 3039,852 3039,852 3028,852 3027,852 3027,817 3027,816 1763,816 1762,817 1762,860 1762,860 1300,860 1299,861 1299,862 1299,862 1089,862 1088,863 1088,869 1088,869"/><TextEquiv index="1"><Unicode>be Josepn Thonnson. r</Unicode></TextEquiv></TextLine><TextLine id="r0_l002"><Coords points="1017,1029 1016,1029 1016,988 1016,987 955,987 954,988 954,990 954,990 847,990 844,987 738,987 736,986 736,985 735,983 625,983 624,983 624,982 623,980 489,980 488,979 375,979 374,980 320,980 319,981 319,1000 318,1001 317,1001 315,1003 315,1008 315,1008 314,1008 313,1009 309,1009 308,1010 308,1011 307,1012 306,1012 304,1014 304,1015 303,1016 302,1016 301,1017 301,1018 300,1019 298,1019 297,1019 297,1018 296,1016 288,1016 286,1015 286,1010 286,1009 285,1009 282,1007 282,919 282,918 281,918 279,917 279,879 279,878 150,878 148,877 148,858 150,856 162,856 162,856 162,854 164,852 271,852 271,852 271,851 273,849 281,849 282,848 282,847 284,845 296,845 297,844 297,843 299,841 340,841 340,841 340,840 342,838 344,838 344,839 344,841 345,841 346,841 347,842 348,842 348,843 348,889 349,889 380,889 380,890 380,895 382,896 387,896 387,897 387,898 390,900 569,900 569,900 569,861 570,860 590,860 591,862 591,863 592,863 597,863 598,865 598,873 600,874 601,874 602,876 602,903 603,903 645,903 645,904 645,905 646,906 646,907 647,907 728,907 729,909 729,910 730,910 735,910 736,912 736,913 738,914 739,914 740,915 740,915 740,883 742,881 743,881 743,881 743,880 745,878 747,878 747,879 747,880 751,884 751,918 752,918 855,918 856,917 856,916 858,914 873,914 874,916 874,917 876,918 1019,918 1019,918 1019,909 1021,907 1074,907 1074,907 1074,870 1075,869 1088,869 1088,870 1088,903 1089,903 1138,903 1139,905 1139,906 1141,907 1146,907 1146,908 1146,909 1149,911 1261,911 1263,909 1263,908 1264,907 1280,907 1281,906 1281,883 1283,881 1284,881 1284,881 1284,873 1287,870 1288,870 1288,870 1288,865 1290,863 1291,863 1292,862 1300,862 1303,866 1303,905 1304,905 1401,905 1403,903 1694,903 1694,903 1694,861 1695,860 1763,860 1764,862 1764,903 1765,903 1883,903 1884,902 1884,901 1885,900 1886,900 1887,899 1987,899 1995,907 2111,907 2113,905 2113,904 2114,903 2173,903 2177,899 2208,899 2209,900 2210,900 2210,901 2210,902 2212,903 2391,903 2392,902 2392,901 2393,900 2394,900 2395,899 2537,899 2537,899 2537,898 2538,897 2539,896 2540,896 2541,895 2541,890 2542,889 2543,889 2545,887 2545,886 2546,885 2555,885 2555,886 2555,891 2557,892 2558,892 2559,894 2559,899 2560,899 2568,899 2569,900 2570,900 2570,901 2570,937 2571,937 2665,937 2666,936 2667,936 2668,935 2668,934 2670,932 2685,932 2686,934 2686,935 2688,936 2689,936 2690,938 2690,939 2691,939 2692,939 2693,941 2693,942 2694,942 2695,943 2696,943 2697,945 2697,950 2698,950 2809,950 2809,950 2809,928 2810,927 2810,926 2811,925 2812,925 2813,924 2813,916 2815,914 2816,914 2817,913 2817,879 2818,878 2819,878 2820,877 2820,870 2821,869 2821,868 2822,867 2823,867 2824,866 2824,854 2825,853 2826,853 2828,851 2828,850 2829,849 2834,849 2835,848 2835,847 2837,845 2856,845 2857,847 2857,848 2859,849 2863,849 2868,855 2868,859 2870,860 2871,860 2871,861 2871,862 2873,863 2874,863 2875,865 2875,889 2876,889 2933,889 2933,890 2933,891 2939,896 3017,896 3017,896 3017,861 3019,859 3020,859 3020,859 3020,858 3022,856 3023,856 3024,855 3024,854 3026,852 3040,852 3041,853 3042,853 3042,854 3042,896 3043,896 3107,896 3107,897 3107,898 3108,898 3117,907 3118,907 3118,908 3118,909 3121,911 3122,911 3122,912 3122,917 3124,918 3125,918 3125,919 3125,920 3126,921 3126,963 3113,976 3102,976 3100,978 3100,979 3100,979 3076,979 3075,980 3075,1023 3075,1023 3057,1023 3056,1023 3056,980 3056,979 3043,979 3042,980 3042,989 3038,993 3038,997 3037,998 3036,998 3035,999 3035,1000 3034,1001 3033,1001 3031,1003 3031,1008 3031,1008 3030,1008 3029,1009 3023,1009 3019,1005 3018,1005 3017,1005 3017,977 3017,976 2872,976 2871,977 2871,1022 2871,1022 2854,1022 2853,1022 2853,981 2853,980 2846,980 2845,979 2844,979 2842,978 2842,977 2842,976 2833,976 2832,976 2832,975 2830,972 2822,972 2821,972 2821,971 2819,968 2818,968 2817,968 2817,963 2816,961 2815,961 2814,960 2702,960 2701,961 2701,967 2699,969 2698,969 2697,970 2697,979 2697,979 2696,979 2695,980 2693,982 2693,983 2693,983 2688,983 2686,985 2686,986 2685,987 2684,987 2682,989 2682,990 2682,990 2678,990 2677,991 2676,991 2675,992 2675,993 2674,994 2670,994 2668,996 2668,997 2668,997 2667,997 2666,998 2652,998 2650,997 2650,977 2650,976 2068,976 2067,977 2067,1020 2067,1020 2060,1020 2059,1020 2059,977 2059,976 2056,976 2054,978 2054,979 2054,979 2053,979 2052,980 2041,980 2040,981 2040,982 2039,983 2038,983 2036,985 2036,1008 2036,1008 2035,1008 2034,1009 2024,1009 2022,1008 2022,977 2022,976 1744,976 1742,978 1742,979 1742,979 1741,979 1740,980 1738,980 1737,979 1736,979 1735,979 1735,978 1734,976 1666,976 1665,977 1665,1021 1665,1021 1652,1021 1651,1020 1650,1020 1648,1019 1648,977 1648,976 1606,976 1604,978 1604,979 1604,979 1603,979 1602,980 1596,980 1592,976 1366,976 1364,978 1364,979 1364,979 1363,979 1362,980 1347,980 1346,981 1346,1008 1346,1008 1345,1008 1342,1011 1342,1012 1342,1012 1326,1012 1324,1011 1324,1010 1324,1009 1323,1009 1321,1008 1321,981 1321,980 1270,980 1269,979 1268,979 1266,978 1266,977 1266,976 1192,976 1144,976 1143,977 1143,978 1141,980 1034,980 1033,981 1033,1028 1032,1029"/><TextEquiv index="1"><Unicode>je n'en avois éprouvé auparavant, &amp; je</Unicode></TextEquiv></TextLine><TextLine id="r0_l003"><Coords points="883,1190 882,1189 881,1189 881,1151 881,1150 734,1150 733,1150 733,1149 732,1147 627,1147 626,1146 625,1146 623,1145 623,1144 623,1143 493,1143 492,1144 492,1184 492,1184 482,1184 481,1185 356,1185 355,1185 355,1144 355,1143 324,1143 322,1142 322,1141 321,1139 317,1139 314,1136 310,1136 308,1135 308,1134 308,1133 307,1132 306,1132 304,1131 304,1130 303,1128 302,1128 300,1127 300,1123 297,1120 297,1094 299,1092 300,1092 300,1092 300,1087 302,1085 303,1085 304,1084 304,1079 305,1078 306,1078 308,1076 308,1075 309,1074 310,1074 315,1069 315,1065 317,1063 412,1063 413,1065 413,1066 414,1066 632,1066 633,1067 634,1067 635,1069 635,1070 636,1070 739,1070 740,1072 740,1073 742,1074 1016,1074 1016,1074 1016,1030 1017,1029 1032,1029 1033,1028 1034,1028 1034,1029 1034,1067 1035,1067 1076,1067 1077,1066 1201,1066 1201,1066 1201,1028 1202,1027 1203,1027 1205,1025 1205,1024 1206,1023 1218,1023 1219,1025 1219,1029 1222,1031 1223,1031 1223,1032 1223,1037 1225,1038 1226,1038 1226,1039 1226,1063 1227,1063 1575,1063 1575,1063 1575,1054 1577,1052 1585,1052 1586,1054 1586,1063 1587,1063 1651,1063 1651,1063 1651,1022 1652,1021 1665,1021 1666,1020 1666,1021 1666,1063 1667,1063 2011,1063 2011,1063 2011,1057 2012,1056 2013,1056 2014,1055 2014,1054 2016,1052 2021,1052 2021,1053 2021,1054 2022,1055 2022,1059 2023,1059 2024,1059 2025,1060 2051,1060 2051,1060 2051,1028 2053,1026 2054,1026 2054,1026 2054,1025 2056,1023 2057,1023 2058,1022 2058,1022 2058,1021 2059,1020 2068,1020 2071,1023 2072,1023 2072,1024 2072,1025 2073,1026 2073,1063 2074,1063 2276,1063 2276,1063 2276,1017 2277,1016 2297,1016 2298,1018 2298,1019 2299,1019 2300,1019 2301,1021 2301,1063 2302,1063 2634,1063 2638,1059 2780,1059 2780,1059 2780,1055 2781,1054 2781,1053 2782,1052 2783,1052 2784,1051 2784,1050 2786,1048 2846,1048 2846,1048 2846,1046 2847,1045 2848,1045 2849,1044 2849,1040 2852,1037 2853,1037 2853,1037 2853,1023 2854,1022 2871,1022 2871,1023 2871,1059 2872,1059 3045,1059 3045,1059 3045,1045 3046,1044 3046,1043 3048,1041 3049,1041 3049,1041 3049,1032 3050,1031 3051,1031 3053,1029 3053,1025 3055,1023 3075,1023 3075,1024 3075,1085 3076,1085 3140,1085 3140,1086 3140,1109 3139,1110 3138,1110 3137,1111 3137,1112 3135,1114 3072,1114 3071,1115 3071,1124 3070,1125 3069,1125 3067,1127 3067,1131 3062,1136 3037,1136 3035,1135 3035,1134 3034,1132 2662,1132 2661,1133 2661,1134 2659,1136 2575,1136 2574,1137 2574,1145 2569,1150 2568,1150 2566,1149 2566,1137 2566,1136 2368,1136 2367,1137 2367,1138 2366,1139 2343,1139 2341,1138 2341,1137 2341,1136 2222,1136 2221,1137 2221,1181 2221,1181 2201,1181 2200,1181 2200,1137 2200,1136 2067,1136 2065,1138 2065,1139 2065,1139 1794,1139 1793,1140 1793,1171 1792,1172 1780,1172 1778,1174 1778,1175 1777,1176 1770,1176 1767,1174 1767,1173 1767,1172 1766,1172 1760,1167 1760,1140 1760,1139 1711,1139 1709,1138 1709,1137 1709,1136 1518,1136 1517,1137 1517,1138 1516,1139 1243,1139 1241,1141 1241,1142 1240,1143 996,1143 994,1145 994,1146 994,1146 993,1146 992,1147 988,1147 987,1148 987,1149 986,1150 926,1150 925,1151 925,1182 924,1183 923,1183 921,1185 921,1190 921,1190"/><TextEquiv index="1"><Unicode>commençois à me repentir de ma témé-</Unicode></TextEquiv></TextLine><TextLine id="r0_l004"><Coords points="494,1349 493,1348 421,1348 420,1348 420,1304 420,1303 296,1303 295,1302 294,1302 293,1302 293,1301 292,1299 291,1299 290,1299 290,1298 289,1297 289,1236 291,1234 292,1234 293,1233 293,1232 295,1230 310,1230 314,1226 351,1226 351,1226 351,1189 355,1185 481,1185 482,1184 493,1184 493,1185 493,1186 494,1186 647,1186 648,1187 649,1187 649,1188 649,1189 651,1190 652,1190 652,1191 652,1192 655,1194 656,1194 656,1195 656,1196 658,1197 659,1197 660,1199 660,1226 661,1226 856,1226 856,1226 856,1206 857,1205 858,1205 860,1203 860,1202 861,1201 870,1201 870,1202 870,1203 873,1205 874,1205 874,1206 874,1207 875,1207 876,1208 877,1208 878,1210 878,1219 879,1219 880,1219 881,1221 881,1237 882,1237 884,1237 884,1237 884,1191 885,1190 919,1190 919,1191 919,1237 920,1237 1052,1237 1052,1237 1052,1235 1053,1234 1058,1234 1059,1233 1059,1232 1061,1230 1098,1230 1099,1229 1099,1228 1101,1226 1102,1226 1103,1228 1103,1229 1105,1230 1353,1230 1353,1230 1353,1222 1354,1221 1354,1220 1355,1219 1356,1219 1357,1218 1357,1210 1359,1208 1360,1208 1361,1207 1361,1202 1362,1201 1363,1201 1372,1192 1372,1188 1374,1186 1378,1186 1379,1185 1379,1184 1380,1183 1545,1183 1546,1185 1546,1186 1547,1186 1548,1186 1550,1189 1550,1223 1551,1223 1716,1223 1717,1225 1717,1226 1718,1226 2029,1226 2029,1226 2029,1188 2031,1186 2032,1186 2033,1185 2033,1184 2034,1183 2199,1183 2199,1183 2199,1182 2200,1181 2221,1181 2221,1182 2221,1217 2222,1218 2222,1219 2223,1219 2224,1219 2225,1221 2225,1223 2226,1223 2414,1223 2414,1223 2414,1210 2416,1208 2417,1208 2417,1208 2417,1203 2419,1201 2420,1201 2421,1200 2421,1199 2423,1197 2424,1197 2425,1196 2425,1195 2426,1194 2427,1194 2428,1193 2428,1189 2434,1183 2438,1183 2439,1182 2439,1181 2441,1179 2460,1179 2461,1181 2461,1182 2462,1182 2463,1183 2464,1183 2465,1185 2465,1223 2466,1223 2671,1223 2671,1223 2671,1186 2672,1185 2672,1184 2673,1183 2674,1183 2675,1182 2675,1181 2677,1179 2779,1179 2783,1183 2784,1183 2784,1184 2784,1223 2785,1223 2966,1223 2966,1223 2966,1221 2968,1219 2969,1219 2969,1219 2969,1218 2972,1215 3016,1215 3016,1215 3016,1211 3019,1208 3020,1208 3020,1208 3020,1199 3021,1198 3022,1198 3024,1196 3024,1195 3025,1194 3026,1194 3027,1193 3027,1189 3030,1186 3031,1186 3031,1186 3031,1181 3033,1179 3034,1179 3035,1178 3035,1177 3036,1176 3037,1176 3038,1175 3047,1175 3048,1176 3049,1176 3049,1177 3049,1182 3051,1183 3052,1183 3053,1185 3053,1193 3055,1194 3056,1194 3056,1195 3056,1196 3057,1197 3057,1208 3058,1208 3110,1208 3111,1210 3111,1211 3113,1212 3114,1212 3115,1214 3115,1219 3116,1219 3125,1219 3125,1220 3125,1221 3126,1221 3128,1223 3129,1223 3129,1224 3129,1295 3129,1295 3128,1295 3125,1298 3125,1299 3125,1299 3029,1299 3028,1299 3028,1298 3026,1295 2899,1295 2845,1295 2841,1299 2816,1299 2815,1300 2815,1343 2815,1343 2802,1343 2801,1343 2801,1300 2801,1299 2561,1299 2559,1301 2559,1302 2558,1303 2555,1301 2555,1300 2555,1299 2226,1299 2225,1300 2225,1302 2225,1302 2224,1302 2221,1305 2221,1306 2221,1306 2220,1306 2217,1309 2217,1310 2217,1310 2216,1310 2214,1312 2214,1313 2214,1313 2213,1313 2210,1316 2210,1317 2210,1317 2201,1317 2200,1317 2200,1316 2199,1315 2199,1300 2199,1299 2187,1299 2186,1300 2186,1346 2186,1346 2171,1346 2170,1346 2170,1300 2170,1299 1736,1299 1735,1300 1735,1305 1734,1306 1733,1306 1731,1308 1731,1309 1730,1310 1729,1310 1728,1311 1728,1312 1726,1314 1725,1314 1724,1315 1724,1316 1723,1317 1719,1317 1715,1321 1707,1321 1706,1322 1706,1323 1705,1324 1704,1324 1703,1325 1702,1324 1693,1324 1691,1323 1691,1304 1691,1303 1232,1303 1230,1305 1230,1306 1230,1306 1192,1306 1190,1305 1190,1304 1190,1303 956,1303 953,1306 949,1306 947,1308 947,1309 946,1310 883,1310 881,1312 881,1313 880,1314 626,1314 623,1312 623,1311 623,1310 618,1310 617,1310 617,1309 615,1306 516,1306 515,1307 515,1349 515,1349"/><TextEquiv index="1"><Unicode>rité &amp; de ma folie; mais je fus bientôt</Unicode></TextEquiv></TextLine><TextLine id="r0_l005"><Coords points="2967,1506 2966,1506 2966,1460 2966,1459 2615,1459 2614,1460 2614,1461 2613,1462 2536,1462 2535,1463 2534,1463 2533,1462 2292,1462 2291,1463 2290,1463 2289,1462 1994,1462 1993,1463 1993,1505 1993,1505 1990,1505 1989,1505 1989,1463 1989,1462 1850,1462 1846,1466 1707,1466 1706,1466 1706,1465 1704,1462 1627,1462 1534,1462 1531,1465 1531,1466 1531,1466 1529,1466 1528,1465 1395,1465 1368,1465 1367,1466 937,1466 936,1467 936,1469 936,1469 935,1469 934,1470 930,1470 929,1471 929,1472 928,1473 854,1473 852,1472 852,1471 852,1470 688,1470 684,1466 400,1466 399,1466 399,1465 397,1462 316,1462 315,1462 315,1461 310,1455 306,1455 304,1454 304,1453 304,1452 303,1452 300,1450 300,1446 299,1444 298,1444 297,1444 297,1439 296,1437 295,1437 293,1436 293,1403 299,1397 303,1397 304,1396 304,1395 306,1393 311,1393 311,1393 311,1392 313,1390 333,1390 333,1390 333,1344 334,1343 335,1343 336,1342 356,1342 357,1343 358,1343 359,1345 359,1346 360,1346 361,1346 363,1348 435,1348 436,1349 515,1349 515,1350 515,1393 516,1393 693,1393 693,1393 693,1384 695,1382 696,1382 696,1382 696,1377 698,1375 699,1375 700,1374 700,1362 701,1361 702,1361 704,1359 704,1358 705,1357 706,1357 707,1356 707,1352 713,1346 851,1346 853,1349 853,1350 854,1350 859,1350 860,1352 860,1353 861,1353 862,1353 863,1355 863,1393 864,1393 1052,1393 1052,1393 1052,1392 1054,1390 1236,1390 1237,1389 1237,1385 1243,1379 1248,1379 1248,1380 1248,1389 1250,1390 1499,1390 1499,1390 1499,1348 1501,1346 1502,1346 1502,1346 1502,1345 1505,1342 1515,1342 1519,1346 1599,1346 1600,1348 1600,1383 1601,1383 1662,1383 1662,1384 1662,1385 1664,1386 1668,1386 1680,1399 1680,1403 1682,1404 1683,1404 1684,1406 1684,1433 1685,1433 1847,1433 1847,1433 1847,1355 1847,1354 1840,1354 1839,1353 1838,1353 1836,1352 1836,1351 1836,1350 1835,1350 1833,1349 1833,1348 1834,1347 1835,1346 1836,1346 1836,1346 1836,1345 1838,1343 1839,1343 1840,1342 1878,1342 1879,1343 1880,1343 1880,1344 1880,1346 1881,1346 2061,1346 2061,1346 2061,1345 2063,1343 2064,1343 2065,1342 2070,1342 2071,1343 2072,1343 2072,1344 2072,1346 2073,1346 2308,1346 2308,1346 2308,1345 2310,1343 2311,1343 2312,1342 2321,1342 2322,1343 2323,1343 2323,1344 2323,1345 2325,1346 2329,1346 2330,1348 2330,1386 2331,1386 2526,1386 2526,1386 2526,1348 2528,1346 2533,1346 2534,1345 2534,1344 2535,1343 2536,1343 2537,1342 2542,1342 2543,1343 2544,1343 2545,1345 2545,1346 2546,1346 2547,1346 2548,1348 2548,1386 2549,1386 2795,1386 2795,1386 2795,1348 2797,1346 2798,1346 2799,1345 2799,1344 2800,1343 2816,1343 2817,1345 2817,1386 2818,1386 3034,1386 3035,1385 3035,1384 3036,1383 3037,1383 3038,1382 3113,1382 3115,1385 3115,1386 3116,1386 3117,1386 3122,1392 3122,1393 3123,1393 3124,1393 3126,1396 3126,1397 3127,1397 3128,1397 3129,1399 3129,1400 3130,1400 3131,1400 3133,1403 3133,1410 3126,1417 3126,1446 3118,1454 3118,1455 3118,1455 3113,1455 3111,1457 3111,1458 3110,1459 3102,1459 3100,1461 3100,1462 3100,1462 3054,1462 3053,1463 3053,1469 3053,1469 3052,1469 3049,1472 3049,1480 3048,1481 3047,1481 3046,1482 3046,1483 3045,1484 3044,1484 3042,1486 3042,1487 3041,1488 3040,1488 3038,1490 3038,1491 3038,1491 3037,1491 3036,1492 3032,1492 3031,1493 3031,1494 3030,1495 3022,1495 3020,1497 3020,1498 3019,1499 3016,1497 3016,1496 3016,1495 3007,1495 3006,1495 3006,1494 3005,1492 2998,1492 2997,1491 2996,1491 2995,1491 2995,1490 2994,1488 2993,1488 2992,1487 2991,1487 2991,1486 2990,1484 2989,1484 2988,1484 2988,1483 2987,1482 2987,1460 2987,1459 2986,1459 2985,1460 2985,1506 2985,1506"/><TextEquiv index="1"><Unicode>délivré de ce trouble. J'allai ſur le rivage</Unicode></TextEquiv></TextLine><TextLine id="r0_l006"><Coords points="386,1670 385,1670 385,1663 385,1662 298,1662 297,1662 297,1661 289,1653 289,1566 288,1564 287,1564 286,1564 286,1562 288,1560 289,1560 289,1560 289,1556 290,1555 290,1554 291,1553 332,1553 333,1552 333,1551 334,1550 335,1550 336,1549 402,1549 402,1549 402,1548 404,1546 416,1546 417,1548 417,1549 418,1549 516,1549 517,1550 518,1550 518,1551 518,1553 519,1553 729,1553 729,1553 729,1515 731,1513 750,1513 750,1514 750,1515 753,1517 754,1517 754,1518 754,1553 755,1553 848,1553 849,1555 849,1556 851,1557 1008,1557 1008,1557 1008,1520 1009,1519 1009,1518 1010,1517 1011,1517 1012,1516 1012,1515 1014,1513 1015,1513 1016,1512 1016,1511 1017,1510 1018,1510 1019,1509 1024,1509 1025,1510 1026,1510 1027,1512 1027,1513 1028,1513 1029,1513 1030,1515 1030,1553 1031,1553 1331,1553 1332,1552 1332,1551 1333,1550 1334,1550 1335,1549 1647,1549 1647,1549 1647,1513 1648,1512 1648,1511 1649,1510 1650,1510 1651,1509 1651,1508 1653,1506 1654,1506 1655,1505 1655,1504 1657,1502 1664,1502 1668,1506 1988,1506 1989,1505 1993,1505 1994,1506 1999,1506 2000,1508 2000,1509 2002,1510 2003,1510 2003,1511 2003,1512 2004,1513 2004,1539 2005,1539 2043,1539 2043,1540 2043,1541 2045,1542 2046,1542 2047,1544 2047,1549 2048,1549 2052,1549 2053,1550 2054,1550 2054,1551 2054,1552 2056,1553 2057,1553 2058,1555 2058,1593 2059,1593 2294,1593 2294,1593 2294,1559 2300,1553 2304,1553 2305,1552 2305,1551 2306,1550 2307,1550 2308,1549 2381,1549 2381,1549 2381,1548 2383,1546 2391,1546 2392,1548 2392,1549 2393,1549 2838,1549 2839,1548 2839,1547 2840,1546 2966,1546 2966,1546 2966,1507 2967,1506 2987,1506 2987,1507 2987,1508 2988,1509 2988,1531 2989,1531 2990,1531 2991,1533 2991,1546 2992,1546 3056,1546 3056,1547 3056,1548 3059,1550 3060,1550 3060,1551 3060,1552 3062,1553 3063,1553 3064,1555 3064,1560 3065,1560 3066,1560 3067,1562 3067,1571 3068,1571 3128,1571 3129,1573 3129,1589 3129,1589 3128,1589 3125,1592 3125,1593 3125,1593 3120,1593 3118,1595 3118,1596 3117,1597 3065,1597 3064,1598 3064,1610 3063,1611 3062,1611 3061,1612 3060,1613 3060,1614 3059,1615 3058,1615 3057,1616 3057,1617 3056,1618 3056,1664 3056,1664 3044,1664 3043,1665 3042,1665 3042,1623 3042,1622 2538,1622 2537,1623 2537,1666 2537,1666 2520,1666 2519,1666 2519,1627 2519,1626 2449,1626 2445,1622 2173,1622 2171,1624 2171,1638 2170,1639 2170,1640 2170,1640 2165,1640 2163,1642 2163,1643 2162,1644 2158,1644 2156,1646 2156,1647 2156,1647 2155,1647 2152,1650 2152,1651 2152,1651 2151,1651 2148,1654 2148,1655 2148,1655 2140,1655 2138,1657 2138,1658 2138,1658 2135,1658 2134,1658 2134,1623 2134,1622 1958,1622 1957,1623 1957,1624 1955,1626 1954,1626 1953,1626 1953,1625 1952,1624 1952,1623 1952,1622 1668,1622 1665,1625 1665,1626 1665,1626 1181,1626 1179,1628 1179,1629 1179,1629 1178,1629 1177,1630 984,1630 983,1631 983,1632 982,1633 832,1633 831,1633 831,1632 830,1630 689,1630 688,1629 552,1629 551,1629 551,1628 550,1626 402,1626 401,1627 401,1670 401,1670"/><TextEquiv index="1"><Unicode>pour chercher mon biſcuit, mon eau-de-</Unicode></TextEquiv></TextLine><TextLine id="r0_l007"><Coords points="970,1834 969,1834 969,1798 969,1797 917,1797 913,1793 870,1793 727,1793 725,1795 725,1796 725,1796 724,1796 723,1797 710,1797 706,1793 626,1793 622,1789 618,1789 616,1788 616,1787 616,1786 387,1786 386,1785 385,1785 384,1785 384,1784 383,1782 328,1782 326,1781 326,1780 326,1779 325,1779 322,1777 322,1769 321,1767 320,1767 319,1767 319,1766 318,1765 318,1764 317,1764 315,1763 315,1755 314,1753 313,1753 311,1752 311,1747 311,1746 310,1746 308,1745 308,1744 307,1742 306,1742 304,1741 304,1737 299,1731 295,1731 293,1730 293,1726 292,1724 291,1724 290,1724 290,1721 291,1720 292,1720 293,1719 293,1715 295,1713 384,1713 384,1713 384,1671 385,1670 402,1670 402,1671 402,1676 403,1676 404,1676 406,1679 406,1709 407,1709 609,1709 609,1709 609,1697 613,1693 613,1674 614,1673 623,1673 623,1673 623,1672 626,1669 640,1669 644,1673 652,1673 653,1675 653,1680 654,1680 659,1680 660,1682 660,1688 661,1688 667,1688 667,1689 667,1709 668,1709 841,1709 841,1709 841,1683 847,1677 863,1677 863,1678 863,1679 865,1680 866,1680 867,1682 867,1716 868,1716 926,1716 927,1717 928,1717 929,1719 929,1720 930,1720 1124,1720 1125,1719 1125,1718 1126,1717 1127,1717 1128,1716 1135,1716 1136,1715 1136,1714 1137,1713 1274,1713 1274,1713 1274,1711 1276,1709 1277,1709 1277,1709 1277,1708 1283,1702 1287,1702 1288,1704 1288,1705 1289,1705 1290,1705 1292,1708 1292,1713 1293,1713 1476,1713 1477,1715 1477,1716 1478,1716 1482,1716 1483,1717 1484,1717 1484,1718 1484,1719 1486,1720 1647,1720 1648,1719 1648,1718 1649,1717 1650,1717 1651,1716 1658,1716 1659,1715 1659,1714 1660,1713 1702,1713 1702,1713 1702,1675 1704,1673 1708,1673 1712,1669 1722,1669 1723,1670 1724,1670 1724,1671 1724,1709 1725,1709 1890,1709 1891,1708 1891,1693 1893,1691 1894,1691 1894,1691 1894,1690 1897,1687 1898,1687 1898,1687 1898,1686 1900,1684 1901,1684 1902,1683 1902,1682 1904,1680 1905,1680 1905,1680 1905,1679 1907,1677 1911,1677 1913,1675 1913,1674 1914,1673 1919,1673 1920,1672 1920,1671 1922,1669 1933,1669 1935,1672 1935,1673 1936,1673 1937,1673 1938,1675 1938,1709 1939,1709 2028,1709 2029,1711 2029,1712 2031,1713 2253,1713 2254,1712 2254,1711 2256,1709 2519,1709 2519,1709 2519,1667 2520,1666 2561,1666 2565,1662 2576,1662 2577,1664 2577,1665 2579,1666 2584,1666 2584,1667 2584,1668 2585,1669 2585,1709 2586,1709 2627,1709 2628,1711 2628,1713 2629,1713 2809,1713 2809,1713 2809,1712 2812,1709 3038,1709 3038,1709 3038,1675 3040,1673 3041,1673 3042,1672 3042,1666 3044,1664 3057,1664 3059,1666 3060,1666 3060,1667 3060,1706 3061,1706 3114,1706 3115,1708 3115,1709 3116,1709 3121,1709 3122,1711 3122,1716 3123,1716 3124,1716 3126,1719 3126,1752 3129,1755 3129,1763 3130,1763 3131,1763 3133,1766 3128,1771 3127,1771 3126,1772 3126,1773 3124,1775 3123,1775 3122,1776 3122,1777 3117,1782 3113,1782 3111,1784 3111,1785 3111,1785 3110,1785 3109,1786 3103,1786 3102,1785 3101,1785 3100,1785 3100,1784 3099,1782 2815,1782 2813,1781 2813,1780 2812,1778 2644,1778 2643,1779 2643,1780 2642,1781 2642,1782 2642,1782 2641,1782 2639,1784 2639,1788 2638,1789 2637,1789 2635,1791 2635,1796 2635,1796 2634,1796 2632,1798 2632,1799 2632,1799 2631,1800 2630,1800 2628,1802 2628,1807 2628,1807 2627,1807 2619,1815 2615,1815 2613,1817 2613,1818 2613,1818 2521,1818 2519,1817 2519,1786 2519,1785 2366,1785 2365,1786 2233,1786 2232,1787 2232,1811 2232,1811 2231,1811 2227,1815 2226,1815 2225,1816 2225,1817 2224,1818 2208,1818 2207,1818 2207,1817 2206,1815 2202,1815 2200,1814 2200,1787 2200,1786 2191,1786 2189,1785 2189,1784 2188,1782 2027,1782 2025,1784 2025,1785 2024,1786 1657,1786 1655,1785 1655,1784 1654,1782 1646,1782 1645,1781 1605,1781 1604,1782 1604,1831 1604,1831 1592,1831 1591,1832 1590,1832 1589,1832 1589,1782 1589,1781 1484,1781 1483,1782 1482,1782 1481,1783 1481,1784 1479,1786 1475,1786 1473,1788 1473,1789 1473,1789 992,1789 991,1790 991,1791 989,1793 987,1793 986,1794 986,1834 986,1834"/><TextEquiv index="1"><Unicode>vie &amp; les autres choſes que j'y avois</Unicode></TextEquiv></TextLine><TextLine id="r0_l008"><Coords points="1103,1996 1102,1996 1102,1950 1102,1949 991,1949 990,1950 990,1959 989,1960 988,1960 987,1961 987,1962 985,1964 984,1964 983,1965 983,1966 982,1967 978,1967 976,1969 976,1970 975,1971 840,1971 839,1972 839,1996 839,1996 827,1996 826,1996 826,1979 826,1978 814,1978 813,1978 813,1977 811,1974 810,1974 809,1974 809,1950 809,1949 346,1949 344,1948 344,1947 343,1945 342,1945 340,1944 340,1943 340,1942 292,1942 289,1940 289,1836 290,1835 290,1834 291,1833 296,1833 297,1832 297,1831 299,1829 303,1829 304,1828 304,1827 305,1826 306,1826 307,1825 309,1825 310,1826 311,1826 311,1827 311,1828 313,1829 481,1829 482,1828 482,1827 483,1826 484,1826 485,1825 525,1825 525,1825 525,1824 527,1822 529,1822 529,1823 529,1824 531,1825 535,1825 537,1828 537,1829 538,1829 590,1829 591,1831 591,1836 592,1836 593,1836 594,1838 594,1873 595,1873 830,1873 830,1873 830,1872 837,1865 840,1865 841,1867 841,1871 844,1873 968,1873 968,1873 968,1836 970,1834 987,1834 987,1835 987,1873 988,1873 1171,1873 1172,1872 1172,1871 1174,1869 1178,1869 1179,1871 1179,1872 1180,1872 1181,1872 1183,1875 1183,1876 1184,1876 1535,1876 1535,1876 1535,1875 1537,1873 1586,1873 1586,1873 1586,1834 1587,1833 1588,1833 1589,1832 1591,1832 1592,1831 1713,1831 1715,1829 1719,1829 1720,1831 1720,1832 1722,1833 1723,1833 1724,1835 1724,1873 1725,1873 1891,1873 1891,1873 1891,1871 1893,1869 1894,1869 1894,1869 1894,1868 1897,1865 1907,1865 1908,1866 1909,1866 1909,1867 1909,1869 1910,1869 2109,1869 2109,1869 2109,1867 2111,1865 2112,1865 2112,1865 2112,1864 2114,1862 2123,1862 2123,1863 2123,1868 2125,1869 2126,1869 2127,1871 2127,1872 2129,1873 2340,1873 2341,1872 2341,1871 2343,1869 2457,1869 2457,1869 2457,1831 2459,1829 2460,1829 2461,1828 2461,1828 2461,1827 2462,1826 2463,1826 2464,1825 2474,1825 2476,1828 2476,1829 2477,1829 2482,1829 2483,1831 2483,1869 2484,1869 2820,1869 2820,1869 2820,1854 2821,1853 2821,1852 2822,1851 2823,1851 2824,1850 2824,1846 2828,1842 2828,1838 2830,1836 2831,1836 2831,1836 2831,1828 2834,1825 2840,1825 2841,1826 2842,1826 2842,1827 2842,1862 2843,1862 2994,1862 2994,1862 2994,1861 2995,1860 2997,1858 2998,1858 2998,1859 2998,1860 3002,1864 3002,1868 3004,1869 3005,1869 3005,1870 3005,1871 3008,1873 3012,1873 3017,1879 3017,1913 3018,1913 3110,1913 3118,1922 3118,1926 3120,1927 3121,1927 3122,1929 3122,1948 3121,1949 3120,1949 3118,1951 3118,1956 3118,1956 3117,1956 3116,1957 3107,1966 3107,1967 3107,1967 3106,1967 3103,1970 3103,1971 3103,1971 3098,1971 3096,1973 3096,1974 3096,1974 3087,1974 3086,1974 3086,1973 3085,1972 3085,1946 3085,1945 2644,1945 2643,1946 2586,1946 2584,1948 2584,1949 2584,1949 2579,1949 2577,1948 2577,1947 2576,1945 1610,1945 1607,1948 1607,1949 1607,1949 1498,1949 1497,1950 1497,1993 1497,1993 1487,1993 1486,1993 1486,1950 1486,1949 1308,1949 1306,1951 1306,1952 1305,1953 1287,1953 1284,1951 1284,1950 1284,1949 1112,1949 1111,1950 1111,1996 1111,1996"/><TextEquiv index="1"><Unicode>laiſſées; je trouvai le tout en bon état,</Unicode></TextEquiv></TextLine><TextLine id="r0_l009"><Coords points="1936,2152 1934,2151 1934,2150 1934,2149 1933,2149 1931,2148 1931,2139 1931,2138 630,2138 538,2138 537,2139 537,2152 537,2152 337,2152 336,2152 336,2113 336,2112 335,2112 334,2111 333,2111 333,2110 333,2109 321,2109 315,2104 315,2103 315,2102 314,2102 311,2100 311,2099 311,2098 310,2098 307,2096 307,2095 307,2094 302,2094 300,2093 300,2085 299,2083 298,2083 297,2083 297,2033 297,2032 287,2032 286,2032 286,2031 286,2030 285,2029 284,2029 282,2028 282,2027 284,2025 285,2025 286,2024 286,2023 287,2022 304,2022 304,2022 304,2005 305,2004 306,2004 307,2003 311,2003 311,2003 311,1998 313,1996 314,1996 315,1995 315,1994 316,1993 317,1993 319,1991 319,1990 320,1989 329,1989 329,1989 329,1988 332,1985 346,1985 350,1989 2238,1989 2242,1985 2678,1985 2679,1987 2679,1989 2680,1989 2980,1989 2980,1990 2980,2029 2981,2029 3118,2029 3118,2030 3118,2031 3126,2039 3126,2079 3128,2080 3129,2080 3129,2081 3129,2082 3131,2083 3135,2083 3136,2085 3136,2094 3136,2094 3128,2094 3120,2102 3116,2102 3115,2103 3115,2104 3114,2105 3061,2105 3060,2106 3060,2108 3059,2109 3025,2109 3024,2110 3024,2151 3024,2151 1946,2151 1945,2152"/><TextEquiv index="1"><Unicode>&amp; enſuite je m'enfonçai dans le plus</Unicode></TextEquiv></TextLine><TextLine id="r0_l010"><Coords points="1388,2317 1387,2317 1387,2277 1387,2276 1297,2276 1296,2276 1296,2275 1294,2272 1043,2272 1041,2274 1041,2275 1040,2276 1036,2276 1034,2275 1034,2274 1033,2272 1028,2272 1027,2272 1027,2271 1026,2269 581,2269 580,2270 580,2271 579,2272 567,2272 566,2272 566,2271 565,2269 403,2269 402,2270 402,2297 402,2297 401,2297 399,2299 398,2300 398,2301 398,2301 371,2301 369,2300 369,2270 369,2269 314,2269 311,2267 311,2266 311,2265 310,2265 300,2256 300,2255 300,2254 299,2254 297,2253 297,2249 296,2247 295,2247 293,2246 293,2227 292,2225 291,2225 290,2225 290,2223 292,2221 293,2221 293,2221 293,2209 295,2207 296,2207 297,2206 297,2201 298,2200 299,2200 300,2199 304,2199 304,2199 304,2198 306,2196 310,2196 312,2194 312,2193 313,2192 318,2192 319,2191 319,2190 320,2189 326,2189 326,2189 326,2176 328,2174 329,2174 329,2174 329,2162 332,2159 333,2159 333,2159 333,2154 335,2152 357,2152 358,2154 358,2167 359,2167 522,2167 522,2167 522,2154 524,2152 539,2152 540,2154 540,2196 541,2196 713,2196 715,2194 715,2193 716,2192 729,2192 729,2192 729,2150 730,2149 735,2149 736,2148 736,2147 738,2145 746,2145 747,2147 747,2148 748,2148 749,2149 750,2149 751,2151 751,2152 752,2152 753,2152 754,2154 754,2192 755,2192 929,2192 929,2192 929,2154 931,2152 949,2152 950,2154 950,2156 951,2156 1109,2156 1114,2162 1114,2199 1115,2199 1302,2199 1302,2199 1302,2156 1303,2155 1303,2154 1305,2152 1306,2152 1306,2152 1306,2151 1308,2149 1346,2149 1346,2150 1346,2151 1348,2152 1349,2152 1350,2154 1350,2196 1351,2196 1400,2196 1401,2198 1401,2199 1402,2199 1586,2199 1586,2199 1586,2154 1588,2152 1589,2152 1589,2152 1589,2151 1591,2149 1603,2149 1611,2157 1772,2157 1773,2156 1777,2156 1782,2151 1782,2150 1783,2149 1796,2149 1796,2150 1796,2151 1798,2152 1799,2152 1800,2154 1800,2196 1801,2196 1847,2196 1847,2197 1847,2198 1849,2199 2108,2199 2109,2198 2109,2197 2110,2196 2119,2196 2119,2196 2119,2195 2122,2192 2206,2192 2207,2194 2207,2195 2209,2196 2377,2196 2377,2196 2377,2159 2378,2158 2378,2157 2379,2156 2380,2156 2381,2155 2381,2154 2383,2152 2391,2152 2392,2154 2392,2155 2394,2156 2395,2156 2396,2158 2396,2182 2397,2182 2557,2182 2563,2176 2563,2172 2565,2170 2566,2170 2566,2170 2566,2162 2569,2159 2570,2159 2570,2159 2570,2150 2571,2149 2584,2149 2584,2150 2584,2151 2586,2152 2587,2152 2588,2154 2588,2155 2590,2156 2591,2156 2592,2158 2592,2163 2593,2163 2594,2163 2595,2165 2595,2169 2598,2171 2599,2171 2599,2172 2599,2177 2601,2178 2602,2178 2603,2180 2603,2185 2604,2185 2653,2185 2653,2186 2653,2192 2654,2192 2878,2192 2878,2192 2878,2188 2879,2187 2879,2186 2880,2185 2889,2185 2889,2186 2889,2187 2890,2188 2890,2192 2891,2192 3002,2192 3002,2192 3002,2172 3003,2171 3004,2171 3006,2169 3006,2161 3007,2160 3008,2160 3009,2159 3009,2155 3013,2151 3024,2151 3025,2152 3026,2152 3027,2154 3027,2155 3028,2156 3028,2203 3029,2203 3030,2203 3031,2205 3031,2228 3032,2228 3109,2228 3110,2229 3111,2229 3111,2230 3111,2231 3117,2236 3118,2236 3118,2237 3118,2246 3119,2246 3120,2246 3120,2247 3122,2249 3122,2250 3123,2250 3128,2250 3129,2252 3129,2253 3131,2254 3132,2254 3133,2256 3133,2257 3132,2258 3123,2258 3122,2259 3122,2264 3121,2265 3120,2265 3118,2267 3118,2268 3118,2268 3117,2268 3116,2269 3115,2270 3115,2271 3114,2272 3113,2272 3112,2273 3111,2274 3111,2275 3110,2276 3109,2276 3107,2278 3107,2279 3107,2279 3106,2279 3104,2281 3104,2282 3103,2283 3095,2283 3091,2287 3084,2287 3082,2286 3082,2285 3081,2283 3080,2283 3078,2282 3078,2266 3078,2265 3064,2265 3063,2266 3063,2313 3063,2313 3047,2313 3045,2312 3045,2266 3045,2265 2750,2265 2746,2269 2324,2269 2323,2270 2323,2300 2322,2301 2307,2301 2305,2303 2305,2304 2304,2305 2304,2305 2303,2305 2301,2307 2301,2308 2301,2308 2300,2308 2299,2309 2290,2309 2289,2308 2288,2308 2287,2308 2287,2270 2287,2269 2059,2269 2058,2270 2058,2271 2057,2272 2044,2272 2043,2273 2043,2297 2042,2298 2041,2298 2040,2299 2040,2300 2039,2301 2023,2301 2022,2301 2022,2300 2020,2297 2019,2297 2018,2297 2018,2273 2018,2272 1889,2272 1887,2271 1887,2270 1887,2269 1667,2269 1666,2270 1666,2275 1665,2276 1664,2276 1662,2278 1662,2279 1662,2279 1661,2279 1659,2281 1659,2285 1657,2287 1656,2287 1655,2288 1655,2293 1654,2294 1653,2294 1651,2296 1651,2301 1651,2301 1650,2301 1646,2305 1638,2305 1637,2306 1637,2307 1635,2309 1633,2309 1632,2308 1631,2308 1629,2307 1629,2306 1629,2305 1624,2305 1622,2304 1622,2273 1622,2272 1397,2272 1396,2273 1396,2317 1396,2317"/><TextEquiv index="1"><Unicode>épais du bois. Je n'y fus pas plutôt entré,</Unicode></TextEquiv></TextLine><TextLine id="r0_l011"><Coords points="2611,2473 2610,2473 2610,2466 2610,2465 2318,2465 2316,2464 2316,2437 2316,2436 1217,2436 1216,2437 1216,2459 1215,2460 1215,2461 1215,2461 1214,2461 1210,2465 367,2465 366,2466 366,2467 365,2468 364,2468 362,2467 362,2466 362,2465 339,2465 337,2464 337,2433 337,2432 328,2432 326,2431 326,2430 325,2428 316,2428 315,2428 315,2427 310,2421 306,2421 304,2420 304,2412 303,2410 302,2410 300,2409 300,2380 303,2377 304,2377 304,2377 304,2376 308,2372 308,2368 309,2367 310,2367 311,2366 315,2366 315,2366 315,2365 317,2363 318,2363 318,2363 318,2362 321,2359 322,2359 322,2359 322,2358 324,2356 426,2356 428,2354 428,2353 429,2352 587,2352 587,2352 587,2328 587,2327 96,2327 93,2325 93,2322 96,2319 1386,2319 1386,2319 1386,2318 1387,2317 1499,2317 1500,2316 2063,2316 2064,2315 2065,2315 2065,2315 2065,2310 2066,2309 2067,2309 2068,2308 2899,2308 2900,2310 2900,2313 2901,2313 3064,2313 3064,2314 3064,2319 3065,2319 3066,2319 3067,2321 3067,2352 3068,2352 3125,2352 3125,2353 3125,2354 3128,2356 3129,2356 3129,2357 3129,2398 3131,2399 3132,2399 3133,2401 3133,2406 3134,2406 3135,2406 3136,2408 3136,2409 3138,2410 3143,2410 3144,2412 3144,2416 3143,2417 3132,2417 3131,2418 3130,2418 3129,2419 3129,2420 3128,2421 3127,2421 3126,2422 3126,2423 3124,2425 3120,2425 3118,2427 3118,2428 3118,2428 2614,2428 2613,2429 2613,2473 2613,2473"/><TextEquiv index="1"><Unicode>que je remarquai ſur un arbre, dont le bois</Unicode></TextEquiv></TextLine><TextLine id="r0_l012"><Coords points="1914,2636 1913,2636 1913,2596 1913,2595 416,2595 415,2596 415,2636 415,2636 397,2636 396,2636 396,2633 396,2632 99,2632 97,2631 97,2612 99,2610 396,2610 396,2610 396,2593 396,2592 295,2592 293,2591 293,2532 292,2530 291,2530 290,2530 290,2529 289,2528 289,2522 290,2521 290,2520 291,2519 307,2519 308,2518 308,2517 310,2515 314,2515 315,2514 315,2513 316,2512 441,2512 442,2511 442,2499 444,2497 445,2497 446,2496 446,2495 447,2494 448,2494 449,2493 449,2489 453,2485 453,2481 455,2479 456,2479 456,2479 456,2478 459,2475 471,2475 471,2475 471,2474 473,2472 2169,2472 2171,2470 2171,2469 2172,2468 2699,2468 2703,2472 2744,2472 2744,2473 2744,2474 2748,2478 2748,2512 2749,2512 3114,2512 3115,2514 3115,2515 3116,2515 3117,2515 3118,2517 3118,2518 3120,2519 3121,2519 3122,2521 3122,2544 3123,2544 3124,2544 3126,2547 3126,2566 3127,2566 3128,2566 3129,2568 3129,2569 3131,2570 3132,2570 3133,2572 3133,2573 3135,2574 3136,2574 3136,2575 3136,2576 3137,2577 3137,2578 3136,2579 3136,2580 3135,2581 3134,2581 3133,2582 3133,2583 3131,2585 3130,2585 3129,2586 3129,2587 3128,2588 2854,2588 2853,2589 2853,2598 2852,2599 2851,2599 2850,2600 2850,2604 2849,2605 2849,2606 2849,2606 2848,2606 2846,2608 2846,2609 2845,2610 2844,2610 2842,2612 2842,2613 2842,2613 2841,2613 2839,2615 2839,2616 2838,2617 2830,2617 2827,2620 2827,2621 2827,2621 2592,2621 2591,2622 2591,2636 2591,2636"/><TextEquiv index="1"><Unicode>reſſembloit aſſez au bois de Bréſil, un</Unicode></TextEquiv></TextLine><TextLine id="r0_l013"><Coords points="636,2797 635,2797 635,2756 635,2755 346,2755 344,2754 344,2753 344,2752 325,2752 300,2728 300,2696 303,2693 307,2693 308,2692 308,2691 309,2690 314,2690 315,2689 315,2688 317,2686 318,2686 318,2686 318,2685 321,2682 322,2682 322,2682 322,2681 324,2679 395,2679 395,2679 395,2637 396,2636 472,2636 473,2635 488,2635 489,2637 489,2638 490,2638 491,2639 492,2639 493,2641 493,2642 494,2642 495,2642 497,2645 497,2675 498,2675 521,2675 522,2677 522,2678 524,2679 797,2679 798,2678 798,2633 799,2632 816,2632 816,2633 816,2634 820,2638 820,2675 821,2675 1019,2675 1019,2675 1019,2674 1021,2672 1099,2672 1099,2672 1099,2645 1102,2642 1106,2642 1107,2641 1107,2640 1108,2639 1117,2639 1117,2640 1117,2641 1120,2643 1121,2643 1121,2644 1121,2682 1122,2682 1408,2682 1408,2682 1408,2644 1409,2643 1410,2643 1412,2641 1412,2640 1413,2639 1429,2639 1430,2641 1430,2653 1431,2653 1432,2653 1433,2655 1433,2679 1434,2679 1698,2679 1698,2680 1698,2681 1700,2682 1894,2682 1895,2681 1895,2680 1896,2679 1898,2679 1898,2679 1898,2666 1900,2664 1901,2664 1902,2663 1902,2659 1904,2657 1905,2657 1905,2657 1905,2649 1906,2648 1906,2647 1907,2646 1908,2646 1909,2645 1909,2641 1911,2639 1912,2639 1913,2638 1913,2638 1913,2637 1914,2636 2077,2636 2078,2635 2093,2635 2094,2637 2094,2679 2095,2679 2206,2679 2206,2679 2206,2678 2209,2675 2286,2675 2287,2674 2287,2673 2288,2672 2289,2672 2290,2671 2295,2671 2296,2672 2297,2672 2298,2674 2298,2675 2299,2675 2300,2675 2301,2677 2301,2678 2303,2679 2573,2679 2573,2679 2573,2645 2576,2642 2577,2642 2577,2642 2577,2637 2578,2636 2591,2636 2594,2639 2595,2639 2595,2640 2595,2675 2596,2675 2776,2675 2777,2677 2777,2678 2779,2679 2783,2679 2788,2685 2788,2712 2789,2712 2958,2712 2958,2712 2958,2685 2961,2682 2962,2682 2962,2682 2962,2681 2964,2679 2965,2679 2966,2678 2966,2673 2967,2672 2968,2672 2969,2671 2969,2670 2971,2668 2979,2668 2984,2674 2984,2675 2985,2675 3048,2675 3049,2677 3049,2678 3051,2679 3052,2679 3053,2681 3053,2682 3054,2682 3055,2682 3057,2685 3057,2693 3058,2693 3128,2693 3129,2695 3129,2696 3131,2697 3136,2697 3136,2698 3136,2699 3137,2699 3139,2701 3140,2701 3140,2702 3140,2714 3139,2715 3138,2715 3137,2716 3137,2717 3136,2718 3136,2722 3136,2722 3119,2722 3118,2723 3069,2723 3068,2724 3068,2738 3067,2739 3067,2740 3066,2741 3065,2741 3064,2742 3064,2743 3063,2744 3062,2744 3060,2746 3060,2747 3059,2748 2887,2748 2886,2749 2886,2754 2885,2755 2880,2755 2879,2756 2879,2757 2866,2770 2848,2770 2846,2769 2846,2753 2846,2752 2600,2752 2599,2753 2599,2791 2599,2791 2597,2791 2596,2792 2595,2792 2594,2791 2593,2791 2592,2791 2592,2790 2591,2788 2590,2788 2588,2787 2588,2753 2588,2752 2410,2752 2409,2751 2213,2751 2212,2752 2034,2752 2032,2754 2032,2755 2032,2755 1374,2755 1370,2759 1362,2759 1361,2760 1361,2787 1361,2787 1360,2787 1357,2790 1357,2791 1357,2791 1347,2791 1346,2792 1345,2791 1344,2791 1343,2791 1343,2790 1342,2788 1334,2788 1332,2787 1332,2786 1331,2785 1331,2756 1331,2755 1032,2755 1030,2757 1030,2758 1029,2759 1022,2759 1018,2755 970,2755 969,2755 969,2754 968,2752 686,2752 685,2753 685,2755 685,2755 684,2755 680,2759 646,2759 645,2760 645,2797 645,2797"/><TextEquiv index="1"><Unicode>oiſeau dont les plumes étoient noires, ta-</Unicode></TextEquiv></TextLine><TextLine id="r0_l014"><Coords points="1330,3123 1329,3123 1329,3079 1329,3078 1062,3078 1059,3081 1059,3082 1059,3082 1057,3082 1056,3082 1056,3081 1054,3078 999,3078 998,3078 998,3077 997,3075 773,3075 772,3076 772,3104 772,3104 767,3104 765,3106 765,3107 765,3107 745,3107 743,3106 743,3076 743,3075 568,3075 565,3073 565,3072 565,3071 528,3071 527,3072 527,3115 527,3115 518,3115 517,3115 517,3072 517,3071 357,3071 355,3073 355,3074 355,3074 354,3074 353,3075 314,3075 310,3071 306,3071 304,3070 304,3069 303,3067 298,3067 297,3067 297,3007 298,3006 299,3006 301,3004 301,3003 302,3002 304,3002 304,3002 304,2866 306,2864 307,2864 308,2863 308,2862 310,2860 311,2860 311,2860 311,2859 313,2857 314,2857 315,2856 315,2855 316,2854 317,2853 318,2853 318,2853 318,2852 319,2851 321,2849 322,2849 322,2849 322,2848 324,2846 325,2846 326,2845 326,2844 328,2842 333,2842 333,2842 333,2841 335,2839 339,2839 340,2838 340,2837 342,2835 377,2835 377,2835 377,2804 379,2802 380,2802 380,2802 380,2801 382,2799 386,2799 388,2797 388,2796 389,2795 401,2795 402,2797 402,2798 403,2798 404,2798 406,2801 406,2831 407,2831 620,2831 620,2831 620,2822 621,2821 622,2821 623,2820 623,2813 624,2812 624,2811 625,2810 626,2810 627,2809 627,2804 628,2803 629,2803 631,2801 631,2800 632,2799 633,2799 635,2797 646,2797 648,2799 649,2799 649,2800 649,2838 650,2838 892,2838 892,2838 892,2797 894,2795 913,2795 914,2797 914,2798 915,2798 916,2798 917,2799 1168,2799 1168,2800 1168,2808 1172,2812 1172,2842 1173,2842 1385,2842 1386,2844 1386,2845 1388,2846 1393,2846 1393,2847 1393,2852 1395,2853 1396,2853 1397,2855 1397,2878 1398,2878 1582,2878 1582,2878 1582,2870 1585,2867 1586,2867 1586,2867 1586,2862 1588,2860 1589,2860 1589,2860 1589,2823 1592,2820 1593,2820 1593,2820 1593,2819 1595,2817 1596,2817 1597,2816 1597,2811 1598,2810 1599,2810 1600,2809 1600,2808 1602,2806 1607,2806 1607,2806 1607,2805 1610,2802 1611,2802 1611,2802 1611,2801 1613,2799 1633,2799 1633,2800 1633,2801 1635,2802 1639,2802 1640,2804 1640,2808 1643,2810 1644,2810 1644,2811 1644,2839 1645,2839 1698,2839 1698,2840 1698,2841 1700,2842 1927,2842 1927,2842 1927,2804 1928,2803 1929,2803 1931,2801 1931,2800 1932,2799 1941,2799 1942,2801 1942,2802 1943,2802 1944,2802 1945,2804 1945,2842 1946,2842 2123,2842 2123,2842 2123,2841 2125,2839 2126,2839 2127,2838 2181,2838 2181,2838 2181,2834 2184,2831 2185,2831 2185,2831 2185,2819 2189,2815 2189,2807 2190,2806 2191,2806 2191,2806 2196,2801 2196,2800 2197,2799 2198,2799 2200,2797 2200,2796 2201,2795 2206,2795 2207,2794 2207,2793 2209,2791 2217,2791 2218,2790 2218,2789 2219,2788 2264,2788 2265,2790 2265,2791 2266,2791 2271,2791 2272,2793 2272,2838 2273,2838 2306,2838 2307,2839 2461,2839 2461,2839 2461,2804 2463,2802 2464,2802 2465,2801 2465,2796 2466,2795 2471,2795 2472,2794 2472,2793 2474,2791 2476,2794 2476,2795 2477,2795 2486,2795 2486,2796 2486,2799 2487,2799 2677,2799 2678,2798 2679,2798 2679,2798 2679,2797 2681,2795 2693,2795 2693,2796 2693,2797 2694,2798 2696,2799 2697,2799 2697,2800 2697,2828 2698,2828 2736,2828 2737,2830 2737,2835 2738,2835 2911,2835 2911,2835 2911,2833 2912,2832 2913,2832 2915,2830 2915,2818 2916,2817 2917,2817 2918,2816 2918,2809 2919,2808 2919,2807 2920,2806 2921,2806 2922,2805 2922,2801 2932,2791 2936,2791 2937,2790 2937,2789 2938,2788 2998,2788 2998,2789 2998,2790 3000,2791 3004,2791 3006,2794 3006,2835 3007,2835 3117,2835 3122,2841 3122,2896 3123,2896 3134,2896 3135,2897 3136,2897 3136,2898 3136,3020 3137,3020 3147,3020 3147,3021 3147,3023 3148,3024 3147,3025 3147,3027 3147,3027 3146,3027 3145,3028 3144,3029 3144,3030 3143,3031 3142,3031 3141,3032 3140,3033 3140,3034 3139,3035 3112,3035 3111,3036 3111,3059 3110,3060 3109,3060 3108,3061 3108,3062 3106,3064 3098,3064 3096,3066 3096,3067 3096,3067 2909,3067 2908,3068 2908,3070 2907,3071 2906,3071 2904,3073 2904,3074 2903,3075 2670,3075 2668,3074 2668,3073 2667,3071 2063,3071 2062,3072 2062,3073 2060,3075 1798,3075 1797,3076 1797,3077 1796,3078 1794,3078 1793,3078 1793,3077 1792,3075 1620,3075 1619,3076 1619,3077 1618,3078 1343,3078 1342,3079 1342,3123 1342,3123"/><TextEquiv index="1"><Unicode>eués ooele la l e ele reſeſoit e e</Unicode></TextEquiv></TextLine><TextLine id="r0_l015"><Coords points="1431,3284 1430,3284 1430,3243 1430,3242 1282,3242 1281,3243 1281,3244 1280,3245 1151,3245 1150,3246 1150,3270 1149,3271 1144,3271 1143,3272 1143,3273 1142,3274 1126,3274 1125,3274 1125,3273 1124,3271 1123,3271 1121,3270 1121,3243 1121,3242 1000,3242 997,3240 997,3239 997,3238 992,3238 990,3237 990,3236 990,3235 806,3235 805,3236 805,3266 804,3267 781,3267 780,3267 780,3266 778,3263 777,3263 776,3263 776,3257 776,3256 615,3256 612,3259 612,3260 612,3260 600,3260 598,3259 598,3258 597,3256 596,3256 595,3256 595,3236 595,3235 530,3235 529,3234 523,3234 522,3234 522,3233 521,3231 346,3231 343,3234 335,3234 332,3231 321,3231 315,3226 315,3222 314,3220 313,3220 311,3219 311,3164 313,3162 314,3162 315,3161 315,3160 317,3158 318,3158 318,3158 318,3157 321,3154 322,3154 322,3154 322,3153 324,3151 325,3151 326,3150 326,3145 327,3144 336,3144 337,3146 337,3150 339,3151 340,3151 340,3152 340,3154 341,3154 418,3154 419,3155 420,3155 420,3156 420,3157 422,3158 515,3158 515,3158 515,3116 516,3115 529,3115 529,3116 529,3117 530,3118 531,3118 532,3118 533,3120 533,3154 534,3154 614,3154 615,3155 616,3155 616,3156 616,3157 618,3158 928,3158 928,3158 928,3122 929,3121 929,3120 931,3118 932,3118 932,3118 932,3117 935,3114 941,3114 942,3115 943,3115 943,3116 943,3117 945,3118 946,3118 947,3120 947,3129 948,3129 949,3129 950,3131 950,3139 952,3140 953,3140 954,3142 954,3161 956,3162 961,3162 961,3163 961,3164 964,3166 965,3166 965,3167 965,3168 967,3169 1168,3169 1168,3169 1168,3168 1171,3165 1328,3165 1328,3165 1328,3124 1329,3123 1342,3123 1345,3126 1346,3126 1346,3127 1346,3165 1347,3165 1440,3165 1441,3164 1441,3163 1442,3162 1524,3162 1524,3163 1524,3164 1526,3165 1752,3165 1753,3164 1753,3163 1754,3162 1890,3162 1891,3161 1891,3160 1893,3158 2000,3158 2000,3158 2000,3120 2002,3118 2024,3118 2025,3120 2025,3142 2029,3146 2029,3162 2030,3162 2247,3162 2247,3162 2247,3120 2249,3118 2253,3118 2254,3117 2254,3116 2255,3115 2256,3115 2257,3114 2263,3114 2269,3121 2269,3158 2270,3158 2602,3158 2602,3158 2602,3125 2603,3124 2603,3123 2604,3122 2605,3122 2606,3121 2606,3120 2608,3118 2609,3118 2610,3117 2610,3116 2611,3115 2612,3115 2613,3114 2620,3114 2621,3113 2621,3112 2622,3111 2627,3111 2628,3113 2628,3117 2632,3121 2632,3156 2633,3156 2792,3156 2793,3155 2877,3155 2878,3154 3103,3154 3104,3153 3104,3152 3105,3151 3114,3151 3115,3153 3115,3154 3116,3154 3124,3154 3126,3157 3126,3158 3127,3158 3132,3158 3133,3160 3133,3161 3135,3162 3139,3162 3140,3164 3140,3176 3140,3176 3137,3176 3136,3177 3136,3230 3135,3231 3127,3231 3126,3232 3126,3233 3125,3234 3124,3234 3123,3235 3122,3234 3112,3234 3111,3234 3111,3233 3110,3231 3102,3231 3100,3230 3100,3229 3099,3227 2921,3227 2866,3227 2864,3229 2864,3230 2863,3231 2670,3231 2667,3234 2434,3234 2433,3235 2127,3235 2126,3234 1864,3234 1863,3235 1700,3235 1698,3237 1698,3238 1698,3238 1674,3238 1673,3239 1673,3267 1673,3267 1668,3267 1665,3270 1665,3271 1665,3271 1653,3271 1651,3270 1651,3243 1651,3242 1448,3242 1447,3243 1447,3283 1447,3283 1439,3283 1438,3284"/><TextEquiv index="1"><Unicode>tuai; après quoi coupant des branches avec</Unicode></TextEquiv></TextLine><TextLine id="r0_l016"><Coords points="679,3436 678,3436 678,3392 678,3391 541,3391 540,3392 540,3394 540,3394 310,3394 308,3396 308,3397 308,3397 307,3398 306,3398 304,3397 304,3396 303,3394 302,3394 300,3393 300,3392 300,3391 299,3391 297,3390 297,3381 298,3380 299,3380 300,3379 300,3328 301,3327 301,3326 302,3325 307,3325 308,3324 308,3323 309,3322 310,3322 311,3321 315,3321 315,3321 315,3320 317,3318 347,3318 347,3318 347,3317 350,3314 354,3314 355,3316 355,3317 357,3318 924,3318 925,3317 925,3316 927,3314 928,3314 928,3314 928,3313 930,3311 932,3311 932,3312 932,3313 934,3314 938,3314 943,3320 943,3324 945,3325 1004,3325 1005,3327 1005,3328 1007,3329 1164,3329 1165,3331 1165,3332 1166,3332 1167,3332 1168,3334 1168,3335 1170,3336 1171,3336 1172,3338 1172,3339 1173,3339 1174,3339 1176,3342 1176,3372 1177,3372 1430,3372 1430,3372 1430,3285 1431,3284 1438,3284 1439,3283 1474,3283 1476,3281 1477,3281 1477,3281 1477,3280 1479,3278 1487,3278 1488,3280 1488,3281 1490,3282 1491,3282 1491,3283 1491,3284 1493,3285 1639,3285 1640,3287 1640,3325 1641,3325 1949,3325 1949,3325 1949,3287 1951,3285 1952,3285 1953,3284 1953,3283 1954,3282 2090,3282 2090,3282 2090,3281 2091,3280 2091,3279 2092,3278 2093,3278 2097,3274 2104,3274 2105,3276 2105,3277 2106,3278 2107,3278 2108,3278 2109,3280 2109,3285 2110,3285 2111,3285 2112,3287 2112,3321 2113,3321 2286,3321 2287,3320 2287,3316 2289,3314 2290,3314 2290,3314 2290,3302 2292,3300 2293,3300 2294,3299 2294,3299 2294,3298 2296,3296 2297,3296 2297,3296 2297,3295 2300,3292 2301,3292 2301,3292 2301,3287 2303,3285 2304,3285 2305,3284 2305,3283 2306,3282 2311,3282 2312,3281 2312,3280 2314,3278 2337,3278 2337,3279 2337,3280 2338,3281 2338,3318 2339,3318 2369,3318 2372,3321 2462,3321 2463,3322 2464,3322 2465,3324 2465,3325 2466,3325 2467,3325 2468,3327 2468,3328 2470,3329 2471,3329 2472,3331 2472,3358 2473,3358 2650,3358 2650,3358 2650,3327 2652,3325 2656,3325 2657,3324 2657,3323 2658,3322 2659,3322 2660,3321 2740,3321 2741,3320 2741,3319 2742,3318 2754,3318 2755,3317 2755,3316 2757,3314 2834,3314 2835,3316 2835,3317 2837,3318 3049,3318 3049,3319 3049,3324 3051,3325 3052,3325 3053,3327 3053,3340 3054,3340 3121,3340 3122,3342 3122,3343 3123,3343 3124,3343 3125,3345 3125,3353 3126,3354 3126,3360 3124,3362 3123,3362 3122,3363 3122,3364 3121,3365 3120,3365 3118,3367 3118,3368 3117,3369 3061,3369 3060,3370 3060,3386 3059,3387 3014,3387 3013,3388 3013,3390 3013,3390 3012,3390 3011,3391 2760,3391 2759,3392 2759,3393 2758,3394 2739,3394 2737,3393 2737,3392 2737,3391 2567,3391 2566,3392 2566,3394 2566,3394 2565,3394 2559,3400 2559,3404 2558,3405 2557,3405 2556,3406 2556,3407 2554,3409 2550,3409 2548,3411 2548,3412 2548,3412 2531,3412 2530,3412 2530,3395 2530,3394 1966,3394 1963,3397 1963,3398 1963,3398 1569,3398 1568,3399 1568,3400 1566,3402 1456,3402 1455,3403 1455,3404 1454,3405 1453,3405 1452,3406 1452,3410 1451,3411 1451,3412 1451,3412 1450,3412 1448,3414 1448,3415 1447,3416 1308,3416 1306,3418 1306,3419 1305,3420 1304,3420 1303,3421 1303,3422 1302,3423 1301,3423 1299,3425 1299,3426 1298,3427 1290,3427 1288,3429 1288,3430 1288,3430 1286,3430 1281,3426 1281,3403 1281,3402 993,3402 990,3400 990,3399 990,3398 985,3398 983,3397 983,3396 982,3394 981,3394 979,3393 979,3392 979,3391 803,3391 801,3393 801,3394 801,3394 690,3394 689,3395 689,3436 689,3436"/><TextEquiv index="1"><Unicode>mon couteau, j'allumai du feu, accom-</Unicode></TextEquiv></TextLine><TextLine id="r0_l017"><Coords points="2731,3599 2730,3599 2730,3551 2730,3550 2685,3550 2682,3553 2682,3554 2682,3554 2452,3554 2450,3556 2450,3557 2449,3558 2384,3558 2383,3557 2382,3557 2381,3557 2381,3556 2380,3554 1944,3554 1940,3558 1761,3558 1760,3559 1760,3561 1760,3561 1751,3561 1749,3563 1749,3564 1748,3565 1526,3565 1524,3567 1524,3571 1519,3576 1518,3576 1517,3577 1517,3578 1516,3579 1512,3579 1509,3582 1509,3583 1509,3583 1504,3583 1502,3585 1502,3586 1501,3587 1497,3587 1495,3586 1495,3555 1495,3554 1346,3554 1345,3555 1345,3595 1345,3595 1344,3595 1343,3595 1343,3555 1343,3554 1090,3554 1089,3554 1089,3553 1087,3550 813,3550 812,3551 812,3595 812,3595 803,3595 802,3595 802,3551 802,3550 688,3550 684,3554 469,3554 468,3555 468,3556 466,3558 464,3557 464,3556 463,3554 310,3554 304,3549 304,3486 305,3485 310,3485 314,3481 325,3481 326,3480 326,3479 327,3478 562,3478 562,3478 562,3436 564,3434 565,3434 565,3434 565,3433 568,3430 578,3430 579,3431 580,3431 580,3432 580,3436 581,3436 689,3436 689,3437 689,3441 690,3441 691,3441 693,3444 693,3481 694,3481 801,3481 802,3480 802,3479 803,3478 961,3478 961,3479 961,3480 963,3481 967,3481 969,3484 969,3485 970,3485 1139,3485 1139,3485 1139,3450 1140,3449 1141,3449 1142,3448 1146,3448 1147,3447 1147,3446 1148,3445 1164,3445 1165,3446 1318,3446 1319,3445 1320,3445 1321,3444 1321,3443 1323,3441 1331,3441 1332,3440 1332,3439 1333,3438 1389,3438 1390,3440 1390,3444 1392,3445 1393,3445 1393,3446 1393,3485 1394,3485 1429,3485 1430,3487 1430,3488 1432,3489 1433,3489 1433,3490 1433,3491 1435,3492 1436,3492 1437,3494 1437,3499 1438,3499 1439,3499 1441,3502 1441,3528 1442,3528 1629,3528 1629,3528 1629,3513 1632,3510 1633,3510 1633,3510 1633,3509 1637,3505 1637,3465 1639,3463 1640,3463 1640,3463 1640,3458 1642,3456 1643,3456 1644,3455 1644,3454 1646,3452 1654,3452 1655,3451 1655,3447 1657,3445 1661,3445 1662,3444 1662,3443 1663,3442 1664,3442 1665,3441 1672,3441 1673,3443 1673,3444 1675,3445 1679,3445 1683,3449 1687,3449 1688,3451 1688,3452 1689,3452 1690,3452 1691,3453 1845,3453 1846,3452 1847,3452 1847,3452 1847,3451 1850,3448 1851,3448 1851,3448 1851,3447 1853,3445 1857,3445 1861,3441 1865,3441 1865,3441 1865,3440 1867,3438 2036,3438 2036,3439 2036,3440 2038,3441 2042,3441 2043,3443 2043,3481 2044,3481 2235,3481 2236,3480 2236,3479 2237,3478 2424,3478 2424,3478 2424,3449 2425,3448 2425,3447 2432,3440 2432,3439 2433,3438 2526,3438 2526,3439 2526,3440 2529,3442 2530,3442 2530,3443 2530,3481 2531,3481 2834,3481 2837,3478 3125,3478 3125,3479 3125,3480 3127,3481 3128,3481 3129,3483 3129,3528 3130,3528 3131,3528 3132,3529 3133,3529 3133,3530 3133,3531 3132,3532 3131,3532 3129,3534 3129,3539 3129,3539 3128,3539 3126,3541 3126,3545 3124,3547 3123,3547 3122,3548 3122,3549 3121,3550 3117,3550 3114,3553 3114,3554 3114,3554 3063,3554 3062,3555 3062,3598 3062,3598 3052,3598 3051,3598 3051,3555 3051,3554 2963,3554 2962,3555 2962,3575 2961,3576 2960,3576 2959,3577 2958,3578 2958,3579 2958,3579 2954,3579 2953,3580 2952,3580 2951,3581 2951,3582 2950,3583 2938,3583 2937,3583 2937,3551 2937,3550 2796,3550 2795,3551 2795,3598 2795,3598 2744,3598 2743,3599"/><TextEquiv index="1"><Unicode>modai ma chaſſe, &amp; fis le meilleur repas</Unicode></TextEquiv></TextLine><TextLine id="r0_l018"><Coords points="802,3751 801,3751 801,3722 801,3721 73,3721 72,3721 72,3720 71,3719 71,3716 73,3714 331,3714 331,3714 329,3712 329,3711 329,3710 320,3710 319,3710 319,3709 318,3707 314,3707 311,3705 311,3697 311,3696 310,3696 308,3695 308,3691 304,3687 304,3672 306,3670 307,3670 308,3669 308,3661 310,3659 311,3659 311,3659 311,3658 314,3655 315,3655 315,3655 315,3646 316,3645 321,3645 322,3644 322,3643 324,3641 329,3641 329,3641 329,3640 332,3637 348,3637 348,3637 348,3595 349,3594 354,3594 355,3593 355,3592 357,3590 1294,3590 1296,3593 1296,3594 1297,3594 1343,3594 1344,3595 1346,3595 1348,3597 1351,3597 1352,3598 1353,3598 1353,3599 1353,3601 1354,3601 2730,3601 2730,3601 2730,3600 2731,3599 2743,3599 2744,3598 3063,3598 3067,3603 3067,3604 3068,3605 3068,3637 3069,3637 3120,3637 3128,3645 3129,3645 3129,3646 3129,3680 3131,3681 3132,3681 3133,3683 3133,3684 3135,3685 3136,3685 3136,3686 3136,3687 3138,3688 3139,3688 3140,3690 3140,3695 3141,3695 3142,3695 3144,3698 3144,3705 3142,3707 3127,3707 3125,3709 3125,3710 3125,3710 3120,3710 3118,3712 3118,3713 3117,3714 2756,3714 2755,3715 2755,3735 2755,3735 2754,3735 2753,3736 2751,3738 2751,3739 2751,3739 2750,3739 2748,3741 2748,3742 2747,3743 2746,3743 2744,3745 2744,3746 2744,3746 2531,3746 2530,3747 2530,3749 2529,3750 2364,3750 2363,3750 2363,3722 2363,3721 970,3721 969,3722 969,3723 967,3725 966,3725 965,3726 965,3727 964,3728 960,3728 957,3731 957,3732 957,3732 820,3732 819,3733 819,3751 819,3751"/><TextEquiv index="1"><Unicode>de ma vie, &amp; d'autant meilleur, que j'avois</Unicode></TextEquiv></TextLine><TextLine id="r0_l019"><Coords points="2993,3921 2992,3920 2985,3920 2984,3920 2984,3871 2984,3870 2895,3870 2893,3872 2893,3873 2893,3873 2892,3873 2891,3874 2880,3874 2878,3876 2878,3877 2878,3877 2876,3877 2875,3878 2875,3902 2874,3903 2873,3903 2871,3905 2871,3906 2871,3906 2866,3906 2864,3908 2864,3909 2863,3910 2859,3910 2857,3909 2857,3908 2856,3906 2847,3906 2846,3906 2846,3878 2846,3877 1955,3877 1951,3881 1936,3881 1935,3882 1935,3908 1933,3910 1932,3910 1931,3911 1931,3912 1929,3914 1916,3914 1915,3913 1914,3913 1913,3913 1913,3912 1912,3911 1912,3910 1911,3910 1909,3909 1909,3882 1909,3881 1711,3881 1709,3880 1709,3879 1709,3878 1685,3878 1684,3879 1684,3921 1684,3921 1678,3921 1677,3920 1666,3920 1665,3920 1665,3875 1665,3874 1541,3874 1539,3873 1539,3872 1538,3870 1537,3870 1535,3869 1535,3867 1535,3866 1007,3866 1005,3868 1005,3869 1004,3870 1000,3870 996,3866 687,3866 686,3867 686,3868 684,3870 680,3870 678,3872 678,3873 678,3873 677,3873 676,3874 558,3874 557,3875 557,3914 556,3915 549,3915 548,3915 548,3875 548,3874 403,3874 402,3875 402,3902 402,3902 401,3902 398,3905 398,3906 398,3906 382,3906 380,3905 380,3904 380,3903 376,3903 375,3902 374,3902 373,3902 373,3875 373,3874 314,3874 311,3872 311,3871 311,3870 310,3870 304,3865 304,3810 306,3808 307,3808 308,3807 308,3806 310,3804 311,3804 311,3804 311,3803 313,3801 321,3801 322,3800 322,3799 324,3797 598,3797 598,3797 598,3796 604,3790 667,3790 667,3790 667,3781 669,3779 670,3779 671,3778 671,3773 672,3772 673,3772 674,3771 674,3760 684,3750 692,3750 693,3751 819,3751 822,3754 823,3754 823,3755 823,3763 826,3765 827,3765 827,3766 827,3775 828,3775 938,3775 940,3778 940,3779 941,3779 942,3779 943,3781 943,3789 945,3790 1335,3790 1335,3790 1335,3749 1338,3746 1359,3746 1363,3750 1364,3750 1364,3751 1364,3797 1365,3797 1501,3797 1503,3800 1503,3801 1504,3801 1556,3801 1557,3803 1557,3804 1558,3804 1744,3804 1745,3805 1811,3805 1811,3806 1811,3807 1813,3808 2014,3808 2014,3808 2014,3807 2017,3804 2105,3804 2105,3804 2105,3803 2107,3801 2149,3801 2149,3801 2149,3766 2150,3765 2151,3765 2152,3764 2152,3763 2154,3761 2166,3761 2167,3763 2167,3764 2168,3764 2169,3764 2171,3767 2171,3801 2172,3801 2424,3801 2424,3801 2424,3761 2425,3760 2425,3759 2427,3757 2445,3757 2447,3760 2447,3761 2448,3761 2449,3761 2450,3763 2450,3804 2451,3804 2620,3804 2621,3803 2621,3795 2622,3794 2623,3794 2624,3793 2624,3785 2626,3783 2627,3783 2628,3782 2628,3777 2629,3776 2630,3776 2632,3774 2632,3773 2633,3772 2634,3772 2635,3771 2635,3767 2637,3765 2641,3765 2643,3763 2643,3762 2644,3761 2649,3761 2650,3760 2650,3759 2652,3757 2663,3757 2664,3759 2664,3760 2666,3761 2754,3761 2755,3763 2755,3771 2757,3772 2758,3772 2759,3774 2759,3804 2760,3804 2944,3804 2944,3804 2944,3803 2946,3801 2950,3801 2951,3800 2951,3799 2953,3797 3132,3797 3132,3798 3132,3799 3133,3800 3135,3801 3136,3801 3136,3802 3136,3819 3136,3819 3135,3819 3131,3823 3130,3823 3129,3824 3129,3848 3129,3848 3128,3848 3124,3852 3123,3852 3122,3853 3122,3869 3121,3870 3120,3870 3118,3872 3118,3873 3118,3873 3117,3873 3116,3874 3107,3874 3106,3873 3061,3873 3060,3873 3060,3872 3059,3870 3012,3870 3011,3871 3011,3921 3011,3921"/><TextEquiv index="1"><Unicode>aporté à terre dans ma poche du ſel pour</Unicode></TextEquiv></TextLine><TextLine id="r0_l020"><Coords points="1610,4081 1609,4081 1609,4068 1609,4067 937,4067 936,4067 936,4034 936,4033 320,4033 319,4033 319,4032 318,4030 314,4030 306,4022 305,4022 304,4022 304,3973 305,3972 306,3972 308,3970 308,3969 309,3968 310,3968 314,3964 329,3964 329,3964 329,3963 331,3961 335,3961 339,3957 395,3957 395,3957 395,3940 396,3939 397,3939 398,3938 398,3936 398,3935 77,3935 75,3934 75,3926 76,3925 77,3925 78,3924 405,3924 406,3923 406,3922 407,3921 408,3921 410,3919 410,3918 411,3917 412,3917 413,3916 413,3915 414,3914 415,3914 416,3913 629,3913 636,3920 1677,3920 1678,3921 2929,3921 2929,3921 2929,3920 2930,3919 2930,3918 2931,3917 2932,3917 2933,3916 2933,3915 2934,3914 2935,3914 2936,3913 2964,3913 2968,3917 2969,3917 2969,3918 2969,3920 2970,3920 2992,3920 2993,3921 3012,3921 3013,3923 3013,3957 3014,3957 3063,3957 3064,3959 3064,3960 3066,3961 3071,3961 3071,3962 3071,3963 3075,3967 3075,3982 3076,3982 3135,3982 3136,3984 3136,3985 3137,3986 3138,3986 3139,3986 3140,3988 3140,4003 3135,4008 3134,4008 3133,4009 3133,4010 3131,4012 3083,4012 3082,4013 3082,4029 3082,4029 3081,4029 3078,4032 3078,4033 3078,4033 2935,4033 2933,4035 2933,4036 2932,4037 2637,4037 2635,4039 2635,4040 2634,4041 1918,4041 1916,4043 1916,4073 1916,4073 1915,4073 1914,4074 1912,4076 1912,4077 1912,4077 1614,4077 1613,4078 1613,4081 1613,4081"/><TextEquiv index="1"><Unicode>aſſaiſonner ce que je pourrois tuer. J'a-</Unicode></TextEquiv></TextLine><TextLine id="r0_l021"><Coords points="2164,4246 2163,4246 2163,4201 2163,4200 2129,4200 2127,4202 2127,4203 2126,4204 2060,4204 2058,4206 2058,4207 2058,4207 2057,4207 2056,4208 1921,4208 1920,4209 1920,4210 1915,4215 1914,4215 1913,4216 1913,4217 1911,4219 1910,4219 1909,4220 1909,4221 1908,4222 1907,4222 1906,4223 1906,4224 1904,4226 1903,4226 1902,4227 1902,4228 1900,4230 1899,4230 1898,4231 1898,4232 1897,4233 1889,4233 1887,4232 1887,4201 1887,4200 1730,4200 1727,4203 1727,4204 1727,4204 1725,4204 1724,4204 1724,4203 1723,4202 1723,4201 1723,4200 1718,4200 1717,4200 1717,4199 1716,4197 1555,4197 1553,4196 1553,4195 1552,4193 1535,4193 1534,4194 1534,4241 1534,4241 1527,4241 1526,4240 1517,4240 1516,4240 1517,4239 1517,4191 1517,4190 1406,4190 1405,4191 1405,4236 1405,4236 1400,4236 1399,4235 1398,4235 1397,4235 1397,4191 1397,4190 1045,4190 1044,4189 1043,4189 1040,4186 839,4186 838,4187 838,4231 838,4231 821,4231 820,4231 820,4187 820,4186 767,4186 765,4188 765,4189 765,4189 764,4189 763,4190 679,4190 678,4191 678,4207 678,4207 677,4207 674,4210 674,4214 674,4214 673,4215 672,4215 671,4216 671,4217 662,4226 658,4226 656,4228 656,4229 656,4229 651,4229 649,4231 649,4232 648,4233 636,4233 635,4233 635,4232 633,4229 625,4229 624,4229 624,4228 623,4226 622,4226 620,4225 620,4220 620,4219 619,4219 616,4217 616,4198 616,4197 430,4197 426,4193 357,4193 351,4188 351,4187 351,4186 350,4186 344,4181 344,4180 344,4179 343,4179 340,4177 340,4169 340,4168 339,4168 337,4167 337,4166 336,4164 335,4164 333,4163 333,4158 333,4157 332,4157 329,4155 329,4151 328,4149 327,4149 326,4149 326,4148 325,4146 324,4146 322,4145 322,4144 321,4142 320,4142 319,4142 319,4141 318,4139 314,4139 310,4135 309,4135 308,4135 308,4133 310,4131 311,4131 311,4131 311,4130 314,4127 315,4127 315,4127 315,4126 317,4124 434,4124 435,4123 435,4122 437,4120 493,4120 493,4120 493,4082 494,4081 495,4081 497,4079 497,4078 498,4077 510,4077 511,4079 511,4080 512,4080 513,4080 515,4083 515,4120 516,4120 645,4120 645,4120 645,4119 647,4117 702,4117 703,4116 703,4115 705,4113 826,4113 827,4112 827,4111 828,4110 847,4110 848,4109 936,4109 936,4109 936,4068 937,4067 1035,4067 1036,4066 1051,4066 1052,4068 1052,4069 1053,4069 1054,4069 1056,4072 1056,4080 1057,4080 1219,4080 1219,4080 1219,4079 1221,4077 1222,4077 1223,4076 1223,4075 1225,4073 1226,4073 1226,4073 1226,4072 1228,4070 1229,4070 1230,4069 1242,4069 1243,4070 1244,4070 1245,4072 1245,4073 1246,4073 1334,4073 1336,4076 1336,4077 1337,4077 1338,4077 1339,4079 1339,4117 1340,4117 1542,4117 1542,4117 1542,4079 1544,4077 1556,4077 1557,4079 1557,4080 1558,4080 1609,4080 1610,4081 1615,4081 1615,4082 1615,4083 1617,4084 1618,4084 1618,4085 1618,4086 1619,4087 1619,4124 1620,4124 1679,4124 1682,4127 1785,4127 1786,4128 1832,4128 1833,4130 1833,4131 1834,4131 1835,4131 1837,4134 1837,4135 1838,4135 1839,4135 1840,4137 1840,4171 1841,4171 2007,4171 2007,4171 2007,4159 2011,4155 2011,4151 2013,4149 2014,4149 2014,4149 2014,4148 2016,4146 2017,4146 2018,4145 2018,4100 2019,4099 2020,4099 2022,4097 2022,4093 2024,4091 2025,4091 2025,4091 2025,4090 2027,4088 2028,4088 2029,4087 2029,4087 2029,4086 2031,4084 2039,4084 2040,4083 2040,4082 2042,4080 2049,4080 2051,4083 2051,4084 2052,4084 2057,4084 2058,4086 2058,4087 2060,4088 2065,4088 2065,4089 2065,4090 2066,4090 2068,4092 2069,4092 2069,4093 2069,4120 2070,4120 2232,4120 2232,4120 2232,4083 2235,4080 2283,4080 2283,4080 2283,4078 2284,4077 2286,4077 2287,4079 2287,4080 2288,4080 2292,4080 2293,4081 2294,4081 2294,4082 2294,4083 2300,4088 2301,4088 2301,4089 2301,4124 2302,4124 2701,4124 2701,4124 2701,4118 2702,4117 2703,4117 2704,4116 2704,4112 2707,4109 2708,4109 2708,4109 2708,4104 2710,4102 2711,4102 2711,4102 2711,4101 2713,4099 2714,4099 2714,4099 2715,4098 2715,4097 2717,4095 2718,4095 2719,4094 2719,4093 2721,4091 2726,4091 2726,4091 2726,4090 2728,4088 2732,4088 2733,4087 2733,4086 2735,4084 2751,4084 2751,4085 2751,4086 2754,4088 2755,4088 2755,4089 2755,4120 2756,4120 2776,4120 2777,4122 2777,4123 2779,4124 2940,4124 2940,4124 2940,4123 2943,4120 3034,4120 3034,4120 3034,4116 3035,4115 3035,4114 3036,4113 3070,4113 3071,4115 3071,4116 3073,4117 3078,4117 3078,4118 3078,4120 3079,4120 3128,4120 3129,4122 3129,4142 3129,4142 3116,4142 3115,4143 3115,4192 3114,4193 3113,4193 3111,4195 3111,4196 3110,4197 3099,4197 3096,4195 3096,4194 3096,4193 2880,4193 2879,4194 2879,4195 2877,4197 2865,4197 2864,4198 2864,4225 2863,4226 2862,4226 2860,4228 2860,4229 2860,4229 2844,4229 2842,4228 2842,4227 2842,4226 2841,4226 2839,4225 2839,4224 2838,4223 2838,4198 2838,4197 2339,4197 2337,4199 2337,4200 2337,4200 2186,4200 2185,4201 2185,4246 2185,4246"/><TextEquiv index="1"><Unicode>vois grand beſoin d'eau, &amp; d'un vaſe pour</Unicode></TextEquiv></TextLine><TextLine id="r0_l022"><Coords points="2524,4402 2523,4402 2523,4394 2523,4393 1220,4393 1219,4394 421,4394 420,4395 420,4399 420,4399 418,4399 417,4400 409,4400 408,4400 408,4368 408,4367 69,4367 68,4367 68,4329 68,4328 67,4328 64,4326 67,4323 68,4323 68,4323 68,4249 70,4247 300,4247 300,4247 300,4246 302,4244 303,4244 304,4243 304,4242 306,4240 322,4240 322,4240 322,4239 324,4237 325,4237 326,4236 820,4236 820,4236 820,4232 821,4231 838,4231 838,4232 838,4235 839,4235 1399,4235 1400,4236 1406,4236 1407,4237 1476,4237 1479,4240 2950,4240 2951,4242 2951,4243 2953,4244 2954,4244 2955,4246 2955,4280 2956,4280 3135,4280 3140,4286 3140,4294 3142,4295 3143,4295 3144,4297 3144,4301 3143,4302 3142,4302 3140,4304 3140,4305 3139,4306 3127,4306 3126,4307 3126,4351 3124,4353 2957,4353 2953,4357 2527,4357 2526,4358 2526,4402 2526,4402"/><TextEquiv index="1"><Unicode>boire; je trouvai l'une au pied d'un rocher</Unicode></TextEquiv></TextLine><TextLine id="r0_l023"><Coords points="1479,4561 1478,4561 1478,4517 1478,4516 1431,4516 1430,4516 1430,4515 1429,4513 1153,4513 1152,4512 1151,4512 1150,4512 1150,4511 1149,4509 974,4509 972,4508 972,4507 971,4505 966,4505 965,4505 965,4504 964,4502 792,4502 791,4503 791,4504 790,4505 789,4505 787,4507 787,4508 786,4509 644,4509 640,4513 625,4513 624,4514 624,4515 623,4516 462,4516 460,4518 460,4519 459,4520 328,4520 326,4519 326,4518 325,4516 324,4516 322,4515 322,4514 322,4513 317,4513 315,4512 315,4511 315,4510 314,4509 313,4509 311,4508 311,4507 310,4505 309,4505 308,4505 308,4504 307,4503 307,4502 306,4502 304,4501 304,4460 306,4458 307,4458 308,4457 308,4456 310,4454 315,4454 315,4454 315,4453 317,4451 321,4451 322,4450 322,4449 324,4447 325,4447 326,4446 326,4445 327,4444 335,4444 337,4442 337,4441 338,4440 406,4440 406,4440 406,4402 408,4400 417,4400 418,4399 421,4399 422,4400 423,4400 424,4402 424,4403 426,4404 427,4404 427,4405 427,4406 428,4407 428,4414 430,4415 431,4415 431,4416 431,4421 433,4422 434,4422 435,4424 435,4425 436,4425 437,4425 438,4427 438,4440 439,4440 707,4440 707,4440 707,4438 709,4436 714,4436 714,4436 714,4435 716,4433 866,4433 867,4432 867,4431 869,4429 873,4429 874,4428 874,4427 875,4426 876,4426 877,4425 883,4425 884,4426 885,4426 885,4427 885,4428 887,4429 895,4429 896,4431 896,4432 898,4433 975,4433 976,4435 976,4436 977,4436 1087,4436 1089,4439 1089,4440 1090,4440 1201,4440 1201,4440 1201,4402 1203,4400 1204,4400 1204,4400 1204,4399 1205,4398 1205,4394 1206,4393 1218,4393 1223,4399 1223,4436 1224,4436 1287,4436 1288,4438 1288,4439 1290,4440 1440,4440 1440,4441 1440,4442 1442,4443 1547,4443 1548,4444 1549,4444 1550,4446 1550,4447 1551,4447 1669,4447 1669,4447 1669,4410 1673,4406 1673,4405 1674,4404 1763,4404 1764,4403 1765,4404 1767,4404 1767,4405 1767,4406 1769,4407 1813,4407 1818,4413 1818,4451 1819,4451 1984,4451 1986,4449 1986,4448 1987,4447 2207,4447 2207,4447 2207,4412 2208,4411 2209,4411 2216,4404 2224,4404 2232,4413 2232,4444 2233,4444 2293,4444 2296,4447 2468,4447 2468,4447 2468,4446 2470,4444 2471,4444 2472,4443 2515,4443 2515,4443 2515,4410 2523,4402 2588,4402 2590,4400 2645,4400 2646,4399 2646,4398 2647,4397 2648,4397 2649,4396 2659,4396 2664,4402 2664,4443 2665,4443 2847,4443 2848,4444 2849,4444 2850,4446 2850,4447 2851,4447 2852,4447 2853,4448 3006,4448 3006,4448 3006,4420 3008,4418 3009,4418 3009,4418 3009,4413 3011,4411 3012,4411 3013,4410 3013,4405 3014,4404 3019,4404 3020,4403 3020,4402 3022,4400 3027,4400 3027,4400 3027,4399 3030,4396 3041,4396 3042,4398 3042,4399 3044,4400 3052,4400 3053,4402 3053,4403 3055,4404 3056,4404 3056,4405 3056,4406 3057,4407 3057,4411 3058,4411 3059,4411 3064,4417 3064,4433 3065,4433 3132,4433 3133,4435 3133,4436 3134,4436 3135,4436 3136,4438 3136,4516 3136,4516 3135,4516 3134,4517 3133,4518 3133,4519 3132,4520 2945,4520 2944,4521 2944,4523 2944,4523 2943,4523 2940,4526 2940,4530 2939,4531 2938,4531 2937,4532 2937,4537 2936,4538 2935,4538 2934,4539 2933,4540 2933,4541 2932,4542 2927,4542 2926,4543 2926,4544 2925,4545 2913,4545 2911,4544 2911,4517 2911,4516 2688,4516 2686,4518 2686,4519 2685,4520 2067,4520 2065,4522 2065,4523 2065,4523 1995,4523 1994,4524 1903,4524 1902,4525 1902,4555 1901,4556 1893,4556 1891,4558 1891,4559 1890,4560 1889,4560 1887,4559 1887,4558 1886,4556 1882,4556 1880,4555 1880,4554 1880,4553 1879,4553 1876,4551 1876,4525 1876,4524 1788,4524 1785,4522 1785,4521 1785,4520 1540,4520 1539,4521 1539,4548 1538,4549 1519,4549 1517,4548 1517,4547 1516,4545 1515,4545 1513,4544 1513,4517 1513,4516 1496,4516 1495,4517 1495,4561 1495,4561"/><TextEquiv index="1"><Unicode>où nous en avions puiſé pour le vaiſſeau, &amp;</Unicode></TextEquiv></TextLine><TextLine id="r0_l024"><Coords points="1552,4724 1551,4724 1551,4681 1551,4680 1450,4680 1448,4679 1448,4678 1447,4676 1359,4676 1357,4675 1357,4674 1356,4672 1145,4672 1144,4673 1063,4673 1062,4672 890,4672 889,4673 889,4696 888,4697 888,4698 888,4698 883,4698 881,4700 881,4701 881,4701 880,4701 879,4702 878,4701 868,4701 867,4701 867,4700 866,4698 865,4698 863,4697 863,4670 863,4669 687,4669 685,4671 685,4672 685,4672 677,4672 674,4675 674,4676 674,4676 556,4676 555,4677 555,4718 555,4718 542,4718 541,4719 537,4719 536,4719 536,4677 536,4676 480,4676 478,4678 478,4679 477,4680 306,4680 304,4679 304,4678 303,4676 302,4676 300,4675 300,4623 299,4621 298,4621 297,4621 297,4616 299,4614 307,4614 308,4613 308,4612 309,4611 310,4611 311,4610 311,4609 313,4607 318,4607 318,4607 318,4606 321,4603 532,4603 533,4602 533,4601 534,4600 666,4600 667,4599 667,4598 669,4596 674,4596 674,4596 674,4595 677,4592 707,4592 707,4592 707,4562 713,4556 714,4556 714,4556 714,4555 717,4552 731,4552 733,4555 733,4589 734,4589 830,4589 830,4590 830,4591 832,4592 898,4592 900,4595 900,4596 901,4596 1055,4596 1056,4597 1216,4597 1217,4596 1440,4596 1441,4595 1441,4594 1443,4592 1477,4592 1477,4592 1477,4562 1478,4561 1495,4561 1495,4562 1495,4566 1497,4567 1498,4567 1499,4569 1499,4603 1500,4603 1706,4603 1706,4603 1706,4572 1707,4571 1712,4571 1713,4570 1713,4569 1715,4567 1759,4567 1764,4573 1764,4607 1765,4607 1832,4607 1833,4609 1833,4610 1834,4610 2000,4610 2000,4610 2000,4568 2001,4567 2002,4567 2006,4563 2010,4563 2011,4562 2011,4561 2012,4560 2021,4560 2022,4562 2022,4563 2023,4563 2199,4563 2200,4562 2200,4561 2201,4560 2206,4560 2207,4559 2207,4558 2209,4556 2217,4556 2217,4557 2217,4558 2220,4560 2224,4560 2225,4562 2225,4566 2227,4567 2228,4567 2228,4568 2228,4569 2229,4570 2229,4607 2230,4607 2396,4607 2396,4607 2396,4605 2398,4603 2399,4603 2399,4603 2399,4598 2401,4596 2402,4596 2403,4595 2403,4594 2405,4592 2407,4595 2407,4596 2408,4596 2409,4596 2410,4598 2410,4603 2411,4603 2525,4603 2526,4605 2526,4606 2528,4607 2536,4607 2537,4608 2686,4608 2686,4608 2686,4565 2687,4564 2688,4564 2689,4563 2768,4563 2770,4566 2770,4567 2771,4567 2772,4567 2773,4569 2773,4603 2774,4603 2837,4603 2839,4605 2999,4605 3001,4603 3005,4603 3006,4602 3006,4601 3007,4600 3125,4600 3125,4601 3125,4602 3127,4603 3128,4603 3129,4605 3129,4657 3131,4658 3132,4658 3133,4660 3133,4661 3134,4661 3135,4661 3135,4662 3136,4663 3136,4664 3138,4665 3139,4665 3140,4667 3140,4675 3139,4676 3135,4676 3131,4680 3117,4680 3114,4678 3114,4677 3114,4676 2934,4676 2933,4677 2933,4708 2932,4709 2931,4709 2929,4711 2929,4712 2929,4712 2913,4712 2911,4711 2911,4710 2911,4709 2910,4709 2908,4708 2908,4707 2907,4706 2907,4681 2907,4680 2593,4680 2592,4681 2592,4682 2591,4683 2510,4683 2508,4682 2508,4681 2508,4680 2292,4680 2290,4682 2290,4683 2290,4683 2256,4683 2255,4682 2095,4682 2094,4683 2031,4683 2029,4685 2029,4686 2028,4687 2024,4687 2020,4683 1835,4683 1833,4685 1833,4686 1832,4687 1813,4687 1811,4686 1811,4685 1810,4683 1620,4683 1619,4683 1619,4682 1618,4680 1557,4680 1556,4681 1556,4724 1556,4724"/><TextEquiv index="1"><Unicode>mon chapeau me tint lieu de l'autre. En peu</Unicode></TextEquiv></TextLine><TextLine id="r0_l025"><Coords points="1387,4879 1386,4879 1386,4875 1386,4874 1108,4874 1107,4874 1107,4873 1107,4872 531,4872 529,4871 529,4844 529,4843 426,4843 422,4839 335,4839 324,4828 58,4828 57,4828 57,4816 59,4814 60,4814 61,4813 61,4808 62,4807 318,4807 318,4807 318,4804 318,4803 317,4803 315,4802 315,4790 316,4789 317,4789 318,4788 318,4784 321,4781 325,4781 326,4780 326,4779 327,4778 328,4778 330,4776 330,4775 331,4774 332,4774 333,4773 333,4772 334,4771 335,4771 336,4770 340,4770 340,4770 340,4769 342,4767 362,4767 362,4767 362,4725 364,4723 365,4723 366,4722 366,4721 367,4720 368,4720 369,4719 541,4719 542,4718 1237,4718 1239,4716 1240,4716 1241,4715 1241,4714 1243,4712 1269,4712 1270,4714 1270,4715 1272,4716 3092,4716 3093,4718 3093,4719 3095,4720 3096,4720 3096,4721 3096,4722 3097,4723 3097,4788 3098,4788 3138,4788 3139,4789 3140,4789 3140,4790 3140,4810 3140,4810 3124,4810 3122,4812 3122,4813 3121,4814 3061,4814 3060,4815 3060,4832 3060,4832 3021,4832 3020,4833 3020,4835 3019,4836 2935,4836 2933,4838 2933,4839 2933,4839 2932,4839 2929,4842 2929,4843 2929,4843 2912,4843 2911,4844 2911,4872 2911,4872 2144,4872 2140,4876 1398,4876 1397,4877 1397,4879 1397,4879"/><TextEquiv index="1"><Unicode>de jours ma ſituation me parut aſſez paſ-</Unicode></TextEquiv></TextLine><TextLine id="r0_l026"><Coords points="2352,5039 2351,5039 2351,4997 2351,4996 2093,4996 2091,4995 2091,4994 2090,4992 1933,4992 1929,4996 1841,4996 1840,4997 1840,4998 1839,4999 1736,4999 1735,5000 1735,5039 1735,5039 1717,5039 1716,5039 1716,5000 1716,4999 1689,4999 1688,4999 1688,4998 1687,4996 1497,4996 1495,4998 1495,4999 1495,4999 1493,4999 1491,4998 1491,4997 1491,4996 1363,4996 1361,4995 1361,4994 1360,4992 1195,4992 1194,4993 1194,4994 1192,4996 1130,4996 1128,4998 1128,5013 1127,5014 1126,5014 1125,5015 1125,5016 1124,5017 1123,5017 1122,5018 1121,5019 1121,5020 1120,5021 1119,5021 1118,5022 1118,5023 1116,5025 1115,5025 1114,5026 1114,5027 1113,5028 1108,5028 1107,5028 1107,5027 1106,5025 1105,5025 1103,5024 1103,4993 1103,4992 960,4992 956,4988 952,4988 950,4987 950,4986 950,4985 887,4985 885,4984 885,4983 884,4981 723,4981 722,4982 722,4983 720,4985 719,4985 718,4986 718,4995 718,4995 717,4995 714,4998 714,4999 714,4999 713,4999 711,5001 711,5005 710,5006 706,5006 703,5009 703,5010 703,5010 691,5010 689,5009 689,4997 689,4996 389,4996 387,4998 387,4999 387,4999 313,4999 311,4998 311,4932 313,4930 314,4930 315,4929 315,4928 316,4927 317,4927 318,4926 322,4926 322,4926 322,4921 324,4919 325,4919 326,4918 326,4914 328,4912 329,4912 329,4912 329,4907 331,4905 332,4905 333,4904 333,4903 335,4901 337,4901 337,4901 337,4892 339,4890 340,4890 340,4890 340,4885 342,4883 343,4883 344,4882 344,4881 346,4879 347,4879 348,4878 348,4877 349,4876 369,4876 369,4877 369,4878 371,4879 528,4879 529,4881 529,4882 531,4883 532,4883 533,4885 533,4886 535,4887 536,4887 536,4888 536,4892 537,4893 537,4894 538,4894 539,4894 540,4896 540,4919 541,4919 601,4919 601,4920 601,4921 604,4923 605,4923 605,4924 605,4925 608,4927 609,4927 609,4928 609,4929 615,4934 616,4934 616,4935 616,4959 617,4959 852,4959 852,4959 852,4936 854,4934 855,4934 856,4933 856,4928 857,4927 858,4927 859,4926 859,4894 860,4893 860,4892 862,4890 863,4890 863,4890 863,4881 864,4880 865,4880 867,4878 867,4877 868,4876 869,4876 870,4875 870,4868 871,4867 871,4866 872,4865 903,4865 903,4866 903,4867 913,4876 914,4876 914,4877 914,4905 915,4905 953,4905 954,4907 954,4908 955,4908 974,4908 978,4912 1106,4912 1106,4912 1106,4875 1107,4874 1128,4874 1128,4875 1128,4916 1129,4916 1132,4916 1132,4917 1132,4919 1133,4919 1200,4919 1201,4921 1201,4922 1203,4923 1371,4923 1371,4923 1371,4922 1372,4921 1372,4903 1374,4901 1375,4901 1375,4901 1375,4896 1377,4894 1378,4894 1379,4893 1379,4888 1380,4887 1381,4887 1382,4886 1382,4882 1385,4879 1472,4879 1473,4881 1473,4882 1475,4883 1567,4883 1568,4885 1568,4923 1569,4923 1643,4923 1644,4925 1644,4926 1645,4926 1646,4926 1648,4929 1648,4930 1649,4930 1840,4930 1840,4930 1840,4892 1842,4890 1843,4890 1844,4889 1844,4888 1845,4887 1846,4887 1847,4886 1847,4885 1849,4883 1857,4883 1861,4887 1865,4887 1865,4888 1865,4892 1869,4896 1869,4926 1870,4926 2228,4926 2229,4925 2229,4924 2230,4923 2351,4923 2352,4922 2352,4921 2354,4919 2362,4919 2363,4921 2363,4923 2364,4923 2548,4923 2548,4923 2548,4889 2554,4883 2562,4883 2563,4885 2563,4886 2564,4886 2718,4886 2721,4883 2740,4883 2740,4884 2740,4885 2743,4887 2744,4887 2744,4888 2744,4923 2745,4923 2973,4923 2973,4923 2973,4885 2975,4883 2976,4883 2976,4883 2976,4882 2979,4879 2990,4879 2991,4881 2991,4882 2992,4882 2993,4883 2994,4883 2995,4885 2995,4919 2996,4919 3128,4919 3129,4921 3129,4922 3131,4923 3136,4923 3136,4924 3136,4925 3139,4927 3140,4927 3140,4928 3140,4929 3142,4930 3143,4930 3143,4931 3143,4932 3144,4933 3144,4983 3142,4985 3141,4985 3140,4986 3140,4991 3139,4992 3131,4992 3129,4994 3129,4995 3129,4995 3128,4995 3127,4996 3123,4996 3122,4997 3122,4998 3121,4999 3109,4999 3107,4998 3107,4997 3107,4996 3103,4996 3102,4995 3101,4995 3100,4995 3100,4994 3099,4992 2938,4992 2937,4993 2937,4994 2935,4996 2923,4996 2922,4997 2922,5020 2921,5021 2920,5021 2919,5022 2919,5023 2917,5025 2899,5025 2897,5024 2897,5023 2896,5021 2891,5021 2890,5021 2890,5020 2889,5019 2889,5000 2889,4999 2793,4999 2791,4998 2791,4997 2790,4995 2789,4995 2788,4995 2788,4994 2787,4992 2572,4992 2570,4994 2570,4995 2570,4995 2569,4995 2568,4996 2371,4996 2370,4997 2370,4999 2370,4999 2357,4999 2356,5000 2356,5039 2356,5039"/><TextEquiv index="1"><Unicode>ſable, &amp; je réſolus de me tenir le plus</Unicode></TextEquiv></TextLine><TextLine id="r0_l027"><Coords points="1768,5194 1767,5194 1767,5146 1767,5145 1739,5145 1738,5146 1738,5166 1738,5166 1737,5166 1735,5168 1735,5176 1734,5177 1733,5177 1731,5179 1731,5180 1730,5181 1729,5181 1727,5183 1727,5184 1727,5184 1718,5184 1717,5185 1716,5185 1715,5184 1714,5184 1713,5184 1713,5149 1713,5148 1522,5148 1521,5149 1521,5150 1519,5152 1478,5152 1477,5153 1477,5180 1476,5181 1475,5181 1473,5183 1473,5184 1473,5184 1460,5184 1459,5184 1459,5183 1458,5181 1457,5181 1455,5180 1455,5153 1455,5152 1217,5152 1216,5153 1216,5160 1215,5161 1215,5162 1214,5163 1213,5163 1212,5164 1212,5169 1211,5170 1210,5170 1208,5172 1208,5176 1205,5179 1205,5183 1204,5184 1203,5184 1201,5186 1201,5187 1200,5188 1195,5188 1194,5189 1194,5190 1192,5192 1182,5192 1181,5191 1180,5191 1179,5191 1179,5190 1178,5188 1177,5188 1176,5188 1176,5149 1176,5148 1028,5148 1027,5148 1027,5146 1027,5145 951,5145 950,5144 944,5144 943,5144 943,5139 942,5137 941,5137 940,5137 940,5136 939,5135 939,5131 939,5130 853,5130 852,5131 852,5182 852,5182 845,5182 844,5181 835,5181 834,5181 834,5131 834,5130 777,5130 776,5131 776,5144 776,5144 774,5144 772,5143 772,5138 772,5137 567,5137 566,5138 566,5139 564,5141 560,5141 558,5143 558,5144 558,5144 557,5144 556,5145 498,5145 496,5147 496,5148 496,5148 491,5148 489,5150 489,5151 488,5152 364,5152 363,5153 363,5191 363,5191 359,5191 358,5191 358,5189 358,5188 320,5188 319,5188 319,5187 317,5184 309,5184 308,5184 308,5183 307,5181 306,5181 304,5180 304,5175 305,5174 306,5174 307,5173 307,5095 307,5094 306,5094 304,5093 304,5092 310,5086 314,5086 315,5085 315,5084 316,5083 321,5083 322,5082 322,5081 324,5079 467,5079 467,5079 467,5042 468,5041 468,5040 469,5039 470,5039 471,5038 471,5037 472,5036 473,5036 474,5035 484,5035 486,5038 486,5042 488,5043 489,5043 489,5044 489,5053 490,5053 491,5053 493,5056 493,5067 495,5068 496,5068 496,5069 496,5075 497,5075 656,5075 656,5075 656,5074 658,5072 659,5072 660,5071 660,5070 662,5068 666,5068 667,5067 667,5066 668,5065 674,5065 674,5065 674,5030 676,5028 677,5028 680,5025 681,5025 682,5024 697,5024 698,5025 858,5025 860,5023 860,5022 861,5021 881,5021 881,5022 881,5032 882,5032 1044,5032 1045,5034 1045,5035 1046,5035 1047,5035 1048,5037 1048,5038 1049,5039 1049,5075 1050,5075 1305,5075 1307,5078 1307,5079 1308,5079 1316,5079 1317,5081 1317,5082 1318,5082 1319,5082 1320,5083 1501,5083 1502,5082 1502,5081 1504,5079 1603,5079 1604,5078 1604,5077 1605,5076 1606,5076 1607,5075 1713,5075 1713,5075 1713,5041 1715,5039 1735,5039 1735,5040 1735,5075 1736,5075 1799,5075 1800,5077 1800,5078 1802,5079 2021,5079 2021,5079 2021,5078 2024,5075 2031,5075 2033,5078 2033,5079 2034,5079 2341,5079 2341,5079 2341,5048 2343,5046 2344,5046 2345,5045 2345,5041 2347,5039 2362,5039 2363,5041 2363,5046 2364,5046 2365,5046 2367,5049 2367,5079 2368,5079 2417,5079 2417,5080 2417,5081 2420,5083 2424,5083 2425,5085 2425,5086 2426,5086 2427,5086 2428,5088 2428,5123 2429,5123 2671,5123 2671,5123 2671,5093 2672,5092 2672,5091 2673,5090 2674,5090 2679,5085 2679,5084 2680,5083 2681,5083 2683,5081 2683,5080 2684,5079 2703,5079 2707,5075 2755,5075 2755,5075 2755,5063 2757,5061 2758,5061 2759,5060 2759,5055 2760,5054 2761,5054 2761,5054 2763,5052 2763,5051 2764,5050 2765,5050 2766,5049 2766,5048 2767,5047 2768,5047 2770,5045 2770,5044 2771,5043 2772,5043 2773,5042 2773,5041 2775,5039 2776,5039 2777,5038 2777,5037 2778,5036 2779,5036 2780,5035 2784,5035 2784,5035 2784,5034 2786,5032 2802,5032 2802,5033 2802,5034 2808,5039 2809,5039 2809,5040 2809,5041 2810,5042 2810,5075 2811,5075 2873,5075 2874,5076 2875,5076 2875,5077 2875,5078 2877,5079 3027,5079 3027,5079 3027,5034 3029,5032 3045,5032 3046,5034 3046,5035 3047,5035 3051,5035 3057,5042 3057,5075 3058,5075 3117,5075 3118,5077 3118,5078 3120,5079 3128,5079 3129,5081 3129,5082 3130,5082 3131,5082 3133,5085 3133,5086 3134,5086 3135,5086 3136,5088 3136,5092 3139,5094 3140,5094 3140,5095 3140,5133 3141,5133 3142,5133 3144,5136 3143,5137 3142,5137 3140,5139 3140,5144 3140,5144 3139,5144 3138,5145 3136,5147 3136,5148 3136,5148 3131,5148 3129,5150 3129,5151 3128,5152 3123,5152 3122,5153 3122,5154 3121,5155 3094,5155 3093,5155 3093,5154 3092,5152 2894,5152 2893,5153 2893,5155 2893,5155 2808,5155 2806,5157 2806,5158 2805,5159 2800,5159 2799,5159 2799,5153 2799,5152 2535,5152 2534,5153 2534,5157 2533,5158 2533,5159 2533,5159 2532,5159 2530,5161 2530,5169 2529,5170 2528,5170 2526,5172 2526,5173 2526,5173 2525,5173 2523,5175 2523,5176 2522,5177 2521,5177 2519,5179 2519,5180 2518,5181 2513,5181 2512,5182 2512,5183 2511,5184 2502,5184 2501,5184 2501,5156 2501,5155 2281,5155 2279,5154 2279,5153 2279,5152 2044,5152 1929,5152 1927,5154 1927,5184 1927,5184 1914,5184 1913,5184 1913,5183 1912,5181 1908,5181 1905,5179 1905,5146 1905,5145 1776,5145 1775,5146 1775,5194 1775,5194"/><TextEquiv index="1"><Unicode>près de la baye que je pourrois, afin de</Unicode></TextEquiv></TextLine><TextLine id="r0_l028"><Coords points="2291,5362 2290,5362 2290,5316 2290,5315 2259,5315 2258,5316 2258,5321 2257,5322 2256,5322 2254,5324 2254,5329 2254,5329 2253,5329 2250,5332 2250,5336 2249,5337 2248,5337 2247,5338 2247,5339 2245,5341 2241,5341 2239,5343 2239,5344 2239,5344 2234,5344 2232,5346 2232,5347 2231,5348 2227,5348 2225,5347 2225,5346 2224,5344 2223,5344 2221,5343 2221,5316 2221,5315 2071,5315 2070,5316 2070,5359 2070,5359 2057,5359 2056,5359 2056,5313 2056,5312 1734,5312 1733,5311 1711,5311 1709,5310 1709,5309 1709,5308 1522,5308 1521,5309 1521,5310 1520,5311 1519,5311 1518,5312 1511,5312 1509,5314 1509,5315 1509,5315 1318,5315 1317,5316 1317,5347 1316,5348 1311,5348 1310,5349 1310,5350 1309,5351 1290,5351 1284,5346 1284,5316 1284,5315 1042,5315 1041,5316 1041,5336 1040,5337 1039,5337 1038,5338 1038,5339 1036,5341 1011,5341 1008,5339 1008,5313 1008,5312 997,5312 996,5311 995,5311 994,5311 994,5310 993,5308 989,5308 983,5303 983,5302 983,5301 982,5301 979,5299 979,5298 979,5297 978,5297 976,5296 976,5292 975,5290 799,5290 798,5291 798,5292 797,5293 786,5293 783,5296 783,5297 783,5297 672,5297 671,5298 671,5299 669,5301 577,5301 576,5302 576,5340 575,5341 574,5341 573,5342 573,5345 573,5345 562,5345 561,5344 556,5344 555,5344 555,5309 555,5308 425,5308 424,5309 424,5310 422,5312 326,5312 325,5313 325,5349 325,5349 313,5349 312,5349 312,5304 311,5303 311,5302 311,5301 310,5301 308,5300 308,5299 307,5297 302,5297 301,5297 301,5296 300,5295 300,5291 300,5290 299,5290 297,5289 297,5269 298,5268 299,5268 300,5267 300,5259 302,5257 303,5257 304,5256 304,5248 306,5246 307,5246 308,5245 308,5244 310,5242 311,5242 311,5242 311,5241 313,5239 317,5239 322,5234 322,5233 323,5232 340,5232 340,5232 340,5194 342,5192 357,5192 358,5191 364,5191 365,5192 442,5192 442,5193 442,5228 443,5228 652,5228 652,5228 652,5227 655,5224 663,5224 663,5224 663,5223 665,5221 834,5221 834,5221 834,5182 835,5181 844,5181 845,5182 852,5182 852,5183 852,5217 853,5217 906,5217 907,5219 907,5220 909,5221 914,5221 914,5222 914,5235 915,5235 1212,5235 1212,5235 1212,5204 1213,5203 1214,5203 1214,5203 1216,5201 1216,5200 1217,5199 1218,5199 1219,5198 1219,5197 1221,5195 1229,5195 1230,5197 1230,5198 1232,5199 1233,5199 1234,5201 1234,5239 1235,5239 1760,5239 1760,5239 1760,5201 1762,5199 1763,5199 1763,5199 1764,5198 1764,5197 1766,5195 1767,5195 1768,5194 1829,5194 1835,5188 1901,5188 1902,5190 1902,5191 1904,5192 1905,5192 1905,5193 1905,5239 1906,5239 2090,5239 2091,5241 2091,5242 2092,5242 2176,5242 2180,5246 2340,5246 2341,5245 2341,5237 2343,5235 2344,5235 2345,5234 2345,5222 2346,5221 2347,5221 2348,5220 2348,5216 2351,5213 2352,5213 2352,5213 2352,5208 2354,5206 2355,5206 2356,5205 2356,5204 2357,5203 2358,5203 2359,5202 2359,5202 2359,5201 2361,5199 2362,5199 2362,5199 2363,5198 2363,5197 2365,5195 2373,5195 2374,5194 2374,5193 2375,5192 2391,5192 2394,5195 2398,5195 2399,5197 2399,5198 2401,5199 2402,5199 2403,5201 2403,5246 2404,5246 2580,5246 2581,5245 2581,5244 2583,5242 2599,5242 2599,5242 2599,5241 2601,5239 2733,5239 2733,5239 2733,5205 2743,5195 2750,5195 2751,5196 2912,5196 2913,5195 2918,5195 2918,5195 2918,5194 2920,5192 2929,5192 2929,5193 2929,5194 2931,5195 2932,5195 2933,5197 2933,5198 2935,5199 3096,5199 3096,5199 3096,5198 3099,5195 3103,5195 3104,5194 3104,5193 3105,5192 3118,5192 3118,5193 3118,5194 3119,5194 3120,5195 3121,5195 3122,5197 3122,5296 3124,5297 3128,5297 3129,5299 3129,5300 3130,5300 3131,5300 3133,5303 3133,5310 3131,5312 3123,5312 3122,5313 3122,5314 3121,5315 2543,5315 2541,5317 2541,5318 2540,5319 2535,5319 2534,5320 2534,5321 2533,5322 2524,5322 2523,5323 2523,5346 2519,5350 2519,5351 2519,5351 2499,5351 2497,5350 2497,5349 2497,5348 2496,5348 2494,5347 2494,5316 2494,5315 2303,5315 2302,5316 2302,5362 2302,5362"/><TextEquiv index="1"><Unicode>découvrir quelques vaiſſeaux, ſi par haſard</Unicode></TextEquiv></TextLine><TextLine id="r0_l029"><Coords points="937,5533 936,5533 936,5476 936,5475 930,5475 929,5476 929,5492 928,5493 927,5493 925,5495 925,5496 924,5497 886,5497 885,5498 885,5500 885,5500 833,5500 830,5503 830,5504 830,5504 807,5504 805,5503 805,5502 804,5500 799,5500 798,5500 798,5499 797,5497 606,5497 605,5498 605,5500 605,5500 582,5500 579,5497 484,5497 482,5496 482,5495 481,5493 306,5493 304,5492 304,5488 310,5482 318,5482 318,5482 318,5411 318,5410 307,5410 306,5409 305,5409 304,5409 304,5408 303,5406 299,5406 297,5405 297,5400 298,5399 299,5399 301,5397 301,5396 302,5395 304,5395 304,5395 304,5357 306,5355 307,5355 308,5354 308,5353 309,5352 310,5351 311,5351 311,5351 311,5350 312,5349 370,5349 371,5348 373,5348 373,5349 373,5350 377,5354 377,5358 379,5359 380,5359 380,5360 380,5388 381,5388 562,5388 562,5388 562,5346 563,5345 573,5345 573,5346 573,5384 574,5384 804,5384 808,5380 812,5380 812,5380 812,5379 814,5377 815,5377 816,5376 816,5375 818,5373 830,5373 830,5374 830,5375 833,5377 913,5377 916,5380 920,5380 921,5382 921,5386 925,5389 1037,5389 1037,5389 1037,5362 1038,5361 1038,5360 1039,5359 1040,5359 1041,5358 1041,5357 1043,5355 1051,5355 1052,5357 1052,5358 1053,5358 1054,5358 1056,5361 1056,5388 1057,5388 1095,5388 1096,5390 1096,5394 1103,5401 1103,5402 1104,5402 1109,5402 1110,5404 1110,5438 1111,5438 1346,5438 1346,5438 1346,5437 1348,5435 1349,5435 1350,5434 1350,5426 1352,5424 1353,5424 1353,5424 1353,5416 1354,5415 1354,5414 1355,5413 1357,5413 1357,5413 1357,5375 1359,5373 1360,5373 1361,5372 1361,5367 1362,5366 1363,5366 1364,5365 1364,5361 1366,5359 1374,5359 1375,5358 1375,5357 1377,5355 1396,5355 1397,5357 1397,5358 1399,5359 1404,5359 1404,5360 1404,5361 1406,5362 1407,5362 1408,5364 1408,5369 1409,5369 1410,5369 1412,5372 1412,5395 1413,5395 1469,5395 1470,5397 1470,5398 1471,5398 1618,5398 1618,5398 1618,5358 1619,5357 1619,5356 1620,5355 1639,5355 1648,5365 1648,5395 1649,5395 1833,5395 1833,5395 1833,5393 1835,5391 1836,5391 1836,5391 1836,5390 1838,5388 1839,5388 1840,5387 1840,5379 1842,5377 1843,5377 1843,5377 1843,5376 1844,5375 1844,5367 1845,5366 1850,5366 1851,5365 1851,5364 1853,5362 1858,5362 1858,5362 1858,5361 1864,5355 1875,5355 1884,5365 1884,5402 1885,5402 2010,5402 2011,5401 2011,5397 2017,5391 2051,5391 2051,5391 2051,5364 2053,5362 2054,5362 2054,5362 2054,5361 2056,5359 2072,5359 2072,5360 2072,5364 2075,5366 2076,5366 2076,5367 2076,5402 2077,5402 2287,5402 2287,5402 2287,5364 2289,5362 2439,5362 2439,5362 2439,5361 2445,5355 2635,5355 2635,5356 2635,5361 2637,5362 2638,5362 2639,5364 2639,5380 2640,5380 2806,5380 2806,5380 2806,5364 2808,5362 2816,5362 2817,5361 2817,5360 2818,5359 2820,5359 2821,5358 2842,5358 2842,5358 2842,5357 2844,5355 2849,5355 2849,5355 2849,5354 2852,5351 2994,5351 2995,5353 2995,5354 2997,5355 3005,5355 3006,5357 3006,5362 3007,5362 3008,5362 3009,5364 3009,5398 3010,5398 3053,5398 3054,5399 3071,5399 3071,5400 3071,5401 3073,5402 3077,5402 3078,5404 3078,5405 3080,5406 3081,5406 3082,5408 3082,5409 3083,5409 3084,5409 3086,5412 3086,5420 3087,5420 3088,5420 3089,5422 3089,5446 3090,5446 3128,5446 3131,5449 3135,5449 3136,5451 3136,5452 3138,5453 3139,5453 3140,5455 3140,5467 3140,5467 3139,5467 3136,5470 3136,5474 3135,5475 3134,5475 3133,5476 3133,5477 3131,5479 3117,5479 3115,5478 3115,5477 3114,5475 2733,5475 2680,5475 2679,5476 2679,5477 2677,5479 2470,5479 2468,5481 2468,5482 2468,5482 2466,5482 2465,5482 2465,5481 2464,5479 1907,5479 1905,5481 1905,5482 1905,5482 1900,5482 1898,5481 1898,5480 1898,5479 1711,5479 1709,5481 1709,5482 1709,5482 1707,5482 1706,5482 1706,5481 1705,5479 1406,5479 1404,5481 1404,5482 1404,5482 1225,5482 1219,5488 1219,5489 1219,5489 1218,5489 1215,5492 1215,5493 1215,5493 1214,5493 1212,5495 1212,5496 1212,5496 1211,5496 1210,5497 1202,5497 1201,5498 1201,5499 1200,5500 1192,5500 1186,5495 1186,5476 1186,5475 944,5475 943,5476 943,5532 942,5533"/><TextEquiv index="1"><Unicode>il en venoit, &amp; de ſortir ainſi de l'Iſle.</Unicode></TextEquiv></TextLine><TextLine id="r0_l030"><Coords points="2649,5675 2648,5674 2647,5674 2646,5674 2646,5647 2646,5646 2348,5646 2347,5645 2346,5645 2345,5645 2345,5644 2344,5642 1842,5642 1840,5641 1840,5640 1839,5638 1537,5638 1535,5640 1535,5641 1534,5642 1406,5642 1404,5641 1404,5640 1403,5638 944,5638 943,5639 943,5649 943,5649 934,5649 932,5651 932,5652 931,5653 909,5653 902,5660 807,5660 805,5659 805,5658 804,5656 644,5656 643,5657 631,5657 630,5656 629,5656 627,5655 627,5654 627,5653 517,5653 514,5651 514,5650 514,5649 327,5649 326,5649 326,5647 326,5646 318,5646 317,5645 316,5645 315,5645 315,5644 314,5642 313,5642 311,5641 311,5640 310,5638 309,5638 308,5638 308,5629 310,5627 311,5627 311,5627 311,5626 313,5624 315,5624 315,5624 315,5534 316,5533 317,5533 321,5529 372,5529 373,5531 373,5573 374,5573 525,5573 525,5574 525,5575 526,5576 526,5580 527,5580 921,5580 921,5580 921,5546 923,5544 924,5544 925,5543 925,5542 927,5540 928,5540 928,5540 929,5539 929,5538 930,5537 934,5537 936,5535 936,5534 937,5533 1074,5533 1074,5533 1074,5516 1075,5515 1095,5515 1096,5517 1096,5518 1097,5518 1098,5518 1099,5520 1099,5562 1100,5562 1342,5562 1342,5562 1342,5522 1343,5521 1343,5520 1345,5518 1353,5518 1353,5518 1353,5517 1355,5515 1360,5515 1361,5517 1361,5518 1362,5518 1366,5518 1367,5519 1368,5519 1368,5520 1368,5525 1370,5526 1371,5526 1372,5528 1372,5555 1373,5555 1527,5555 1528,5557 1528,5565 1530,5566 1789,5566 1789,5566 1789,5524 1791,5522 1796,5522 1796,5522 1796,5521 1799,5518 1809,5518 1810,5519 1811,5519 1811,5520 1811,5529 1812,5529 1813,5529 1815,5532 1815,5566 1816,5566 1948,5566 1949,5567 2105,5567 2105,5567 2105,5535 2107,5533 2108,5533 2108,5533 2109,5532 2109,5531 2111,5529 2115,5529 2118,5526 2126,5526 2127,5528 2127,5539 2129,5540 2130,5540 2130,5541 2130,5566 2131,5566 2334,5566 2334,5566 2334,5531 2336,5529 2337,5529 2337,5529 2338,5528 2338,5527 2339,5526 2522,5526 2523,5528 2523,5529 2524,5529 2525,5529 2527,5532 2527,5533 2528,5533 2529,5533 2530,5535 2530,5569 2531,5569 2583,5569 2585,5572 2585,5573 2586,5573 2587,5573 2588,5575 2588,5576 2589,5576 2590,5576 2592,5579 2592,5612 2594,5613 2770,5613 2770,5613 2770,5600 2772,5598 2773,5598 2773,5598 2773,5590 2777,5586 2777,5553 2779,5551 2780,5551 2780,5551 2780,5543 2783,5540 2784,5540 2784,5540 2784,5531 2785,5530 2786,5530 2788,5528 2788,5527 2789,5526 2790,5526 2792,5524 2792,5523 2793,5522 2823,5522 2824,5524 2824,5525 2825,5525 2826,5525 2828,5528 2828,5530 2829,5530 2989,5530 2990,5529 2994,5529 2995,5528 2995,5527 2996,5526 3020,5526 3020,5527 3020,5562 3021,5562 3136,5562 3136,5563 3136,5564 3137,5565 3139,5566 3140,5566 3140,5567 3140,5583 3139,5584 3138,5584 3136,5586 3136,5587 3136,5587 3135,5587 3134,5588 3127,5588 3126,5589 3126,5633 3124,5635 3123,5635 3122,5636 3122,5637 3121,5638 2892,5638 2888,5642 2819,5642 2815,5646 2676,5646 2675,5647 2675,5652 2674,5653 2673,5653 2672,5654 2672,5658 2671,5659 2671,5660 2671,5660 2670,5660 2668,5662 2668,5666 2663,5671 2659,5671 2657,5673 2657,5674 2657,5674 2656,5674 2655,5675"/><TextEquiv index="1"><Unicode>Je trouvai des dattes dans les bois, &amp; ſur</Unicode></TextEquiv></TextLine><TextLine id="r0_l031"><Coords points="1896,5838 1894,5837 1894,5836 1893,5834 1885,5834 1884,5834 1884,5833 1883,5832 1883,5831 1882,5831 1880,5830 1880,5829 1879,5828 1879,5827 1878,5827 1876,5826 1876,5803 1876,5802 1031,5802 1030,5803 1030,5816 1030,5816 1029,5816 1023,5822 1023,5823 1023,5823 1022,5823 1019,5826 1019,5827 1019,5827 1018,5827 1015,5830 1015,5831 1015,5831 1006,5831 1005,5832 1005,5833 1004,5834 985,5834 983,5833 983,5832 983,5831 974,5831 972,5830 972,5829 971,5827 970,5827 969,5827 969,5826 968,5825 968,5821 968,5820 967,5820 965,5819 965,5814 965,5813 906,5813 902,5809 785,5809 783,5808 783,5806 783,5805 574,5805 573,5805 573,5804 572,5802 328,5802 326,5801 326,5800 325,5798 320,5798 319,5798 319,5797 317,5794 316,5794 315,5794 315,5702 314,5700 313,5700 311,5699 311,5695 313,5693 314,5693 315,5692 315,5691 317,5689 318,5689 318,5689 318,5688 321,5685 346,5685 348,5688 348,5689 349,5689 350,5689 351,5691 351,5722 352,5722 1332,5722 1332,5722 1332,5680 1334,5678 1352,5678 1357,5684 1357,5722 1358,5722 2192,5722 2192,5722 2192,5706 2195,5703 2196,5703 2196,5703 2196,5702 2198,5700 2199,5700 2199,5700 2199,5696 2200,5695 2200,5694 2201,5693 2202,5693 2203,5692 2203,5691 2205,5689 2217,5689 2218,5688 2218,5687 2220,5685 2445,5685 2447,5688 2447,5689 2448,5689 2754,5689 2755,5691 2755,5692 2757,5693 2758,5693 2759,5695 2759,5696 2760,5696 2761,5696 2762,5698 2762,5718 2763,5718 2801,5718 2802,5720 2802,5725 2803,5725 3084,5725 3086,5728 3086,5729 3087,5729 3088,5729 3089,5731 3089,5769 3090,5769 3143,5769 3144,5771 3144,5793 3142,5795 3141,5795 3140,5796 3140,5797 3139,5798 3138,5798 3137,5799 3137,5800 3135,5802 2796,5802 2795,5803 2795,5823 2795,5823 2793,5823 2791,5822 2791,5821 2791,5820 2790,5820 2784,5815 2784,5814 2784,5813 1939,5813 1938,5814 1938,5815 1933,5820 1932,5820 1931,5821 1931,5826 1930,5827 1929,5827 1927,5829 1927,5830 1926,5831 1914,5831 1913,5832 1913,5833 1911,5835 1910,5835 1909,5836 1909,5837 1908,5838"/><TextEquiv index="1"><Unicode>les montagnes des oranges &amp; des citrons.</Unicode></TextEquiv></TextLine><TextLine id="r0_l032"><Coords points="2390,6006 2389,6006 2389,5966 2389,5965 2328,5965 2327,5966 2327,5989 2325,5991 2324,5991 2323,5992 2323,5993 2322,5994 2318,5994 2315,5997 2315,5998 2315,5998 2307,5998 2305,5997 2305,5996 2305,5995 2304,5994 2303,5994 2301,5993 2301,5992 2301,5991 2300,5991 2298,5990 2298,5989 2297,5988 2297,5966 2297,5965 2270,5965 2268,5964 2268,5963 2268,5962 2099,5962 2098,5963 2098,5964 2097,5965 2089,5965 2087,5964 2087,5963 2087,5962 1878,5962 1876,5964 1876,5965 1876,5965 1864,5965 1861,5962 1544,5962 1542,5964 1542,5968 1541,5969 1534,5969 1526,5961 1359,5961 1358,5962 1238,5962 1237,5963 1237,6004 1237,6004 1230,6004 1229,6003 1224,6003 1223,6003 1223,5963 1223,5962 1117,5962 1116,5961 1115,5961 1114,5961 1114,5960 1113,5958 934,5958 932,5960 932,5961 932,5961 931,5961 930,5962 894,5962 892,5964 892,5965 892,5965 825,5965 823,5967 823,5968 822,5969 818,5969 816,5968 816,5967 815,5965 627,5965 626,5966 626,6002 626,6002 608,6002 607,6002 607,6001 607,6000 530,6000 529,5999 486,5999 485,5998 477,5998 474,5996 474,5995 474,5994 473,5994 471,5993 471,5992 471,5991 470,5991 467,5989 467,5966 467,5965 313,5965 311,5964 311,5963 310,5961 309,5961 308,5961 308,5957 306,5954 305,5954 304,5954 304,5952 305,5951 306,5951 308,5949 308,5843 309,5842 324,5842 328,5838 394,5838 395,5840 395,5841 396,5842 397,5842 398,5842 398,5843 398,5844 399,5845 399,5848 401,5849 402,5849 402,5850 402,5881 403,5881 531,5881 533,5884 533,5885 534,5885 546,5885 550,5889 758,5889 758,5889 758,5850 759,5849 760,5849 764,5845 765,5845 765,5845 765,5844 767,5842 768,5842 769,5841 770,5842 783,5842 783,5843 783,5847 784,5848 784,5849 785,5849 786,5849 787,5851 787,5885 788,5885 979,5885 979,5885 979,5884 981,5882 982,5882 983,5881 992,5881 993,5882 994,5882 994,5883 994,5884 996,5885 1226,5885 1226,5885 1226,5884 1229,5881 1230,5881 1230,5881 1230,5880 1232,5878 1284,5878 1284,5879 1284,5880 1287,5882 1288,5882 1288,5883 1288,5885 1289,5885 1466,5885 1466,5885 1466,5847 1468,5845 1469,5845 1470,5844 1470,5843 1471,5842 1472,5842 1473,5841 1553,5841 1553,5841 1553,5840 1555,5838 1563,5838 1564,5837 1564,5836 1566,5834 1570,5834 1571,5836 1571,5837 1573,5838 1582,5838 1582,5839 1582,5844 1584,5845 1756,5845 1756,5845 1756,5844 1757,5843 1758,5842 1759,5842 1760,5841 1765,5841 1766,5842 1767,5842 1767,5843 1767,5844 1769,5845 1770,5845 1771,5847 1771,5888 1773,5889 2086,5889 2087,5888 2087,5887 2089,5885 2173,5885 2174,5887 2174,5888 2176,5889 2275,5889 2276,5891 2276,5892 2277,5892 2471,5892 2472,5891 2472,5890 2473,5889 2486,5889 2486,5889 2486,5851 2488,5849 2489,5849 2490,5848 2490,5847 2492,5845 2497,5845 2497,5845 2497,5844 2499,5842 2501,5842 2501,5843 2501,5844 2503,5845 2511,5845 2512,5847 2512,5874 2513,5874 2514,5874 2514,5875 2515,5876 2515,5877 2516,5878 2516,5885 2517,5885 2701,5885 2701,5885 2701,5879 2702,5878 2703,5878 2704,5877 2704,5873 2707,5870 2708,5870 2708,5870 2708,5865 2710,5863 2711,5863 2711,5863 2711,5859 2719,5851 2719,5847 2721,5845 2729,5845 2730,5844 2730,5843 2731,5842 2732,5842 2733,5841 2744,5841 2744,5841 2744,5840 2745,5839 2746,5838 2747,5838 2748,5840 2748,5841 2750,5842 2758,5842 2759,5844 2759,5885 2760,5885 3030,5885 3031,5884 3031,5883 3032,5882 3033,5882 3034,5881 3040,5881 3041,5882 3042,5882 3042,5883 3042,5884 3048,5889 3049,5889 3049,5890 3049,5891 3052,5893 3053,5893 3053,5894 3053,5929 3054,5929 3125,5929 3125,5930 3125,5931 3126,5931 3127,5932 3128,5932 3129,5934 3129,5935 3130,5935 3131,5936 3132,5936 3133,5938 3133,5939 3135,5940 3136,5940 3136,5941 3136,5942 3137,5943 3138,5943 3139,5943 3140,5945 3140,5964 3139,5965 3138,5965 3137,5966 3137,5967 3135,5969 3134,5969 3133,5970 3133,5975 3132,5976 3131,5976 3130,5977 3129,5978 3129,5979 3129,5979 3128,5979 3125,5982 3125,5983 3125,5983 3120,5983 3118,5985 3118,5986 3117,5987 3113,5987 3111,5989 3111,5990 3111,5990 3110,5990 3109,5991 3103,5991 3102,5990 3101,5990 3100,5990 3100,5963 3100,5962 2923,5962 2922,5963 2922,5975 2921,5976 2920,5976 2919,5977 2919,5981 2918,5982 2918,5983 2918,5983 2917,5983 2915,5985 2915,5990 2915,5990 2914,5990 2913,5991 2909,5991 2908,5992 2908,5993 2907,5994 2899,5994 2896,5997 2896,5998 2896,5998 2877,5998 2875,5997 2875,5996 2874,5994 2869,5994 2868,5994 2868,5993 2863,5987 2862,5987 2861,5987 2861,5986 2860,5985 2860,5963 2860,5962 2484,5962 2483,5963 2483,5964 2482,5965 2403,5965 2402,5966 2402,6006 2402,6006"/><TextEquiv index="1"><Unicode>Il y a dans cette Iſle beaucoup de ſinges,</Unicode></TextEquiv></TextLine><TextLine id="r0_l033"><Coords points="2652,6325 2650,6324 2650,6319 2650,6318 2649,6318 2646,6316 2646,6289 2646,6288 2427,6288 2424,6291 2424,6292 2424,6292 2419,6292 2418,6292 2418,6291 2416,6288 2042,6288 2040,6290 2040,6291 2039,6292 1969,6292 1967,6291 1967,6290 1966,6288 1656,6288 1655,6288 1655,6287 1654,6285 1010,6285 1008,6287 1008,6288 1008,6288 1007,6288 1005,6290 1005,6294 993,6306 989,6306 987,6308 987,6309 986,6310 970,6310 969,6310 969,6309 968,6308 968,6293 968,6292 802,6292 801,6293 801,6299 801,6299 800,6299 798,6301 798,6305 791,6312 791,6316 790,6317 789,6317 787,6319 787,6320 786,6321 785,6321 783,6323 783,6324 782,6325 757,6325 754,6323 754,6322 754,6321 742,6321 736,6316 736,6304 736,6303 735,6303 732,6301 732,6286 732,6285 490,6285 489,6286 489,6288 489,6288 487,6288 485,6287 485,6286 485,6285 357,6285 355,6284 355,6283 354,6281 338,6281 337,6281 337,6272 336,6270 335,6270 333,6269 333,6228 333,6227 329,6227 328,6226 327,6226 326,6226 326,6221 328,6219 329,6219 329,6219 329,6215 330,6214 330,6213 331,6212 333,6212 333,6212 333,6076 335,6074 336,6074 337,6073 337,6068 338,6067 339,6067 340,6066 340,6026 341,6025 341,6024 342,6023 343,6023 344,6022 344,6018 346,6016 347,6016 347,6016 347,6015 348,6014 348,6010 349,6009 350,6009 351,6008 351,6007 353,6005 358,6005 358,6005 358,6004 361,6001 365,6001 366,6000 366,5999 367,5998 387,5998 388,5999 489,5999 490,6000 544,6000 544,6001 544,6002 545,6002 627,6002 627,6003 627,6045 628,6045 761,6045 761,6045 761,6044 764,6041 885,6041 885,6041 885,6007 887,6005 895,6005 896,6004 896,6003 898,6001 913,6001 914,6003 914,6011 918,6015 918,6041 919,6041 1219,6041 1219,6041 1219,6007 1221,6005 1222,6005 1224,6003 1229,6003 1230,6004 1237,6004 1238,6005 1313,6005 1313,6006 1313,6007 1314,6008 1314,6012 1315,6012 1316,6012 1317,6014 1317,6045 1318,6045 1702,6045 1702,6045 1702,6003 1704,6001 1722,6001 1726,6005 1727,6005 1727,6006 1727,6007 1728,6008 1728,6045 1729,6045 1920,6045 1920,6045 1920,6043 1922,6041 2018,6041 2018,6041 2018,6017 2019,6016 2020,6016 2022,6014 2022,6010 2023,6009 2039,6009 2040,6011 2040,6048 2041,6048 2225,6048 2225,6048 2225,6014 2227,6012 2228,6012 2229,6011 2229,6010 2230,6009 2231,6009 2232,6008 2232,6007 2234,6005 2250,6005 2251,6006 2403,6006 2403,6007 2403,6008 2405,6009 2406,6009 2407,6011 2407,6052 2408,6052 2562,6052 2563,6051 2563,6050 2564,6049 2565,6049 2566,6048 2621,6048 2621,6048 2621,6047 2624,6044 2624,6040 2626,6038 2627,6038 2628,6037 2628,6021 2629,6020 2630,6020 2632,6018 2632,6017 2633,6016 2634,6016 2635,6015 2635,6011 2636,6010 2638,6008 2639,6008 2639,6008 2639,6007 2641,6005 2645,6005 2646,6004 2646,6003 2647,6002 2648,6002 2649,6001 2653,6001 2653,6001 2653,6000 2655,5998 2671,5998 2672,6000 2672,6001 2673,6001 2754,6001 2755,6003 2755,6004 2756,6004 2757,6005 2758,6005 2759,6007 2759,6008 2761,6009 2762,6009 2762,6010 2762,6015 2764,6016 2765,6016 2766,6018 2766,6045 2767,6045 3092,6045 3093,6044 3093,6043 3095,6041 3121,6041 3122,6043 3122,6044 3124,6045 3132,6045 3133,6047 3133,6048 3135,6049 3136,6049 3136,6050 3136,6051 3138,6052 3139,6052 3140,6054 3140,6062 3142,6063 3143,6063 3144,6065 3144,6255 3145,6255 3149,6255 3150,6256 3151,6256 3151,6257 3151,6266 3151,6266 3150,6266 3147,6269 3147,6273 3146,6274 3145,6274 3144,6275 3144,6276 3142,6278 3141,6278 3140,6279 3140,6280 3139,6281 2978,6281 2977,6282 2977,6283 2975,6285 2858,6285 2857,6286 2857,6287 2856,6288 2855,6288 2853,6290 2853,6291 2852,6292 2848,6292 2846,6291 2846,6286 2846,6285 2680,6285 2679,6286 2679,6313 2679,6313 2678,6313 2675,6316 2675,6317 2675,6317 2670,6317 2668,6319 2668,6320 2667,6321 2662,6321 2661,6322 2661,6323 2659,6325"/><TextEquiv index="1"><Unicode>magsetsmmais ſun oot ceui oor je aeus</Unicode></TextEquiv></TextLine></TextRegion></Page></PcGts>