4266 7693
977 649 3283 866 ne Josepn Thompson.
1231 1022 2391 1182 Mris,
954 1313 2926 1461 Cette Inſcription vous aprendra
1087 1453 3130 1587 Qu'un jeune homme malheureux
1028 1586 2930 1724 Nommé Villiam Prim, Anglois
1094 1720 2589 1856 Et Citoyen de Londres,
350 1849 3278 1990 Aima mieux s'expoſer à toutes ſortes de dangers
1183 1990 2600 2127 Dans un pays inconnu,
354 2108 3248 2256 Que de gémir plus long-tems ſous la perſécution
776 2245 2845 2386 Et les maux que lui faiſoit ſouffrir
358 2375 3263 2527 Jean Surly, Commandant du Douvre, vaiſſeau
1058 2516 2675 2654 de la Compagnie des Indes,
1290 2651 2175 2773 En l'année 17--
365 2772 3259 2927 Si ma douleur & mon déſeſpoir vous étoient
1324 2952 2071 3050 connus,
49 3037 3263 3185 Vous ne pourriez aſſurément lui refuſer des
1631 3181 2045 3284 larmes.
692 3310 2926 3452 O mon Pays! je ne vous reverrai plus.
362 3429 3282 3577 Je ſuis condamné à pleurer dans cet exil, ſans
1183 3570 2430 3700 eſpérance d'en ſortir.
1098 3705 2497 3840 Ens Entium, miſerere mei.
535 3958 3270 4129 J'avois déjà paſſé près de cinq mois dans
369 4125 3282 4306 l'Iſle ſans être découvert par aucun des
369 4291 3278 4468 habitans. Pour éviter cet inconvénient,
362 4454 3281 4791 oi la logé emt na
369 4784 3274 4954 réſidence; & je jettois ſouvent du haut
369 4947 3274 5122 de ma guéritte, des regards avides vers la
369 5113 3267 5286 mer, dans l'eſpérance qu'il arriveroit
362 5268 3270 5445 quelques vaiſſeaux pour me tirer de ma
365 5431 3267 5614 triſte ſolitude. Mes habits étoient fort uſés,
9 5609 3282 5949 i epeoie d lo loeges uu ee uavouis
380 5934 3259 6104 plus de ſouliers; mais les pieds m'étoient
384 6094 3282 6273 devenus ſi durs & ſi calleux, que je ne
376 6256 3266 6438 ſentois aucune incommodité à aller nuds
