4266 7754
856 620 3255 798 DE Joseph Thompson.5
14 796 3251 978 tems de ma délivrance arriva, & me cauſa
366 957 3259 1142 une joie inexprimable. Je finiſſois mon
355 1125 3259 1301 ſeptiéme mois de captivité, ſelon mon cal-
355 1290 3457 1468 cul, lorſqu'un jour fixant mes regards ſur
358 1455 3263 1635 le vaſte océan, & repaſſant en moi-même
354 1627 3263 1802 les divers accidens de ma vie, j'aperçus
366 1792 3263 1966 une voile à quelques lieues au large. Cette
362 1953 3270 2132 vue me fit preſque perdre connoiſſance;
369 2125 3266 2299 mais quelle fut ma ſatisfaction, lorſque
366 2293 3270 2632 a uive, ſeuere ae ei é ouoves à
384 2626 3274 2796 terre ſa chaloupe pour y prendre de l'eau
381 2791 3263 2948 fraîche. Je me preſentai à l'endroit où ils
399 2959 3315 3130 débarquerent. Ma figure rude & ſauvage
399 3124 3285 3298 les intimida: d'abord ils s'arrêterent tout
392 3292 3278 3463 court; mais notre joie fut bien réciproque
291 3461 3274 3630 lorſque nous nous reconnûmes pour com-
384 3614 3278 3790 patriotes. Quand je leur eus fait part de
399 3775 3281 3966 mon hiſtoire, ils m'amenerent à bord, &
384 3949 3270 4128 me preſenterent à leur Capitaine, qui me
392 4108 3281 4290 parut être plein de douceur & d'humanité:
392 4277 3278 4467 cependant il me queſtionna avec ſoin,
332 4443 3285 4614 dans la crainte que je n'euſſe apartenu à
407 4610 3278 4793 quelques-uns des Pirates dont ces mers
414 4775 3289 4949 fourmillent. Quand il fut bien convaincu
411 4944 3285 5119 du contraire, il me reçut ſur ſon bord,
411 5108 3293 5274 me donna des habits, & tout ce dont
395 5272 3293 5456 j'avois beſoin. Ce fut alors que je com-
418 5439 3293 5643 mençai à vivre; mais comme j'avois depuis
426 5609 3296 5797 long-tems perdu l'habitude de porter des
370 5774 3300 5958 culotes & des ſouliers, les premieres me
388 5942 3300 6128 gênerent beaucoup, & les ſouliers me
426 6111 3293 6282 firent enfler les pieds, & me cauſoient
392 6279 3308 6481 des douleurs inſuportables. Le nom du Ca-
