4266 7754
964 628 3439 809 LAvETLEsavenrures
965 796 3910 979 pitaine étoit Nelſon, & celui du vaiſſeau,
987 968 3921 1145 la Charmante Suſanne. C'étoit un particu-
987 1137 3914 1312 lier fort riche, & un des plus conſidérables
987 1301 3921 1478 Planteurs de la Virginie, à qui le vaiſſeau
972 1470 3914 1643 apartenoit en propre; il l'avoit conduit à
976 1634 3914 1813 Londres chargé de tabac de ſon cru, &
901 1807 3910 1978 il en avoit raporté une cargaiſon propre à
972 1968 3914 2145 aller trafiquer d'Eſclaves ſur la côte d'A-
972 2136 3914 2312 frique. Son Equipage s'étoit révolté con-
972 2304 3906 2482 tre lui, & après s'être ſaiſi du vaiſſeau,
976 2469 3906 2643 il tâchoit d'aborder à cette Iſle. Mais s'é-
972 2637 3899 2810 tant trouvé dans le plus grand danger,
987 2802 3899 2977 vers les 4o dég. & 10 min. de latitude,
983 2963 3899 3138 & à 1o dég. de longitude à l'oueſt de
972 3128 3906 3311 Londres, par une tempête qui s'étoit éle-
980 3296 3903 3465 vée, ils avoient jugé à propos de le relâcher
979 3465 3899 3642 pour conduire le vaiſſeau qu'il mena au Cap.
976 3629 3899 3808 Quoiqu'il les tînt alors ſous ſa puiſſance, il
972 3798 4247 3975 avoit été aſſez généreux pour ne pas les
968 3966 3903 4124 livrer aux Hollandois; ainſi ſans employer
961 4127 3895 4308 autre choſe que la force de ſes raiſons &
976 4292 4243 4473 de la perſuaſion, il les avoit remis dans
968 4465 3891 4641 le devoir, & leur avoit tout pardonné,
961 4625 3895 4797 après avoir laiſſé à terre deux des princi-
968 4786 3895 4962 paux mutins, & leur avoir payé exacte-
961 4947 3899 5135 ment leurs gages. J'apris qu'un autre gros
968 5104 3892 5303 tems les avois jettés ſi loin à l'eſt, que le
972 5276 3906 5459 beſoin d'eau les avoit contraint de gagner
968 5441 3906 5634 Madagaſcar, où ils m'avoient ſi heureuſe-
867 5611 3892 5782 ment délivré. Il y avoit à bord cent cin-
961 5785 3948 5968 quante Negres, ſans compter quatre-vingt
961 5938 3933 6134 autres qu'il avoit perdus dans ces mers par
934 6133 1522 6261 maladie.
1112 6276 3874 6471 Quand M. Nelſon eut entendu mon
