4266 7702
633 734 3030 917 DE JosEph ThoMpson.8
10 902 3038 1093 reconnoiſſance m'eût permis de me ſéparer
10 1090 681 1252 de lui.
311 1234 3053 1415 Dix jours après être parti des Barbades,
25 1401 3049 1582 nous arrivâmes à Glouceſter en Virginie;
10 1568 3052 1738 mais nous penſâmes tous périr dans la
10 1735 3038 1905 traverſée par un accident terrible qui nous
151 1898 3208 2071 arriva. La conduite que je tins dans cette
10 2062 3056 2225 occaſion, me rendit encore plus cher à
10 2217 3045 2396 M. Nelſon. Un de nos gens ayant eu
10 2392 3064 2560 ordre d'aller chercher quelques cartouches
10 2559 3056 2727 dans la ſoute aux poudres, porta ſans
10 2722 3075 2893 y penſer un bout de chandelle, ſans avoir
10 2889 3045 3056 la précaution de la mettre dans une lan-
177 3052 3079 3227 terne comme il eſt d'uſage; & ne pouvant
21 3212 3079 3387 atteindre que difficilement à ce dont il
177 3379 3086 3551 avoit beſoin, il poſa doucement ſa chan-
188 3538 3086 3713 delle ſur un baril de poudre à moitié dé-
184 3698 3097 3883 foncé, & ayant oublié de la reprendre, il
192 3854 3097 4036 ſortit ſans cela & ferma la porte après lui.
184 4021 3097 4207 Je me rapellai auſſi-tôt que cet homme
43 4188 3101 4372 avoit porté une chandelle, & l'ayant fait
196 4350 3108 4534 venir ſur le tillac, où le Capitaine, un
155 4514 3108 4690 autre Officier & moi étions à nous pro-
162 4677 3112 4865 mener, je lui demandai bruſquement ce
151 4841 3123 5030 qu'il avoit fait de la chandelle: cet hom-
43 5011 3112 5183 me reſta tout étourdi, ſans pouvoir par-
210 5163 3123 5345 ler. Monſieur Nelſon ainſi que nous tous
218 5338 3127 5509 devînmes pâles comme la mort, & il
36 5497 3142 5692 donnoit déjà ſes ordres pour mettre la
218 5678 3427 5850 chaloupe en mer, s'attendant à chaque inſ-
236 5835 3156 6013 tant que le vaiſſeau alloit ſauter. Dans cet-
233 5998 3145 6173 te confuſion je conſervai aſſez de preſen-
247 6165 3164 6356 ce d'eſprit; j'ouvris la porte, & deſcendant
251 6334 3164 6522 promptement, je trouvai la chandelle qui
429 6495 1253 6633 II. Partie.
