4266 7651
649 789 3038 962 DE Joseph Thomoson.i
9 624 3049 1140 prie de le regarder comme un de mes
10 1123 3079 1285 meilleurs amis, qui va faire partie de
95 1289 3068 1466 ma famille. Je ſaluai Madame Nelſon &
10 1450 3053 1620 ſon aimable fille, dont les charmes enle-
65 1612 3053 1774 verent mon cœur dès le premier inſtant.
168 1781 3060 1953 Elles me reçurent avec beaucoup de po-
168 1943 3064 2105 liteſſe & d'amitié. Je trouvai que le
175 2105 3064 2282 caractere de Madame Nelſon aprochoit
175 2277 3035 2439 beaucoup de celui de ſon mari: mais, mon
179 2432 3038 2614 cher ami Miſs Fanny ſurpaſſa tout ce que
175 2601 3060 2778 je m'en étois figuré. La beauté de ſon ame
183 2766 3064 2928 l'emporte encore ſur celle de toute ſa per-
183 2927 3060 3101 ſonne. Vous ſçavez, mon cher Thompſon,
186 3086 3057 3272 que je ſçais aſſez bien me preſenter, &
186 3251 3075 3430 que j'ai aſſez la parole en main; je m'apli-
190 3420 3068 3590 quai à chercher tout ce qui pouvoit être
201 3578 3079 3759 agréable à mon ami & à ces Dames;
50 3749 3079 3918 de ſorte que Fanny n'eut pas de peine
201 3909 3075 4079 à s'apercevoir que j'étois un autre hom-
197 4071 3075 4238 me que les Buckskins (c'eſt ainſi que l'on
58 4236 3075 4411 apelle en badinant les Planteurs du Pays)
149 4401 3071 4573 qui lui avoient fait la cour. J'eus lieu de
58 4566 3090 4735 me flatter que cette premiere entrevue lui
58 4725 3071 4893 avoit donné de moi quelques idées avanta-
205 4890 3086 5063 geuſes. Elle étoit grande & de belle taille;
208 5056 3090 5230 ſes traits étoient réguliers, & ſa peau délicate
205 5214 3101 5389 étoit du plus beau blanc que j'aie jamais vu,
208 5379 3090 5561 Elle avoit environ dix neuf ans; & ſi l'on
223 5552 3108 5725 pouvoit lui reprocher quelques défauts,
223 5714 3079 5886 c'étoit d'être un peu fiere, & de connoître
65 5875 3086 6049 trop bien les charmes qu'elle avoit reçus
172 6037 3112 6214 de la nature. M. Nelſon étoit Juge de
219 6194 3101 6372 Paix, & ſi reſpecté de ſes voiſins, que
223 6371 3119 6541 nous eumes tous les jours, pendant quelque
2263 6533 2562 6674 a
