4266 7754
1196 731 3674 957 Lttessaventures
1226 931 4139 1122 tems, une foule de gens qui vinrent le com-
1223 1112 4135 1289 plimenter ſur ſon retour. Comme il n'avoit
1223 1279 4139 1451 point envie de retourner en mer, il mit un
1110 1444 4146 1622 de ſes Officiers dans le Vaiſſeau pour ſervir
1241 1605 4153 1788 de Capitaine, & l'envoya à Londres auſſi-
1238 1777 4146 1951 tôt après avec une bonne cargaiſon. On
1238 1949 4161 2119 nous régala à bord immédiatement avant
1241 2110 4150 2287 que le Vaiſſeau mît à la voile, & il m'y
1238 2282 4150 2451 arriva une aventure dont Miſs Fanny
1238 2443 4157 2620 fut très-ſatisfaite. Je demandai à M. Nelſon
1238 2615 4157 2784 pourquoi ſon Vaiſſeau ſe nommoit la
1182 2780 4142 2950 charmante Suſanne? A quoi il me ré-
1238 2937 4157 3284 mes u u lui ele ni oornme e n le aaait
1249 3274 4146 3450 conſtruire, & qu'il n'avoit jamais ſongé à
1238 3438 4154 3617 le changer. Eh bien, Monſieur, lui dis-je
1238 3611 4165 3947 e vouus aee quelqu'eſiine pou noi,
1189 3944 4161 4284 voesnoene e i mou enenoiion u
1245 4273 4168 4450 donnerez-vous? Je ſaluai la compagnie,
1238 4438 4161 4616 & les priant de venir promener ſur le tillac,
1238 4610 4157 4778 je pris une bouteille de vin, & la lançant
1245 4770 4153 4940 contre le grand mât, je criai: „Déſor-
1245 4924 4172 5085 „mais ce Vaiſſeau ſera apellé l'aimable
1092 5089 4168 5273 “Fanny, en l'honneur de la plus belle
1245 5257 4161 5426 „femme de la Virginie. Miſs devint
1238 5426 4168 5606 rouge comme de l'écarlate: ſon pere &
1249 5587 4176 5769 ſa mere furent enchantés auſſi bien qu'el-
1245 5755 4176 5937 le, & nous tirâmes une ſalve de canons
1204 5924 4184 6268 oiss ſoi eue e e ee e ueneoou, ou
1256 6257 4168 6438 que la chaleur m'eut fait mal, je me trou-
1189 6425 4176 6612 vai incommodé, & je tombai ſans mouve-
