4266 7754
598 766 3113 942 DE JosEpn Thompson.
10 935 3106 1116 ment. Monſieur & Madame Nelſon en
10 1103 3117 1283 furent effrayés: quant à Miſs, elle fit des
14 1268 3117 1451 folies, & parla de moi avec une tendreſſe ſi
14 1436 3124 1615 viſible, avant que je fuſſe revenu à moi,
21 1608 3113 1782 que ſon pere & ſa mere en furent tout éton-
197 1773 3121 1949 nés, & s'aperçurent que j'avois fait une vive
193 1938 3121 2113 impreſſion ſur ſon cœur: en un mot, mon
197 2106 3120 2280 ami, je ne vous ennuyerai point du recit de
182 2271 3135 2451 nos amours; quelque plaiſir que j'y trouve,
190 2439 3128 2612 la choſe ne ſeroit pas trop intéreſſante pour
10 2608 3121 2782 vous; je me contenterai de vous rapor-
208 2768 3435 2946 ter une circonſtance qui avança beaucoup
212 2937 3135 3108 mes affaires, & hâta le moment de notre
220 3107 950 3287 union.
392 3270 3173 3445 Nous étions allés avec ſon pere & ſa
182 3442 3154 3612 mere dans une campagne fort éloignée,
10 3603 3135 3776 à l'extrêmité de la Colonie, pour rendre
227 3760 3143 3932 viſite à M. Hoé qui y avoit une Plan-
201 3925 3150 4105 tation, & dont le fils, homme grand,
10 4093 3139 4255 bien bâti, mais ſans eſprit, étoit extrême-
10 4258 3165 4454 ment amoureux de Miſs Fanny. Elle ne
10 4427 3154 4607 l'aimoit point, je le ſçavois; cependant elle
10 4599 3169 4775 recevoit ſes hommages pour m'inſpirer de
10 4760 3150 4947 la jalouſie. Un ſoir nous promenant dans
10 4928 3158 5107 une campagne voiſine, elle ſe plaiſoit à
235 5096 3139 5268 augmenter & diminuer tour à tour nos
235 5261 3139 5449 eſpérances; car nous étions tous les deux
227 5429 3143 5610 avec elle, & elle venoit de nous dire en
227 5587 3162 5788 badinant: Meſſieurs, je n'ai point bonne
190 5774 3124 5951 opinion d'un homme capable de vivre
25 5931 3135 6119 ſi tranquillement avec ſon rival; j'aimerois
231 6103 3158 6271 mieux que ſe livrant à la rage & au déſeſ-
44 6264 3173 6439 poir, ils ſe diſputaſſent en combattant la
201 6429 3180 6609 poſſeſſion de l'objet de leurs deſirs; &
