4266 7754
1178 792 3877 990 LA VieET LEs Aeerures
1178 972 4120 1316 viiniemne oui e t ée e ae ea uee
1088 1309 4097 1484 A peine avoit-elle fini ces mots, que nous
1189 1477 4101 1652 vîmes ſortir du bois un gros & terrible ſan-
1189 1646 4109 1989 paurre ſſs oii reemae, de dans
1193 1979 4105 2153 cet embarras elle courut ſe mettre à l'abri
1193 2143 4101 2322 auprès du jeune Hoé, qui portoit une ha-
1197 2312 4101 2484 che à ſa ceinture; mais il s'enfuit à l'inſ-
1189 2477 4101 2651 tant, tandis que tout en riant j'eus la pre-
1197 2641 4094 2816 ſence d'eſprit de lui crier de venir défen-
1200 2806 4101 2983 dre ſa Maîtreſſe, qui étoit tombée éva-
1174 2971 4101 3146 nouie. Enfin je n'avois plus de tems à per-
1204 3139 4109 3315 dre, car l'animal s'avançoit en grognant,
1174 3304 4098 3479 & montrant ſes défenſes terribles & char-
1197 3472 4101 3647 gées d'écume. Je tirai mon couteau de chaſ-
1193 3641 4109 3812 ſe, & lui en portai un coup qui ne fit
1193 3805 4098 4144 aeſnaa paaaa ne ee e aa ege ntea
1193 4135 4105 4300 moi, & d'un coup de ſes défenſes me dé-
1197 4303 4097 4480 chira la culotte, & me fit une legere bleſ-
1193 4468 4105 4636 ſure à la cuiſſe. Je lui portai à l'inſtant un
1197 4636 4116 4803 autre coup ſur la tête avec toute la force
1193 4797 4094 4968 dont j'étois capable; & ayant encore re-
1193 4958 4116 5134 doublé, je le renverſai mort à mes pieds.
1193 5123 4101 5300 Fanny venoit de reprendre ſes ſens, &
1193 5287 4105 5469 n'avoit vu que la fin du combat. Alors
1197 5459 4093 5635 comme un Héros, je coupai la tête de l'a-
1193 5628 4101 5803 nimal, & la portai toute ſanglante aux pieds
1200 5796 4105 5968 de ma Maîtreſſe. La premiere choſe qu'elle
1196 5961 4097 6128 fit, fut de me donner ſon mouchoir pour
1194 6129 4102 6296 bander mes bleſſures: en même-tems ayant
1190 6296 4094 6456 fait l'obſervation que ſon autre Amant étoit
1194 6463 4098 6632 un lâche, elle me donna la main & me
