4266 7601
665 598 3022 791 DE JosePh ThoMpson.
683 1259 2544 1404 HAPITRE XLV.
-38 1565 3046 1801 hompſon contente la curioſité de Prim.
356 1750 3028 1925 Les amitiés qu'ils ſe font réciproquement.
308 1912 3035 2078 Ils touchent à une des Iſles du Cap verd.
366 2075 3039 2249 Il y arrive un vaiſſeau chargé pour Glaſ-
367 2227 3057 2414 cou en Ecoſſe, qui ſe trouve frété par
374 2397 3046 2579 l'Agent de Prim. Il paſſe ſur ſon bord,
374 2558 3046 2733 régale tout l'équipage du Haſtings. Ils
363 2722 3065 2897 ſe quittent pour continuer chacun leur
388 2937 874 3056 voyage.
-22 3189 3068 3391 E fus enchanté de l'air franc & ouvert
-27 3378 3061 3556 avec lequel Prim m'avoit raconté ſes
-26 3534 3057 3710 aventures, & d'aprendre les peines &
-25 3687 3083 3872 les embarras dans leſquels il s'étoit trouvé,
-24 3843 3075 4032 avant que d'avoir fait un ſi heureux établiſ-
-23 4010 3072 4194 ſement; je l'en félicitai de tout mon cœur:
-21 4164 3075 4356 nous conclûmes enſemble que des jeu-
-20 4335 3072 4510 nes gens qui ont le cœur bien placé,
-19 4498 3075 4684 & les inclinations naturellement bonnes,
-18 4655 3072 4859 peuvent bien faire des folies, & mener
-17 4815 3075 5007 une conduite irréguliere; mais que tôt
-16 4983 3072 5154 ou tard leurs ſentimens reprennent le deſ-
-15 5125 3093 5319 ſus, & qu'ils embraſſent de nouveau l'hon-
-14 5296 3075 5483 neur & la vertu dont ils s'étoient écartés.
-13 5460 3079 5662 Il fut fort ſenſible aux malheurs de mon
-12 5630 3083 5812 digne Maître, & ſurpris d'aprendre que
-11 5798 3090 5979 mon ami Diaper étoit allé aux Indes. Je
-10 5962 3094 6141 crois, me dit il, que nous étions deſtinés
-9 6122 3112 6325 tous à courir les aventures. Il n'y a que
447 6286 1198 6423 III. Partie.
