<PcGts xmlns="http://schema.primaresearch.org/PAGE/gts/pagecontent/2017-07-15" xmlns:xsi="http://www.w3.org/2001/XMLSchema-instance" xsi:schemaLocation="http://schema.primaresearch.org/PAGE/gts/pagecontent/2017-07-15 http://schema.primaresearch.org/PAGE/gts/pagecontent/2017-07-15/pagecontent.xsd"><Metadata><Creator>User123</Creator><Created>2020-10-08T14:54:47</Created><LastChange>2020-10-08T14:54:47</LastChange></Metadata><Page imageFilename="0115.png" imageHeight="7754" imageWidth="4266"><TextRegion id="r0" type="paragraph" orientation="-0.0"><Coords points="1,1 4264,1 4264,7752 1,7752"/><TextLine id="r0_l001"><Coords points="11,7 442,7 442,116 11,116"/><TextEquiv index="1"><Unicode></Unicode></TextEquiv></TextLine><TextLine id="r0_l002"><Coords points="1551,123 1550,123 1550,120 1550,119 1374,119 1373,119 1373,116 1373,115 1355,115 1354,114 1089,114 1088,114 1088,94 1088,93 1038,93 1036,92 1036,86 1036,85 985,85 983,84 983,83 983,82 982,82 979,80 979,60 979,59 951,59 950,59 950,58 948,55 947,55 946,55 946,52 946,51 906,51 905,51 905,50 904,49 904,34 904,33 903,33 901,32 901,23 901,22 900,22 897,20 897,16 896,14 895,14 894,14 894,13 893,12 893,11 893,10 850,10 849,10 849,8 851,6 1348,6 1349,7 1350,7 1350,8 1350,44 1351,44 1686,44 1687,46 1687,50 1690,52 1691,52 1691,53 1691,54 1690,55 1685,55 1683,57 1683,58 1682,59 1681,59 1680,60 1680,61 1680,61 1678,63 1677,63 1676,64 1676,69 1675,70 1624,70 1623,71 1623,111 1623,111 1622,111 1621,112 1589,112 1588,113 1588,123 1588,123"/><TextEquiv index="1"><Unicode></Unicode></TextEquiv></TextLine><TextLine id="r0_l003"><Coords points="1838,7 3098,7 3098,124 1838,124"/><TextEquiv index="1"><Unicode>N</Unicode></TextEquiv></TextLine><TextLine id="r0_l004"><Coords points="3177,7 4252,7 4252,116 3177,116"/><TextEquiv index="1"><Unicode></Unicode></TextEquiv></TextLine><TextLine id="r0_l005"><Coords points="1182,253 1182,252 1181,251 1181,229 1181,228 812,228 811,227 809,227 807,226 807,221 807,220 798,220 796,219 796,218 798,216 1077,216 1077,216 1077,215 1076,213 1069,213 1068,212 1052,212 1051,212 1051,211 1050,209 1049,209 1047,208 1047,195 1047,194 1042,194 1041,193 1039,192 1039,191 1039,190 1038,190 1035,188 1035,187 1035,186 1034,186 1032,185 1032,180 1033,179 1035,179 1036,178 1039,178 1039,178 1039,151 1041,149 1042,149 1043,148 1089,148 1089,148 1089,115 1090,114 1230,114 1231,113 1241,113 1242,114 1354,114 1355,115 1358,115 1358,116 1358,123 1359,123 1380,123 1380,124 1380,127 1381,127 1390,127 1391,129 1391,130 1393,132 1393,133 1394,134 1394,134 1389,134 1388,135 1388,148 1387,149 1381,149 1380,150 1380,246 1380,246 1191,246 1189,248 1189,249 1188,250 1187,250 1186,251 1186,252 1184,254"/><TextEquiv index="1"><Unicode></Unicode></TextEquiv></TextLine><TextLine id="r0_l006"><Coords points="1687,807 1686,807 1686,801 1686,800 1191,800 1189,799 1189,771 1189,770 1168,770 1167,770 1167,760 1167,759 1158,759 1155,757 1155,756 1155,755 1146,755 1144,754 1144,749 1144,748 1139,748 1137,747 1137,745 1138,744 1139,744 1141,742 1141,741 1142,740 1144,740 1144,740 1144,724 1147,721 1151,721 1152,720 1152,715 1153,714 1162,714 1163,713 1163,712 1165,710 1166,710 1167,709 1167,704 1168,703 1169,703 1171,701 1171,700 1172,699 1173,699 1174,698 1174,690 1177,687 1178,687 1178,687 1178,686 1180,684 1181,684 1181,684 1181,683 1184,680 1185,680 1185,680 1185,679 1188,676 1215,676 1215,676 1215,675 1218,672 1219,672 1219,672 1219,663 1221,661 1222,661 1230,653 1230,645 1232,643 1237,643 1238,642 1238,641 1240,639 1282,639 1282,639 1282,638 1285,635 1585,635 1586,634 1586,633 1587,632 1588,632 1589,631 1640,631 1641,632 1642,632 1642,633 1642,638 1644,639 1645,639 1646,641 1646,661 1647,661 2480,661 2480,661 2480,660 2482,658 2499,658 2499,659 2499,660 2501,661 2718,661 2719,662 2720,662 2720,663 2720,664 2722,665 2932,665 2933,667 2933,668 2935,669 2992,669 2993,671 2993,672 2994,672 3545,672 3546,673 3547,673 3547,674 3547,683 3546,684 3545,684 3543,686 3543,687 3542,688 3541,688 3540,689 3540,753 3539,754 3539,755 3539,755 3538,755 3536,757 3536,758 3536,758 3535,759 3534,759 3532,761 3532,766 3532,766 3523,766 3521,768 3521,769 3520,770 3519,770 3518,771 3517,772 3517,773 3516,774 3358,774 3356,773 3356,772 3355,770 2995,770 2993,769 2993,767 2993,766 2984,766 2981,763 2689,763 2686,761 2686,760 2686,759 1749,759 1747,761 1747,762 1747,762 1709,762 1708,763 1700,763 1699,764 1699,807 1699,807"/><TextEquiv index="1"><Unicode>LAViE ETLEs aveTures</Unicode></TextEquiv></TextLine><TextLine id="r0_l007"><Coords points="3810,987 3809,987 3809,943 3809,942 3541,942 3540,942 3540,941 3539,939 3345,939 3344,938 3343,938 3342,938 3341,937 3341,936 3341,935 3118,935 3117,936 3117,979 3117,979 3099,979 3098,979 3098,936 3098,935 3013,935 3012,936 3012,941 3011,942 3010,942 3008,944 3008,949 3007,950 3006,950 3004,952 3004,953 3004,953 3003,953 3001,955 3001,959 3000,960 3000,961 3000,961 2999,961 2993,967 2993,968 2993,968 2834,968 2833,969 2832,969 2831,968 2830,968 2829,968 2828,967 2828,966 2828,965 2823,965 2821,964 2821,963 2820,961 2819,961 2817,960 2817,928 2817,927 2665,927 2664,927 2664,926 2663,924 2445,924 2443,926 2443,927 2443,927 1594,927 1593,928 1593,976 1593,976 1572,976 1571,976 1571,958 1571,957 1420,957 1416,961 1408,961 1406,963 1406,964 1405,965 1379,965 1365,952 1365,928 1365,927 1280,927 1279,928 1279,974 1279,974 1261,974 1260,974 1260,928 1260,927 1153,927 1152,927 1152,926 1151,924 1147,924 1144,922 1144,918 1146,916 1147,916 1148,915 1148,914 1150,912 1159,912 1159,912 1159,873 1161,871 1162,871 1162,871 1162,816 1162,815 1161,815 1159,814 1159,810 1162,807 1166,807 1167,806 1167,805 1168,804 1342,804 1343,806 1343,807 1344,807 1345,807 1346,809 1346,810 1348,811 1349,811 1350,813 1350,848 1351,848 1389,848 1390,849 1406,849 1406,850 1406,851 1408,852 1645,852 1646,851 1646,850 1647,849 1683,849 1683,849 1683,810 1686,807 1700,807 1701,808 1702,808 1702,809 1702,814 1704,815 1705,815 1706,817 1706,852 1707,852 1881,852 1882,851 1882,850 1883,849 1884,849 1885,848 1941,848 1941,848 1941,833 1942,832 1942,831 1943,830 1944,830 1945,829 1945,821 1948,818 1949,818 1949,818 1949,817 1951,815 1952,815 1953,814 1953,809 1955,807 1956,807 1956,807 1956,806 1958,804 1959,804 1960,803 1960,802 1962,800 1989,800 1990,802 1990,803 1991,803 1992,803 1994,806 1994,807 1995,807 1996,807 1998,810 1998,841 1999,841 2000,841 2001,843 2001,848 2002,848 2218,848 2218,848 2218,802 2220,800 2240,800 2241,802 2241,803 2243,804 2248,804 2248,805 2248,848 2249,848 2533,848 2533,848 2533,843 2535,841 2536,841 2536,841 2536,829 2548,817 2548,813 2550,811 2558,811 2559,810 2559,809 2560,808 2561,808 2562,807 2566,807 2567,806 2567,805 2568,804 2577,804 2578,806 2578,807 2579,807 2584,807 2585,809 2585,814 2587,815 2588,815 2589,817 2589,848 2590,848 2616,848 2617,849 2704,849 2707,852 2711,852 2713,855 2713,856 2714,856 2929,856 2929,856 2929,855 2932,852 2934,855 2934,856 2935,856 2944,856 2944,857 2944,858 2947,860 3224,860 3225,859 3225,858 3227,856 3378,856 3379,855 3379,854 3381,852 3487,852 3487,852 3487,828 3489,826 3633,826 3633,826 3633,824 3635,822 3636,822 3637,821 3637,817 3639,815 3640,815 3640,815 3640,814 3643,811 3662,811 3663,810 3663,809 3664,808 3665,808 3666,807 3691,807 3692,808 3693,808 3693,809 3693,810 3695,811 3696,811 3697,813 3697,854 3698,854 3847,854 3849,852 3850,852 3850,852 3850,851 3853,848 3854,848 3854,848 3854,839 3855,838 3856,838 3858,836 3858,835 3859,834 3860,834 3861,833 3861,825 3864,822 3872,822 3873,821 3873,820 3874,819 3875,819 3877,817 3877,816 3878,815 3898,815 3899,817 3899,818 3901,819 3981,819 3981,820 3981,821 3983,822 3991,822 3993,825 3993,826 3994,826 3995,826 3996,828 3996,863 3997,863 4050,863 4051,864 4052,864 4052,865 4052,866 4054,867 4062,867 4066,871 4067,871 4067,872 4067,874 4066,875 4065,875 4064,876 4064,926 4063,927 4062,927 4060,929 4060,934 4060,934 4059,934 4058,935 4056,937 4056,938 4056,938 4055,938 4052,941 4052,942 4052,942 4051,942 4048,945 4048,946 4048,946 4021,946 4018,944 4018,943 4018,942 3830,942 3829,943 3829,987 3829,987"/><TextEquiv index="1"><Unicode>Prig qui reſte dans ſon pays natal. Je ſuis</Unicode></TextEquiv></TextLine><TextLine id="r0_l008"><Coords points="3638,1154 3637,1154 3637,1108 3637,1107 3456,1107 3455,1108 3455,1152 3455,1152 3442,1152 3441,1152 3441,1104 3441,1103 3122,1103 3121,1104 3121,1115 3120,1116 3120,1118 3120,1118 3119,1118 3117,1120 3117,1124 3115,1126 3114,1126 3113,1127 3113,1132 3112,1133 3107,1133 3106,1134 3106,1135 3104,1137 3093,1137 3090,1135 3090,1108 3090,1107 2920,1107 2919,1107 2919,1106 2917,1103 2883,1103 2882,1104 2882,1148 2882,1148 2863,1148 2862,1148 2862,1104 2862,1103 2797,1103 2795,1105 2795,1109 2778,1126 2774,1126 2772,1128 2772,1129 2772,1129 2770,1129 2768,1128 2768,1127 2768,1126 2767,1126 2765,1125 2765,1097 2765,1096 2678,1096 2677,1095 2676,1095 2675,1095 2675,1094 2674,1092 2509,1092 2505,1096 2392,1096 2391,1097 2391,1098 2390,1099 2388,1099 2387,1099 2387,1098 2386,1096 2300,1096 2299,1095 2298,1095 2297,1095 2297,1094 2296,1092 2156,1092 2155,1093 2155,1098 2153,1100 2152,1100 2151,1101 2151,1102 2150,1103 2149,1103 2147,1105 2147,1114 2147,1114 2146,1114 2143,1117 2143,1118 2143,1118 2142,1118 2140,1120 2140,1125 2140,1125 2139,1125 2138,1126 2131,1126 2129,1125 2129,1124 2128,1122 2120,1122 2116,1118 2115,1118 2114,1118 2114,1093 2114,1092 2014,1092 2013,1093 2013,1139 2013,1139 2010,1139 2009,1139 2009,1093 2009,1092 1849,1092 1848,1093 1848,1125 1848,1125 1847,1125 1844,1128 1844,1129 1844,1129 1834,1129 1833,1129 1833,1124 1832,1122 1831,1122 1829,1121 1829,1097 1829,1096 1813,1096 1811,1094 1695,1094 1693,1096 1689,1096 1687,1095 1687,1094 1686,1092 1344,1092 1343,1093 1343,1094 1341,1096 1308,1096 1307,1097 1307,1141 1307,1141 1301,1141 1300,1141 1300,1097 1300,1096 1158,1096 1155,1094 1155,1089 1155,1088 1150,1088 1148,1087 1148,1011 1149,1010 1150,1010 1152,1008 1152,1007 1153,1006 1163,1006 1163,1006 1163,981 1164,980 1165,980 1167,978 1167,974 1169,972 1188,972 1190,974 1279,974 1281,976 1282,976 1283,978 1283,1017 1284,1017 1571,1017 1571,1017 1571,977 1572,976 1593,976 1593,977 1593,980 1594,981 1594,983 1595,983 1648,983 1650,986 1650,1017 1651,1017 1705,1017 1706,1019 1706,1020 1708,1021 1867,1021 1867,1021 1867,1018 1868,1017 1922,1017 1922,1017 1922,1016 1925,1013 1941,1013 1941,1013 1941,975 1948,968 1970,968 1972,971 1972,972 1973,972 2053,972 2054,974 2054,1021 2055,1021 2225,1021 2226,1020 2226,1019 2228,1017 2308,1017 2308,1017 2308,1001 2312,997 2312,985 2313,984 2314,984 2316,982 2316,974 2318,972 2334,972 2334,973 2334,974 2335,975 2335,1017 2336,1017 2442,1017 2443,1016 2443,1004 2445,1002 2446,1002 2447,1001 2447,989 2449,987 2450,987 2450,987 2450,986 2453,983 2454,983 2454,983 2454,982 2457,979 2458,979 2458,979 2458,978 2460,976 2461,976 2461,976 2461,975 2464,972 2468,972 2472,968 2521,968 2522,967 2522,966 2523,965 2532,965 2533,967 2533,968 2534,968 2655,968 2656,970 2656,971 2658,972 2667,972 2667,973 2667,974 2668,975 2668,979 2670,980 2671,980 2671,981 2671,1021 2672,1021 2704,1021 2705,1023 2705,1024 2706,1024 2707,1024 2709,1027 2709,1028 2710,1028 2711,1028 2713,1031 2713,1035 2715,1036 2716,1036 2716,1037 2716,1066 2717,1066 2877,1066 2877,1066 2877,1064 2879,1062 2880,1062 2881,1061 2881,1045 2883,1043 2884,1043 2885,1042 2885,1037 2886,1036 2888,1036 2888,1036 2888,997 2891,994 2892,994 2892,994 2892,989 2894,987 2895,987 2896,986 2896,986 2896,985 2898,983 2910,983 2911,982 2911,981 2912,980 2913,980 2914,979 2931,979 2932,980 2933,980 2933,981 2933,982 2934,983 2936,984 2937,984 2937,985 2937,986 2939,987 2940,987 2941,989 2941,994 2943,995 2944,995 2945,997 2945,1017 2946,1017 2996,1017 2997,1019 2997,1020 2999,1021 3000,1021 3001,1023 3001,1024 3002,1024 3094,1024 3094,1024 3094,982 3097,979 3119,979 3120,981 3120,1024 3121,1024 3190,1024 3192,1027 3192,1028 3193,1028 3558,1028 3558,1028 3558,1019 3560,1017 3561,1017 3562,1016 3562,1004 3564,1002 3565,1002 3565,1002 3566,1001 3566,1000 3568,998 3569,998 3569,998 3569,994 3570,993 3570,992 3571,991 3576,991 3577,990 3577,989 3579,987 3580,987 3581,986 3581,985 3583,983 3588,983 3588,983 3588,982 3590,980 3591,980 3592,979 3597,979 3598,980 3599,980 3599,981 3599,982 3601,983 3606,983 3607,985 3607,986 3609,987 3610,987 3611,989 3611,994 3612,994 3613,994 3614,996 3614,1032 3615,1032 3696,1032 3696,1032 3696,1031 3699,1028 3700,1028 3700,1029 3700,1030 3703,1032 3809,1032 3809,1032 3809,988 3810,987 3830,987 3832,990 3832,1032 3833,1032 4044,1032 4045,1034 4045,1035 4047,1036 4048,1036 4049,1038 4049,1039 4050,1039 4055,1039 4056,1041 4056,1092 4057,1092 4059,1092 4060,1094 4060,1110 4060,1110 4059,1110 4058,1111 3913,1111 3909,1107 3653,1107 3652,1108 3652,1154 3652,1154"/><TextEquiv index="1"><Unicode>bien aiſe qu'il y réuſſiſſe, &amp; je me ferai un</Unicode></TextEquiv></TextLine><TextLine id="r0_l009"><Coords points="3410,1318 3409,1318 3409,1273 3409,1272 3376,1272 3375,1273 3375,1275 3375,1275 3373,1275 3371,1274 3371,1273 3371,1272 2974,1272 2973,1271 2972,1271 2971,1271 2971,1270 2970,1268 2888,1268 2729,1268 2728,1269 2728,1270 2726,1272 2723,1270 2723,1269 2723,1268 2718,1268 2716,1267 2716,1262 2716,1261 2557,1261 2554,1264 2538,1264 2537,1264 2537,1263 2535,1260 2374,1260 2372,1262 2372,1263 2371,1264 2276,1264 2275,1264 2275,1263 2273,1260 1841,1260 1840,1261 1840,1290 1840,1290 1839,1290 1837,1292 1837,1296 1835,1298 1813,1298 1810,1296 1810,1295 1810,1294 1809,1294 1805,1290 1804,1290 1803,1290 1803,1261 1803,1260 1748,1260 1747,1261 1747,1307 1747,1307 1737,1307 1736,1307 1736,1261 1736,1260 1652,1260 1651,1261 1650,1260 1568,1260 1567,1261 1567,1307 1567,1307 1565,1307 1564,1307 1564,1261 1564,1260 1442,1260 1440,1262 1440,1263 1439,1264 1281,1264 1279,1263 1279,1262 1279,1261 1178,1261 1177,1260 1176,1260 1175,1259 1174,1259 1174,1258 1174,1257 1166,1257 1165,1256 1164,1256 1163,1256 1163,1243 1163,1242 1162,1242 1161,1241 1160,1241 1159,1241 1159,1235 1159,1234 1153,1234 1152,1234 1152,1229 1150,1226 1149,1226 1148,1226 1148,1217 1149,1216 1150,1216 1150,1216 1152,1214 1152,1213 1153,1212 1154,1212 1155,1211 1155,1210 1156,1209 1156,1198 1158,1196 1159,1196 1159,1196 1159,1188 1162,1185 1283,1185 1283,1185 1283,1172 1284,1171 1285,1171 1287,1169 1287,1168 1288,1167 1289,1167 1290,1166 1290,1150 1292,1148 1293,1148 1294,1147 1294,1146 1296,1144 1297,1144 1298,1143 1298,1142 1299,1141 1390,1141 1391,1140 1541,1140 1541,1140 1541,1139 1543,1137 1645,1137 1646,1139 1646,1144 1647,1144 1648,1144 1650,1147 1650,1185 1651,1185 1715,1185 1716,1186 1717,1186 1717,1187 1717,1188 1719,1189 1885,1189 1885,1189 1885,1147 1892,1140 2008,1140 2009,1139 2069,1139 2069,1139 2069,1138 2070,1137 2075,1137 2076,1136 2076,1135 2078,1133 2098,1133 2098,1134 2098,1135 2101,1137 2106,1137 2106,1138 2106,1143 2108,1144 2109,1144 2110,1146 2110,1185 2111,1185 2286,1185 2286,1185 2286,1138 2287,1137 2303,1137 2304,1136 2304,1135 2306,1133 2308,1133 2308,1134 2308,1135 2312,1139 2312,1147 2314,1148 2315,1148 2316,1150 2316,1185 2317,1185 2473,1185 2473,1185 2473,1146 2475,1144 2480,1144 2480,1144 2480,1143 2483,1140 2493,1140 2494,1141 2495,1141 2495,1142 2495,1185 2496,1185 2561,1185 2563,1188 2563,1189 2564,1189 2805,1189 2806,1188 2806,1187 2808,1185 2862,1185 2862,1185 2862,1149 2863,1148 2884,1148 2885,1150 2885,1189 2886,1189 2943,1189 2945,1192 2945,1196 2947,1197 2948,1197 2948,1198 2948,1238 2949,1238 3124,1238 3124,1238 3124,1154 3127,1151 3128,1151 3128,1151 3128,1150 3130,1148 3138,1148 3139,1147 3139,1146 3141,1144 3172,1144 3173,1146 3173,1148 3174,1148 3326,1148 3326,1149 3326,1150 3329,1152 3603,1152 3603,1153 3603,1154 3604,1154 3652,1154 3653,1155 3654,1155 3656,1158 3656,1159 3657,1159 3658,1159 3659,1161 3659,1197 3660,1197 3704,1197 3704,1198 3704,1199 3706,1200 3917,1200 3917,1200 3917,1199 3919,1197 4044,1197 4045,1199 4045,1200 4046,1200 4051,1200 4052,1202 4052,1203 4054,1204 4055,1204 4056,1206 4056,1211 4057,1211 4058,1211 4060,1214 4060,1218 4062,1219 4063,1219 4063,1220 4063,1228 4064,1229 4064,1259 4062,1261 4061,1261 4060,1262 4060,1263 4059,1264 4058,1264 4056,1266 4056,1267 4055,1268 4054,1268 4052,1270 4052,1271 4051,1272 4050,1272 4049,1273 4049,1274 4048,1275 4043,1275 4041,1277 4041,1278 4040,1279 3900,1279 3899,1280 3899,1304 3897,1306 3896,1306 3895,1307 3895,1312 3894,1313 3871,1313 3869,1312 3869,1311 3868,1309 3863,1309 3862,1309 3862,1308 3861,1307 3861,1276 3861,1275 3642,1275 3641,1275 3641,1274 3640,1272 3413,1272 3412,1273 3412,1318 3412,1318"/><TextEquiv index="1"><Unicode>véritable plaiſir de le voir. Je lui dis que</Unicode></TextEquiv></TextLine><TextLine id="r0_l010"><Coords points="3085,1474 3083,1473 3083,1472 3082,1470 3074,1470 3072,1469 3072,1468 3071,1466 3070,1466 3068,1465 3068,1463 3068,1462 2901,1462 2900,1462 2900,1461 2899,1460 2899,1434 2899,1433 2843,1433 2842,1432 2841,1432 2840,1432 2840,1431 2839,1429 2635,1429 2634,1430 2634,1431 2632,1433 2442,1433 2439,1431 2439,1430 2439,1429 2015,1429 2012,1427 2012,1426 2012,1425 1794,1425 1792,1427 1792,1428 1791,1429 1685,1429 1683,1428 1683,1427 1682,1425 1554,1425 1449,1425 1448,1426 1448,1427 1446,1429 1322,1429 1321,1430 1321,1474 1321,1474 1320,1474 1319,1474 1319,1430 1319,1429 1195,1429 1191,1433 1174,1433 1173,1432 1172,1432 1170,1431 1170,1430 1170,1429 1161,1429 1159,1428 1159,1419 1159,1418 1158,1418 1156,1417 1156,1400 1156,1399 1154,1399 1148,1394 1148,1393 1150,1391 1151,1391 1151,1391 1151,1384 1152,1383 1152,1381 1153,1380 1163,1380 1163,1380 1163,1367 1165,1365 1166,1365 1167,1364 1167,1363 1169,1361 1174,1361 1174,1361 1174,1360 1176,1358 1177,1358 1178,1357 1223,1357 1223,1357 1223,1311 1225,1309 1473,1309 1473,1309 1473,1308 1476,1305 1652,1305 1654,1307 1747,1307 1749,1309 1750,1309 1750,1310 1750,1311 1751,1312 1751,1346 1752,1346 1787,1346 1788,1348 1788,1349 1790,1350 2114,1350 2114,1350 2114,1310 2115,1309 2116,1309 2117,1308 2117,1307 2119,1305 2120,1305 2121,1307 2121,1308 2123,1309 2135,1309 2136,1311 2136,1350 2137,1350 2449,1350 2453,1354 2790,1354 2791,1356 2791,1357 2792,1357 3023,1357 3023,1357 3023,1356 3025,1354 3030,1354 3030,1355 3030,1356 3032,1357 3189,1357 3190,1358 3191,1358 3192,1360 3192,1361 3193,1361 3205,1361 3207,1364 3207,1368 3209,1369 3210,1369 3210,1370 3210,1375 3212,1376 3213,1376 3214,1378 3214,1406 3215,1406 3401,1406 3401,1406 3401,1326 3403,1324 3404,1324 3405,1323 3405,1322 3407,1320 3408,1320 3408,1320 3408,1319 3409,1318 3458,1318 3460,1316 3463,1316 3469,1323 3469,1358 3470,1358 3577,1358 3577,1359 3577,1361 3578,1361 3703,1361 3704,1363 3704,1364 3706,1365 3969,1365 3970,1367 3970,1368 3972,1369 3977,1369 3977,1370 3977,1371 3980,1373 3981,1373 3981,1374 3981,1379 3983,1380 3984,1380 3985,1382 3985,1383 3986,1383 3987,1383 3989,1386 3989,1388 3990,1388 4052,1388 4053,1390 4053,1391 4054,1391 4055,1391 4056,1393 4056,1394 4058,1395 4059,1395 4060,1397 4060,1398 4062,1399 4063,1399 4064,1401 4064,1410 4065,1410 4067,1410 4067,1411 4067,1413 4066,1414 4065,1414 4064,1415 4064,1416 4062,1418 4057,1418 4056,1419 4056,1420 4055,1421 3986,1421 3985,1422 3985,1432 3985,1432 3984,1432 3981,1435 3981,1439 3980,1440 3972,1440 3970,1442 3970,1443 3969,1444 3774,1444 3771,1442 3771,1441 3771,1440 3575,1440 3574,1441 3574,1442 3572,1444 3569,1442 3569,1441 3569,1440 3306,1440 3304,1442 3304,1446 3302,1448 3301,1448 3300,1449 3300,1454 3299,1455 3298,1455 3296,1457 3296,1458 3295,1459 3294,1459 3293,1460 3293,1461 3292,1462 3291,1462 3290,1463 3283,1463 3281,1465 3281,1466 3281,1466 3111,1466 3109,1468 3109,1469 3108,1470 3100,1470 3098,1472 3098,1473 3098,1473 3097,1473 3096,1474"/><TextEquiv index="1"><Unicode>s'il faiſoit un heureux voyage, il trouve-</Unicode></TextEquiv></TextLine><TextLine id="r0_l011"><Coords points="1965,1640 1964,1640 1964,1594 1964,1593 1699,1593 1698,1594 1698,1611 1694,1615 1694,1619 1693,1620 1692,1620 1691,1621 1691,1622 1690,1623 1689,1623 1687,1625 1687,1626 1686,1627 1682,1627 1679,1630 1679,1631 1679,1631 1652,1631 1644,1623 1640,1623 1638,1622 1638,1594 1638,1593 1379,1593 1376,1596 1376,1597 1376,1597 1168,1597 1167,1597 1167,1596 1165,1593 1157,1593 1156,1593 1156,1592 1155,1591 1155,1572 1155,1571 1146,1571 1144,1570 1144,1566 1147,1563 1148,1563 1148,1563 1148,1543 1150,1541 1156,1541 1156,1541 1156,1535 1158,1533 1159,1533 1159,1533 1159,1528 1161,1526 1166,1526 1166,1526 1166,1525 1169,1522 1252,1522 1253,1521 1253,1520 1254,1519 1255,1519 1256,1518 1309,1518 1309,1518 1309,1479 1311,1477 1316,1477 1316,1477 1316,1476 1318,1474 1440,1474 1440,1474 1440,1472 1442,1470 1484,1470 1485,1469 1485,1468 1487,1466 1495,1466 1496,1468 1496,1469 1498,1470 1507,1470 1507,1471 1507,1472 1510,1474 1615,1474 1616,1476 1616,1518 1617,1518 1799,1518 1799,1518 1799,1476 1802,1473 1803,1473 1803,1473 1803,1472 1805,1470 1810,1470 1810,1471 1810,1472 1813,1474 1821,1474 1822,1476 1822,1518 1823,1518 2091,1518 2091,1518 2091,1483 2093,1481 2094,1481 2095,1480 2095,1479 2096,1478 2097,1478 2099,1476 2099,1475 2100,1474 2303,1474 2304,1473 2304,1472 2306,1470 2323,1470 2323,1471 2323,1472 2326,1474 2338,1474 2338,1475 2338,1476 2340,1477 2344,1477 2350,1484 2350,1485 2351,1485 2356,1485 2357,1487 2357,1491 2361,1495 2361,1510 2363,1511 2364,1511 2364,1512 2364,1518 2365,1518 2404,1518 2406,1521 2406,1522 2407,1522 2683,1522 2683,1522 2683,1475 2685,1473 2762,1473 2763,1474 2869,1474 2870,1476 2870,1477 2871,1477 3044,1477 3046,1480 3046,1481 3047,1481 3471,1481 3472,1483 3472,1485 3473,1485 3550,1485 3551,1487 3551,1488 3553,1489 3554,1489 3555,1491 3555,1530 3556,1530 4037,1530 4037,1531 4037,1532 4039,1533 4043,1533 4049,1540 4049,1541 4050,1541 4055,1541 4056,1543 4056,1544 4058,1545 4059,1545 4060,1547 4060,1548 4061,1548 4062,1548 4064,1551 4064,1588 4062,1590 4061,1590 4060,1591 4060,1596 4059,1597 4058,1597 4056,1599 4056,1600 4055,1601 4054,1601 4052,1603 4052,1604 4051,1605 4050,1605 4049,1606 4049,1607 4048,1608 4040,1608 4037,1611 4037,1612 4037,1612 4017,1612 4015,1611 4015,1610 4015,1609 3818,1609 3817,1610 3817,1618 3815,1620 3811,1620 3800,1631 3796,1631 3794,1633 3794,1634 3793,1635 3789,1631 3788,1631 3787,1631 3787,1606 3787,1605 3605,1605 3603,1607 3603,1608 3603,1608 3361,1608 3360,1608 3360,1607 3359,1605 3066,1605 3064,1604 3064,1602 3064,1601 2905,1601 2904,1601 2904,1600 2902,1597 2483,1597 2480,1600 2480,1604 2479,1605 2478,1605 2477,1606 2477,1614 2476,1615 2476,1616 2476,1616 2475,1616 2473,1618 2473,1619 2473,1619 2472,1619 2469,1622 2469,1626 2468,1627 2467,1627 2466,1628 2466,1629 2464,1631 2449,1631 2447,1630 2447,1629 2446,1627 2445,1627 2443,1626 2443,1625 2443,1624 2442,1624 2439,1622 2439,1594 2439,1593 2011,1593 2009,1595 2009,1596 2008,1597 1969,1597 1968,1598 1968,1640 1968,1640"/><TextEquiv index="1"><Unicode>roit Prig dans le Pays d'York. Eh bien, me</Unicode></TextEquiv></TextLine><TextLine id="r0_l012"><Coords points="4047,1826 4024,1826 4023,1825 4020,1825 4019,1825 4019,1774 4019,1773 3878,1773 3877,1773 3877,1772 3876,1770 3820,1770 3612,1770 3611,1771 3611,1772 3610,1773 3485,1773 3484,1773 3484,1772 3482,1769 3201,1769 3200,1770 3199,1769 2998,1769 2997,1769 2997,1768 2996,1766 2412,1766 2409,1764 2409,1763 2409,1762 2198,1762 2196,1764 2196,1776 2195,1777 2194,1777 2192,1779 2192,1780 2192,1780 2191,1780 2189,1782 2189,1786 2188,1787 2188,1788 2188,1788 2187,1788 2181,1794 2181,1795 2181,1795 2180,1795 2179,1796 2175,1796 2173,1798 2173,1799 2173,1799 2160,1799 2159,1799 2159,1763 2159,1762 1704,1762 1702,1764 1702,1765 1702,1765 1699,1765 1698,1765 1698,1764 1697,1762 1344,1762 1343,1763 1343,1764 1341,1766 1336,1766 1335,1767 1335,1795 1334,1796 1333,1796 1331,1798 1331,1799 1331,1799 1190,1799 1189,1800 1189,1814 1189,1814 1157,1814 1156,1814 1156,1761 1152,1757 1152,1752 1153,1751 1159,1751 1159,1751 1159,1697 1165,1691 1248,1691 1249,1690 1249,1685 1251,1683 1257,1683 1257,1683 1257,1673 1258,1672 1259,1672 1260,1671 1260,1663 1262,1661 1263,1661 1264,1660 1264,1648 1266,1646 1270,1646 1272,1644 1272,1643 1273,1642 1275,1642 1275,1643 1275,1644 1283,1652 1283,1687 1284,1687 1416,1687 1418,1685 1418,1684 1419,1683 1420,1683 1422,1686 1422,1687 1423,1687 1593,1687 1593,1687 1593,1644 1595,1642 1596,1642 1597,1641 1597,1640 1598,1639 1599,1639 1601,1637 1601,1636 1602,1635 1604,1635 1605,1637 1605,1638 1606,1638 1615,1638 1616,1640 1616,1642 1617,1642 1803,1642 1803,1642 1803,1640 1805,1638 1847,1638 1849,1640 1968,1640 1974,1646 1975,1646 1975,1647 1975,1687 1976,1687 2098,1687 2099,1689 2099,1690 2101,1691 2102,1691 2102,1692 2102,1697 2104,1698 2105,1698 2106,1700 2106,1732 2107,1732 2297,1732 2297,1732 2297,1711 2298,1710 2299,1710 2301,1708 2301,1704 2314,1691 2318,1691 2320,1689 2320,1688 2321,1687 2338,1687 2338,1687 2338,1640 2340,1638 2363,1638 2364,1640 2364,1687 2365,1687 2674,1687 2675,1689 2675,1690 2677,1691 3068,1691 3068,1691 3068,1655 3070,1653 3075,1653 3075,1653 3075,1652 3077,1650 3208,1650 3209,1649 3214,1649 3214,1649 3214,1648 3216,1646 3225,1646 3225,1647 3225,1648 3227,1649 3231,1649 3233,1652 3233,1653 3234,1653 3235,1653 3236,1655 3236,1656 3237,1657 3237,1694 3238,1694 3362,1694 3363,1695 3585,1695 3585,1695 3585,1655 3591,1649 3609,1649 3611,1652 3611,1653 3612,1653 3613,1653 3614,1655 3614,1656 3615,1657 3615,1694 3616,1694 3779,1694 3779,1694 3779,1685 3781,1683 3782,1683 3783,1682 3783,1670 3785,1668 3786,1668 3787,1667 3787,1662 3788,1661 3789,1661 3791,1659 3791,1658 3792,1657 3793,1657 3794,1656 3794,1655 3795,1654 3796,1653 3797,1653 3798,1652 3798,1651 3799,1650 3800,1650 3802,1648 3802,1647 3803,1646 3845,1646 3847,1644 3847,1643 3848,1642 3857,1642 3858,1644 3858,1645 3860,1646 3868,1646 3869,1648 3869,1652 3873,1656 3873,1691 3874,1691 3899,1691 3899,1692 3899,1694 3900,1694 3905,1694 3906,1696 3906,1697 3908,1698 3916,1698 3924,1706 3925,1706 3925,1707 3925,1712 3927,1713 3928,1713 3929,1715 3929,1739 3930,1739 4051,1739 4052,1741 4052,1742 4054,1743 4055,1743 4056,1745 4056,1746 4058,1747 4059,1747 4060,1749 4060,1754 4061,1754 4062,1754 4064,1757 4064,1761 4066,1762 4067,1762 4067,1763 4067,1780 4066,1781 4065,1781 4064,1782 4064,1786 4063,1787 4063,1788 4063,1788 4062,1788 4060,1790 4060,1791 4060,1791 4059,1791 4056,1794 4056,1795 4056,1795 4055,1795 4052,1798 4052,1799 4052,1799 4051,1799 4048,1802 4048,1827 4048,1827"/><TextEquiv index="1"><Unicode>répondit Prim, donnez-moi ſon adreſſe,</Unicode></TextEquiv></TextLine><TextLine id="r0_l013"><Coords points="2777,1981 2776,1980 1258,1980 1257,1980 1257,1979 1256,1978 1256,1973 1256,1972 1163,1972 1162,1971 857,1971 856,1971 856,1969 856,1968 854,1968 852,1967 852,1965 852,1964 850,1964 849,1964 849,1961 850,1960 1155,1960 1155,1960 1155,1866 1156,1865 1156,1864 1157,1863 1158,1863 1158,1863 1158,1815 1159,1814 2401,1814 2402,1813 2402,1812 2403,1811 2404,1811 2405,1810 2630,1810 2630,1810 2630,1809 2632,1807 2644,1807 2651,1814 3692,1814 3693,1816 3693,1818 3694,1818 3921,1818 3921,1819 3921,1825 3922,1825 4023,1825 4024,1826 4047,1826 4048,1827 4049,1827 4049,1828 4049,1930 4050,1930 4051,1930 4053,1933 4053,1934 4054,1934 4055,1934 4056,1936 4056,1941 4056,1941 4055,1941 4054,1942 2788,1942 2787,1943 2787,1981 2787,1981"/><TextEquiv index="1"><Unicode>je vous promets de l'y aller voir. Je lui</Unicode></TextEquiv></TextLine><TextLine id="r0_l014"><Coords points="3157,2153 3156,2152 3155,2152 3154,2152 3154,2107 3154,2106 3130,2106 3128,2105 3128,2104 3128,2103 2968,2103 2967,2102 2823,2102 2820,2099 2573,2099 2569,2095 2347,2095 2346,2096 2346,2097 2344,2099 2333,2099 2331,2098 2331,2097 2330,2095 2122,2095 2121,2096 2121,2113 2120,2114 2119,2114 2117,2116 2117,2121 2117,2121 2116,2121 2114,2123 2114,2127 2112,2129 2111,2129 2110,2130 2110,2131 2108,2133 2107,2133 2106,2134 2106,2135 2105,2136 2097,2136 2095,2135 2095,2100 2095,2099 1856,2099 1855,2100 1855,2128 1854,2129 1849,2129 1848,2130 1848,2131 1847,2132 1827,2132 1825,2131 1825,2130 1825,2129 1824,2129 1822,2128 1822,2100 1822,2099 1682,2099 1679,2097 1679,2096 1679,2095 1497,2095 1496,2096 1496,2146 1496,2146 1478,2146 1477,2146 1477,2103 1477,2102 1317,2102 1316,2103 1316,2128 1315,2129 1314,2129 1313,2130 1313,2131 1312,2132 1308,2132 1304,2136 1296,2136 1294,2135 1294,2130 1294,2129 1293,2129 1290,2127 1290,2104 1290,2103 1249,2103 1248,2102 1176,2102 1174,2101 1174,2100 1174,2099 1158,2099 1155,2097 1155,2074 1154,2072 1153,2072 1152,2072 1152,2067 1151,2065 1146,2065 1144,2064 1144,2063 1144,2062 1143,2061 1142,2061 1141,2061 1141,2059 1143,2057 1144,2057 1144,2057 1144,2056 1146,2054 1152,2054 1152,2054 1152,2040 1153,2039 1154,2039 1155,2038 1155,2030 1157,2028 1158,2028 1159,2027 1166,2027 1167,2026 1167,2025 1168,2024 1173,2024 1174,2023 1174,2022 1176,2020 1177,2020 1178,2019 1178,2018 1180,2016 1185,2016 1185,2016 1185,2015 1187,2013 1249,2013 1249,2013 1249,2010 1250,2009 1252,2009 1253,2008 1253,1984 1254,1983 1255,1983 1258,1980 1271,1980 1272,1982 1272,1986 1273,1986 1274,1986 1275,1988 1275,2024 1276,2024 1574,2024 1574,2024 1574,2023 1577,2020 1582,2020 1582,2020 1582,1977 1584,1975 1585,1975 1586,1974 1586,1973 1588,1971 1596,1971 1597,1973 1597,1974 1599,1975 1600,1975 1602,1977 1646,1977 1648,1979 1649,1979 1649,1980 1649,1981 1650,1982 1650,2020 1651,2020 1694,2020 1694,2021 1694,2022 1697,2024 1970,2024 1972,2022 1972,2021 1973,2020 2099,2020 2099,2020 2099,1977 2100,1976 2117,1976 2117,1977 2117,1979 2118,1979 2281,1979 2282,1981 2282,2020 2283,2020 2352,2020 2353,2022 2353,2023 2355,2024 2510,2024 2510,2024 2510,2015 2513,2012 2514,2012 2514,2012 2514,2003 2515,2002 2516,2002 2518,2000 2518,1996 2522,1992 2522,1988 2524,1986 2525,1986 2525,1986 2525,1985 2528,1982 2529,1982 2529,1982 2529,1981 2531,1979 2539,1979 2541,1977 2541,1976 2542,1975 2550,1975 2554,1979 2558,1979 2559,1981 2559,1982 2560,1982 2561,1982 2563,1985 2563,2024 2564,2024 2715,2024 2716,2023 2716,2022 2718,2020 2772,2020 2772,2020 2772,1985 2774,1983 2775,1983 2777,1981 2788,1981 2790,1983 2791,1983 2791,1984 2791,2027 2792,2027 3142,2027 3143,2026 3143,2025 3144,2024 3146,2024 3147,2026 3147,2027 3148,2027 3238,2027 3239,2028 3240,2028 3240,2029 3240,2030 3242,2031 3408,2031 3408,2031 3408,1994 3409,1993 3409,1992 3411,1990 3412,1990 3412,1990 3412,1989 3415,1986 3592,1986 3592,1986 3592,1984 3593,1983 3636,1983 3637,1985 3637,2027 3638,2027 3687,2027 3688,2028 3689,2028 3689,2029 3689,2034 3691,2035 3692,2035 3693,2037 3693,2042 3694,2042 3695,2042 3699,2046 3700,2046 3700,2047 3700,2076 3701,2076 3921,2076 3921,2076 3921,2052 3923,2050 3924,2050 3925,2049 3925,2048 3927,2046 3928,2046 3929,2045 3929,2044 3930,2043 3931,2043 3932,2042 3932,2008 3935,2005 3936,2005 3936,2005 3936,2000 3939,1997 3940,1997 3940,1997 3940,1996 3942,1994 3943,1994 3944,1993 3944,1988 3946,1986 3947,1986 3948,1985 3948,1984 3949,1983 3962,1983 3963,1985 3963,1986 3964,1986 3972,1986 3974,1989 3974,1990 3975,1990 3984,1990 3985,1992 3985,1997 3986,1997 3987,1997 3989,2000 3989,2020 3990,2020 4055,2020 4056,2022 4056,2023 4058,2024 4063,2024 4064,2026 4064,2037 4056,2045 4056,2095 4057,2095 4059,2095 4060,2097 4060,2098 4062,2099 4063,2099 4064,2101 4064,2105 4063,2106 4062,2106 4060,2108 4060,2109 4059,2110 4058,2110 4056,2112 4056,2113 4055,2114 3990,2114 3989,2115 3989,2116 3988,2117 3984,2117 3981,2120 3981,2121 3981,2121 3961,2121 3955,2116 3955,2112 3954,2110 3953,2110 3951,2109 3951,2104 3950,2102 3949,2102 3948,2102 3948,2101 3947,2099 3788,2099 3787,2100 3787,2112 3785,2114 3784,2114 3783,2115 3783,2120 3782,2121 3781,2121 3779,2123 3779,2124 3778,2125 3777,2125 3775,2127 3775,2128 3774,2129 3773,2129 3772,2130 3772,2135 3771,2136 3754,2136 3753,2136 3753,2107 3753,2106 3366,2106 3364,2108 3364,2109 3363,2110 3361,2110 3360,2111 3360,2135 3358,2137 3357,2137 3356,2138 3356,2139 3355,2140 3354,2140 3353,2141 3353,2142 3351,2144 3344,2144 3341,2142 3341,2141 3341,2140 3336,2140 3334,2139 3334,2138 3333,2136 3332,2136 3330,2135 3330,2107 3330,2106 3170,2106 3169,2107 3169,2153 3169,2153"/><TextEquiv index="1"><Unicode>tépondis que je le ferois avec plaiſir, &amp;</Unicode></TextEquiv></TextLine><TextLine id="r0_l015"><Coords points="3966,2326 3965,2325 3960,2325 3959,2325 3959,2276 3959,2275 3887,2275 3886,2274 3885,2274 3884,2274 3884,2273 3883,2271 3810,2271 3809,2272 3809,2323 3809,2323 3808,2322 3731,2322 3730,2321 3661,2321 3660,2321 3660,2309 3660,2308 3653,2308 3652,2308 3652,2303 3651,2301 3650,2301 3648,2300 3648,2276 3648,2275 3507,2275 3506,2276 3506,2321 3506,2321 3492,2321 3491,2321 3491,2276 3491,2275 3340,2275 3337,2273 3337,2272 3337,2271 3171,2271 3170,2272 3170,2319 3170,2319 3155,2319 3154,2319 3154,2274 3154,2273 3020,2273 3018,2275 3015,2273 3015,2272 3015,2271 2898,2271 2896,2270 2896,2269 2895,2267 2516,2267 2514,2266 2514,2265 2513,2263 2198,2263 2196,2265 2196,2266 2195,2267 2179,2267 2177,2266 2177,2265 2176,2263 1958,2263 1956,2262 1956,2261 1956,2260 1951,2260 1949,2258 1841,2258 1840,2259 1840,2313 1840,2313 1831,2313 1830,2313 1830,2259 1830,2258 1811,2258 1809,2260 1744,2260 1743,2261 1743,2263 1743,2263 1737,2263 1736,2263 1736,2262 1735,2260 1723,2260 1721,2259 1721,2258 1721,2257 1720,2256 1719,2256 1717,2254 1579,2254 1577,2256 1576,2256 1575,2257 1575,2258 1573,2260 1572,2260 1571,2261 1571,2262 1570,2263 1501,2263 1500,2264 1500,2273 1496,2277 1496,2289 1496,2289 1495,2289 1492,2292 1492,2297 1492,2297 1487,2297 1485,2299 1485,2300 1484,2301 1479,2301 1477,2300 1477,2268 1477,2267 1437,2267 1436,2268 1436,2314 1436,2314 1422,2314 1421,2314 1421,2268 1421,2267 1228,2267 1227,2268 1227,2299 1225,2301 1202,2301 1200,2300 1200,2268 1200,2267 1183,2267 1182,2267 1182,2266 1180,2263 1172,2263 1170,2262 1170,2261 1170,2260 1169,2260 1167,2259 1167,2258 1166,2256 1165,2256 1163,2255 1163,2254 1162,2252 1146,2252 1144,2251 1144,2247 1146,2245 1152,2245 1152,2245 1152,2227 1153,2226 1154,2226 1155,2225 1155,2218 1156,2217 1156,2216 1157,2215 1158,2215 1159,2214 1159,2209 1161,2207 1162,2207 1163,2206 1163,2205 1164,2204 1165,2204 1166,2203 1170,2203 1171,2202 1171,2201 1172,2200 1173,2200 1173,2200 1174,2199 1174,2198 1176,2196 1192,2196 1193,2195 1193,2194 1195,2192 1293,2192 1294,2191 1294,2190 1295,2189 1297,2189 1300,2192 1477,2192 1477,2192 1477,2147 1478,2146 1496,2146 1496,2147 1496,2189 1497,2189 1543,2189 1544,2188 1569,2188 1570,2189 1571,2189 1571,2190 1571,2191 1573,2192 1577,2192 1578,2194 1578,2195 1579,2196 1579,2203 1581,2204 1582,2204 1582,2205 1582,2213 1585,2215 1721,2215 1721,2215 1721,2149 1723,2147 1727,2147 1728,2146 1728,2145 1729,2144 1732,2144 1732,2145 1732,2146 1739,2153 1739,2188 1740,2188 1809,2188 1811,2191 1811,2192 1812,2192 1959,2192 1960,2191 1960,2190 1961,2189 1967,2189 1967,2189 1967,2154 1968,2153 1968,2152 1969,2151 1971,2151 1971,2151 1971,2149 1973,2147 1974,2147 1975,2149 1975,2189 1976,2189 2041,2189 2042,2188 2121,2188 2121,2188 2121,2186 2122,2185 2124,2185 2125,2187 2125,2188 2126,2188 2426,2188 2427,2189 2458,2189 2458,2190 2458,2191 2460,2192 2697,2192 2697,2192 2697,2150 2700,2147 2701,2147 2701,2147 2701,2146 2704,2143 2707,2143 2709,2146 2709,2147 2710,2147 2711,2147 2713,2150 2713,2154 2715,2155 2716,2155 2716,2156 2716,2192 2717,2192 2910,2192 2911,2194 2911,2195 2913,2196 2956,2196 2956,2196 2956,2153 2958,2151 2974,2151 2974,2152 2974,2153 2977,2155 2978,2155 2978,2156 2978,2196 2979,2196 3154,2196 3154,2196 3154,2153 3155,2152 3156,2152 3157,2153 3169,2153 3171,2155 3172,2155 3173,2157 3173,2165 3175,2166 3176,2166 3176,2167 3176,2168 3177,2169 3177,2173 3179,2174 3180,2174 3180,2175 3180,2196 3181,2196 3539,2196 3539,2197 3539,2198 3542,2200 3755,2200 3757,2198 3757,2197 3758,2196 3917,2196 3917,2197 3917,2198 3918,2199 3920,2200 3921,2200 3921,2201 3921,2202 3922,2202 3924,2204 3925,2204 3925,2205 3925,2206 3927,2207 3928,2207 3929,2209 3929,2241 3930,2241 4021,2241 4023,2239 4023,2238 4024,2237 4036,2237 4041,2243 4041,2244 4042,2244 4043,2244 4044,2245 4048,2245 4049,2247 4049,2248 4050,2248 4051,2248 4052,2250 4052,2262 4054,2263 4055,2263 4056,2265 4056,2270 4055,2271 4054,2271 4052,2273 4052,2274 4051,2275 4050,2275 4049,2276 4049,2281 4049,2281 4048,2282 4047,2282 4045,2284 4045,2285 4045,2285 4044,2286 4043,2286 4041,2288 4041,2289 4041,2289 4040,2289 4039,2290 4035,2290 4034,2291 4034,2292 4033,2293 4025,2293 4022,2296 4022,2297 4022,2297 4009,2297 4008,2297 4008,2296 4008,2295 4006,2293 4005,2293 4004,2293 4004,2276 4004,2275 3982,2275 3981,2276 3981,2326 3981,2326"/><TextEquiv index="1"><Unicode>que je le recommanderois à mon pere,</Unicode></TextEquiv></TextLine><TextLine id="r0_l016"><Coords points="3509,2492 3508,2492 3508,2440 3508,2439 3391,2439 3390,2440 3390,2472 3389,2473 3388,2473 3386,2475 3386,2476 3385,2477 3359,2477 3355,2473 3354,2473 3353,2473 3353,2472 3352,2471 3352,2444 3352,2443 3343,2443 3341,2442 3341,2441 3340,2439 3152,2439 3150,2438 3150,2437 3150,2436 3146,2436 3145,2435 3144,2435 3143,2435 3143,2434 3143,2433 2987,2433 2984,2436 2734,2436 2731,2434 2731,2433 2731,2432 2564,2432 2563,2433 2563,2434 2561,2436 2554,2436 2551,2434 2551,2433 2551,2432 2292,2432 2288,2428 2130,2428 2129,2429 2129,2430 2127,2432 2067,2432 2065,2434 2065,2435 2065,2435 1928,2435 1927,2436 1927,2463 1926,2464 1926,2465 1926,2465 1925,2465 1924,2466 1907,2466 1906,2465 1905,2465 1904,2465 1904,2433 1904,2432 1647,2432 1646,2433 1646,2461 1646,2461 1645,2461 1642,2464 1642,2465 1642,2465 1641,2465 1640,2466 1627,2466 1626,2465 1625,2465 1623,2464 1623,2433 1623,2432 1329,2432 1328,2433 1328,2483 1328,2483 1306,2483 1305,2483 1305,2433 1305,2432 1302,2432 1301,2433 1301,2435 1300,2436 1292,2436 1290,2438 1290,2439 1290,2439 1195,2439 1192,2436 1185,2436 1184,2435 1183,2435 1182,2435 1182,2434 1181,2432 1176,2432 1175,2432 1175,2431 1175,2430 1173,2428 1172,2428 1171,2428 1171,2427 1169,2424 1168,2424 1167,2424 1167,2423 1165,2420 1164,2420 1163,2420 1163,2415 1162,2413 1161,2413 1159,2412 1159,2408 1162,2405 1163,2405 1163,2405 1163,2389 1165,2387 1166,2387 1166,2387 1166,2386 1169,2383 1170,2383 1170,2383 1170,2375 1171,2374 1171,2373 1172,2372 1174,2372 1174,2372 1174,2337 1182,2329 1182,2325 1184,2323 1185,2323 1185,2323 1185,2322 1188,2319 1189,2319 1189,2319 1189,2318 1191,2316 1197,2316 1198,2315 1199,2316 1215,2316 1216,2318 1216,2319 1217,2319 1221,2319 1229,2327 1234,2327 1234,2328 1234,2353 1235,2353 1293,2353 1294,2355 1294,2357 1295,2357 1421,2357 1421,2357 1421,2315 1422,2314 1437,2314 1440,2318 1440,2319 1441,2319 1442,2319 1444,2322 1444,2338 1445,2338 1446,2338 1448,2341 1448,2357 1449,2357 1450,2357 1454,2361 1633,2361 1634,2360 1634,2359 1636,2357 1704,2357 1706,2355 1706,2354 1707,2353 1825,2353 1825,2353 1825,2318 1827,2316 1828,2316 1829,2315 1829,2314 1830,2313 1840,2313 1843,2316 1844,2316 1844,2317 1844,2357 1845,2357 2286,2357 2286,2357 2286,2321 2288,2319 2289,2319 2289,2319 2289,2315 2290,2314 2290,2313 2291,2312 2300,2312 2301,2314 2301,2315 2303,2316 2304,2316 2304,2317 2304,2318 2305,2319 2305,2338 2306,2338 2307,2338 2308,2340 2308,2357 2309,2357 2573,2357 2574,2359 2574,2360 2575,2360 2576,2360 2577,2361 2827,2361 2829,2359 2829,2358 2830,2357 2839,2357 2840,2359 2840,2360 2842,2361 2918,2361 2918,2361 2918,2325 2920,2323 2921,2323 2922,2322 2922,2321 2923,2320 2924,2320 2925,2319 2928,2319 2930,2322 2930,2323 2931,2323 2936,2323 2937,2325 2937,2326 2939,2327 2940,2327 2941,2329 2941,2361 2942,2361 2982,2361 2982,2362 2982,2363 2984,2364 3154,2364 3154,2364 3154,2320 3155,2319 3171,2319 3173,2322 3173,2326 3175,2327 3176,2327 3176,2328 3176,2329 3177,2330 3177,2341 3180,2344 3180,2364 3181,2364 3186,2364 3190,2368 3405,2368 3405,2368 3405,2366 3407,2364 3491,2364 3491,2364 3491,2322 3492,2321 3682,2321 3683,2322 3808,2322 3809,2324 3809,2325 3810,2325 3965,2325 3966,2326 3981,2326 3981,2327 3981,2367 3983,2368 3984,2368 3985,2370 3985,2394 3986,2394 4059,2394 4060,2396 4060,2401 4062,2402 4063,2402 4064,2404 4064,2415 4062,2417 3990,2417 3989,2418 3989,2434 3987,2436 3986,2436 3985,2437 3985,2438 3984,2439 3683,2439 3682,2440 3682,2461 3682,2461 3681,2461 3678,2464 3678,2465 3678,2465 3677,2465 3674,2468 3674,2469 3674,2469 3673,2469 3670,2472 3670,2473 3670,2473 3669,2473 3665,2477 3658,2477 3656,2476 3656,2440 3656,2439 3567,2439 3566,2440 3566,2490 3566,2490 3541,2490 3540,2491 3523,2491 3522,2492"/><TextEquiv index="1"><Unicode>&amp; à quelques bons amis à qui j'écri-</Unicode></TextEquiv></TextLine><TextLine id="r0_l017"><Coords points="3314,2638 3310,2634 3309,2634 3308,2634 3308,2605 3308,2604 2501,2604 2499,2603 2499,2602 2498,2600 1531,2600 1530,2601 1530,2625 1528,2627 1527,2627 1526,2628 1526,2629 1525,2630 1517,2630 1515,2632 1515,2633 1514,2634 1513,2634 1511,2633 1511,2632 1510,2630 1505,2630 1504,2630 1504,2629 1503,2628 1503,2605 1503,2604 1153,2604 1152,2604 1152,2576 1151,2575 1151,2542 1150,2540 1149,2540 1148,2540 1148,2538 1149,2537 1150,2537 1152,2535 1152,2531 1154,2529 1158,2529 1162,2525 1301,2525 1301,2525 1301,2487 1305,2483 1329,2483 1330,2484 1331,2484 1331,2485 1331,2521 1332,2521 1870,2521 1870,2521 1870,2483 1873,2480 2304,2480 2305,2479 2305,2478 2306,2477 2308,2477 2309,2476 2310,2477 2311,2477 2320,2487 2320,2495 2321,2495 2322,2495 2323,2497 2323,2498 2325,2499 2326,2499 2327,2501 2327,2513 2329,2514 2330,2514 2331,2516 2331,2521 2332,2521 2989,2521 2989,2521 2989,2517 2990,2516 2990,2515 2991,2514 2992,2514 2993,2513 2993,2505 2995,2503 2996,2503 2997,2502 2997,2497 2999,2495 3000,2495 3001,2494 3001,2489 3002,2488 3007,2488 3008,2487 3008,2486 3009,2485 3010,2484 3011,2484 3012,2483 3012,2482 3013,2481 3014,2481 3016,2479 3016,2478 3017,2477 3049,2477 3049,2478 3049,2479 3050,2480 3052,2481 3053,2481 3053,2482 3053,2483 3055,2484 3056,2484 3057,2486 3057,2490 3058,2490 3600,2490 3600,2490 3600,2489 3601,2488 3610,2488 3610,2488 3610,2487 3613,2484 3614,2484 3614,2485 3614,2486 3622,2494 3622,2514 3623,2514 3805,2514 3805,2515 3805,2529 3806,2529 3966,2529 3966,2530 3966,2531 3970,2535 3970,2536 3971,2536 3972,2536 3974,2539 3974,2544 3975,2544 4044,2544 4045,2546 4045,2547 4047,2548 4052,2548 4052,2549 4052,2550 4054,2552 4055,2552 4056,2552 4056,2553 4056,2569 4052,2573 4052,2574 4052,2574 3986,2574 3985,2575 3985,2603 3984,2604 3983,2604 3981,2606 3981,2607 3980,2608 3346,2608 3345,2609 3345,2614 3344,2615 3343,2615 3342,2616 3341,2617 3341,2618 3340,2619 3339,2619 3338,2620 3338,2624 3337,2625 3337,2626 3337,2626 3336,2626 3335,2627 3334,2628 3334,2629 3333,2630 3328,2630 3326,2632 3326,2633 3325,2634 3320,2634 3319,2635 3319,2636 3317,2638"/><TextEquiv index="1"><Unicode>rois par la même occaſion, s'il vou-</Unicode></TextEquiv></TextLine><TextLine id="r0_l018"><Coords points="2040,2812 2039,2812 2039,2766 2039,2765 1864,2765 1863,2766 1863,2794 1862,2795 1858,2795 1855,2793 1855,2766 1855,2765 1614,2765 1612,2767 1612,2768 1611,2769 1608,2767 1608,2766 1608,2765 1531,2765 1530,2766 1530,2812 1530,2812 1527,2812 1526,2812 1526,2766 1526,2765 1374,2765 1373,2766 1373,2767 1371,2769 1162,2769 1155,2763 1155,2655 1157,2653 1161,2653 1162,2652 1163,2652 1163,2652 1163,2651 1165,2649 1450,2649 1451,2648 1451,2647 1453,2645 1544,2645 1545,2647 1545,2648 1547,2649 1552,2649 1552,2650 1552,2690 1553,2690 1690,2690 1691,2689 1691,2688 1693,2686 1780,2686 1780,2686 1780,2674 1783,2671 1784,2671 1784,2671 1784,2666 1786,2664 1787,2664 1788,2663 1788,2658 1790,2656 1791,2656 1792,2655 1792,2655 1792,2654 1793,2653 1794,2653 1796,2651 1796,2650 1797,2649 1802,2649 1803,2648 1803,2647 1805,2645 1806,2645 1807,2644 1807,2643 1809,2641 1820,2641 1826,2648 1826,2690 1827,2690 2016,2690 2016,2690 2016,2651 2018,2649 2026,2649 2028,2647 2028,2646 2029,2645 2031,2645 2031,2646 2031,2647 2035,2651 2035,2690 2036,2690 2072,2690 2072,2691 2072,2692 2075,2694 2247,2694 2249,2692 2249,2691 2250,2690 2255,2690 2256,2692 2256,2693 2258,2694 2544,2694 2544,2694 2544,2647 2546,2645 2562,2645 2563,2647 2563,2648 2565,2649 2566,2649 2566,2650 2566,2651 2567,2652 2567,2690 2568,2690 2615,2690 2615,2691 2615,2692 2616,2693 2616,2694 2617,2694 2880,2694 2880,2694 2880,2693 2881,2692 2881,2691 2882,2690 2884,2690 2885,2692 2885,2693 2887,2694 3049,2694 3049,2694 3049,2658 3051,2656 3052,2656 3053,2655 3057,2651 3057,2650 3058,2649 3067,2649 3068,2651 3068,2659 3070,2660 3071,2660 3072,2662 3072,2682 3073,2682 3182,2682 3183,2683 3184,2683 3184,2684 3184,2685 3187,2687 3188,2687 3188,2688 3188,2690 3189,2690 3356,2690 3356,2691 3356,2692 3357,2693 3357,2694 3358,2694 3547,2694 3547,2694 3547,2654 3548,2653 3572,2653 3573,2652 3584,2652 3585,2651 3585,2650 3586,2649 3614,2649 3614,2650 3614,2652 3615,2652 3646,2652 3647,2653 3648,2653 3648,2654 3648,2655 3651,2657 3652,2657 3652,2658 3652,2694 3653,2694 3940,2694 3940,2694 3940,2658 3942,2656 3951,2656 3951,2656 3951,2655 3952,2654 3953,2653 3954,2653 3955,2652 3968,2652 3969,2653 3970,2653 3970,2654 3970,2694 3971,2694 4026,2694 4026,2695 4026,2696 4028,2697 4039,2697 4040,2698 4041,2698 4041,2699 4041,2700 4043,2701 4044,2701 4045,2703 4045,2704 4047,2705 4052,2705 4052,2706 4052,2707 4054,2708 4055,2709 4056,2709 4056,2710 4056,2764 4055,2765 4050,2765 4049,2766 4049,2767 4047,2769 4046,2769 4045,2770 4045,2771 4044,2772 4029,2772 4028,2773 4027,2773 4026,2774 4026,2775 4025,2776 4009,2776 4008,2776 4008,2775 4006,2772 3867,2772 3865,2771 3865,2770 3865,2769 3481,2769 3480,2770 3480,2771 3479,2772 3463,2772 3460,2769 3347,2769 3345,2768 3345,2767 3344,2765 3186,2765 3184,2767 3184,2768 3183,2769 3182,2768 3181,2768 3180,2768 3180,2766 3180,2765 2954,2765 2952,2767 2952,2768 2952,2768 2951,2768 2950,2769 2748,2769 2746,2771 2746,2772 2746,2772 2736,2772 2735,2772 2735,2770 2735,2769 2532,2769 2531,2768 2530,2768 2529,2768 2529,2767 2528,2765 2344,2765 2342,2767 2342,2768 2341,2769 2291,2769 2290,2770 2290,2771 2289,2772 2288,2773 2287,2773 2286,2774 2286,2782 2284,2784 2283,2784 2282,2785 2282,2790 2281,2791 2280,2791 2279,2792 2279,2793 2277,2795 2276,2795 2275,2796 2275,2797 2273,2799 2269,2799 2266,2802 2251,2802 2248,2805 2248,2806 2248,2806 2246,2806 2245,2806 2245,2805 2243,2802 2231,2802 2230,2802 2230,2793 2229,2791 2228,2791 2226,2790 2226,2786 2222,2782 2222,2766 2222,2765 2047,2765 2046,2766 2046,2812 2046,2812"/><TextEquiv index="1"><Unicode>loit bien ſe charger de mes lettres. Il me le</Unicode></TextEquiv></TextLine><TextLine id="r0_l019"><Coords points="3762,3135 3760,3134 3760,3133 3760,3132 3755,3132 3753,3131 3753,3103 3753,3102 3740,3102 3738,3101 3738,3100 3737,3098 3459,3098 3457,3097 3457,3096 3456,3094 3309,3094 3308,3095 3308,3108 3307,3109 3302,3109 3300,3108 3300,3095 3300,3094 3239,3094 3236,3097 3236,3098 3236,3098 3092,3098 3091,3099 3091,3100 3089,3102 2913,3102 2911,3101 2911,3100 2910,3098 2598,3098 2597,3099 2597,3100 2596,3101 2596,3102 2596,3102 2501,3102 2499,3101 2499,3100 2498,3098 2122,3098 2121,3099 2121,3112 2120,3113 2119,3113 2118,3114 2118,3115 2116,3117 2115,3117 2114,3118 2114,3119 2112,3121 2111,3121 2110,3122 2110,3123 2109,3124 2108,3124 2106,3126 2106,3127 2105,3128 2100,3128 2099,3129 2099,3130 2097,3132 2094,3132 2090,3128 2089,3128 2088,3128 2088,3127 2087,3126 2087,3099 2087,3098 1502,3098 1496,3104 1496,3105 1496,3105 1495,3105 1494,3106 1481,3106 1480,3105 1479,3105 1477,3104 1477,3103 1477,3102 1258,3102 1257,3103 1257,3104 1256,3105 1255,3105 1254,3106 1245,3106 1244,3105 1168,3105 1167,3105 1167,3104 1166,3102 1165,3102 1163,3101 1163,3100 1162,3098 1161,3098 1159,3097 1159,2969 1158,2967 1157,2967 1156,2967 1156,2932 1155,2931 1155,2927 1155,2926 1153,2926 1152,2926 1152,2923 1153,2922 1155,2922 1155,2922 1155,2869 1156,2868 1156,2867 1157,2866 1169,2866 1173,2862 1331,2862 1331,2862 1331,2861 1334,2858 1518,2858 1518,2858 1518,2817 1519,2816 1519,2815 1521,2813 1525,2813 1526,2812 1530,2812 1531,2813 1535,2813 1536,2814 1537,2814 1537,2815 1537,2847 1538,2847 1581,2847 1582,2849 1582,2854 1583,2854 1584,2854 1586,2857 1586,2858 1587,2858 1592,2858 1593,2860 1593,2903 1594,2903 1769,2903 1769,2903 1769,2887 1772,2884 1773,2884 1773,2884 1773,2879 1775,2877 1776,2877 1777,2876 1777,2875 1779,2873 1780,2873 1780,2873 1780,2843 1781,2842 1781,2841 1782,2840 1783,2840 1784,2839 1784,2823 1786,2821 1787,2821 1788,2820 1788,2819 1790,2817 1795,2817 1795,2817 1795,2816 1798,2813 1799,2813 1799,2813 1799,2812 1801,2810 1817,2810 1818,2812 1818,2816 1824,2821 1832,2821 1833,2823 1833,2851 1834,2851 1892,2851 1893,2853 1893,2854 1894,2854 1895,2854 1896,2855 2035,2855 2035,2855 2035,2815 2036,2814 2037,2814 2039,2812 2047,2812 2052,2817 2053,2817 2054,2819 2054,2858 2055,2858 2252,2858 2252,2858 2252,2857 2254,2855 2263,2855 2263,2856 2263,2857 2265,2858 2705,2858 2705,2858 2705,2856 2706,2855 2707,2855 2709,2853 2709,2849 2711,2847 2720,2847 2720,2847 2720,2823 2722,2821 2723,2821 2724,2820 2724,2819 2726,2817 2727,2817 2727,2817 2727,2816 2730,2813 2734,2813 2741,2806 2760,2806 2761,2808 2761,2809 2763,2810 2768,2810 2769,2812 2769,2813 2770,2813 3086,2813 3087,2812 3087,2811 3088,2810 3101,2810 3102,2812 3102,2813 3103,2813 3104,2813 3105,2815 3105,2816 3106,2817 3106,2821 3107,2821 3108,2821 3109,2823 3109,2855 3110,2855 3232,2855 3233,2857 3233,2858 3234,2858 3464,2858 3465,2857 3465,2856 3466,2855 3475,2855 3476,2857 3476,2858 3477,2858 3486,2858 3487,2860 3487,2861 3489,2862 3868,2862 3869,2861 3869,2860 3870,2859 3871,2859 3872,2858 3890,2858 3891,2860 3891,2861 3893,2862 3991,2862 3996,2868 3996,2881 3997,2881 4037,2881 4037,2882 4037,2883 4040,2885 4059,2885 4060,2887 4060,2891 4062,2892 4063,2892 4063,2893 4063,2894 4064,2895 4064,2913 4063,2914 4063,3055 4064,3056 4064,3060 4066,3061 4067,3061 4067,3062 4067,3067 4066,3068 4065,3068 4064,3069 4064,3074 4062,3076 4061,3076 4060,3077 4060,3078 4059,3079 4055,3079 4051,3083 3982,3083 3981,3084 3981,3101 3980,3102 3780,3102 3779,3103 3779,3131 3778,3132 3777,3132 3775,3134 3775,3135 3775,3135"/><TextEquiv index="1"><Unicode>oii ooneniit, uoi deſeen ns quel-</Unicode></TextEquiv></TextLine><TextLine id="r0_l020"><Coords points="3518,3313 3517,3313 3517,3267 3517,3266 3425,3266 3424,3266 3424,3265 3423,3263 3122,3263 3121,3264 3121,3265 3120,3266 2639,3266 2638,3267 2638,3313 2638,3313 2620,3313 2619,3313 2619,3267 2619,3266 2527,3266 2525,3265 2525,3264 2525,3263 2224,3263 2222,3265 2222,3266 2222,3266 2161,3266 2160,3267 2159,3267 2158,3266 2126,3266 2125,3266 2125,3265 2124,3263 1670,3263 1573,3263 1571,3265 1571,3266 1571,3266 1308,3266 1305,3269 1305,3270 1305,3270 1231,3270 1230,3271 1230,3300 1230,3300 1229,3300 1221,3308 1218,3308 1215,3306 1215,3305 1215,3304 1203,3304 1200,3302 1200,3279 1200,3278 1176,3278 1174,3277 1174,3272 1173,3270 1172,3270 1171,3270 1171,3269 1169,3266 1168,3266 1167,3266 1167,3265 1165,3262 1164,3262 1163,3262 1163,3257 1162,3255 1161,3255 1159,3254 1159,3249 1159,3248 1158,3248 1157,3247 1155,3246 1155,3245 1155,3244 1150,3244 1148,3243 1148,3238 1149,3237 1150,3237 1152,3235 1152,3231 1154,3229 1155,3229 1155,3229 1155,3224 1158,3221 1159,3221 1159,3221 1159,3212 1160,3211 1161,3211 1161,3211 1163,3209 1163,3208 1164,3207 1165,3207 1166,3206 1170,3206 1171,3205 1171,3204 1172,3203 1173,3203 1174,3202 1174,3201 1176,3199 1249,3199 1249,3199 1249,3197 1251,3195 1353,3195 1354,3194 1354,3193 1355,3192 1356,3192 1357,3191 1367,3191 1368,3192 1573,3192 1574,3191 1817,3191 1820,3188 1822,3188 1822,3188 1822,3174 1823,3173 1824,3173 1825,3172 1825,3160 1827,3158 1828,3158 1829,3157 1829,3156 1831,3154 1832,3154 1833,3153 1833,3148 1834,3147 1844,3147 1844,3148 1844,3149 1846,3150 1847,3150 1848,3152 1848,3188 1849,3188 1978,3188 1979,3190 1979,3191 1980,3191 2140,3191 2140,3191 2140,3148 2141,3147 2142,3147 2144,3145 2144,3144 2145,3143 2162,3143 2162,3144 2162,3145 2165,3147 2166,3147 2166,3148 2166,3191 2167,3191 2522,3191 2522,3191 2522,3189 2523,3188 2532,3188 2533,3189 2691,3189 2692,3188 2918,3188 2918,3189 2918,3191 2919,3191 3116,3191 3117,3190 3117,3189 3118,3188 3209,3188 3210,3187 3210,3186 3212,3184 3213,3184 3214,3186 3214,3187 3216,3188 3379,3188 3379,3188 3379,3182 3381,3180 3382,3180 3382,3180 3382,3168 3385,3165 3386,3165 3386,3165 3386,3164 3389,3161 3390,3161 3390,3161 3390,3156 3392,3154 3393,3154 3393,3154 3393,3146 3394,3145 3394,3144 3395,3143 3397,3143 3397,3144 3397,3145 3400,3147 3404,3147 3405,3149 3405,3153 3411,3158 3412,3158 3412,3159 3412,3171 3416,3175 3416,3183 3418,3184 3419,3184 3420,3186 3420,3188 3421,3188 3629,3188 3629,3188 3629,3149 3631,3147 3639,3147 3641,3145 3641,3144 3642,3143 3644,3143 3644,3144 3644,3145 3647,3147 3648,3147 3648,3148 3648,3149 3651,3151 3652,3151 3652,3152 3652,3184 3653,3184 3767,3184 3768,3186 3768,3191 3769,3191 3841,3191 3842,3192 4007,3192 4008,3194 4008,3195 4009,3195 4036,3195 4038,3198 4038,3199 4039,3199 4040,3199 4041,3201 4041,3202 4042,3203 4043,3203 4044,3203 4045,3205 4045,3206 4046,3206 4047,3206 4049,3209 4049,3213 4052,3216 4052,3224 4054,3225 4055,3225 4056,3227 4056,3296 4056,3296 4054,3296 4052,3295 4052,3287 4051,3285 4050,3285 4049,3285 4049,3284 4047,3281 4046,3281 4045,3281 4045,3275 4045,3274 4006,3274 4003,3272 4003,3271 4003,3270 3822,3270 3820,3269 3820,3268 3820,3267 3615,3267 3614,3268 3614,3274 3614,3274 3613,3274 3609,3278 3608,3278 3607,3279 3607,3288 3606,3289 3605,3289 3603,3291 3603,3292 3603,3292 3602,3292 3599,3295 3599,3296 3599,3296 3587,3296 3584,3299 3584,3300 3584,3300 3583,3300 3580,3303 3580,3304 3580,3304 3540,3304 3539,3305 3539,3313 3539,3313"/><TextEquiv index="1"><Unicode>ques années de retourner en Angleterre</Unicode></TextEquiv></TextLine><TextLine id="r0_l021"><Coords points="1317,3483 1316,3483 1316,3436 1316,3435 1206,3435 1204,3437 1204,3438 1204,3438 1203,3438 1202,3439 1190,3439 1189,3440 1189,3468 1189,3468 1188,3468 1185,3471 1185,3472 1185,3472 1134,3472 1133,3473 1133,3475 1132,3476 1131,3476 1129,3475 1129,3470 1130,3469 1148,3469 1148,3469 1148,3466 1149,3465 1152,3465 1152,3465 1152,3381 1151,3379 1150,3379 1148,3378 1148,3377 1151,3374 1152,3374 1152,3374 1152,3373 1154,3371 1155,3371 1155,3371 1155,3370 1158,3367 1174,3367 1174,3367 1174,3366 1176,3364 1264,3364 1264,3364 1264,3362 1266,3360 1324,3360 1324,3360 1324,3350 1325,3349 1326,3349 1328,3347 1328,3335 1329,3334 1330,3334 1331,3333 1331,3329 1349,3311 1394,3311 1395,3310 1395,3309 1396,3308 1399,3308 1399,3309 1399,3311 1400,3311 1416,3311 1418,3314 1418,3360 1419,3360 1582,3360 1582,3360 1582,3317 1584,3315 1585,3315 1586,3314 1586,3313 1588,3311 1596,3311 1597,3313 1597,3314 1599,3315 1600,3315 1601,3317 1601,3352 1602,3352 1655,3352 1656,3353 1657,3353 1657,3354 1657,3355 1659,3356 1904,3356 1904,3356 1904,3351 1908,3347 1908,3332 1910,3330 1911,3330 1911,3330 1911,3325 1914,3322 1915,3322 1915,3322 1915,3317 1917,3315 1918,3315 1919,3314 1919,3313 1921,3311 1926,3311 1926,3311 1926,3310 1929,3307 1951,3307 1953,3310 1953,3311 1954,3311 1955,3311 1957,3314 1957,3315 1958,3315 1959,3315 1960,3317 1960,3318 1962,3319 1963,3319 1964,3321 1964,3356 1965,3356 2188,3356 2188,3356 2188,3355 2189,3354 2189,3316 2190,3315 2191,3315 2191,3315 2196,3310 2196,3309 2197,3308 2198,3308 2199,3307 2205,3307 2206,3308 2207,3308 2207,3309 2207,3310 2209,3311 2210,3311 2211,3313 2211,3314 2212,3315 2213,3315 2214,3315 2215,3317 2215,3356 2216,3356 2394,3356 2394,3356 2394,3355 2397,3352 2398,3352 2398,3352 2398,3343 2400,3341 2401,3341 2402,3340 2402,3335 2403,3334 2404,3334 2405,3333 2405,3329 2408,3326 2409,3326 2409,3326 2409,3325 2412,3322 2413,3322 2413,3322 2413,3321 2415,3319 2420,3319 2420,3319 2420,3318 2421,3317 2421,3316 2422,3315 2431,3315 2431,3315 2431,3314 2434,3311 2436,3314 2436,3315 2437,3315 2446,3315 2447,3317 2447,3356 2448,3356 2479,3356 2481,3359 2481,3360 2482,3360 2619,3360 2619,3360 2619,3314 2620,3313 2638,3313 2640,3315 2641,3315 2641,3316 2641,3360 2642,3360 2689,3360 2690,3359 2690,3358 2692,3356 2921,3356 2922,3358 2922,3359 2924,3360 2932,3360 2940,3368 2941,3368 2941,3369 2941,3405 2942,3405 3124,3405 3124,3405 3124,3396 3127,3393 3128,3393 3128,3393 3128,3380 3129,3379 3130,3379 3132,3377 3132,3346 3133,3345 3134,3345 3135,3344 3135,3329 3138,3326 3139,3326 3139,3326 3139,3321 3140,3320 3141,3319 3142,3319 3142,3319 3143,3318 3143,3317 3145,3315 3150,3315 3150,3315 3150,3314 3153,3311 3175,3311 3177,3314 3177,3315 3178,3315 3183,3315 3184,3317 3184,3318 3186,3319 3187,3319 3188,3321 3188,3349 3189,3349 3251,3349 3251,3350 3251,3351 3254,3353 3255,3353 3255,3354 3255,3356 3256,3356 3513,3356 3513,3356 3513,3317 3515,3315 3516,3315 3518,3313 3540,3313 3542,3315 3629,3315 3629,3316 3629,3332 3630,3333 3630,3356 3631,3356 3805,3356 3805,3356 3805,3351 3807,3349 3808,3349 3809,3348 3809,3336 3815,3330 3816,3330 3816,3330 3816,3329 3819,3326 3820,3326 3820,3326 3820,3325 3823,3322 3824,3322 3824,3322 3824,3321 3826,3319 3830,3319 3832,3317 3832,3316 3833,3315 3838,3315 3839,3314 3839,3313 3841,3311 3845,3311 3847,3314 3847,3315 3848,3315 3853,3315 3854,3317 3854,3318 3856,3319 3985,3319 3985,3320 3985,3381 3987,3382 3988,3382 3989,3384 3989,3386 3990,3386 4044,3386 4045,3388 4045,3389 4047,3390 4048,3390 4049,3392 4049,3407 4047,3409 4046,3409 4045,3410 4045,3411 4044,3412 4020,3412 4019,3413 4019,3453 4018,3454 3870,3454 3869,3455 3869,3468 3868,3469 3844,3469 3843,3470 3843,3479 3843,3479 3840,3479 3839,3479 3839,3436 3839,3435 3736,3435 3734,3434 3734,3433 3733,3431 3421,3431 3420,3432 3420,3460 3419,3461 3418,3461 3416,3463 3416,3464 3416,3464 3415,3465 3414,3465 3412,3467 3412,3468 3412,3468 3411,3468 3410,3469 3408,3469 3407,3468 3406,3468 3405,3468 3405,3467 3404,3465 3396,3465 3394,3464 3394,3436 3394,3435 3178,3435 3177,3436 3177,3437 3175,3439 3032,3439 3031,3440 3031,3444 3030,3445 3030,3446 3030,3446 3029,3446 3027,3448 3027,3449 3027,3449 3026,3450 3025,3450 3023,3452 3023,3457 3023,3457 3018,3457 3015,3460 3015,3461 3015,3461 3002,3461 3001,3461 3001,3459 3000,3458 3000,3436 3000,3435 2646,3435 2645,3436 2645,3442 2645,3442 2644,3442 2641,3445 2641,3461 2641,3461 2636,3461 2634,3463 2634,3464 2634,3464 2633,3464 2630,3467 2630,3468 2630,3468 2629,3468 2628,3469 2626,3469 2625,3468 2624,3468 2623,3468 2623,3467 2622,3465 2621,3465 2619,3464 2619,3436 2619,3435 2453,3435 2449,3431 2231,3431 2213,3431 2211,3433 2211,3434 2210,3435 2029,3435 2028,3435 2028,3434 2027,3433 2027,3432 2027,3431 1995,3431 1994,3432 1994,3478 1994,3478 1984,3478 1983,3478 1983,3432 1983,3431 1659,3431 1657,3433 1657,3434 1656,3435 1655,3435 1653,3434 1653,3433 1652,3431 1611,3431 1610,3432 1610,3480 1610,3480 1593,3480 1592,3480 1592,3432 1592,3431 1453,3431 1451,3433 1451,3434 1450,3435 1438,3435 1436,3437 1436,3438 1435,3439 1432,3437 1432,3436 1432,3435 1325,3435 1324,3436 1324,3483 1324,3483"/><TextEquiv index="1"><Unicode>paſſer le reſte de ſes jours, &amp; qu'il eſpé-</Unicode></TextEquiv></TextLine><TextLine id="r0_l022"><Coords points="3698,3647 3697,3647 3697,3646 3697,3645 3484,3645 3483,3646 3473,3646 3472,3646 3472,3597 3472,3596 3335,3596 3334,3597 3334,3598 3333,3599 3322,3599 3321,3600 3314,3600 3312,3598 3147,3598 3145,3600 3017,3600 3016,3601 3016,3602 3015,3603 2995,3603 2993,3602 2993,3601 2993,3600 2718,3600 2716,3602 2716,3603 2716,3603 2714,3603 2712,3602 2712,3601 2712,3600 2556,3600 2555,3601 2555,3646 2555,3646 2549,3646 2548,3646 2548,3601 2548,3600 2306,3600 2304,3602 2304,3603 2304,3603 2295,3603 2293,3602 2293,3601 2293,3600 1986,3600 1985,3599 1842,3599 1841,3598 1677,3598 1676,3599 1676,3606 1675,3607 1674,3607 1672,3609 1672,3614 1672,3614 1671,3614 1668,3617 1668,3621 1667,3622 1666,3622 1665,3623 1665,3627 1664,3628 1664,3629 1664,3629 1663,3629 1662,3630 1651,3630 1649,3632 1649,3633 1649,3633 1640,3633 1638,3632 1638,3627 1638,3626 1637,3626 1635,3625 1635,3601 1635,3600 1385,3600 1384,3601 1384,3602 1383,3603 1270,3603 1268,3605 1268,3606 1267,3607 1168,3607 1167,3607 1167,3606 1166,3605 1166,3604 1166,3603 1149,3603 1148,3603 1148,3601 1150,3599 1151,3599 1152,3598 1152,3537 1153,3536 1162,3536 1163,3535 1163,3534 1165,3532 1173,3532 1177,3528 1305,3528 1305,3528 1305,3489 1307,3487 1308,3487 1309,3486 1309,3485 1310,3484 1311,3484 1312,3483 1326,3483 1330,3487 1331,3487 1331,3488 1331,3517 1332,3517 1372,3517 1372,3518 1372,3519 1373,3520 1373,3528 1374,3528 1552,3528 1552,3528 1552,3527 1554,3525 1555,3525 1556,3524 1557,3524 1558,3525 1559,3525 1560,3527 1560,3528 1561,3528 1586,3528 1586,3528 1586,3485 1588,3483 1589,3483 1590,3482 1590,3481 1591,3480 1611,3480 1614,3483 1618,3483 1620,3486 1620,3487 1621,3487 1622,3487 1623,3489 1623,3490 1624,3491 1624,3528 1625,3528 1810,3528 1810,3528 1810,3527 1812,3525 1925,3525 1927,3523 1927,3522 1928,3521 1983,3521 1983,3521 1983,3479 1984,3478 1994,3478 1996,3480 2001,3480 2001,3481 2001,3521 2002,3521 2061,3521 2061,3522 2061,3523 2064,3525 2226,3525 2226,3525 2226,3489 2228,3487 2229,3487 2230,3486 2230,3485 2232,3483 2233,3483 2233,3483 2233,3482 2235,3480 2244,3480 2245,3482 2245,3525 2246,3525 2559,3525 2559,3525 2559,3481 2560,3480 2761,3480 2761,3481 2761,3482 2767,3487 2768,3487 2769,3489 2769,3517 2770,3517 2929,3517 2929,3517 2929,3513 2930,3512 2930,3511 2931,3510 2932,3510 2933,3509 2933,3501 2936,3498 2937,3498 2937,3498 2937,3493 2939,3491 2940,3491 2941,3490 2941,3489 2943,3487 2944,3487 2944,3487 2944,3486 2947,3483 2951,3483 2954,3480 2958,3480 2960,3478 2960,3477 2961,3476 2974,3476 2974,3477 2974,3478 2977,3480 2978,3480 2978,3481 2978,3482 2981,3484 2982,3484 2982,3485 2982,3521 2983,3521 3130,3521 3134,3517 3254,3517 3255,3516 3255,3508 3257,3506 3258,3506 3259,3505 3259,3496 3260,3495 3261,3495 3274,3482 3274,3481 3275,3480 3280,3480 3281,3479 3281,3478 3283,3476 3299,3476 3300,3478 3300,3479 3302,3480 3303,3480 3304,3482 3304,3489 3305,3489 3469,3489 3482,3476 3490,3476 3491,3475 3491,3474 3493,3472 3512,3472 3514,3475 3514,3476 3515,3476 3640,3476 3641,3478 3641,3479 3643,3480 3648,3480 3648,3481 3648,3521 3649,3521 3711,3521 3712,3523 3712,3524 3714,3525 3835,3525 3835,3525 3835,3482 3838,3479 3964,3479 3965,3480 3966,3480 3966,3481 3966,3525 3967,3525 4018,3525 4019,3527 4019,3528 4020,3528 4032,3528 4034,3531 4034,3532 4035,3532 4036,3532 4041,3538 4041,3581 4042,3581 4048,3581 4049,3583 4049,3588 4050,3588 4051,3588 4052,3590 4052,3599 4052,3599 4051,3599 4049,3601 4049,3602 4048,3603 4047,3603 4045,3605 4045,3606 4044,3607 4036,3607 4032,3603 3953,3603 3951,3602 3951,3601 3951,3600 3713,3600 3712,3601 3712,3647 3712,3647"/><TextEquiv index="1"><Unicode>roit m'y voir alors. Il fut fort ſenſible à la</Unicode></TextEquiv></TextLine><TextLine id="r0_l023"><Coords points="1271,3817 1270,3817 1270,3773 1270,3772 1198,3772 1197,3773 1197,3804 1196,3805 1192,3805 1188,3809 1161,3809 1159,3808 1159,3800 1161,3798 1166,3798 1166,3798 1166,3797 1167,3796 1167,3717 1167,3716 1162,3716 1159,3714 1159,3706 1161,3704 1170,3704 1170,3704 1170,3703 1173,3700 1275,3700 1275,3700 1275,3699 1277,3697 1386,3697 1394,3689 1398,3689 1399,3688 1399,3687 1400,3686 1402,3686 1403,3688 1403,3693 1404,3693 1642,3693 1642,3693 1642,3654 1645,3651 1646,3651 1646,3651 1646,3650 1648,3648 1656,3648 1657,3650 1657,3651 1659,3652 1660,3652 1661,3654 1661,3693 1662,3693 2342,3693 2342,3693 2342,3687 2344,3685 2345,3685 2346,3684 2346,3668 2347,3667 2348,3667 2349,3666 2349,3662 2352,3659 2353,3659 2353,3659 2353,3658 2355,3656 2359,3656 2361,3654 2361,3653 2362,3652 2363,3652 2365,3650 2365,3649 2366,3648 2382,3648 2383,3647 2383,3646 2385,3644 2386,3644 2387,3646 2387,3647 2389,3648 2547,3648 2549,3646 2555,3646 2555,3647 2555,3692 2556,3692 2604,3692 2604,3692 2604,3691 2606,3689 2727,3689 2727,3689 2727,3654 2729,3652 2730,3652 2731,3651 2731,3650 2733,3648 2839,3648 2840,3647 2840,3646 2842,3644 2872,3644 2874,3647 2874,3648 2875,3648 2876,3648 2877,3650 2877,3688 2879,3689 2883,3689 2885,3692 2885,3693 2886,3693 2951,3693 2952,3695 2952,3696 2954,3697 2963,3697 2963,3698 2963,3703 2965,3704 2966,3704 2967,3706 2967,3715 2968,3715 2969,3715 2971,3718 2971,3730 2972,3730 3218,3730 3218,3730 3218,3710 3224,3704 3225,3704 3225,3704 3225,3703 3228,3700 3232,3700 3232,3700 3233,3699 3233,3695 3235,3693 3303,3693 3304,3692 3304,3691 3306,3689 3472,3689 3472,3689 3472,3647 3473,3646 3484,3646 3484,3647 3484,3648 3485,3648 3490,3648 3491,3650 3491,3651 3492,3651 3493,3652 3494,3652 3495,3654 3495,3693 3496,3693 3640,3693 3640,3693 3640,3692 3643,3689 3693,3689 3693,3689 3693,3654 3696,3651 3697,3651 3697,3651 3697,3648 3698,3647 3783,3647 3783,3647 3783,3646 3785,3644 3789,3644 3790,3646 3790,3647 3792,3648 3793,3648 3794,3650 3794,3655 3795,3655 3796,3655 3798,3658 3798,3689 3799,3689 3988,3689 3989,3691 3989,3693 3990,3693 4029,3693 4030,3695 4030,3696 4032,3697 4037,3697 4037,3698 4037,3703 4039,3704 4040,3704 4041,3706 4041,3753 4042,3753 4044,3753 4045,3755 4045,3756 4047,3757 4048,3757 4049,3759 4049,3766 4043,3772 4032,3772 4030,3771 4030,3770 4029,3768 3912,3768 3910,3767 3910,3766 3909,3764 3690,3764 3689,3765 3689,3814 3689,3814 3676,3814 3675,3814 3675,3765 3675,3764 3662,3764 3659,3767 3659,3768 3659,3768 3582,3768 3581,3769 3581,3804 3580,3805 3575,3805 3573,3804 3573,3803 3573,3802 3557,3802 3555,3801 3555,3800 3554,3799 3554,3769 3554,3768 3474,3768 3472,3767 3472,3765 3472,3764 3290,3764 3289,3765 3289,3815 3289,3815 3286,3815 3285,3815 3285,3798 3285,3797 3284,3798 3272,3798 3270,3800 3270,3801 3269,3802 3257,3802 3255,3801 3255,3769 3255,3768 3095,3768 3094,3769 3094,3771 3093,3772 3088,3772 3087,3773 3087,3778 3086,3779 3085,3779 3083,3781 3083,3782 3082,3783 3077,3783 3076,3784 3076,3785 3074,3787 3070,3787 3067,3790 3054,3790 3053,3791 3052,3791 3049,3789 3049,3769 3049,3768 2497,3768 2496,3769 2496,3816 2496,3816 2492,3816 2491,3816 2491,3769 2491,3768 2448,3768 2447,3769 2447,3800 2445,3802 2427,3802 2424,3800 2424,3769 2424,3768 1890,3768 1889,3769 1889,3815 1889,3815 1879,3815 1878,3815 1878,3803 1878,3802 1850,3802 1848,3801 1848,3800 1847,3798 1842,3798 1841,3798 1841,3797 1840,3796 1840,3769 1840,3768 1464,3768 1463,3769 1463,3770 1461,3772 1458,3770 1458,3769 1458,3768 1285,3768 1283,3770 1283,3817 1283,3817"/><TextEquiv index="1"><Unicode>perte du pauvre Spéculiſte, quoiqu'il en</Unicode></TextEquiv></TextLine><TextLine id="r0_l024"><Coords points="1819,3983 1818,3983 1818,3971 1818,3970 1809,3970 1806,3968 1806,3967 1806,3966 1801,3966 1799,3965 1799,3964 1799,3963 1798,3963 1795,3961 1795,3937 1795,3936 1360,3936 1357,3939 1357,3940 1357,3940 1183,3940 1182,3940 1182,3939 1180,3936 1176,3936 1174,3935 1174,3934 1174,3933 1169,3933 1167,3932 1167,3931 1166,3929 1165,3929 1163,3928 1163,3927 1162,3925 1161,3925 1159,3924 1159,3915 1159,3914 1146,3914 1144,3913 1144,3912 1146,3910 1147,3910 1148,3909 1148,3908 1150,3906 1155,3906 1155,3906 1155,3898 1158,3895 1159,3895 1159,3895 1159,3886 1161,3884 1162,3884 1163,3883 1163,3878 1164,3877 1165,3877 1166,3876 1167,3875 1167,3874 1168,3873 1173,3873 1174,3872 1174,3871 1176,3869 1177,3869 1178,3868 1178,3868 1178,3867 1180,3865 1185,3865 1185,3865 1185,3864 1188,3861 1249,3861 1249,3861 1249,3852 1251,3850 1252,3850 1253,3849 1253,3841 1255,3839 1256,3839 1256,3839 1256,3838 1259,3835 1260,3835 1260,3835 1260,3830 1262,3828 1263,3828 1264,3827 1264,3822 1266,3820 1267,3820 1267,3820 1268,3819 1268,3818 1269,3817 1283,3817 1283,3818 1283,3820 1284,3820 1285,3820 1287,3823 1287,3827 1289,3828 1290,3828 1290,3829 1290,3834 1292,3835 1293,3835 1294,3837 1294,3842 1296,3843 1297,3843 1298,3845 1298,3850 1299,3850 1342,3850 1343,3852 1343,3853 1345,3854 1346,3854 1346,3855 1346,3861 1347,3861 1496,3861 1496,3861 1496,3859 1497,3858 1605,3858 1605,3858 1605,3825 1606,3824 1607,3824 1608,3823 1608,3819 1610,3817 1614,3817 1616,3815 1616,3814 1617,3813 1619,3813 1620,3815 1620,3816 1621,3816 1629,3816 1631,3819 1631,3858 1632,3858 1836,3858 1837,3860 1837,3861 1838,3861 1874,3861 1874,3861 1874,3819 1878,3815 1890,3815 1895,3820 1896,3820 1896,3821 1896,3822 1897,3823 1897,3861 1898,3861 2034,3861 2035,3860 2035,3859 2036,3858 2357,3858 2357,3858 2357,3822 2359,3820 2360,3820 2361,3819 2361,3818 2362,3817 2363,3817 2364,3816 2371,3816 2372,3815 2372,3814 2373,3813 2375,3813 2376,3815 2376,3816 2377,3816 2497,3816 2498,3817 2499,3817 2499,3818 2499,3819 2502,3821 2503,3821 2503,3822 2503,3823 2505,3824 2506,3824 2507,3826 2507,3861 2508,3861 2641,3861 2641,3861 2641,3856 2643,3854 2644,3854 2645,3853 2645,3845 2648,3842 2649,3842 2649,3842 2649,3841 2651,3839 2652,3839 2652,3839 2652,3838 2655,3835 2656,3835 2656,3835 2656,3834 2659,3831 2660,3831 2660,3831 2660,3830 2663,3827 2664,3827 2664,3827 2664,3826 2666,3824 2667,3824 2667,3824 2667,3823 2670,3820 2674,3820 2675,3819 2675,3818 2676,3817 2677,3817 2678,3816 2708,3816 2709,3815 2709,3814 2710,3813 2723,3813 2724,3815 2724,3816 2725,3816 2737,3816 2739,3819 2739,3820 2740,3820 2741,3820 2742,3822 2742,3823 2743,3824 2743,3861 2744,3861 2895,3861 2896,3860 2896,3859 2897,3858 2903,3858 2903,3858 2903,3826 2905,3824 2910,3824 2911,3826 2911,3858 2912,3858 3278,3858 3278,3858 3278,3822 3280,3820 3281,3820 3281,3820 3281,3819 3284,3816 3285,3816 3286,3815 3323,3815 3323,3815 3323,3814 3324,3813 3329,3813 3330,3812 3330,3811 3332,3809 3337,3809 3337,3810 3337,3811 3338,3811 3340,3813 3341,3813 3341,3814 3341,3858 3342,3858 3487,3858 3487,3858 3487,3841 3489,3839 3490,3839 3491,3838 3491,3833 3492,3832 3493,3832 3495,3830 3495,3826 3497,3824 3498,3824 3498,3824 3498,3819 3501,3816 3502,3816 3502,3816 3502,3815 3504,3813 3513,3813 3513,3814 3513,3815 3515,3816 3516,3816 3517,3818 3517,3858 3518,3858 3543,3858 3543,3858 3543,3856 3545,3854 3546,3854 3547,3853 3547,3852 3549,3850 3553,3850 3554,3852 3555,3853 3555,3857 3557,3858 3671,3858 3671,3858 3671,3818 3673,3816 3674,3816 3674,3816 3674,3815 3675,3814 3689,3814 3692,3817 3693,3817 3693,3818 3693,3858 3694,3858 3722,3858 3723,3857 3723,3856 3725,3854 3726,3854 3726,3854 3726,3853 3729,3850 3730,3850 3730,3851 3730,3852 3737,3858 3883,3858 3884,3857 3884,3856 3886,3854 3894,3854 3895,3856 3895,3857 3896,3857 3897,3857 3898,3858 3977,3858 3978,3860 3978,3861 3979,3861 3987,3861 3989,3864 3989,3888 3990,3888 4044,3888 4045,3890 4045,3891 4046,3891 4047,3891 4049,3894 4049,3912 4048,3913 4048,3914 4048,3914 3997,3914 3996,3915 3996,3932 3995,3933 3994,3933 3992,3935 3992,3936 3992,3936 3991,3936 3989,3938 3989,3939 3988,3940 3987,3940 3985,3939 3985,3938 3984,3936 3822,3936 3821,3937 3821,3981 3821,3981 3809,3981 3808,3981 3808,3937 3808,3936 3721,3936 3719,3935 3719,3934 3719,3933 3560,3933 3558,3935 3558,3936 3558,3936 3489,3936 3487,3935 3487,3934 3487,3933 3200,3933 3199,3934 3199,3980 3199,3980 3189,3980 3188,3980 3188,3934 3188,3933 3148,3933 3147,3934 3147,3935 3146,3936 2828,3936 2827,3937 2827,3982 2827,3982 2819,3982 2818,3982 2818,3937 2818,3936 2809,3936 2808,3937 2807,3937 2806,3938 2806,3939 2805,3940 2699,3940 2697,3939 2697,3938 2696,3936 2543,3936 2540,3939 2540,3940 2540,3940 2538,3940 2537,3940 2537,3939 2535,3936 2277,3936 2274,3939 2274,3940 2274,3940 2258,3940 2256,3939 2256,3938 2255,3936 2147,3936 2146,3937 2146,3982 2146,3982 2145,3982 2144,3982 2144,3937 2144,3936 2111,3936 2110,3936 2110,3935 2109,3933 1860,3933 1859,3934 1859,3951 1859,3951 1858,3951 1846,3963 1842,3963 1840,3965 1840,3966 1840,3966 1839,3966 1836,3969 1836,3970 1836,3970 1830,3970 1829,3971 1829,3983 1829,3983"/><TextEquiv index="1"><Unicode>eût mal agi avec lui. Comme il étoit cu-</Unicode></TextEquiv></TextLine><TextLine id="r0_l025"><Coords points="3086,4150 3085,4150 3085,4102 3085,4101 3084,4101 3083,4102 3083,4127 3083,4127 3082,4127 3078,4131 3074,4131 3070,4135 3063,4135 3060,4133 3060,4132 3060,4131 3055,4131 3053,4130 3053,4106 3053,4105 2778,4105 2776,4104 2776,4103 2775,4101 2452,4101 2451,4102 2451,4103 2449,4105 2445,4105 2443,4104 2443,4103 2442,4101 2138,4101 2093,4101 2091,4103 2091,4104 2090,4105 2078,4105 2076,4104 2076,4103 2075,4101 1883,4101 1882,4102 1882,4133 1880,4135 1879,4135 1878,4136 1878,4141 1877,4142 1872,4142 1871,4143 1871,4144 1869,4146 1868,4146 1867,4147 1853,4147 1852,4147 1852,4145 1844,4137 1844,4102 1844,4101 1490,4101 1489,4102 1489,4103 1487,4105 1307,4105 1305,4107 1305,4108 1305,4108 1304,4108 1303,4109 1230,4109 1229,4108 1160,4108 1159,4108 1159,4107 1154,4101 1153,4101 1152,4101 1152,4039 1154,4037 1155,4037 1155,4037 1155,4036 1157,4034 1199,4034 1200,4033 1219,4033 1219,4033 1219,3994 1220,3993 1221,3993 1223,3991 1223,3990 1224,3989 1241,3989 1242,3991 1242,4030 1243,4030 1476,4030 1478,4028 1478,4027 1479,4026 1578,4026 1578,4026 1578,3984 1581,3981 1585,3981 1586,3980 1586,3979 1587,3978 1589,3978 1590,3980 1590,3981 1591,3981 1600,3981 1601,3983 1601,4026 1602,4026 1780,4026 1780,4026 1780,4025 1783,4022 1784,4022 1784,4022 1784,4013 1786,4011 1787,4011 1788,4010 1788,4006 1792,4002 1792,3998 1794,3996 1795,3996 1795,3996 1795,3995 1798,3992 1802,3992 1805,3989 1809,3989 1811,3987 1811,3986 1812,3985 1817,3985 1819,3983 1829,3983 1831,3985 1832,3985 1833,3987 1833,4022 1834,4022 1873,4022 1874,4024 1874,4025 1876,4026 2136,4026 2136,4026 2136,3990 2137,3989 2138,3989 2145,3982 2147,3982 2148,3984 2148,3985 2149,3985 2315,3985 2316,3984 2316,3983 2318,3981 2326,3981 2327,3983 2327,3984 2329,3985 2330,3985 2331,3987 2331,3988 2333,3989 2334,3989 2334,3990 2334,3991 2335,3992 2335,4026 2336,4026 2776,4026 2776,4026 2776,4016 2777,4015 2814,4015 2814,4015 2814,3986 2815,3985 2816,3985 2819,3982 2893,3982 2894,3981 2910,3981 2911,3983 2911,4030 2912,4030 3045,4030 3045,4030 3045,4029 3048,4026 3184,4026 3184,4026 3184,3983 3186,3981 3187,3981 3188,3980 3200,3980 3202,3982 3203,3982 3203,3983 3203,4022 3204,4022 3510,4022 3510,4022 3510,4016 3511,4015 3512,4015 3513,4014 3513,4010 3516,4007 3517,4007 3517,4007 3517,3998 3519,3996 3520,3996 3521,3995 3521,3994 3522,3993 3523,3993 3525,3991 3525,3986 3526,3985 3531,3985 3532,3984 3532,3983 3534,3981 3543,3981 3543,3981 3543,3980 3546,3977 3714,3977 3716,3980 3716,3981 3717,3981 3823,3981 3824,3983 3824,4022 3825,4022 4019,4022 4019,4022 4019,4020 4020,4019 4029,4019 4030,4021 4030,4029 4032,4030 4044,4030 4045,4032 4045,4033 4046,4033 4047,4033 4049,4036 4049,4096 4048,4097 4047,4097 4045,4099 4045,4104 4044,4105 4035,4105 4034,4106 4034,4148 4034,4148 4020,4148 4019,4147 4017,4147 4016,4147 4016,4106 4016,4105 4013,4105 4011,4104 4011,4102 4011,4101 3744,4101 3742,4103 3742,4104 3741,4105 3740,4105 3739,4105 3738,4104 3738,4103 3737,4101 3424,4101 3423,4102 3423,4147 3423,4147 3403,4147 3402,4147 3402,4098 3402,4097 3201,4097 3199,4099 3199,4100 3198,4101 3107,4101 3106,4102 3106,4149 3106,4149 3091,4149 3090,4150"/><TextEquiv index="1"><Unicode>rieux de ſçavoir les motifs qui me faiſoient</Unicode></TextEquiv></TextLine><TextLine id="r0_l026"><Coords points="4050,4316 4049,4316 4049,4314 4049,4313 3260,4313 3259,4313 3259,4308 3259,4307 3081,4307 3079,4306 3079,4304 3079,4303 2972,4303 2971,4303 2971,4302 2969,4299 2968,4299 2967,4299 2967,4278 2967,4277 1352,4277 1350,4276 1350,4275 1349,4273 1150,4273 1148,4272 1148,4267 1149,4266 1154,4266 1155,4265 1155,4209 1156,4208 1156,4207 1157,4206 1158,4206 1159,4205 1159,4204 1161,4202 1162,4202 1163,4201 1163,4201 1163,4200 1165,4198 1238,4198 1238,4198 1238,4162 1239,4161 1240,4161 1242,4159 1242,4155 1243,4154 1244,4153 1248,4153 1249,4152 1249,4151 1250,4150 1850,4150 1853,4147 2002,4147 2003,4146 2012,4146 2012,4146 2012,4145 2013,4144 2013,4143 2014,4142 2016,4142 2016,4143 2016,4144 2017,4145 2017,4146 2018,4146 3292,4146 3293,4147 4019,4147 4020,4148 4034,4148 4036,4150 4037,4150 4037,4151 4037,4152 4039,4153 4040,4153 4041,4155 4041,4213 4042,4213 4250,4213 4251,4215 4251,4224 4251,4224 4061,4224 4060,4225 4060,4316 4060,4316"/><TextEquiv index="1"><Unicode>aller aux Indes Orientales, je lui racontai</Unicode></TextEquiv></TextLine><TextLine id="r0_l027"><Coords points="1207,4487 1206,4487 1206,4443 1206,4442 1162,4442 1159,4440 1159,4439 1159,4438 1153,4438 1152,4438 1152,4428 1152,4427 1150,4427 1148,4426 1148,4425 1152,4421 1152,4368 1153,4367 1158,4367 1159,4366 1159,4365 1161,4363 1162,4363 1163,4362 1163,4357 1164,4356 1165,4356 1166,4355 1167,4354 1167,4353 1168,4352 1997,4352 1997,4352 1997,4322 1998,4321 1998,4320 2004,4314 2158,4314 2159,4313 2159,4312 2160,4311 2161,4311 2162,4310 2175,4310 2176,4311 2177,4311 2178,4312 3402,4312 3404,4310 3421,4310 3422,4311 3423,4311 3424,4313 3424,4316 3425,4316 4060,4316 4060,4317 4059,4318 4058,4318 4056,4320 4056,4321 4055,4322 3425,4322 3424,4323 3424,4355 3425,4355 3845,4355 3847,4358 3847,4359 3848,4359 3946,4359 3948,4362 3948,4363 3949,4363 4022,4363 4022,4364 4022,4365 4023,4366 4040,4382 4041,4382 4041,4383 4041,4396 4042,4396 4043,4396 4044,4397 4045,4397 4045,4398 4045,4400 4045,4400 4044,4400 4043,4401 4042,4401 4041,4402 4041,4415 4041,4415 4040,4415 4037,4418 4037,4422 4036,4423 4035,4423 4034,4424 4034,4425 4032,4427 4031,4427 4030,4428 4030,4429 4025,4434 4021,4434 4018,4437 4018,4438 4018,4438 4013,4438 4011,4440 4011,4441 4010,4442 4001,4442 4000,4443 4000,4467 3999,4468 3998,4468 3996,4470 3996,4471 3996,4471 3995,4471 3994,4472 3447,4472 3446,4473 3446,4479 3446,4479 3428,4479 3427,4479 3427,4473 3427,4472 2085,4472 2084,4473 2084,4474 2083,4475 2082,4475 2080,4477 2080,4478 2079,4479 1226,4479 1225,4480 1225,4487 1225,4487"/><TextEquiv index="1"><Unicode>toutes mes infortunes. Il y prit beaucoup</Unicode></TextEquiv></TextLine><TextLine id="r0_l028"><Coords points="3025,4645 3024,4645 3024,4600 3024,4599 2579,4599 2578,4600 2578,4601 2576,4603 2562,4603 2561,4602 2560,4602 2559,4602 2559,4601 2558,4599 2385,4599 2383,4598 2383,4597 2382,4595 2235,4595 2234,4596 2234,4597 2232,4599 2048,4599 2046,4601 2046,4602 2046,4602 2036,4602 2035,4603 2035,4628 2034,4629 2033,4629 2031,4631 2031,4636 2031,4636 2010,4636 2009,4636 2009,4635 2005,4631 2005,4607 2005,4606 1727,4606 1721,4612 1721,4616 1719,4618 1718,4618 1717,4619 1717,4620 1716,4621 1715,4621 1713,4623 1713,4624 1712,4625 1704,4625 1702,4627 1702,4628 1701,4629 1693,4629 1691,4628 1691,4604 1691,4603 1479,4603 1477,4605 1477,4606 1477,4606 1404,4606 1403,4607 1403,4638 1402,4639 1402,4640 1402,4640 1393,4640 1392,4641 1392,4642 1390,4644 1387,4642 1387,4641 1387,4640 1374,4640 1373,4640 1373,4639 1372,4638 1372,4611 1372,4610 1277,4610 1275,4609 1275,4608 1274,4606 1187,4606 1185,4605 1185,4604 1185,4603 1181,4603 1180,4602 1179,4602 1178,4602 1178,4601 1177,4599 1165,4599 1163,4598 1163,4597 1162,4595 1161,4595 1159,4594 1159,4593 1158,4591 1157,4591 1156,4591 1156,4579 1155,4578 1155,4572 1156,4571 1156,4570 1157,4569 1158,4569 1159,4568 1159,4556 1161,4554 1162,4554 1163,4553 1163,4548 1164,4547 1165,4547 1167,4545 1167,4544 1168,4543 1173,4543 1174,4542 1174,4541 1176,4539 1181,4539 1181,4539 1181,4538 1184,4535 1192,4535 1193,4534 1193,4533 1195,4531 1200,4531 1200,4531 1200,4493 1201,4492 1201,4491 1202,4490 1203,4490 1206,4487 1226,4487 1227,4489 1227,4490 1228,4490 1229,4490 1230,4492 1230,4526 1231,4527 1231,4528 1232,4528 1294,4528 1294,4529 1294,4530 1296,4531 1469,4531 1470,4530 1470,4529 1471,4528 1532,4528 1533,4527 1533,4526 1535,4524 1585,4524 1586,4523 1586,4522 1588,4520 1589,4520 1590,4519 1590,4519 1590,4518 1592,4516 1599,4516 1600,4517 1601,4517 1601,4518 1601,4524 1602,4524 1814,4524 1814,4524 1814,4507 1816,4505 1821,4505 1822,4504 1822,4492 1824,4490 1825,4490 1825,4490 1825,4489 1828,4486 1836,4486 1837,4485 1837,4484 1838,4483 1859,4483 1859,4484 1859,4485 1865,4490 1869,4490 1870,4492 1870,4513 1871,4513 1922,4513 1923,4515 1923,4516 1924,4516 1925,4516 1927,4519 1927,4520 1928,4520 1929,4520 1930,4522 1930,4528 1931,4528 2116,4528 2117,4527 2117,4526 2119,4524 2492,4524 2492,4524 2492,4481 2498,4475 2513,4475 2514,4477 2514,4478 2516,4479 2517,4479 2518,4481 2518,4482 2520,4483 2521,4483 2522,4485 2522,4493 2524,4494 2525,4494 2525,4495 2525,4524 2526,4524 2730,4524 2731,4523 2731,4522 2733,4520 2812,4520 2814,4523 2814,4524 2815,4524 3045,4524 3045,4524 3045,4519 3048,4516 3049,4516 3049,4516 3049,4515 3052,4512 3060,4512 3060,4512 3060,4511 3062,4509 3064,4509 3064,4510 3064,4520 3065,4520 3254,4520 3255,4522 3255,4523 3257,4524 3258,4524 3259,4526 3259,4527 3260,4527 3261,4527 3263,4530 3263,4565 3264,4565 3423,4565 3423,4565 3423,4527 3424,4526 3424,4484 3425,4483 3426,4483 3427,4482 3427,4480 3428,4479 3483,4479 3483,4480 3483,4481 3486,4483 3490,4483 3491,4485 3491,4524 3492,4524 3850,4524 3850,4524 3850,4485 3853,4482 3854,4482 3854,4482 3854,4481 3856,4479 3857,4479 3858,4478 3858,4477 3860,4475 3868,4475 3869,4477 3869,4478 3870,4479 3871,4479 3872,4479 3873,4481 3873,4482 3875,4483 3917,4483 3918,4485 3918,4490 3919,4490 3920,4490 3921,4492 3921,4516 3922,4516 3961,4516 3963,4519 3963,4524 3964,4524 4037,4524 4037,4525 4037,4526 4040,4528 4044,4528 4045,4530 4045,4531 4046,4531 4047,4531 4049,4534 4049,4597 4048,4598 4048,4599 4048,4599 4047,4599 4037,4609 4037,4610 4037,4610 4035,4610 4034,4610 4034,4609 4032,4606 4013,4606 4011,4605 4011,4604 4011,4603 3691,4603 3690,4602 3638,4602 3637,4602 3637,4601 3636,4599 3339,4599 3338,4600 3338,4601 3336,4603 3335,4603 3334,4604 3334,4609 3333,4610 3332,4610 3330,4612 3330,4617 3330,4617 3329,4617 3328,4618 3324,4618 3322,4620 3322,4621 3322,4621 3321,4621 3319,4623 3319,4624 3318,4625 3317,4625 3315,4627 3315,4628 3314,4629 3302,4629 3300,4628 3300,4596 3300,4595 3129,4595 3128,4596 3128,4605 3127,4606 3126,4606 3124,4608 3124,4617 3124,4617 3123,4617 3120,4620 3120,4621 3120,4621 3119,4621 3116,4624 3116,4625 3116,4625 3115,4625 3113,4627 3113,4628 3112,4629 3103,4629 3102,4630 3102,4631 3101,4632 3100,4632 3099,4633 3035,4633 3034,4634 3034,4645 3034,4645"/><TextEquiv index="1"><Unicode>de part; &amp; pour m'encourager, il me dit:</Unicode></TextEquiv></TextLine><TextLine id="r0_l029"><Coords points="1370,4818 1369,4818 1369,4765 1369,4764 1247,4764 1245,4766 1245,4774 1244,4775 1194,4775 1193,4776 1193,4777 1192,4778 1191,4778 1190,4779 1174,4779 1173,4778 1172,4778 1170,4777 1170,4776 1170,4775 1169,4775 1167,4774 1167,4766 1165,4763 1164,4763 1163,4763 1163,4709 1165,4707 1166,4707 1167,4706 1167,4705 1168,4704 1169,4704 1170,4703 1174,4703 1174,4703 1174,4702 1175,4701 1176,4700 1177,4700 1178,4699 1178,4698 1179,4697 1180,4696 1181,4696 1182,4695 1182,4675 1183,4674 1184,4674 1186,4672 1186,4671 1187,4670 1188,4670 1189,4669 1189,4668 1191,4666 1192,4666 1193,4665 1193,4664 1194,4663 1195,4663 1197,4661 1197,4656 1198,4655 1203,4655 1204,4654 1204,4653 1206,4651 1207,4651 1208,4650 1208,4649 1210,4647 1233,4647 1234,4649 1234,4650 1236,4651 1237,4651 1238,4653 1238,4654 1240,4655 1241,4655 1241,4656 1241,4657 1242,4658 1242,4700 1243,4700 1435,4700 1436,4699 1436,4698 1438,4696 1500,4696 1500,4696 1500,4694 1502,4692 1952,4692 1953,4691 1953,4690 1954,4689 1955,4689 1956,4688 2267,4688 2267,4688 2267,4687 2269,4685 2308,4685 2308,4685 2308,4646 2310,4644 2322,4644 2323,4643 2323,4642 2324,4641 2325,4640 2326,4640 2327,4642 2327,4643 2328,4643 2329,4643 2331,4646 2331,4685 2332,4685 2555,4685 2555,4686 2555,4687 2557,4688 2720,4688 2720,4688 2720,4641 2721,4640 2742,4640 2742,4641 2742,4646 2744,4647 2745,4647 2746,4649 2746,4663 2747,4663 2901,4663 2902,4662 2903,4662 2903,4662 2903,4661 2905,4659 2906,4659 2907,4658 2907,4657 2910,4654 2911,4654 2911,4654 2911,4653 2913,4651 2914,4651 2914,4651 2914,4650 2917,4647 2918,4647 2918,4647 2918,4646 2920,4644 2936,4644 2937,4645 3034,4645 3037,4648 3038,4648 3038,4649 3038,4685 3039,4685 3176,4685 3176,4686 3176,4687 3179,4689 3184,4689 3184,4690 3184,4691 3185,4692 3186,4692 3187,4692 3188,4694 3188,4718 3189,4718 3397,4718 3397,4718 3397,4695 3400,4692 3401,4692 3401,4692 3401,4691 3403,4689 3407,4689 3409,4687 3409,4686 3410,4685 3411,4685 3413,4683 3413,4682 3414,4681 3423,4681 3423,4682 3423,4683 3424,4684 3424,4685 3425,4685 3490,4685 3491,4687 3491,4688 3492,4688 3571,4688 3572,4689 3789,4689 3790,4688 3839,4688 3839,4688 3839,4653 3841,4651 3846,4651 3846,4651 3846,4650 3849,4647 3856,4647 3858,4650 3858,4689 3859,4689 3887,4689 3888,4691 3888,4692 3889,4692 4043,4692 4044,4693 4045,4693 4045,4694 4045,4695 4047,4696 4048,4696 4048,4697 4048,4698 4051,4700 4052,4700 4052,4701 4052,4714 4051,4715 4050,4715 4049,4716 4049,4717 4047,4719 4035,4719 4034,4720 4034,4770 4033,4771 4002,4771 4000,4770 4000,4769 3999,4767 3788,4767 3787,4767 3787,4766 3786,4764 3573,4764 3572,4763 3571,4763 3569,4762 3569,4761 3569,4760 3497,4760 3495,4759 3495,4758 3494,4756 3440,4756 3439,4756 3439,4753 3439,4752 3279,4752 3278,4753 3278,4755 3277,4756 3272,4756 3270,4758 3270,4763 3270,4763 3269,4763 3268,4764 3264,4764 3263,4765 3263,4766 3262,4767 3261,4767 3259,4769 3259,4770 3258,4771 3249,4771 3248,4772 3248,4773 3246,4775 3243,4775 3239,4771 3238,4771 3236,4770 3236,4761 3236,4760 3160,4760 3158,4759 3158,4758 3157,4756 2980,4756 2978,4758 2978,4759 2977,4760 2898,4760 2896,4759 2896,4758 2895,4756 2617,4756 2615,4758 2615,4759 2614,4760 2414,4760 2413,4761 2413,4793 2413,4793 2400,4793 2398,4792 2398,4791 2398,4790 2389,4790 2387,4789 2387,4788 2386,4786 2385,4786 2383,4785 2383,4761 2383,4760 2137,4760 2136,4761 2136,4793 2136,4793 2111,4793 2110,4794 2109,4794 2108,4793 2107,4793 2106,4793 2106,4765 2106,4764 1722,4764 1721,4765 1721,4766 1720,4767 1457,4767 1455,4769 1455,4770 1454,4771 1438,4771 1436,4770 1436,4769 1435,4767 1434,4767 1433,4767 1433,4766 1432,4764 1385,4764 1384,4765 1384,4818 1384,4818"/><TextEquiv index="1"><Unicode>ſi vous avez quelques beſoins, mon cher</Unicode></TextEquiv></TextLine><TextLine id="r0_l030"><Coords points="2198,4970 2197,4970 2197,4925 2197,4924 2088,4924 2087,4925 2087,4958 2087,4958 2063,4958 2061,4957 2061,4929 2061,4928 1756,4928 1755,4929 1755,4930 1754,4931 1754,4932 1754,4932 1752,4932 1751,4932 1751,4931 1750,4930 1750,4929 1750,4928 1542,4928 1541,4929 1541,4935 1540,4936 1535,4936 1534,4937 1534,4945 1532,4947 1531,4947 1530,4948 1530,4953 1529,4954 1528,4954 1526,4956 1526,4957 1525,4958 1524,4958 1522,4960 1522,4961 1521,4962 1505,4962 1504,4962 1504,4937 1504,4936 1344,4936 1343,4937 1343,4938 1342,4939 1213,4939 1212,4940 1190,4940 1189,4941 1189,4943 1189,4943 1172,4943 1171,4943 1171,4942 1169,4939 1165,4939 1162,4936 1158,4936 1155,4934 1155,4920 1156,4919 1156,4918 1157,4917 1158,4917 1159,4916 1159,4878 1161,4876 1162,4876 1163,4875 1163,4874 1165,4872 1166,4872 1167,4871 1167,4870 1169,4868 1185,4868 1185,4868 1185,4867 1188,4864 1249,4864 1249,4864 1249,4863 1251,4861 1335,4861 1335,4862 1335,4863 1337,4864 1369,4864 1369,4864 1369,4819 1370,4818 1384,4818 1385,4819 1386,4819 1388,4822 1388,4826 1390,4827 1391,4827 1391,4828 1391,4867 1393,4868 1394,4868 1395,4870 1395,4906 1396,4906 1642,4906 1642,4906 1642,4859 1644,4857 1753,4857 1757,4853 2154,4853 2155,4852 2155,4851 2156,4850 2157,4850 2158,4849 2162,4849 2162,4849 2162,4848 2164,4846 2483,4846 2484,4845 2484,4844 2486,4842 2644,4842 2645,4841 2645,4840 2647,4838 2652,4838 2652,4838 2652,4837 2654,4835 2686,4835 2686,4835 2686,4803 2688,4801 2704,4801 2705,4803 2705,4804 2706,4804 2707,4804 2709,4807 2709,4842 2710,4842 2831,4842 2832,4844 2832,4845 2834,4846 3048,4846 3049,4845 3049,4844 3051,4842 3072,4842 3072,4842 3072,4799 3074,4797 3089,4797 3094,4803 3094,4838 3095,4838 3356,4838 3356,4838 3356,4803 3358,4801 3359,4801 3360,4800 3360,4799 3362,4797 3374,4797 3375,4799 3375,4815 3377,4816 3378,4816 3379,4818 3379,4842 3380,4842 3547,4842 3547,4843 3547,4849 3548,4849 3549,4849 3550,4850 3592,4850 3592,4851 3592,4852 3594,4853 3744,4853 3746,4856 3746,4857 3747,4857 3748,4857 3750,4859 3907,4859 3907,4859 3907,4858 3908,4857 3929,4857 3929,4857 3929,4814 3931,4812 3935,4812 3936,4811 3936,4810 3937,4809 3938,4809 3939,4808 3940,4810 3940,4811 3942,4812 3950,4812 3951,4814 3951,4822 3953,4823 3954,4823 3955,4825 3955,4857 3956,4857 4018,4857 4018,4858 4018,4859 4021,4861 4026,4861 4026,4862 4026,4863 4032,4868 4036,4868 4037,4870 4037,4874 4040,4876 4041,4876 4041,4877 4041,4920 4040,4921 4039,4921 4037,4923 4037,4928 4037,4928 4028,4928 4026,4930 4026,4931 4025,4932 4013,4932 4011,4934 4011,4935 4010,4936 4002,4936 4000,4935 4000,4934 3999,4932 3946,4932 3944,4931 3944,4930 3943,4928 3901,4928 3899,4926 3743,4926 3741,4928 3725,4928 3723,4927 3723,4926 3722,4924 3548,4924 3547,4924 3547,4923 3546,4921 3490,4921 3486,4917 3429,4917 3427,4916 3427,4915 3426,4913 3137,4913 3135,4912 3135,4911 3135,4910 3049,4910 3048,4909 3046,4909 3045,4910 3045,4959 3045,4959 3029,4959 3028,4959 3028,4910 3028,4909 2887,4909 2885,4911 2885,4912 2884,4913 2879,4913 2878,4914 2878,4915 2876,4917 2294,4917 2293,4918 2293,4920 2292,4921 2250,4921 2249,4922 2249,4923 2248,4924 2207,4924 2206,4925 2206,4970 2206,4970"/><TextEquiv index="1"><Unicode>ami, vous pouvez tirer des lettres de</Unicode></TextEquiv></TextLine><TextLine id="r0_l031"><Coords points="1612,5149 1611,5149 1611,5139 1611,5138 1495,5138 1487,5130 1486,5130 1485,5130 1485,5105 1485,5104 1217,5104 1216,5105 1216,5106 1214,5108 1195,5108 1193,5107 1193,5106 1192,5104 1184,5104 1180,5100 1176,5100 1174,5099 1174,5098 1174,5097 1173,5097 1170,5095 1170,5090 1170,5089 1153,5089 1152,5089 1152,5087 1154,5085 1155,5085 1155,5085 1155,5084 1156,5083 1157,5082 1158,5082 1159,5081 1159,5080 1161,5078 1162,5078 1163,5077 1163,5072 1165,5070 1166,5070 1167,5069 1167,5053 1168,5052 1169,5052 1171,5050 1171,5049 1172,5048 1173,5048 1174,5047 1174,5043 1180,5037 1184,5037 1186,5035 1186,5034 1187,5033 1196,5033 1196,5033 1196,5032 1199,5029 1245,5029 1245,5029 1245,4987 1246,4986 1246,4985 1247,4984 1256,4984 1256,4984 1256,4983 1258,4981 1260,4981 1260,4982 1260,4983 1262,4984 1263,4984 1264,4986 1264,4987 1266,4988 1267,4988 1268,4990 1268,5029 1269,5029 1436,5029 1436,5029 1436,5028 1439,5025 1600,5025 1601,5024 1601,5023 1602,5022 1723,5022 1724,5021 1724,5017 1728,5013 1728,5009 1731,5006 1732,5006 1732,5006 1732,5005 1734,5003 1735,5003 1735,5003 1735,5002 1736,5001 1736,4997 1738,4995 1739,4995 1739,4995 1739,4994 1741,4992 1742,4992 1743,4991 1743,4990 1745,4988 1746,4988 1747,4987 1747,4986 1748,4985 1749,4984 1750,4984 1751,4983 1751,4982 1752,4981 1753,4981 1754,4980 1767,4980 1768,4981 1769,4981 1769,4982 1769,4983 1771,4984 1776,4984 1777,4986 1777,5022 1778,5022 1975,5022 1975,5022 1975,5020 1977,5018 1985,5018 1989,5014 2146,5014 2150,5010 2192,5010 2192,5010 2192,4975 2194,4973 2195,4973 2196,4972 2196,4971 2197,4970 2207,4970 2207,4971 2207,4972 2208,4972 2209,4973 2210,4973 2211,4975 2211,4976 2212,4976 2213,4976 2215,4979 2215,5014 2216,5014 2349,5014 2349,5014 2349,5009 2351,5007 2495,5007 2495,5007 2495,5005 2497,5003 2498,5003 2499,5002 2499,4994 2501,4992 2502,4992 2503,4991 2503,4986 2505,4984 2506,4984 2506,4984 2507,4983 2507,4982 2508,4981 2509,4981 2509,4981 2510,4980 2510,4979 2512,4977 2513,4977 2514,4976 2514,4971 2516,4969 2521,4969 2521,4969 2521,4965 2522,4964 2522,4963 2523,4962 2551,4962 2552,4964 2552,5003 2553,5003 2832,5003 2832,5004 2832,5005 2835,5007 3012,5007 3012,5007 3012,4990 3014,4988 3015,4988 3016,4987 3016,4978 3017,4977 3018,4977 3020,4975 3020,4974 3021,4973 3022,4973 3023,4972 3023,4968 3027,4964 3027,4960 3028,4959 3045,4959 3046,4961 3046,4969 3047,4969 3052,4969 3053,4971 3053,4980 3054,4980 3055,4980 3057,4983 3057,4984 3058,4984 3059,4984 3061,4987 3061,5003 3062,5003 3468,5003 3469,5005 3469,5006 3471,5007 3475,5007 3476,5009 3476,5010 3477,5010 3478,5010 3480,5013 3480,5014 3481,5014 3618,5014 3618,5014 3618,4979 3621,4976 3622,4976 3622,4976 3622,4975 3624,4973 3625,4973 3626,4972 3626,4971 3628,4969 3643,4969 3644,4971 3644,4972 3645,4973 3645,5014 3646,5014 3707,5014 3708,5016 3708,5017 3710,5018 3718,5018 3720,5020 3876,5020 3876,5020 3876,4983 3879,4980 3880,4980 3880,4980 3880,4979 3882,4977 3890,4977 3891,4976 3891,4975 3892,4974 3893,4973 3894,4973 3896,4976 3896,4977 3897,4977 3898,4977 3899,4979 3899,4980 3900,4980 3901,4980 3903,4983 3903,5022 3904,5022 4033,5022 4034,5024 4034,5025 4035,5025 4036,5025 4037,5027 4037,5028 4039,5029 4040,5029 4041,5031 4041,5088 4040,5089 4039,5089 4038,5090 4038,5091 4036,5093 4035,5093 4034,5094 4034,5095 4032,5097 4028,5097 4026,5099 4026,5100 4026,5100 4002,5100 3999,5097 3939,5097 3935,5093 3882,5093 3880,5092 3880,5091 3879,5089 3861,5089 3860,5090 3860,5142 3860,5142 3845,5142 3844,5142 3844,5090 3844,5089 3710,5089 3708,5091 3708,5092 3707,5093 3649,5093 3648,5094 3648,5111 3648,5111 3647,5111 3644,5114 3644,5115 3644,5115 3643,5115 3640,5118 3640,5119 3640,5119 3639,5119 3637,5121 3637,5122 3637,5122 3636,5123 3635,5123 3633,5125 3633,5126 3633,5126 3632,5126 3631,5127 3625,5127 3624,5126 3623,5126 3622,5126 3622,5125 3621,5124 3621,5123 3620,5123 3618,5122 3618,5083 3618,5082 3331,5082 3330,5083 3330,5107 3329,5108 3328,5108 3326,5110 3326,5111 3326,5111 3325,5111 3324,5112 3303,5112 3302,5111 3301,5111 3300,5111 3300,5083 3300,5082 3295,5082 3292,5080 3292,5079 3292,5078 3280,5078 3278,5076 3114,5076 3112,5078 3096,5078 3094,5080 3094,5081 3093,5082 2748,5082 2746,5084 2746,5085 2746,5085 2661,5085 2660,5086 2660,5092 2659,5093 2658,5093 2656,5095 2656,5096 2655,5097 2654,5097 2653,5098 2653,5110 2651,5112 2650,5112 2649,5113 2649,5118 2648,5119 2643,5119 2642,5120 2642,5121 2640,5123 2625,5123 2623,5122 2623,5086 2623,5085 2561,5085 2558,5082 2380,5082 2379,5083 2379,5092 2378,5093 2377,5093 2376,5094 2376,5095 2374,5097 2373,5097 2372,5098 2372,5103 2371,5104 2370,5104 2368,5106 2368,5107 2367,5108 2355,5108 2353,5107 2353,5090 2353,5089 2313,5089 2312,5090 2312,5137 2312,5137 2294,5137 2293,5137 2293,5090 2293,5089 2149,5089 2147,5091 2147,5092 2146,5093 2135,5093 2131,5089 1871,5089 1870,5090 1870,5092 1869,5093 1823,5093 1822,5094 1822,5095 1820,5097 1760,5097 1759,5098 1759,5145 1759,5145 1752,5145 1751,5145 1751,5098 1751,5097 1622,5097 1621,5098 1621,5149 1621,5149"/><TextEquiv index="1"><Unicode>change ſur moi; ſoyez sûr que je les</Unicode></TextEquiv></TextLine><TextLine id="r0_l032"><Coords points="1617,5311 1616,5311 1616,5266 1616,5265 1494,5265 1493,5266 1493,5267 1491,5269 1359,5269 1358,5270 1358,5271 1358,5271 1356,5273 1355,5273 1354,5274 1354,5279 1353,5280 1352,5280 1350,5282 1350,5287 1350,5287 1349,5287 1346,5290 1346,5294 1345,5295 1344,5295 1343,5296 1343,5297 1341,5299 1340,5299 1339,5300 1339,5305 1338,5306 1337,5306 1335,5308 1335,5309 1334,5310 1157,5310 1156,5310 1156,5215 1155,5214 1155,5212 1156,5211 1156,5210 1157,5209 1158,5209 1159,5208 1159,5207 1161,5205 1162,5205 1163,5204 1163,5203 1165,5201 1256,5201 1257,5200 1257,5199 1258,5198 1259,5198 1260,5197 1552,5197 1552,5197 1552,5196 1554,5194 1605,5194 1605,5194 1605,5150 1606,5149 1749,5149 1751,5147 1751,5146 1752,5145 1761,5145 1762,5147 1762,5148 1764,5149 1765,5149 1765,5150 1765,5151 1766,5152 1766,5163 1772,5168 1773,5168 1773,5169 1773,5190 1774,5190 1979,5190 1979,5190 1979,5188 1981,5186 1989,5186 1990,5185 1990,5184 1991,5183 2093,5183 2094,5182 2095,5182 2095,5182 2095,5181 2097,5179 2109,5179 2110,5181 2110,5182 2111,5182 2112,5183 2113,5183 2114,5185 2114,5186 2115,5186 2116,5186 2117,5188 2117,5192 2121,5196 2121,5227 2122,5227 2282,5227 2282,5227 2282,5222 2284,5220 2285,5220 2286,5219 2286,5184 2287,5183 2293,5183 2293,5183 2293,5138 2294,5137 2312,5137 2312,5138 2312,5141 2313,5141 2314,5141 2316,5144 2316,5152 2318,5153 2319,5153 2319,5154 2319,5155 2320,5156 2320,5179 2321,5179 2536,5179 2536,5179 2536,5178 2539,5175 2618,5175 2619,5174 2619,5173 2621,5171 2667,5171 2667,5171 2667,5141 2668,5140 2668,5139 2669,5138 2670,5138 2671,5137 2671,5136 2673,5134 2678,5134 2679,5136 2679,5137 2681,5138 2682,5138 2682,5139 2682,5140 2684,5141 2685,5141 2686,5143 2686,5171 2687,5171 2963,5171 2963,5171 2963,5170 2965,5168 3068,5168 3068,5168 3068,5162 3070,5160 3071,5160 3072,5159 3072,5151 3078,5145 3079,5145 3079,5145 3079,5140 3081,5138 3082,5138 3083,5137 3083,5136 3085,5134 3090,5134 3090,5134 3090,5133 3093,5130 3097,5130 3098,5129 3098,5128 3099,5127 3100,5127 3101,5126 3112,5126 3113,5125 3113,5124 3114,5123 3116,5123 3117,5125 3117,5126 3118,5126 3119,5126 3120,5128 3120,5129 3122,5130 3123,5130 3124,5132 3124,5168 3125,5168 3378,5168 3379,5170 3379,5171 3380,5171 3486,5171 3487,5173 3487,5174 3489,5175 3497,5175 3501,5179 3565,5179 3566,5181 3566,5186 3567,5186 3748,5186 3749,5185 3749,5184 3750,5183 3797,5183 3798,5185 3798,5186 3799,5186 3839,5186 3839,5186 3839,5147 3841,5145 3842,5145 3843,5144 3843,5144 3843,5143 3844,5142 3861,5142 3862,5144 3862,5145 3863,5145 3973,5145 3974,5147 3974,5205 3975,5205 4036,5205 4041,5211 4041,5215 4044,5217 4045,5217 4045,5218 4045,5294 4044,5295 4043,5295 4041,5294 4041,5228 4041,5227 4040,5227 4037,5230 4037,5231 4037,5231 3982,5231 3981,5232 3981,5265 3981,5265 3905,5265 3901,5261 3893,5261 3891,5260 3891,5259 3891,5258 3720,5258 3719,5259 3719,5294 3718,5295 3699,5295 3697,5294 3697,5262 3697,5261 3676,5261 3674,5260 3674,5259 3674,5258 3670,5258 3669,5257 3668,5257 3667,5257 3667,5255 3667,5254 3489,5254 3487,5253 3487,5252 3486,5250 3485,5250 3484,5250 3484,5249 3482,5246 3369,5246 3367,5245 3367,5244 3367,5243 3148,5243 3147,5244 3147,5245 3146,5246 2969,5246 2967,5248 2967,5249 2966,5250 2770,5250 2769,5251 2769,5279 2768,5280 2767,5280 2765,5282 2765,5283 2765,5283 2764,5283 2763,5284 2748,5284 2746,5286 2746,5287 2746,5287 2744,5287 2742,5286 2742,5285 2742,5284 2741,5284 2739,5283 2739,5282 2738,5281 2738,5251 2738,5250 2493,5250 2492,5251 2492,5279 2491,5280 2490,5280 2488,5282 2488,5286 2487,5287 2486,5287 2485,5288 2473,5288 2472,5287 2471,5287 2469,5286 2469,5282 2468,5280 2355,5280 2353,5279 2353,5255 2353,5254 2208,5254 2207,5255 2207,5257 2207,5257 2206,5257 2204,5259 2204,5267 2202,5269 2201,5269 2200,5270 2200,5271 2198,5273 2197,5273 2196,5274 2196,5279 2195,5280 2194,5280 2192,5282 2192,5283 2191,5284 2190,5284 2189,5285 2189,5286 2188,5287 2184,5287 2183,5288 2182,5288 2181,5289 2181,5290 2180,5291 2179,5291 2178,5292 2178,5293 2176,5295 2172,5295 2170,5294 2170,5266 2170,5265 2160,5265 2159,5265 2159,5264 2158,5263 2158,5262 2158,5261 1756,5261 1755,5262 1755,5263 1753,5265 1620,5265 1619,5266 1619,5311 1619,5311"/><TextEquiv index="1"><Unicode>payerai à vue, à quelques ſommes qu'el-</Unicode></TextEquiv></TextLine><TextLine id="r0_l033"><Coords points="3803,5475 3802,5475 3802,5431 3802,5430 3778,5430 3775,5428 3775,5427 3775,5426 3489,5426 3487,5425 3487,5424 3486,5422 3481,5422 3480,5422 3480,5421 3475,5415 3437,5415 3435,5414 3435,5413 3434,5411 3219,5411 3218,5412 3218,5413 3216,5415 3133,5415 3132,5416 3132,5417 3131,5418 3129,5418 3128,5418 3128,5417 3127,5415 2879,5415 2877,5417 2877,5418 2877,5418 2848,5418 2847,5419 2847,5462 2847,5462 2844,5462 2843,5462 2843,5416 2843,5415 2650,5415 2649,5416 2649,5421 2648,5422 2647,5422 2645,5424 2645,5429 2644,5430 2643,5430 2641,5432 2641,5437 2641,5437 2640,5437 2632,5445 2628,5445 2626,5447 2626,5448 2626,5448 2621,5448 2619,5450 2619,5452 2619,5452 2616,5452 2615,5452 2615,5420 2615,5419 2437,5419 2435,5421 2435,5422 2435,5422 2220,5422 2219,5423 2219,5424 2217,5426 1942,5426 1941,5427 1941,5429 1940,5430 1591,5430 1590,5431 1590,5432 1589,5433 1495,5433 1492,5436 1492,5437 1492,5437 1475,5437 1474,5438 1474,5466 1473,5467 1472,5467 1470,5469 1470,5470 1469,5471 1453,5471 1451,5470 1451,5442 1451,5441 1169,5441 1166,5439 1166,5438 1166,5437 1165,5437 1163,5436 1163,5330 1164,5329 1165,5329 1167,5327 1167,5326 1168,5325 1177,5325 1178,5324 1178,5323 1180,5321 1188,5321 1189,5323 1189,5362 1190,5362 1530,5362 1530,5362 1530,5360 1531,5359 1532,5359 1533,5358 1612,5358 1612,5358 1612,5316 1617,5311 1680,5311 1681,5310 1686,5310 1687,5309 1687,5308 1689,5306 1750,5306 1750,5307 1750,5308 1751,5309 1751,5351 1752,5351 1918,5351 1919,5350 1919,5345 1920,5344 1921,5344 1922,5343 1928,5343 1929,5344 1930,5344 1930,5345 1930,5350 1932,5351 2199,5351 2200,5350 2200,5349 2202,5347 2300,5347 2301,5346 2301,5345 2302,5344 2303,5344 2304,5343 2353,5343 2353,5343 2353,5342 2355,5340 2356,5340 2357,5339 2357,5334 2359,5332 2360,5332 2361,5334 2361,5335 2363,5336 2367,5336 2368,5338 2368,5343 2369,5343 2618,5343 2621,5340 3104,5340 3106,5338 3106,5337 3107,5336 3191,5336 3191,5336 3191,5294 3198,5287 3212,5287 3213,5288 3214,5288 3214,5289 3214,5290 3216,5291 3217,5291 3218,5293 3218,5311 3219,5311 3383,5311 3384,5310 3385,5310 3386,5309 3386,5308 3387,5307 3388,5306 3389,5306 3390,5305 3390,5300 3391,5299 3392,5299 3392,5299 3394,5297 3394,5296 3395,5295 3396,5295 3398,5293 3398,5292 3399,5291 3404,5291 3405,5290 3405,5289 3407,5287 3459,5287 3460,5288 3461,5288 3461,5289 3461,5290 3463,5291 3467,5291 3472,5297 3472,5343 3473,5343 3504,5343 3506,5346 3506,5347 3507,5347 3516,5347 3517,5349 3517,5350 3519,5351 3722,5351 3723,5350 3723,5338 3725,5336 3726,5336 3727,5335 3727,5330 3728,5329 3729,5329 3730,5328 3730,5324 3731,5323 3731,5322 3732,5321 3737,5321 3738,5320 3738,5312 3740,5310 3741,5310 3741,5310 3741,5309 3744,5306 3748,5306 3752,5302 3774,5302 3775,5304 3775,5305 3777,5306 3778,5306 3779,5308 3779,5309 3781,5310 3782,5310 3783,5312 3783,5347 3784,5347 3785,5347 3786,5349 3787,5350 3787,5351 3788,5351 3793,5351 3794,5353 3794,5354 3796,5355 4022,5355 4022,5356 4022,5357 4024,5358 4032,5358 4034,5361 4034,5418 4035,5418 4040,5418 4041,5420 4041,5436 4037,5440 4037,5441 4037,5441 4020,5441 4019,5441 4019,5440 4015,5436 4015,5435 4015,5434 4014,5434 4013,5433 3938,5433 3936,5432 3936,5431 3936,5430 3816,5430 3815,5431 3815,5475 3815,5475"/><TextEquiv index="1"><Unicode>les puiſſent monter; mon adreſſe eſt au</Unicode></TextEquiv></TextLine><TextLine id="r0_l034"><Coords points="1474,5650 1473,5650 1473,5599 1473,5598 1467,5598 1466,5599 1466,5601 1465,5602 1397,5602 1395,5604 1395,5605 1394,5606 1239,5606 1238,5607 1238,5608 1237,5609 1221,5609 1219,5608 1219,5607 1219,5606 1211,5606 1210,5605 1209,5605 1208,5605 1208,5604 1207,5602 1203,5602 1199,5598 1191,5598 1189,5597 1189,5596 1188,5594 1183,5594 1182,5594 1182,5593 1182,5592 1180,5590 1179,5590 1178,5590 1178,5589 1177,5587 1176,5587 1174,5586 1174,5581 1173,5579 1172,5579 1170,5578 1170,5577 1170,5576 1154,5576 1152,5575 1152,5574 1151,5572 1150,5572 1148,5571 1148,5570 1150,5568 1151,5568 1152,5567 1152,5566 1154,5564 1155,5564 1155,5564 1155,5563 1157,5561 1159,5561 1159,5561 1159,5551 1161,5549 1162,5549 1163,5548 1163,5525 1165,5523 1166,5523 1167,5522 1167,5517 1168,5516 1169,5516 1171,5514 1171,5513 1172,5512 1173,5512 1174,5511 1174,5507 1177,5504 1181,5504 1182,5503 1182,5502 1183,5501 1184,5501 1186,5499 1186,5498 1187,5497 1188,5497 1189,5496 1189,5491 1190,5490 1206,5490 1207,5489 1215,5489 1215,5489 1215,5488 1217,5486 1225,5486 1227,5484 1227,5483 1228,5482 1252,5482 1253,5484 1253,5485 1255,5486 1391,5486 1391,5487 1391,5488 1393,5489 1397,5489 1399,5492 1399,5527 1400,5527 1611,5527 1612,5526 1612,5525 1614,5523 1668,5523 1668,5523 1668,5484 1670,5482 1671,5482 1672,5481 1672,5480 1674,5478 1810,5478 1810,5478 1810,5477 1812,5475 1813,5475 1814,5474 1836,5474 1837,5473 1837,5472 1838,5471 1840,5471 1841,5473 1841,5474 1842,5474 1973,5474 1974,5475 1975,5475 1975,5476 1975,5477 1978,5479 1979,5479 1979,5480 1979,5516 1980,5516 2215,5516 2215,5516 2215,5514 2218,5511 2218,5503 2220,5501 2221,5501 2222,5500 2222,5499 2223,5498 2224,5497 2225,5497 2226,5496 2226,5491 2227,5490 2228,5490 2230,5488 2230,5487 2231,5486 2232,5486 2233,5485 2233,5481 2243,5471 2251,5471 2252,5470 2252,5469 2254,5467 2262,5467 2267,5473 2267,5512 2268,5512 2473,5512 2473,5512 2473,5472 2474,5471 2475,5471 2479,5467 2483,5467 2484,5466 2484,5465 2485,5464 2486,5464 2487,5463 2490,5463 2492,5466 2492,5493 2493,5493 2494,5493 2495,5495 2495,5508 2496,5508 2551,5508 2551,5509 2551,5510 2552,5511 2552,5512 2553,5512 2558,5512 2559,5514 2559,5515 2561,5516 2712,5516 2712,5516 2712,5466 2715,5463 2716,5463 2716,5463 2716,5458 2718,5456 2768,5456 2769,5458 2769,5459 2770,5459 2781,5459 2782,5460 2783,5460 2785,5462 2848,5462 2849,5463 2984,5463 2986,5466 2986,5505 2987,5505 3175,5505 3176,5504 3308,5504 3308,5504 3308,5461 3310,5459 3311,5459 3311,5459 3311,5458 3313,5456 3314,5456 3315,5455 3315,5454 3317,5452 3318,5452 3319,5454 3319,5455 3321,5456 3352,5456 3352,5457 3352,5458 3353,5459 3353,5508 3354,5508 3460,5508 3461,5510 3461,5512 3462,5512 3610,5512 3611,5514 3611,5515 3613,5516 3674,5516 3674,5517 3674,5518 3676,5519 3798,5519 3798,5519 3798,5480 3800,5478 3801,5478 3802,5477 3802,5477 3802,5476 3803,5475 3816,5475 3817,5477 3817,5478 3818,5478 3954,5478 3955,5480 3955,5485 3957,5486 3958,5486 3959,5488 3959,5520 3960,5520 4015,5520 4015,5521 4015,5522 4017,5523 4021,5523 4023,5526 4023,5527 4024,5527 4029,5527 4030,5529 4030,5530 4031,5530 4032,5531 4033,5531 4034,5533 4034,5579 4035,5579 4040,5579 4041,5581 4041,5590 4042,5590 4043,5590 4045,5593 4045,5597 4044,5598 4043,5598 4041,5600 4041,5601 4040,5602 4035,5602 4034,5603 4034,5604 4032,5606 4021,5606 4019,5605 4019,5604 4018,5602 4013,5602 4011,5601 4011,5600 4010,5598 3826,5598 3824,5597 3824,5596 3823,5594 3661,5594 3659,5593 3659,5592 3659,5591 3505,5591 3504,5590 3503,5590 3502,5590 3502,5589 3501,5587 3456,5587 3453,5585 3453,5584 3453,5583 3302,5583 3300,5582 3300,5581 3299,5579 3294,5579 3293,5579 3293,5578 3292,5576 3110,5576 3109,5577 3109,5583 3109,5583 2572,5583 2570,5585 2570,5586 2569,5587 2280,5587 2279,5588 2279,5589 2277,5591 1977,5591 1975,5593 1975,5594 1975,5594 1697,5594 1694,5597 1694,5598 1694,5598 1605,5598 1604,5599 1604,5648 1604,5648 1479,5648 1478,5649 1478,5650 1478,5650"/><TextEquiv index="1"><Unicode>Colonel Prim ſur la Riviere James à la</Unicode></TextEquiv></TextLine><TextLine id="r0_l035"><Coords points="1177,5816 1176,5816 1176,5681 1176,5680 1175,5681 1175,5815 1175,5815 1156,5815 1155,5815 1155,5811 1156,5810 1156,5668 1155,5667 1155,5657 1158,5654 1159,5654 1159,5654 1159,5653 1162,5650 1180,5650 1182,5653 1182,5654 1183,5654 1466,5654 1466,5654 1466,5652 1467,5651 1468,5651 1469,5650 1600,5650 1602,5648 1605,5648 1605,5649 1605,5650 1606,5650 1610,5650 1611,5651 1612,5651 1612,5652 1612,5688 1613,5688 1675,5688 1676,5690 1676,5691 1678,5692 1837,5692 1837,5692 1837,5682 1839,5680 1840,5680 1840,5680 1840,5679 1842,5677 1843,5677 1844,5676 1844,5671 1846,5669 1847,5669 1848,5668 1848,5667 1849,5666 1850,5666 1852,5664 1852,5663 1853,5662 1854,5662 1856,5660 1856,5659 1857,5658 1858,5658 1858,5658 1859,5657 1859,5656 1861,5654 1862,5654 1863,5653 1863,5652 1864,5651 1865,5651 1866,5650 1870,5650 1870,5650 1870,5649 1872,5647 1873,5647 1874,5646 1874,5645 1876,5643 1884,5643 1885,5642 1885,5641 1887,5639 1918,5639 1919,5641 1919,5642 1921,5643 1929,5643 1934,5649 1934,5650 1935,5650 1936,5650 1938,5653 1938,5654 1939,5654 1940,5654 1942,5657 1942,5688 1943,5688 2041,5688 2043,5686 2043,5685 2044,5684 2147,5684 2147,5684 2147,5645 2149,5643 2150,5643 2151,5642 2151,5641 2153,5639 2154,5639 2155,5638 2155,5637 2156,5636 2157,5636 2158,5635 2326,5635 2327,5634 2327,5633 2328,5632 2330,5632 2331,5634 2331,5635 2332,5635 2333,5635 2334,5637 2334,5638 2335,5639 2335,5677 2336,5677 2483,5677 2484,5676 2484,5675 2486,5673 2491,5673 2491,5673 2491,5672 2492,5671 2492,5670 2493,5669 2495,5669 2495,5670 2495,5671 2496,5672 2496,5676 2498,5677 2786,5677 2787,5676 2787,5675 2789,5673 2798,5673 2798,5674 2798,5675 2801,5677 2805,5677 2808,5680 2996,5680 2997,5679 2997,5678 2998,5677 3239,5677 3240,5676 3240,5668 3244,5664 3244,5656 3246,5654 3247,5654 3248,5653 3248,5648 3249,5647 3250,5647 3252,5645 3252,5644 3253,5643 3254,5643 3255,5642 3255,5637 3256,5636 3257,5636 3258,5635 3262,5635 3263,5634 3263,5633 3264,5632 3269,5632 3270,5631 3270,5630 3272,5628 3284,5628 3285,5630 3285,5631 3286,5631 3287,5632 3288,5632 3289,5634 3289,5673 3290,5673 3325,5673 3329,5677 3506,5677 3506,5677 3506,5641 3508,5639 3509,5639 3510,5638 3510,5637 3512,5635 3519,5635 3523,5639 3602,5639 3603,5641 3603,5642 3605,5643 3606,5643 3607,5645 3607,5684 3608,5684 3748,5684 3749,5686 3749,5687 3751,5688 3996,5688 3996,5688 3996,5686 3998,5684 4007,5684 4007,5685 4007,5686 4010,5688 4018,5688 4019,5690 4019,5691 4021,5692 4026,5692 4026,5693 4026,5694 4032,5699 4033,5699 4033,5700 4033,5701 4034,5702 4034,5706 4036,5707 4037,5707 4037,5708 4037,5709 4038,5709 4039,5710 4040,5710 4041,5712 4041,5721 4041,5721 4040,5721 4038,5723 4038,5753 4037,5754 4037,5755 4037,5755 4036,5755 4033,5758 4033,5759 4033,5759 4032,5759 4030,5761 4030,5762 4029,5763 4028,5763 4026,5765 4026,5766 4026,5766 4025,5766 4022,5769 4022,5770 4022,5770 3874,5770 3873,5771 3873,5799 3872,5800 3844,5800 3843,5800 3843,5764 3843,5763 3823,5763 3819,5759 3568,5759 3566,5761 3566,5762 3565,5763 3564,5763 3562,5762 3562,5761 3561,5759 3342,5759 3341,5760 3341,5785 3341,5785 3340,5785 3332,5793 3328,5793 3326,5795 3326,5796 3326,5796 3325,5796 3324,5797 3211,5797 3210,5798 3210,5799 3210,5799 3196,5799 3195,5799 3195,5753 3195,5752 2992,5752 2989,5750 2989,5749 2989,5748 2988,5749 2988,5797 2988,5797 2980,5797 2979,5797 2979,5749 2979,5748 2808,5748 2806,5750 2806,5751 2806,5751 2805,5751 2804,5752 2657,5752 2656,5753 2656,5800 2656,5800 2638,5800 2637,5800 2637,5786 2637,5785 2628,5785 2626,5784 2626,5756 2626,5755 2298,5755 2297,5756 2297,5803 2297,5803 2290,5803 2289,5803 2289,5802 2289,5801 2138,5801 2137,5801 2137,5760 2137,5759 1921,5759 1919,5761 1919,5762 1918,5763 1884,5763 1881,5761 1881,5760 1881,5759 1689,5759 1687,5761 1687,5762 1686,5763 1681,5763 1680,5764 1680,5765 1679,5766 1678,5766 1677,5767 1452,5767 1451,5768 1451,5785 1451,5785 1450,5785 1448,5787 1448,5799 1447,5800 1431,5800 1429,5802 1429,5803 1428,5804 1404,5804 1403,5804 1403,5803 1402,5802 1402,5801 1402,5800 1397,5800 1395,5799 1395,5798 1395,5797 1394,5797 1391,5795 1391,5775 1391,5774 1300,5774 1296,5770 1221,5770 1219,5769 1219,5768 1219,5767 1215,5767 1214,5766 1213,5766 1212,5766 1212,5761 1211,5759 1210,5759 1208,5758 1208,5754 1204,5750 1204,5742 1203,5740 1202,5740 1200,5739 1200,5734 1200,5733 1199,5733 1196,5731 1196,5730 1196,5729 1195,5729 1193,5728 1193,5724 1189,5720 1189,5708 1189,5707 1188,5707 1185,5705 1185,5697 1184,5695 1183,5695 1182,5695 1182,5694 1182,5693 1181,5694 1181,5816 1181,5816"/><TextEquiv index="1"><Unicode>Virginie. Car il faut que vous ſçachiez que</Unicode></TextEquiv></TextLine><TextLine id="r0_l036"><Coords points="2571,6135 2570,6135 2570,6086 2570,6085 2366,6085 2365,6086 2365,6087 2364,6088 2328,6088 2327,6089 2327,6095 2326,6096 2325,6096 2323,6098 2323,6106 2322,6107 2321,6107 2320,6108 2320,6113 2318,6115 2317,6115 2316,6116 2316,6117 2315,6118 2314,6118 2312,6120 2312,6121 2311,6122 2303,6122 2301,6124 2301,6125 2300,6126 2277,6126 2274,6124 2274,6123 2274,6122 2269,6122 2267,6121 2267,6120 2266,6118 2265,6118 2263,6117 2263,6093 2263,6092 1940,6092 1937,6095 1937,6096 1937,6096 1696,6096 1695,6097 1695,6098 1693,6100 1558,6100 1556,6102 1556,6103 1556,6103 1435,6103 1433,6105 1433,6106 1432,6107 1142,6107 1141,6107 1141,6106 1140,6105 1140,6095 1141,6094 1141,5996 1142,5995 1144,5995 1144,5995 1144,5918 1146,5916 1147,5916 1148,5915 1148,5824 1149,5823 1150,5823 1152,5821 1152,5817 1154,5815 1176,5815 1177,5816 1182,5816 1182,5817 1182,5860 1183,5860 1350,5860 1350,5860 1350,5851 1352,5849 1353,5849 1354,5848 1354,5843 1356,5841 1357,5841 1358,5840 1358,5835 1359,5834 1360,5834 1362,5832 1362,5831 1363,5830 1364,5830 1365,5829 1365,5828 1366,5827 1367,5827 1369,5825 1369,5824 1370,5823 1371,5823 1373,5821 1373,5820 1374,5819 1379,5819 1380,5818 1380,5817 1382,5815 1386,5815 1390,5819 1488,5819 1488,5820 1488,5821 1491,5823 1492,5823 1492,5824 1492,5826 1493,5827 1493,5860 1494,5860 1652,5860 1653,5859 1653,5858 1655,5856 1844,5856 1844,5856 1844,5817 1846,5815 1900,5815 1900,5815 1900,5813 1902,5811 2001,5811 2001,5811 2001,5810 2003,5808 2048,5808 2052,5804 2135,5804 2136,5803 2136,5802 2137,5801 2140,5801 2140,5802 2140,5803 2141,5803 2298,5803 2299,5804 2300,5804 2300,5805 2301,5806 2301,5807 2302,5807 2303,5808 2304,5808 2304,5809 2304,5810 2305,5811 2305,5845 2306,5845 2513,5845 2514,5844 2514,5843 2515,5842 2516,5842 2518,5840 2518,5839 2519,5838 2520,5838 2521,5837 2523,5837 2524,5838 2525,5838 2525,5839 2525,5840 2527,5841 2626,5841 2626,5841 2626,5813 2627,5812 2628,5812 2629,5811 2637,5811 2638,5812 2638,5812 2638,5801 2639,5800 2656,5800 2656,5801 2656,5841 2657,5841 2851,5841 2851,5841 2851,5836 2853,5834 2854,5834 2854,5834 2854,5833 2855,5832 2855,5828 2857,5826 2858,5826 2858,5826 2858,5818 2874,5802 2874,5801 2875,5800 2884,5800 2885,5799 2885,5798 2887,5796 2888,5796 2888,5796 2888,5795 2890,5793 2895,5793 2896,5795 2896,5796 2897,5796 2902,5796 2903,5797 2989,5797 2990,5799 2990,5800 2991,5800 2992,5800 2993,5802 2993,5841 2994,5841 3195,5841 3195,5841 3195,5800 3196,5799 3210,5799 3211,5800 3344,5800 3345,5802 3345,5845 3346,5845 3400,5845 3401,5847 3401,5848 3403,5849 3561,5849 3562,5848 3562,5847 3564,5845 3618,5845 3618,5845 3618,5839 3619,5838 3620,5838 3624,5834 3625,5834 3625,5834 3625,5833 3626,5832 3626,5828 3628,5826 3629,5826 3629,5826 3629,5825 3631,5823 3632,5823 3633,5822 3633,5817 3635,5815 3636,5815 3637,5814 3637,5809 3638,5808 3643,5808 3645,5806 3645,5805 3646,5804 3655,5804 3655,5805 3655,5806 3658,5808 3659,5808 3659,5809 3659,5821 3662,5823 3663,5823 3663,5824 3663,5825 3666,5827 3667,5827 3667,5828 3667,5845 3668,5845 3703,5845 3704,5847 3704,5852 3705,5852 3921,5852 3921,5852 3921,5814 3924,5811 3942,5811 3948,5818 3948,5856 3949,5856 4014,5856 4015,5858 4015,5859 4017,5860 4021,5860 4030,5870 4030,5882 4031,5882 4032,5882 4034,5885 4034,6064 4033,6065 4033,6066 4033,6066 4032,6066 4030,6068 4030,6069 4030,6069 4029,6069 4028,6070 3960,6070 3959,6071 3959,6087 3957,6089 3956,6089 3955,6090 3955,6091 3954,6092 3908,6092 3907,6093 3907,6094 3905,6096 3583,6096 3581,6098 3581,6099 3581,6099 3580,6099 3579,6100 3577,6099 3577,6098 3576,6096 3560,6096 3559,6096 3559,6095 3557,6092 3485,6092 3484,6092 3484,6091 3482,6088 3328,6088 3326,6087 3326,6086 3326,6085 3325,6085 3322,6083 3322,6082 3322,6081 3160,6081 3156,6085 3009,6085 3008,6086 3008,6095 3007,6096 3006,6096 3004,6098 3004,6107 3004,6107 3003,6107 3002,6108 2993,6117 2993,6118 2993,6118 2987,6118 2986,6118 2986,6089 2986,6088 2812,6088 2810,6090 2810,6091 2809,6092 2808,6092 2806,6091 2806,6090 2805,6088 2648,6088 2647,6089 2646,6089 2645,6090 2645,6091 2644,6092 2643,6092 2642,6093 2642,6094 2640,6096 2639,6096 2638,6097 2638,6098 2636,6100 2624,6100 2623,6101 2623,6102 2622,6103 2612,6103 2611,6104 2610,6103 2609,6103 2608,6103 2608,6086 2608,6085 2590,6085 2589,6086 2589,6135 2589,6135"/><TextEquiv index="1"><Unicode>eelie e iiiie,i e j ai la eomſé</Unicode></TextEquiv></TextLine><TextLine id="r0_l037"><Coords points="1681,6520 1680,6520 1680,6479 1680,6478 1607,6478 1605,6477 1605,6476 1604,6474 1599,6474 1597,6473 1597,6467 1597,6466 1146,6466 1144,6465 1144,6464 1144,6463 1135,6463 1133,6462 1133,6243 1134,6242 1137,6242 1137,6242 1137,6232 1139,6230 1140,6230 1140,6230 1140,6207 1143,6204 1144,6204 1144,6204 1144,6203 1146,6201 1150,6201 1155,6196 1155,6192 1158,6189 1159,6189 1159,6189 1159,6173 1161,6171 1162,6171 1163,6170 1163,6169 1165,6167 1170,6167 1170,6167 1170,6162 1173,6159 1174,6159 1174,6159 1174,6154 1176,6152 1185,6152 1185,6152 1185,6151 1188,6148 1551,6148 1555,6144 1758,6144 1758,6144 1758,6143 1760,6141 2203,6141 2203,6141 2203,6139 2205,6137 2210,6137 2211,6136 2211,6135 2213,6133 3176,6133 3177,6132 3177,6131 3178,6130 3179,6130 3180,6129 3187,6129 3188,6128 3188,6127 3189,6126 3198,6126 3199,6128 3199,6129 3200,6129 3201,6129 3203,6132 3203,6133 3204,6133 3939,6133 3940,6135 3940,6136 3942,6137 3943,6137 3944,6139 3944,6182 3945,6182 4014,6182 4015,6184 4015,6185 4016,6185 4017,6186 4018,6186 4019,6188 4019,6189 4020,6189 4021,6189 4023,6192 4023,6193 4024,6193 4025,6193 4026,6195 4026,6207 4028,6208 4029,6208 4030,6210 4030,6424 4029,6425 4028,6425 4026,6427 4026,6432 4025,6433 4024,6433 4022,6435 4022,6436 4022,6436 4021,6436 4019,6438 4019,6446 4000,6465 4000,6466 4000,6466 1688,6466 1687,6467 1687,6519 1687,6519 1684,6519 1683,6520"/><TextEquiv index="1"><Unicode>aanee, d'ooe &amp; de loueteer le le</Unicode></TextEquiv></TextLine></TextRegion></Page></PcGts>