4266 7552
580 720 2913 925 be Josepn Thompson.
31 897 2910 1067 emerciai de ſa politeſſe; & lui ayant ou-
96 1059 2917 1240 vert ma garde-robe, je le priai d'accepter
100 1225 2913 1386 les meilleurs habits qu'il y trouveroit. Il
96 1380 2928 1566 prit un habit bleu galonné d'or, trois
107 1542 2928 1710 chemiſes & quelques autres hardes ſem-
121 1705 2931 1888 blables, parce qu'il avoit tout perdu dans
122 1867 2931 2035 l'incendie de ſon vaiſſeau, à l'exception
132 2026 2931 2199 de ce qu'il portoit ſur lui. Il m'offrit un
129 2192 2939 2361 billet pour le montant de ces hardes; je
125 2350 2939 2529 le refuſai avec colere, & lui dis que je les
129 2524 2939 2682 lui confiois juſqu'à ce que nous nous re-
114 2679 2938 2841 viſſions en Angleterre. Les vents ne nous
143 2834 2942 3005 étant pas favorables, le Capitaine Social
118 2998 2942 3166 réſolut de relâcher à S. Vincent, l'une
143 3158 2946 3321 des Iſles du Cap Verd, où nous arrivâ-
129 3317 2940 3486 mes heureuſement, & ancrâmes dans une
143 3476 2949 3651 Baye fort commode: notre deſſein étoit
150 3638 3140 3808 d'y acheter des vivres, & de faire provi-
143 3793 3249 3967 ſion d'eau fraîche. J'y profitai de l'occa-
154 3960 2953 4121 ſion d'écrire à mon pere, à ma mere, à
136 4114 2949 4273 tous mes bons amis du pays d'York,
125 4273 2953 4456 ainſi qu'à M. Bellair & à Miſs Sukey, &
150 4439 2953 4614 je remis ces lettres avec les inſtructions
143 4597 2957 4778 néceſſaires à M. Prim. Nous y paſſâmes
147 4760 2956 4927 le tems fort agréablement; nous faiſions
164 4918 2960 5089 ſouvent des parties de plaiſir à terre, &
168 5077 2960 5255 nos nouveaux camarades étant d'auſſi bon-
150 5253 2960 5424 ne humeur que nous, nous y menions une
176 5402 2953 5594 vie réellemert digne d'envie. Je ne m'a-
165 5568 2964 5746 muſerai point à faire au Lecteur la deſcrip-
125 5733 3291 5908 tion de ces Iſles, on les connoît aſſez;
136 5892 2960 6067 & d'ailleurs on en trouve des relations
197 6051 2967 6223 dans tous les livres de Voyage, qui pour-
183 6213 2967 6379 ront ſupléer aux omiſſions de cette nature
2282 6386 2477 6514 Ia
