4266 7630
1304 719 3699 887 O LAVIEETLES AVENUuEs
1304 880 4152 1041 que je ferai dans tout le cours de mes Aven-
1289 1085 1877 1211 tures.
1458 1205 4131 1367 Deux jours après notre arrivée dans cette
1289 1370 4120 1546 Iſle, il y vint un gros Vaiſſeau que le Ca-
1293 1534 4149 1713 pitaine Clément reconnut pour un bâtiment
1297 1699 4141 1875 commandé pat le Capitaine Cable, qu'il
1297 1863 4130 2027 avoit vu à la Virginie. Prim, lui & moi,
1297 2026 4123 2193 & deux ou trois autres perſonnes de notre
1290 2189 4123 2367 compagnie, nous rendimes ſur ſon bord,
1297 2357 4131 2523 & il ſe trouva que la plus grande partie
1293 2518 4127 2684 de la cargaiſon avoit été fretée par l'Agent de
1293 2675 4134 2840 M. Prim, & adreſſée pour ſont compte
1290 2840 4222 3011 à M. Ferguſon, Marchand de Glaſcouw.
1286 3003 4116 3178 Le Capitaine fut charmé de voir ſon Pro-
1286 3161 4134 3502 piaieu & aaeinne ceee , e
1297 3490 4123 3662 quipage de ſon vaiſſeau, & de les conduire
1300 3658 4127 3827 dans le Port; & M. Prim s'engagea à
1297 3816 4131 3989 payer un pris convenable au-delà de leur
1293 3980 4123 4154 paſſage. Nous fumes parfaitement bien ré-
1297 4141 4127 4319 galés à bord; bientôt après Prim avec l'é-
1293 4306 4127 4482 quipage de ſon vaiſſeau paſſa ſur celui du Ca-
1289 4467 4167 4787 oeiai e ſon oditdonmonoabete iouet
1304 4778 4127 4939 deux hommes qui voulurent reſter à bord du
1297 4938 4127 5114 Haſtings, & qui conſentirent de paſſer aux
1308 5099 3374 5257 Indes avec le Capitaine Social.
1293 5264 4189 5457 Je reſtai avec Prim dans le vaiſſeau où
1293 5432 4119 5613 il étoit, & deux jours après tous les gens
1297 5593 4116 5761 du Haſtings furent invités à un repas à
1304 5754 4112 5933 bord de l'York, où nous fumes régalés de
1297 5914 4109 6095 tout ce qu'il y avoit de meilleur dans le
1304 6079 4101 6265 vaiſſeau. Prim & le Capitaine Clément ne
1297 6243 4101 6434 pouvoient ſe laſſer de nous marquer leur
