<PcGts xmlns="http://schema.primaresearch.org/PAGE/gts/pagecontent/2017-07-15" xmlns:xsi="http://www.w3.org/2001/XMLSchema-instance" xsi:schemaLocation="http://schema.primaresearch.org/PAGE/gts/pagecontent/2017-07-15 http://schema.primaresearch.org/PAGE/gts/pagecontent/2017-07-15/pagecontent.xsd"><Metadata><Creator>User123</Creator><Created>2020-10-08T14:54:56</Created><LastChange>2020-10-08T14:54:56</LastChange></Metadata><Page imageFilename="0121.png" imageHeight="7651" imageWidth="4266"><TextRegion id="r0" type="paragraph" orientation="-0.125"><Coords points="1,1 4264,1 4264,7649 1,7649"/><TextLine id="r0_l001"><Coords points="1161,990 1160,989 1160,889 1159,888 1158,888 1157,887 1157,886 1156,885 1156,884 1157,883 1157,844 1158,844 1162,844 1164,842 1164,815 1164,815 1166,815 1168,816 1168,817 1168,818 1169,818 1171,819 1171,820 1171,821 1636,822 1638,823 1638,824 1639,826 1681,826 1682,827 1681,848 1682,848 1784,848 1785,850 1785,851 1786,851 1882,851 1883,852 1884,852 1885,853 2622,855 2623,854 2623,853 2624,852 2638,852 2639,851 2640,852 2641,852 2641,853 2641,854 2642,854 2982,855 2983,856 2983,857 2985,859 3247,859 3249,861 3458,862 3459,863 3545,863 3545,864 3545,865 3546,865 3547,866 3548,866 3549,868 3549,876 3559,885 3560,885 3560,886 3560,932 3561,932 3610,932 3612,935 3611,936 3610,936 3609,937 3608,938 3608,939 3607,940 3599,940 3595,944 3554,944 3553,945 3553,950 3552,951 3551,951 3550,952 3549,953 3549,954 3549,954 3548,954 3545,957 3545,958 3545,958 3536,958 3535,959 3535,960 3533,962 3511,962 3508,959 2792,957 2791,958 2783,958 2781,957 2781,956 2781,955 2718,955 2717,954 2716,954 2715,954 2715,953 2715,952 1822,950 1821,951 1400,950 1399,951 1399,980 1399,980 1398,980 1395,983 1395,984 1395,984 1194,984 1193,984 1193,989 1193,990"/><TextEquiv index="1"><Unicode>O LAViEEtlesaventures</Unicode></TextEquiv></TextLine><TextLine id="r0_l002"><Coords points="3552,1167 3552,1167 3552,1125 3551,1124 3367,1124 3366,1123 3365,1123 3365,1122 3365,1120 3364,1120 3173,1119 3172,1120 3094,1120 3094,1120 3094,1119 3091,1116 2820,1115 2819,1116 2671,1116 2671,1116 2671,1115 2669,1113 2537,1113 2537,1113 2537,1160 2536,1161 2525,1161 2525,1160 2525,1113 2524,1113 2476,1113 2476,1113 2476,1140 2474,1142 2473,1142 2472,1143 2472,1144 2470,1146 2465,1146 2465,1146 2465,1147 2463,1149 2451,1149 2450,1147 2450,1146 2449,1146 2448,1146 2447,1144 2447,1117 2446,1117 2149,1116 2149,1116 2149,1115 2147,1113 1987,1113 1987,1113 1987,1148 1986,1149 1985,1149 1976,1158 1965,1158 1964,1157 1959,1157 1958,1155 1958,1154 1956,1153 1955,1153 1954,1151 1954,1114 1953,1114 1739,1113 1737,1111 1737,1110 1736,1109 1481,1109 1480,1110 1480,1111 1479,1112 1478,1112 1477,1113 1398,1112 1397,1113 1395,1111 1395,1110 1394,1109 1242,1109 1242,1110 1242,1153 1241,1153 1215,1153 1215,1152 1215,1149 1214,1149 1164,1149 1164,1148 1164,1147 1157,1140 1157,1139 1156,1138 1156,1137 1157,1136 1157,1135 1157,1135 1158,1135 1160,1133 1160,990 1161,990 1193,990 1193,990 1193,1027 1194,1028 1474,1029 1475,1028 1483,1028 1484,1029 1484,1030 1486,1032 1671,1032 1671,1032 1671,1034 1672,1035 1858,1035 1859,1034 1859,1033 1860,1032 1898,1032 1900,1034 1978,1035 1979,1036 1980,1036 1980,1036 1980,1037 1982,1039 2090,1039 2090,1038 2090,999 2091,999 2096,999 2098,996 2098,995 2099,995 2108,995 2108,995 2108,996 2111,999 2112,999 2112,999 2112,1038 2113,1039 2292,1039 2292,1039 2292,1001 2298,995 2306,995 2307,997 2307,998 2308,998 2309,998 2311,1001 2311,1009 2313,1010 2314,1010 2314,1011 2314,1016 2316,1017 2317,1017 2318,1019 2318,1039 2319,1039 2480,1040 2481,1039 2545,1039 2546,1037 2546,1036 2548,1035 2685,1035 2685,1035 2685,998 2686,997 2686,996 2687,995 2688,995 2688,995 2689,994 2689,993 2691,991 2699,991 2700,993 2700,994 2701,994 2702,995 2703,995 2704,997 2704,998 2706,999 2707,999 2707,1000 2707,1001 2708,1002 2708,1042 2709,1042 3096,1043 3097,1042 3097,1041 3099,1039 3115,1039 3115,1040 3115,1041 3118,1043 3292,1044 3292,1043 3292,1040 3294,1039 3295,1039 3295,1038 3295,1030 3296,1029 3296,1028 3297,1028 3298,1028 3299,1026 3299,1014 3300,1014 3301,1014 3303,1011 3303,1007 3305,1006 3306,1006 3306,1005 3306,1000 3308,999 3316,999 3318,996 3318,995 3319,995 3331,995 3336,1000 3336,1045 3337,1046 3504,1046 3505,1044 3505,1043 3506,1043 3736,1043 3736,1043 3736,1042 3737,1041 3737,1039 3738,1038 3739,1038 3744,1033 3744,1032 3745,1032 3887,1032 3887,1031 3887,1011 3890,1009 3891,1009 3891,1008 3891,1003 3893,1002 3894,1002 3894,1001 3894,1000 3896,999 3897,999 3898,997 3898,996 3900,995 3905,995 3905,994 3905,993 3908,991 3942,991 3942,990 3942,989 3944,988 4001,988 4001,988 4001,986 4003,984 4019,984 4019,985 4019,986 4020,986 4022,988 4023,988 4023,989 4023,990 4026,992 4027,992 4027,993 4027,1027 4026,1028 4025,1028 4023,1030 4023,1115 4017,1120 4013,1120 4012,1122 4012,1123 4011,1123 4010,1123 4009,1124 3766,1124 3766,1124 3766,1125 3764,1127 3763,1127 3762,1128 3762,1133 3760,1135 3759,1135 3759,1135 3759,1139 3758,1140 3758,1141 3757,1142 3752,1142 3751,1143 3751,1144 3749,1146 3737,1145 3736,1146 3734,1146 3733,1145 3733,1125 3732,1124 3557,1124 3557,1125 3557,1167 3556,1167"/><TextEquiv index="1"><Unicode>je commençois à perdre mes forces; &amp;</Unicode></TextEquiv></TextLine><TextLine id="r0_l003"><Coords points="3219,1328 3218,1327 3209,1327 3208,1326 2176,1324 2175,1324 2175,1314 2175,1313 1434,1311 1432,1310 1432,1309 1431,1307 1426,1307 1425,1307 1425,1306 1423,1303 1422,1303 1419,1300 1418,1300 1418,1300 1418,1299 1417,1298 1417,1272 1416,1271 1177,1271 1176,1270 1175,1270 1175,1269 1175,1268 1173,1267 1169,1267 1165,1263 1164,1263 1164,1262 1164,1260 1165,1259 1166,1259 1168,1257 1168,1201 1168,1201 1173,1201 1175,1199 1175,1198 1176,1197 1181,1197 1182,1196 1182,1187 1183,1186 1184,1186 1186,1184 1186,1180 1206,1160 1207,1160 1208,1159 1208,1154 1209,1153 1539,1154 1540,1153 1603,1153 1605,1151 1605,1150 1606,1149 1622,1149 1623,1148 1623,1147 1624,1146 1625,1146 1626,1145 1627,1145 1628,1146 1629,1146 1631,1147 1631,1148 1631,1149 1658,1149 1660,1150 1660,1156 1660,1157 1975,1158 1976,1159 2786,1160 2787,1161 3904,1164 3905,1164 3905,1165 3906,1166 3906,1203 3906,1204 4024,1204 4025,1205 4026,1205 4027,1206 4027,1211 4028,1212 4029,1212 4030,1213 4030,1214 4031,1215 4031,1221 4028,1223 4027,1223 4027,1224 4027,1225 4024,1227 4016,1227 4016,1228 4016,1229 4014,1230 4013,1230 4012,1232 4012,1277 4010,1278 4002,1278 4001,1280 4001,1281 3999,1282 3702,1281 3701,1282 3697,1282 3696,1284 3696,1284 4172,1285 4174,1287 4174,1288 4172,1289 3640,1288 3639,1289 3223,1288 3223,1289 3222,1328 3222,1328"/><TextEquiv index="1"><Unicode>ſe gliſſant ſous moi, il me ſoutint ſur</Unicode></TextEquiv></TextLine><TextLine id="r0_l004"><Coords points="3929,1492 3928,1491 3928,1444 3928,1444 3782,1444 3780,1445 3780,1446 3780,1447 3779,1447 3777,1448 3777,1456 3776,1458 3775,1458 3773,1459 3773,1460 3772,1462 3771,1462 3770,1462 3770,1474 3769,1476 3757,1476 3755,1477 3755,1478 3754,1480 3746,1480 3740,1474 3740,1452 3740,1452 3503,1451 3501,1449 3501,1448 3500,1447 3422,1447 3421,1446 3421,1445 3420,1444 3228,1443 3225,1446 3225,1447 3225,1447 3143,1447 3141,1446 3141,1445 3140,1443 2803,1442 2802,1443 2802,1488 2802,1488 2794,1488 2793,1488 2793,1443 2793,1442 2774,1442 2773,1443 2761,1443 2759,1445 2759,1446 2758,1447 2635,1447 2634,1448 2634,1468 2633,1469 2632,1469 2630,1471 2630,1472 2629,1473 2618,1473 2615,1471 2615,1470 2615,1469 2614,1469 2612,1468 2612,1444 2612,1443 2226,1442 2225,1443 2058,1443 2057,1443 2057,1475 2057,1476 2040,1476 2039,1475 2039,1474 2038,1473 2034,1473 2031,1470 2031,1443 2031,1443 1852,1442 1851,1443 1850,1443 1848,1445 1848,1464 1847,1465 1846,1465 1844,1467 1844,1468 1843,1469 1842,1469 1840,1471 1840,1472 1839,1473 1831,1473 1829,1472 1829,1463 1829,1462 1732,1462 1730,1461 1730,1460 1729,1458 1728,1458 1726,1457 1726,1437 1726,1436 1471,1436 1470,1435 1356,1434 1355,1435 1355,1479 1355,1479 1227,1479 1226,1479 1226,1433 1226,1432 1165,1432 1164,1431 1164,1422 1166,1421 1167,1421 1168,1419 1168,1363 1170,1362 1175,1362 1175,1361 1175,1360 1177,1359 1181,1359 1182,1357 1182,1345 1184,1344 1185,1344 1186,1342 1186,1338 1203,1322 1207,1322 1208,1320 1208,1319 1210,1318 1215,1318 1215,1317 1215,1316 1217,1315 1241,1315 1241,1316 1241,1355 1242,1355 1266,1355 1267,1357 1267,1358 1269,1359 1498,1360 1498,1359 1498,1316 1500,1315 1513,1315 1513,1315 1513,1316 1519,1322 1520,1322 1520,1322 1520,1334 1521,1335 1521,1358 1522,1359 1582,1359 1583,1360 1583,1361 1584,1362 1651,1362 1660,1371 1660,1409 1661,1410 1825,1410 1825,1410 1825,1373 1826,1372 1826,1371 1827,1370 1829,1370 1829,1370 1829,1324 1831,1322 1988,1323 1989,1322 1997,1322 2001,1326 2005,1326 2005,1326 2006,1327 2006,1332 2007,1333 2008,1333 2009,1334 2009,1365 2010,1366 2171,1366 2171,1366 2171,1327 2172,1326 2173,1326 2175,1324 2222,1324 2223,1323 2237,1323 2237,1324 2237,1325 2238,1325 2239,1325 2241,1328 2241,1370 2242,1370 2366,1371 2367,1370 2372,1370 2373,1368 2373,1367 2375,1366 2380,1366 2380,1365 2380,1364 2383,1362 2390,1362 2392,1364 2392,1365 2393,1366 2464,1366 2465,1367 2465,1368 2467,1370 2658,1370 2662,1366 2862,1367 2862,1366 2862,1330 2864,1329 2865,1329 2866,1327 2866,1326 2867,1326 2883,1326 2884,1327 2884,1365 2885,1366 2942,1366 2942,1366 2942,1367 2945,1370 3203,1370 3203,1370 3203,1333 3204,1332 3204,1331 3206,1329 3207,1329 3207,1329 3207,1328 3208,1327 3274,1327 3275,1326 3278,1326 3283,1322 3342,1322 3347,1327 3347,1372 3348,1373 3742,1374 3744,1371 3744,1370 3745,1370 3986,1370 3986,1370 3986,1369 3987,1368 3987,1367 3988,1366 3989,1366 3990,1365 3990,1364 3991,1363 3992,1363 3994,1361 3994,1360 3995,1359 4004,1359 4005,1361 4005,1362 4006,1362 4007,1362 4009,1365 4009,1366 4010,1366 4019,1366 4019,1367 4019,1368 4020,1368 4022,1370 4023,1370 4023,1371 4023,1439 4022,1440 4021,1440 4019,1442 4019,1443 4019,1443 4018,1443 4016,1445 4016,1446 4015,1447 3946,1447 3945,1447 3945,1491 3945,1492"/><TextEquiv index="1"><Unicode>ſon dos, juſqu'à ce que le vaiſſeau ayant</Unicode></TextEquiv></TextLine><TextLine id="r0_l005"><Coords points="2304,1609 2303,1608 2303,1607 2302,1606 1801,1605 1797,1601 1506,1601 1506,1600 1506,1599 1505,1599 1206,1598 1204,1595 1204,1594 1203,1594 1191,1594 1182,1584 1182,1583 1181,1583 1180,1583 1179,1581 1179,1577 1176,1575 1175,1575 1175,1574 1175,1547 1176,1546 1177,1546 1179,1544 1179,1539 1179,1539 1180,1539 1182,1537 1182,1533 1185,1531 1186,1531 1186,1530 1186,1529 1188,1528 1192,1528 1194,1525 1194,1524 1195,1524 1204,1524 1204,1523 1204,1522 1207,1520 1212,1520 1212,1519 1212,1495 1213,1495 1214,1495 1215,1493 1215,1489 1218,1487 1219,1487 1219,1487 1219,1482 1221,1480 1226,1480 1227,1479 1700,1480 1700,1480 1700,1479 1703,1476 1714,1476 1715,1478 1715,1479 1717,1480 1722,1480 1722,1481 1722,1482 1723,1482 3024,1485 3025,1484 3038,1484 3038,1484 3038,1489 3040,1491 3041,1491 3042,1492 3042,1528 3043,1529 3927,1531 3927,1530 3927,1493 3929,1492 3946,1492 3946,1492 3946,1493 3947,1494 3948,1495 3949,1495 3950,1496 3950,1556 3950,1557 4025,1557 4027,1559 4027,1582 4025,1583 4017,1583 4013,1587 3953,1587 3953,1587 3953,1607 3951,1609 3573,1608 3572,1609 3107,1608 3106,1609 2798,1608 2797,1609 2306,1608 2305,1609"/><TextEquiv index="1"><Unicode>été ſuffiſamment inſtruit de mon acci-</Unicode></TextEquiv></TextLine><TextLine id="r0_l006"><Coords points="2580,1816 2579,1815 2579,1794 2579,1794 1540,1792 1539,1791 1539,1790 1538,1789 1534,1789 1531,1786 1140,1785 1138,1783 1138,1782 1137,1781 1136,1781 1135,1780 1135,1779 1134,1778 1134,1776 1135,1775 1135,1774 1136,1774 1186,1774 1186,1773 1187,1756 1186,1756 1184,1756 1179,1750 1179,1746 1176,1744 1175,1744 1175,1743 1175,1738 1173,1737 1172,1737 1171,1735 1171,1728 1175,1724 1175,1709 1176,1708 1177,1708 1179,1706 1179,1701 1179,1701 1180,1701 1182,1699 1182,1698 1183,1697 1184,1697 1186,1695 1186,1694 1187,1693 1188,1693 1190,1691 1190,1690 1190,1690 1191,1690 1192,1689 1196,1689 1197,1688 1197,1687 1198,1686 1222,1686 1223,1686 1223,1640 1224,1638 1228,1638 1230,1637 1230,1636 1231,1634 1232,1634 1233,1635 1234,1636 1234,1637 1235,1638 1243,1638 1245,1640 1245,1645 1245,1645 1246,1645 1248,1647 3184,1651 3186,1649 3202,1649 3203,1650 3203,1651 3203,1651 3746,1653 3747,1653 3747,1654 3748,1655 3748,1685 3748,1686 3786,1686 3788,1687 3788,1688 3788,1689 3789,1689 3792,1691 3792,1692 3792,1693 3995,1693 3998,1696 3998,1697 3998,1697 4014,1697 4016,1699 4016,1700 4016,1700 4017,1700 4020,1703 4020,1704 4020,1704 4021,1704 4023,1706 4023,1751 4024,1752 4025,1752 4026,1753 4027,1754 4027,1755 4028,1756 4029,1756 4030,1757 4030,1758 4031,1759 4030,1765 4027,1768 4027,1769 4026,1770 3736,1769 3735,1770 3624,1770 3623,1771 3623,1772 3622,1773 3622,1774 3622,1774 3277,1773 3276,1774 3272,1774 3268,1778 3061,1778 3060,1779 3060,1784 3057,1787 3057,1791 3055,1793 3054,1793 3053,1794 3053,1795 3052,1796 3048,1796 3040,1804 2594,1803 2593,1804 2593,1816 2593,1816"/><TextEquiv index="1"><Unicode>dent, on ſerra les voiles, &amp; on mit en</Unicode></TextEquiv></TextLine><TextLine id="r0_l007"><Coords points="2373,1980 2372,1979 2372,1932 2372,1932 2281,1931 2280,1932 2191,1932 2189,1934 2189,1935 2188,1936 2179,1936 2178,1937 2178,1965 2178,1965 2177,1965 2173,1969 2158,1969 2156,1968 2156,1967 2155,1965 2154,1965 2153,1965 2153,1964 2152,1963 2152,1933 2152,1932 1896,1931 1895,1932 1743,1932 1741,1931 1741,1930 1740,1928 1588,1928 1587,1927 1587,1926 1586,1925 1417,1924 1416,1925 1181,1925 1179,1923 1179,1855 1180,1855 1181,1855 1183,1852 1183,1851 1184,1851 1193,1851 1193,1850 1193,1849 1196,1847 1283,1847 1284,1848 1285,1848 1285,1849 1285,1850 1287,1851 1535,1852 1535,1851 1535,1815 1537,1814 1538,1814 1543,1808 1543,1807 1544,1807 1553,1807 1553,1807 1553,1808 1556,1811 1557,1811 1557,1811 1557,1850 1558,1851 1615,1851 1616,1852 1616,1853 1618,1855 1785,1855 1785,1855 1785,1820 1787,1818 1788,1818 1789,1817 1789,1816 1791,1814 1792,1814 1792,1814 1792,1813 1794,1811 1810,1811 1812,1813 1956,1814 1962,1820 1962,1854 1963,1855 2027,1855 2028,1856 2028,1857 2029,1858 2262,1858 2263,1857 2263,1856 2264,1855 2277,1855 2277,1856 2277,1857 2279,1858 2283,1858 2286,1861 2575,1862 2575,1861 2575,1823 2578,1821 2579,1821 2579,1820 2579,1816 2580,1816 2594,1816 2594,1817 2594,1818 2595,1818 2596,1818 2597,1820 2597,1862 2598,1862 2807,1862 2807,1862 2807,1820 2809,1818 2818,1818 2819,1817 2820,1817 2825,1823 2825,1861 2826,1862 2935,1862 2935,1861 2935,1860 2938,1858 2939,1858 2939,1857 2939,1856 2941,1855 2946,1855 2946,1855 2946,1856 2949,1859 2950,1859 2950,1859 2950,1860 2952,1862 2956,1862 2958,1864 2958,1865 2959,1866 3125,1866 3129,1862 3210,1862 3211,1861 3211,1860 3212,1859 3213,1859 3214,1858 3220,1858 3221,1859 3269,1859 3271,1861 3379,1862 3380,1863 3380,1864 3382,1866 3618,1866 3619,1865 3619,1864 3621,1862 3749,1863 3750,1862 3780,1862 3781,1860 3781,1859 3782,1859 3783,1859 3784,1858 3869,1858 3869,1857 3869,1815 3871,1814 3885,1814 3886,1815 3887,1815 3887,1815 3887,1816 3888,1817 3889,1818 3890,1818 3891,1819 3891,1854 3892,1855 4000,1855 4001,1857 4001,1858 4002,1858 4014,1858 4016,1861 4016,1862 4017,1862 4022,1862 4023,1864 4023,1865 4024,1865 4025,1866 4026,1866 4027,1868 4027,1869 4029,1870 4030,1870 4030,1871 4030,1872 4031,1873 4031,1919 4030,1920 4030,1921 4030,1921 4029,1921 4023,1927 4023,1928 4023,1928 4022,1928 4019,1931 4019,1932 4019,1932 4014,1932 4012,1934 4012,1935 4011,1936 3989,1936 3985,1932 3711,1931 3710,1932 3709,1932 3707,1934 3707,1935 3706,1936 3561,1936 3560,1937 3560,1965 3560,1965 3559,1965 3555,1969 3540,1969 3538,1968 3538,1967 3538,1966 3537,1965 3536,1965 3534,1964 3534,1952 3534,1951 3533,1951 3531,1950 3531,1937 3531,1936 3229,1935 3228,1936 2819,1935 2818,1936 2813,1936 2810,1934 2810,1933 2810,1932 2481,1932 2480,1932 2480,1959 2478,1962 2477,1962 2476,1962 2476,1963 2475,1965 2474,1965 2472,1963 2472,1962 2472,1962 2468,1962 2467,1961 2466,1961 2465,1960 2465,1948 2464,1947 2463,1947 2461,1945 2461,1932 2461,1932 2379,1932 2378,1932 2378,1979 2378,1980"/><TextEquiv index="1"><Unicode>mer la chaloupe qui vint nous prendre</Unicode></TextEquiv></TextLine><TextLine id="r0_l008"><Coords points="2322,2141 2322,2141 2322,2095 2321,2094 2153,2094 2153,2095 2153,2096 2151,2097 2150,2097 2149,2098 2013,2098 2013,2098 2013,2114 2011,2116 2010,2116 2009,2117 2009,2125 2007,2127 2003,2127 1999,2131 1985,2131 1983,2128 1983,2098 1982,2098 1967,2098 1964,2095 1672,2094 1671,2092 1671,2091 1669,2090 1606,2090 1605,2088 1605,2087 1604,2087 1415,2086 1414,2087 1403,2087 1403,2088 1403,2089 1401,2090 1400,2090 1399,2089 1399,2088 1398,2087 1215,2087 1215,2087 1215,2115 1214,2116 1213,2116 1209,2120 1197,2120 1197,2120 1197,2121 1195,2123 1176,2123 1175,2121 1175,2117 1171,2113 1171,2022 1172,2021 1172,2020 1172,2020 1181,2020 1182,2019 1182,2018 1183,2017 1184,2017 1185,2016 1192,2016 1193,2015 1193,2014 1194,2013 1266,2013 1267,2013 1267,1974 1268,1973 1269,1973 1270,1972 1271,1971 1271,1970 1272,1969 1285,1969 1285,1970 1285,1975 1287,1976 1288,1976 1289,1978 1289,2013 1289,2013 1531,2014 1532,2013 1607,2013 1609,2014 1609,2015 1609,2016 1788,2016 1789,2016 1789,2014 1789,2013 1790,2013 1794,2009 1801,2009 1803,2011 1803,2012 1804,2013 1804,2020 1804,2020 1856,2020 1859,2023 2066,2024 2068,2022 2068,2021 2069,2020 2139,2020 2142,2023 2142,2024 2142,2024 2365,2025 2366,2024 2366,1984 2367,1984 2368,1984 2369,1982 2369,1981 2371,1980 2457,1980 2457,1980 2457,1981 2460,1984 2461,1984 2461,1984 2461,2023 2461,2024 2485,2024 2487,2025 2487,2026 2487,2027 2488,2027 2491,2029 2491,2033 2492,2035 2493,2035 2494,2035 2494,2060 2494,2061 2670,2061 2671,2061 2671,2055 2672,2053 2673,2053 2674,2053 2674,2041 2675,2039 2676,2039 2678,2038 2678,1996 2678,1995 2679,1995 2682,1993 2682,1989 2684,1987 2685,1987 2685,1987 2685,1986 2688,1983 2689,1983 2689,1983 2689,1982 2691,1980 2692,1980 2693,1979 2693,1978 2695,1976 2706,1976 2710,1980 2714,1980 2715,1982 2715,1983 2716,1983 2717,1983 2719,1986 2719,1987 2720,1987 2721,1987 2722,1989 2722,1993 2724,1995 2725,1995 2726,1996 2726,2016 2726,2016 2785,2016 2786,2017 2787,2017 2788,2018 2788,2023 2788,2023 3077,2024 3079,2026 3079,2027 3079,2027 3286,2028 3287,2027 3298,2027 3299,2026 3299,2025 3300,2024 3416,2024 3417,2023 3417,2021 3418,2020 3419,2020 3420,2019 3420,2018 3421,2017 3422,2017 3423,2016 3570,2016 3571,2016 3571,1985 3572,1984 3573,1984 3573,1984 3575,1982 3575,1981 3576,1980 3688,1980 3689,1982 3689,1983 3690,1983 3691,1983 3692,1985 3692,2023 3692,2023 3945,2024 3946,2023 3946,1981 3948,1980 3952,1980 3953,1978 3953,1977 3955,1976 3956,1976 3957,1977 3957,1978 3959,1980 3964,1980 3964,1980 3964,1985 3966,1987 3967,1987 3968,1989 3968,2068 3968,2068 4010,2068 4012,2070 4012,2071 4013,2072 4018,2072 4019,2073 4019,2074 4020,2075 4020,2095 4019,2096 4019,2097 4018,2097 4017,2097 4016,2099 4016,2100 4014,2101 3928,2101 3927,2099 3927,2098 3926,2098 3719,2097 3718,2098 3685,2098 3685,2099 3685,2100 3683,2101 3421,2101 3421,2100 3421,2099 3419,2098 3242,2097 3240,2100 3240,2101 3239,2101 3222,2101 3222,2102 3222,2133 3220,2134 3216,2134 3214,2137 3214,2138 3213,2138 3197,2138 3196,2137 3196,2132 3195,2131 3194,2131 3193,2130 3193,2129 3192,2128 3192,2102 3191,2101 3112,2101 3112,2101 3112,2100 3110,2098 2790,2097 2788,2100 2788,2101 2787,2101 2708,2101 2708,2102 2708,2103 2705,2105 2576,2105 2575,2106 2575,2107 2574,2108 2573,2108 2571,2110 2571,2111 2570,2112 2569,2112 2568,2113 2568,2114 2566,2116 2554,2116 2553,2117 2553,2118 2552,2119 2550,2119 2549,2117 2549,2098 2548,2098 2464,2098 2463,2097 2462,2097 2460,2095 2336,2094 2336,2095 2336,2141 2335,2141"/><TextEquiv index="1"><Unicode>plus morts que vifs, &amp; nous porta à bord.</Unicode></TextEquiv></TextLine><TextLine id="r0_l009"><Coords points="3939,2313 3938,2312 3933,2312 3932,2311 3859,2311 3858,2310 3858,2298 3858,2298 2076,2294 2075,2294 2075,2301 2075,2302 2069,2302 2068,2301 2068,2291 2068,2291 1273,2289 1272,2288 1264,2288 1263,2288 1263,2287 1262,2285 1251,2285 1247,2281 1243,2281 1241,2280 1241,2279 1241,2278 1240,2278 1237,2276 1237,2275 1237,2274 1236,2274 1234,2273 1234,2272 1233,2270 1232,2270 1230,2269 1230,2265 1229,2263 1228,2263 1227,2263 1227,2256 1227,2255 1224,2255 1223,2255 1223,2254 1222,2252 1214,2252 1212,2250 1212,2249 1212,2249 1211,2248 1210,2248 1208,2246 1208,2245 1208,2245 1207,2245 1204,2242 1204,2241 1204,2241 1199,2241 1197,2239 1197,2238 1196,2237 1195,2237 1194,2236 1194,2235 1193,2234 1192,2233 1191,2233 1190,2232 1190,2231 1189,2230 1188,2230 1186,2228 1186,2223 1185,2222 1184,2222 1181,2219 1182,2212 1181,2212 1180,2212 1179,2210 1179,2208 1179,2208 1180,2208 1182,2206 1182,2187 1183,2186 1184,2186 1186,2184 1186,2179 1187,2178 1188,2178 1190,2176 1190,2168 1191,2167 1192,2167 1193,2166 1193,2165 1195,2163 1196,2163 1197,2162 1197,2161 1198,2160 1199,2160 1201,2158 1201,2157 1202,2156 1203,2156 1204,2155 1204,2154 1205,2153 1209,2153 1221,2141 1225,2141 1227,2140 1227,2139 1227,2138 1232,2138 1234,2137 1234,2136 1235,2134 1243,2134 1245,2133 1245,2132 1245,2131 1246,2131 1247,2130 1611,2131 1613,2132 1613,2133 1613,2134 1614,2134 1616,2135 1616,2136 1617,2137 1617,2138 1618,2138 1620,2140 2335,2141 2336,2142 2336,2143 2336,2143 3047,2145 3049,2146 3049,2147 3049,2148 3665,2149 3667,2151 3667,2152 3667,2152 3671,2152 3672,2153 3673,2153 3674,2154 3674,2184 3674,2184 3781,2185 3782,2186 3783,2186 3784,2186 3784,2187 3785,2189 3855,2189 3859,2193 3863,2193 3865,2194 3864,2225 3865,2226 4015,2226 4016,2228 4016,2229 4017,2229 4018,2230 4019,2230 4019,2231 4019,2232 4021,2233 4022,2233 4023,2235 4023,2243 4027,2247 4027,2258 4026,2259 4025,2259 4024,2260 4023,2261 4023,2262 4022,2263 4021,2263 4020,2264 4020,2265 4018,2267 4017,2267 4016,2268 4016,2269 4015,2270 4014,2270 4012,2272 4012,2273 4011,2274 4010,2274 4009,2275 4009,2276 4007,2278 4002,2278 4001,2279 4001,2280 3996,2285 3951,2285 3950,2285 3950,2312 3950,2313"/><TextEquiv index="1"><Unicode>Quand nous eûmes repris nos ſens,</Unicode></TextEquiv></TextLine><TextLine id="r0_l010"><Coords points="2377,2471 2377,2470 2377,2422 2377,2422 2272,2421 2270,2423 2270,2424 2270,2424 2269,2424 2268,2425 2202,2425 2201,2424 2055,2424 2053,2422 2053,2421 2053,2421 1881,2420 1880,2421 1721,2421 1719,2420 1719,2419 1718,2417 1444,2416 1443,2417 1438,2417 1436,2416 1436,2415 1436,2414 1235,2414 1234,2415 1234,2416 1233,2417 1221,2417 1219,2416 1219,2415 1219,2414 1196,2414 1193,2411 1193,2407 1192,2406 1191,2406 1190,2405 1190,2400 1189,2399 1188,2399 1186,2397 1186,2396 1185,2395 1184,2395 1182,2393 1182,2392 1181,2391 1180,2391 1179,2390 1179,2377 1180,2377 1181,2377 1182,2375 1182,2363 1184,2362 1185,2362 1186,2360 1186,2359 1187,2359 1188,2359 1190,2356 1190,2352 1196,2347 1200,2347 1201,2345 1201,2344 1202,2344 1207,2344 1208,2342 1208,2341 1210,2340 1211,2340 1212,2338 1212,2337 1214,2336 1263,2336 1263,2336 1263,2301 1264,2300 1265,2300 1266,2299 1283,2299 1284,2300 1285,2300 1285,2301 1285,2336 1286,2336 1317,2336 1318,2338 1318,2339 1319,2339 1542,2340 1542,2340 1542,2341 1543,2342 1543,2343 1544,2344 1726,2344 1727,2343 1728,2344 1980,2345 1980,2344 1980,2337 1982,2336 1983,2336 1983,2335 1983,2327 1986,2325 1987,2325 1987,2324 1987,2319 1989,2318 1990,2318 1991,2316 1991,2315 1993,2314 1994,2314 1994,2313 1994,2309 1995,2308 1995,2307 1996,2307 2001,2307 2002,2305 2002,2304 2004,2303 2009,2303 2009,2302 2009,2301 2012,2299 2025,2299 2026,2300 2027,2300 2029,2302 2076,2302 2077,2303 2269,2303 2270,2305 2270,2306 2272,2307 2277,2307 2277,2308 2277,2309 2278,2310 2278,2344 2279,2344 2318,2344 2318,2345 2318,2346 2319,2346 2513,2347 2513,2346 2513,2307 2514,2307 2519,2307 2520,2305 2520,2304 2522,2303 2534,2303 2534,2303 2534,2304 2537,2307 2538,2307 2538,2307 2538,2308 2541,2311 2542,2311 2542,2311 2542,2346 2543,2347 2603,2347 2607,2351 2810,2351 2810,2352 2810,2353 2812,2354 2974,2355 2978,2351 3078,2351 3078,2351 3078,2318 3079,2317 3079,2316 3081,2314 3082,2314 3082,2314 3082,2313 3084,2311 3085,2311 3086,2310 3093,2310 3093,2310 3093,2309 3095,2307 3100,2307 3101,2309 3101,2310 3102,2311 3103,2311 3104,2311 3104,2312 3104,2351 3105,2351 3285,2352 3286,2351 3549,2351 3549,2351 3549,2346 3553,2342 3553,2334 3554,2333 3555,2333 3557,2331 3557,2330 3558,2329 3559,2329 3560,2328 3560,2327 3561,2326 3562,2325 3563,2325 3564,2324 3564,2320 3570,2314 3574,2314 3575,2313 3575,2312 3576,2311 3577,2311 3578,2310 3591,2310 3592,2311 3593,2311 3593,2312 3593,2313 3596,2315 3597,2315 3597,2316 3597,2317 3599,2318 3600,2318 3600,2319 3600,2320 3601,2321 3601,2347 3602,2347 3777,2348 3777,2347 3777,2308 3779,2307 3909,2307 3909,2307 3909,2311 3910,2312 3938,2312 3939,2313 3950,2313 3950,2313 3950,2361 3951,2362 4022,2362 4023,2364 4023,2372 4025,2373 4026,2373 4027,2374 4027,2375 4027,2376 4029,2377 4030,2377 4030,2378 4030,2379 4031,2380 4031,2386 4029,2388 4028,2388 4027,2389 4027,2394 4026,2395 4025,2395 4023,2397 4023,2402 4023,2402 4022,2402 4021,2403 4002,2403 4001,2404 4001,2405 4000,2406 3992,2406 3990,2408 3990,2409 3989,2410 3951,2410 3950,2410 3950,2422 3948,2425 3778,2425 3777,2425 3777,2469 3776,2470 3774,2470 3774,2469 3774,2425 3774,2425 3629,2424 3626,2427 3626,2428 3626,2428 3204,2427 3203,2428 3198,2428 3196,2427 3196,2426 3196,2425 2787,2424 2786,2425 2663,2425 2662,2426 2662,2469 2661,2469 2645,2469 2645,2469 2645,2426 2645,2425 2501,2425 2500,2424 2499,2424 2498,2423 2498,2422 2498,2422 2392,2422 2391,2422 2391,2470 2390,2471"/><TextEquiv index="1"><Unicode>chacun me félicita de mon heureuſe déli-</Unicode></TextEquiv></TextLine><TextLine id="r0_l011"><Coords points="2855,2636 2855,2635 2855,2590 2854,2590 2721,2589 2720,2590 2667,2590 2667,2591 2667,2596 2663,2600 2663,2608 2662,2608 2661,2608 2659,2611 2659,2612 2658,2612 2657,2612 2656,2614 2656,2615 2655,2615 2654,2615 2652,2618 2652,2619 2651,2619 2496,2619 2492,2623 2484,2623 2483,2621 2483,2586 2482,2586 2332,2585 2331,2586 1980,2586 1980,2585 1980,2584 1979,2584 1786,2583 1783,2586 1775,2586 1774,2585 1774,2584 1773,2583 1507,2583 1506,2581 1506,2580 1505,2580 1232,2579 1227,2579 1227,2580 1227,2581 1224,2583 1223,2582 1223,2581 1222,2580 1221,2579 1220,2579 1219,2578 1219,2570 1215,2565 1215,2561 1213,2560 1212,2560 1212,2559 1212,2551 1209,2549 1208,2549 1208,2548 1208,2543 1206,2542 1205,2542 1205,2541 1205,2540 1202,2538 1201,2538 1201,2537 1201,2535 1200,2535 1187,2535 1186,2533 1186,2525 1184,2524 1180,2524 1179,2522 1179,2521 1177,2520 1176,2520 1175,2518 1175,2514 1179,2510 1179,2506 1180,2505 1181,2505 1182,2504 1182,2503 1183,2502 1291,2502 1292,2501 1293,2502 1313,2502 1315,2504 1508,2505 1509,2504 1509,2503 1510,2502 1526,2502 1528,2503 1528,2504 1528,2505 1595,2505 1598,2507 1598,2508 1598,2509 1751,2509 1752,2509 1752,2467 1753,2465 1809,2465 1811,2467 1811,2468 1812,2469 1817,2469 1818,2470 1818,2471 1819,2472 1823,2472 1826,2475 1826,2479 1827,2480 1828,2480 1829,2481 1829,2486 1830,2487 1831,2487 1833,2489 1833,2512 1833,2512 2372,2514 2373,2513 2373,2473 2374,2472 2375,2472 2376,2471 2391,2471 2392,2471 2392,2515 2392,2516 2393,2516 2395,2517 2395,2559 2395,2560 2644,2560 2645,2560 2645,2470 2645,2469 2662,2469 2663,2470 2663,2509 2663,2509 2854,2510 2855,2509 2856,2509 2858,2507 2858,2503 2860,2501 2861,2501 2862,2500 2862,2491 2862,2491 2863,2491 2865,2489 2865,2485 2867,2483 2868,2483 2869,2482 2869,2481 2874,2476 2875,2476 2876,2475 2876,2474 2878,2472 2882,2472 2884,2470 2884,2469 2884,2469 2894,2469 2895,2468 2896,2469 2897,2469 2899,2470 2899,2471 2899,2472 2900,2472 2902,2473 2902,2474 2903,2476 2904,2476 2906,2477 2906,2512 2906,2513 3158,2513 3159,2513 3159,2512 3160,2511 3160,2510 3160,2509 3161,2509 3163,2508 3163,2496 3163,2495 3164,2495 3167,2493 3167,2489 3168,2487 3169,2487 3170,2487 3170,2483 3171,2482 3171,2481 3171,2480 3172,2480 3174,2479 3174,2478 3175,2476 3180,2476 3181,2476 3181,2475 3182,2474 3183,2472 3184,2472 3185,2472 3185,2471 3186,2469 3187,2469 3188,2468 3202,2468 3204,2467 3204,2466 3204,2465 3213,2465 3215,2467 3215,2468 3216,2469 3216,2469 3217,2469 3218,2470 3218,2471 3219,2472 3220,2472 3222,2474 3222,2516 3222,2516 3355,2517 3358,2514 3358,2510 3359,2509 3360,2509 3361,2508 3361,2507 3363,2505 3366,2507 3366,2508 3366,2509 3367,2509 3369,2510 3369,2511 3370,2513 3636,2513 3637,2513 3637,2478 3638,2476 3643,2476 3644,2476 3644,2475 3646,2472 3770,2473 3773,2470 3920,2470 3921,2469 3922,2469 3923,2468 3924,2469 3941,2469 3942,2469 3942,2512 3942,2513 4011,2513 4012,2514 4012,2515 4017,2520 4021,2520 4023,2522 4023,2526 4027,2530 4027,2534 4028,2535 4029,2535 4030,2536 4030,2537 4031,2538 4031,2540 4030,2541 4030,2571 4028,2572 4027,2572 4027,2573 4027,2574 4025,2575 4024,2575 4023,2577 4023,2582 4022,2582 4021,2582 4020,2583 4016,2583 4016,2584 4016,2585 4014,2586 4006,2586 4005,2588 4005,2589 4003,2590 3995,2590 3993,2588 3993,2587 3992,2586 3968,2586 3968,2587 3968,2633 3967,2633 3957,2633 3957,2632 3957,2586 3956,2586 3756,2586 3755,2587 3755,2588 3753,2590 3655,2589 3654,2590 3218,2589 3217,2590 2869,2590 2869,2590 2869,2634 2868,2635 2861,2635 2860,2636"/><TextEquiv index="1"><Unicode>vrance. Pour moi, je fus ſi touché de</Unicode></TextEquiv></TextLine><TextLine id="r0_l012"><Coords points="2558,2797 2557,2796 2557,2777 2557,2777 2460,2777 2458,2778 2458,2779 2457,2781 2455,2781 2454,2780 2454,2749 2454,2749 1826,2747 1825,2748 1728,2748 1726,2747 1726,2746 1725,2744 1443,2743 1442,2744 1213,2744 1212,2744 1212,2787 1212,2788 1183,2788 1182,2787 1183,2636 1180,2634 1179,2634 1179,2633 1179,2631 1180,2630 1181,2630 1182,2629 1182,2628 1183,2627 1191,2627 1194,2624 1194,2623 1194,2623 1206,2623 1208,2621 1208,2620 1209,2619 1239,2619 1241,2618 1241,2617 1241,2616 1244,2616 1245,2617 1245,2618 1246,2619 1404,2619 1407,2622 1407,2623 1407,2623 1416,2623 1417,2624 1417,2625 1418,2626 1490,2627 1491,2627 1491,2628 1495,2632 1495,2670 1495,2671 1743,2671 1744,2671 1744,2634 1745,2633 1745,2632 1746,2630 1747,2630 1748,2630 1748,2629 1749,2627 1950,2628 1951,2627 1986,2627 1987,2627 1987,2628 1989,2631 1990,2631 1991,2631 1991,2636 1991,2637 1992,2637 1995,2639 1995,2673 1995,2674 2377,2675 2378,2674 2393,2674 2395,2675 2395,2676 2395,2677 2396,2678 2397,2678 2398,2679 2398,2680 2399,2681 2400,2681 2401,2682 2402,2682 2402,2682 2402,2683 2403,2684 2403,2710 2404,2711 2405,2711 2406,2712 2406,2721 2407,2722 2575,2722 2575,2721 2575,2701 2577,2700 2578,2700 2579,2698 2579,2690 2581,2689 2582,2689 2582,2688 2582,2687 2585,2685 2589,2685 2590,2683 2590,2682 2591,2682 2596,2682 2596,2682 2596,2680 2598,2678 2853,2679 2854,2678 2854,2636 2854,2636 2860,2636 2861,2635 2868,2635 2869,2635 2869,2677 2869,2678 3051,2678 3053,2677 3053,2676 3054,2674 3058,2674 3060,2676 3060,2677 3061,2678 3340,2679 3341,2678 3444,2678 3448,2674 3455,2674 3457,2675 3457,2676 3458,2678 3736,2678 3737,2677 3889,2678 3891,2676 3891,2675 3892,2674 3952,2674 3953,2673 3953,2639 3955,2637 3956,2637 3957,2636 3957,2633 3957,2633 3968,2633 3969,2634 3970,2634 3972,2636 3972,2637 3973,2638 3974,2638 3975,2639 3975,2641 3976,2642 3976,2674 3976,2674 4035,2674 4039,2678 4040,2678 4041,2679 4041,2680 4042,2681 4041,2688 4042,2689 4042,2691 4036,2697 4032,2697 4030,2699 4030,2700 4030,2700 4029,2700 4027,2702 4027,2747 4026,2748 4021,2748 4020,2749 4020,2750 4018,2752 3893,2752 3891,2750 3891,2749 3890,2748 3729,2747 3728,2748 3654,2748 3652,2750 3652,2751 3652,2751 3651,2751 3650,2752 3554,2752 3553,2753 3553,2780 3552,2781 3551,2781 3549,2783 3549,2784 3548,2785 3529,2785 3527,2784 3527,2783 3526,2781 3525,2781 3523,2780 3523,2753 3523,2752 3438,2752 3434,2748 3259,2747 3258,2748 3253,2748 3251,2750 3251,2751 3250,2752 3243,2752 3240,2750 3240,2749 3240,2748 3150,2748 3062,2748 3060,2750 3060,2751 3059,2752 2874,2752 2873,2752 2873,2768 2872,2770 2871,2770 2869,2771 2869,2772 2868,2774 2867,2774 2866,2774 2866,2778 2865,2779 2865,2780 2865,2781 2856,2781 2855,2780 2855,2779 2854,2778 2854,2753 2854,2753 2639,2752 2638,2753 2638,2776 2637,2777 2636,2777 2635,2778 2634,2779 2634,2780 2633,2781 2625,2781 2623,2780 2623,2779 2622,2777 2584,2777 2583,2777 2583,2795 2582,2797"/><TextEquiv index="1"><Unicode>l'action de Truman, que je crus ne pouvoir</Unicode></TextEquiv></TextLine><TextLine id="r0_l013"><Coords points="2804,2958 2804,2958 2804,2913 2803,2912 2740,2912 2739,2913 2726,2913 2726,2913 2726,2912 2724,2910 2358,2909 2357,2910 2260,2910 2259,2912 2259,2913 2258,2913 2249,2913 2248,2912 2248,2911 2247,2910 1900,2909 1899,2910 1511,2910 1509,2907 1509,2906 1509,2906 1445,2905 1443,2904 1443,2903 1443,2902 1262,2902 1259,2905 1259,2906 1259,2906 1220,2906 1219,2907 1219,2924 1218,2924 1217,2924 1215,2926 1215,2930 1213,2932 1212,2932 1212,2932 1212,2933 1210,2935 1206,2935 1204,2937 1204,2938 1203,2939 1198,2939 1197,2940 1197,2941 1195,2943 1187,2943 1186,2941 1186,2936 1185,2936 1184,2936 1182,2933 1184,2931 1185,2931 1186,2930 1186,2929 1187,2928 1188,2928 1190,2926 1190,2925 1191,2924 1196,2924 1197,2923 1197,2851 1197,2851 1184,2851 1183,2850 1183,2849 1182,2848 1182,2788 1183,2788 1214,2788 1215,2789 1215,2790 1216,2791 1216,2828 1217,2829 1270,2829 1271,2831 1271,2832 1272,2832 1449,2833 1450,2832 1465,2832 1465,2831 1465,2830 1467,2829 1502,2829 1502,2828 1502,2800 1504,2799 1505,2799 1506,2797 1506,2796 1507,2796 1508,2796 1510,2793 1510,2792 1511,2792 1520,2792 1520,2792 1520,2793 1523,2796 1524,2796 1524,2796 1524,2797 1526,2799 1527,2799 1528,2800 1528,2831 1529,2832 1578,2832 1579,2833 1579,2834 1581,2836 1740,2836 1741,2835 1741,2834 1742,2833 1743,2833 1745,2831 1745,2819 1746,2818 1747,2818 1748,2817 1748,2809 1750,2807 1751,2807 1752,2806 1752,2801 1753,2800 1754,2800 1755,2799 1756,2798 1756,2797 1757,2796 1758,2796 1759,2795 1759,2794 1761,2792 1762,2792 1763,2791 1763,2790 1765,2788 1774,2788 1774,2788 1774,2787 1776,2785 1777,2785 1778,2784 1779,2785 1781,2785 1781,2786 1781,2787 1783,2788 1835,2788 1837,2791 1837,2795 1839,2796 1840,2796 1840,2797 1840,2835 1841,2835 2266,2836 2266,2837 2266,2838 2268,2839 2557,2840 2557,2839 2557,2797 2558,2797 2583,2797 2583,2797 2583,2798 2584,2799 2585,2799 2586,2800 2586,2808 2589,2811 2590,2811 2590,2811 2590,2831 2591,2832 2618,2832 2620,2835 2620,2836 2621,2836 2825,2837 2825,2836 2825,2830 2828,2828 2829,2828 2829,2827 2829,2818 2830,2818 2831,2818 2833,2816 2833,2815 2833,2814 2834,2814 2835,2814 2836,2812 2836,2811 2837,2811 2838,2811 2840,2808 2840,2807 2841,2807 2842,2807 2844,2804 2844,2803 2845,2803 2861,2803 2862,2801 2862,2800 2864,2799 2871,2799 2872,2800 2873,2800 2873,2800 2873,2835 2874,2836 3137,2836 3137,2836 3137,2828 3138,2827 3138,2826 3139,2825 3140,2825 3141,2824 3141,2816 3143,2814 3144,2814 3145,2813 3145,2812 3147,2810 3148,2810 3148,2810 3148,2809 3150,2807 3151,2807 3152,2806 3152,2801 3153,2800 3154,2800 3155,2799 3159,2799 3160,2798 3160,2797 3161,2796 3166,2796 3167,2795 3167,2794 3169,2792 3337,2793 3338,2792 3342,2792 3346,2788 3353,2788 3354,2789 3354,2790 3356,2792 3364,2792 3368,2796 3431,2796 3431,2796 3431,2797 3433,2799 3434,2799 3435,2800 3435,2835 3436,2836 3504,2836 3505,2837 3505,2838 3507,2840 3670,2840 3670,2840 3670,2816 3672,2814 3673,2814 3674,2813 3674,2809 3687,2796 3695,2796 3696,2795 3696,2794 3698,2792 3699,2792 3700,2794 3700,2795 3702,2796 3858,2797 3859,2796 3864,2796 3865,2794 3865,2793 3867,2792 3879,2792 3880,2793 3880,2794 3882,2796 3883,2796 3883,2796 3883,2797 3884,2798 3884,2835 3885,2836 4018,2836 4022,2840 4023,2840 4023,2841 4023,2846 4025,2847 4026,2847 4027,2849 4027,2855 4028,2855 4038,2855 4038,2856 4038,2905 4037,2906 4036,2906 4034,2908 4034,2909 4032,2910 4031,2910 4030,2912 4030,2913 4029,2913 3762,2913 3762,2913 3762,2955 3761,2956 3748,2956 3748,2955 3748,2954 3747,2953 3747,2914 3746,2914 3675,2913 3672,2910 3257,2909 3256,2910 3248,2910 3248,2911 3248,2912 3246,2913 3241,2913 3240,2912 3240,2911 3239,2910 3095,2910 3083,2910 3082,2912 3082,2913 3081,2913 2813,2912 2813,2913 2813,2958 2812,2958"/><TextEquiv index="1"><Unicode>jamais aſſez reconnoître ſon affection &amp; ſon</Unicode></TextEquiv></TextLine><TextLine id="r0_l014"><Coords points="3719,3120 3719,3120 3719,3076 3718,3075 3535,3075 3535,3075 3535,3074 3532,3071 3275,3070 3274,3071 3262,3071 3261,3072 3260,3071 3065,3071 3064,3073 3064,3074 3062,3075 2863,3075 2862,3076 2862,3077 2861,3078 2860,3078 2859,3079 2856,3079 2853,3076 2663,3075 2663,3076 2663,3104 2661,3105 2660,3105 2660,3106 2660,3107 2658,3108 2653,3108 2652,3107 2652,3106 2650,3104 2649,3104 2649,3104 2649,3103 2647,3101 2643,3101 2641,3099 2641,3080 2640,3079 2510,3079 2509,3077 2509,3076 2508,3076 2062,3075 2059,3072 1776,3071 1775,3072 1774,3072 1774,3073 1774,3074 1772,3075 1764,3075 1763,3074 1763,3073 1761,3071 1462,3071 1462,3070 1462,3069 1461,3069 1216,3068 1215,3069 1215,3070 1214,3071 1201,3071 1201,3070 1201,3069 1200,3069 1198,3067 1197,3067 1197,3066 1197,3065 1195,3064 1194,3064 1194,3063 1194,3062 1191,3060 1190,3060 1190,3059 1190,3006 1191,3005 1192,3005 1193,3004 1193,3003 1195,3001 1196,3001 1197,3000 1197,2999 1198,2998 1202,2998 1205,2995 1205,2994 1205,2994 1225,2994 1226,2994 1226,2993 1228,2990 1284,2990 1285,2990 1285,2989 1286,2987 1331,2987 1333,2986 1333,2985 1334,2983 1335,2983 1337,2985 1337,2986 1338,2987 1339,2987 1340,2988 1340,2993 1340,2993 1508,2994 1509,2993 1509,2962 1510,2961 1511,2961 1513,2959 1513,2955 1514,2954 1526,2954 1528,2955 1528,2993 1528,2994 1632,2994 1635,2996 1635,2997 1635,2998 1899,2998 1900,2997 1952,2998 1954,2996 1954,2991 1954,2991 1955,2991 1956,2990 1958,2988 1958,2987 1958,2987 1967,2987 1969,2988 1969,2996 1970,2998 2074,2998 2075,2998 2075,2999 2076,3001 2309,3001 2311,3000 2311,2996 2312,2994 2313,2994 2314,2994 2314,2982 2318,2978 2318,2974 2319,2972 2320,2972 2322,2971 2322,2966 2322,2965 2323,2965 2324,2965 2325,2964 2325,2963 2326,2961 2327,2961 2329,2960 2329,2959 2330,2957 2335,2957 2336,2957 2336,2956 2337,2954 2373,2955 2374,2954 2382,2954 2384,2952 2384,2951 2385,2950 2401,2950 2402,2950 2402,2951 2404,2954 2405,2954 2406,2954 2406,2955 2407,2957 2540,2957 2542,2958 2542,2959 2542,2960 2543,2961 2544,2961 2545,2961 2546,2962 2546,2963 2547,2965 2548,2965 2549,2965 2549,3000 2549,3001 2798,3001 2799,3001 2799,2963 2800,2961 2801,2961 2802,2961 2803,2960 2803,2959 2803,2958 2813,2958 2814,2959 2814,2960 2814,2960 2816,2960 2818,2962 2818,3000 2818,3000 3184,3001 3185,3001 3185,3000 3186,2998 3317,2999 3318,2998 3679,2998 3681,2997 3681,2993 3683,2990 3743,2991 3744,2990 3744,2958 3745,2957 3746,2957 3747,2956 3791,2956 3792,2955 3792,2950 3792,2950 3797,2950 3799,2948 3799,2947 3800,2946 3817,2962 3817,2997 3817,2998 3952,2998 3953,2998 3953,2999 3954,3001 4024,3001 4034,3011 4034,3067 4032,3068 4031,3068 4030,3070 4030,3071 4029,3071 4028,3071 4027,3073 4027,3074 4025,3075 3965,3075 3964,3076 3964,3077 3962,3079 3770,3079 3770,3079 3770,3087 3767,3090 3766,3090 3766,3090 3766,3095 3764,3097 3763,3097 3762,3098 3762,3103 3761,3104 3760,3104 3758,3106 3758,3107 3757,3108 3752,3108 3751,3106 3751,3105 3750,3105 3749,3104 3748,3104 3747,3102 3747,3076 3746,3076 3740,3076 3740,3076 3740,3120 3739,3121"/><TextEquiv index="1"><Unicode>attachement: auſſi depuis ce moment j'eus</Unicode></TextEquiv></TextLine><TextLine id="r0_l015"><Coords points="3418,3283 3417,3282 3417,3237 3417,3237 3415,3237 3413,3235 3413,3234 3413,3234 3246,3233 3244,3235 3244,3236 3243,3237 3175,3237 3174,3238 3174,3254 3173,3255 3172,3255 3171,3256 3171,3261 3170,3262 3169,3262 3167,3264 3167,3265 3166,3266 3165,3266 3163,3268 3163,3269 3162,3270 3157,3270 3156,3271 3156,3272 3154,3274 3146,3274 3145,3275 3145,3276 3144,3277 3132,3277 3130,3276 3130,3275 3130,3274 3122,3274 3112,3265 3112,3241 3112,3240 2981,3240 2979,3238 2979,3237 2979,3237 2788,3236 2787,3237 2786,3237 2785,3238 2785,3239 2784,3240 2776,3240 2774,3242 2774,3243 2773,3244 2772,3244 2769,3242 2769,3241 2769,3240 2595,3240 2594,3241 2587,3241 2586,3241 2586,3268 2585,3270 2584,3270 2583,3270 2583,3271 2582,3273 2581,3273 2580,3274 2571,3274 2570,3273 2569,3273 2568,3272 2568,3271 2567,3270 2458,3270 2404,3270 2402,3271 2402,3272 2402,3273 2401,3273 2400,3274 2387,3274 2380,3267 2380,3241 2380,3241 2308,3240 2307,3240 2307,3239 2306,3237 1840,3236 1839,3237 1699,3237 1697,3236 1697,3235 1696,3233 1525,3233 1524,3233 1524,3277 1524,3278 1333,3277 1332,3277 1332,3230 1332,3229 1251,3229 1248,3232 1248,3233 1248,3233 1228,3233 1227,3234 1227,3260 1226,3261 1226,3262 1226,3262 1225,3262 1223,3264 1223,3265 1222,3266 1214,3266 1212,3267 1212,3268 1211,3270 1203,3270 1201,3268 1201,3267 1200,3266 1188,3266 1186,3264 1186,3175 1185,3174 1184,3174 1182,3172 1182,3168 1184,3167 1185,3167 1186,3165 1186,3164 1188,3163 1196,3163 1197,3161 1197,3160 1198,3160 1199,3160 1200,3159 1211,3159 1212,3157 1212,3156 1213,3156 1462,3157 1463,3156 1571,3156 1571,3155 1572,3120 1573,3119 1574,3119 1575,3118 1575,3117 1577,3115 1584,3115 1587,3117 1587,3118 1587,3119 1831,3119 1833,3118 1833,3117 1834,3115 1841,3115 1845,3119 1846,3119 1847,3120 1847,3121 1848,3122 1847,3137 1848,3138 1848,3158 1849,3158 1949,3159 1951,3161 1951,3162 1952,3163 2346,3163 2349,3166 2637,3167 2637,3167 2638,3128 2639,3126 2640,3126 2641,3126 2641,3125 2642,3123 2646,3123 2649,3121 2649,3120 2649,3119 2651,3119 2652,3120 2652,3121 2660,3129 2659,3167 2660,3167 2940,3168 2941,3167 2964,3167 2964,3166 2965,3123 2965,3123 2966,3123 2969,3120 2969,3119 2969,3119 3007,3119 3009,3117 3009,3116 3010,3115 3017,3115 3021,3119 3088,3119 3090,3121 3090,3122 3091,3123 3096,3123 3097,3124 3096,3163 3097,3163 3333,3164 3334,3163 3339,3163 3339,3162 3339,3161 3342,3159 3357,3159 3357,3158 3358,3116 3359,3115 3374,3115 3376,3116 3376,3124 3378,3127 3379,3127 3380,3127 3379,3158 3380,3159 3717,3159 3717,3159 3718,3121 3718,3120 3739,3121 3740,3121 3739,3159 3740,3160 3740,3161 3742,3163 3923,3163 3923,3162 3924,3123 3924,3123 3944,3123 3946,3124 3945,3158 3946,3159 4010,3159 4011,3160 4012,3160 4012,3161 4012,3162 4014,3163 4018,3163 4027,3173 4027,3181 4028,3181 4029,3181 4029,3182 4030,3183 4030,3184 4031,3185 4031,3194 4030,3195 4030,3196 4030,3196 4028,3196 4027,3197 4027,3228 4025,3230 4024,3230 4023,3231 4023,3232 4022,3233 4021,3233 4020,3234 4020,3235 4018,3237 4014,3237 4012,3239 4012,3240 4012,3240 3988,3240 3986,3239 3986,3238 3986,3237 3745,3237 3744,3237 3744,3249 3742,3252 3741,3252 3740,3252 3740,3261 3740,3262 3739,3262 3736,3264 3736,3265 3736,3265 3735,3265 3733,3267 3733,3268 3729,3272 3729,3273 3729,3273 3728,3273 3727,3274 3714,3274 3713,3273 3712,3273 3711,3273 3711,3267 3711,3266 3558,3266 3557,3266 3557,3265 3556,3263 3555,3263 3553,3262 3553,3238 3553,3237 3432,3237 3431,3237 3431,3282 3431,3283"/><TextEquiv index="1"><Unicode>pour lui beaucoup plus d'égards; je le</Unicode></TextEquiv></TextLine><TextLine id="r0_l016"><Coords points="2009,3448 2008,3447 1959,3447 1959,3446 1959,3402 1958,3402 1876,3401 1875,3402 1863,3402 1862,3401 1862,3400 1860,3398 1646,3398 1645,3396 1645,3395 1644,3395 1394,3394 1393,3395 1392,3395 1392,3396 1392,3397 1390,3398 1389,3398 1388,3399 1387,3399 1386,3398 1385,3398 1384,3397 1384,3396 1383,3395 1191,3395 1190,3393 1190,3392 1189,3391 1188,3391 1187,3391 1186,3389 1186,3373 1185,3373 1176,3373 1175,3371 1175,3370 1174,3369 1173,3369 1172,3369 1171,3367 1171,3359 1173,3358 1174,3358 1175,3356 1175,3355 1177,3354 1186,3354 1186,3353 1186,3326 1188,3325 1192,3325 1194,3322 1194,3321 1195,3321 1251,3321 1252,3320 1252,3319 1253,3318 1284,3318 1285,3317 1329,3317 1329,3317 1329,3280 1330,3279 1330,3278 1331,3277 1524,3278 1524,3278 1524,3279 1526,3281 1652,3281 1653,3282 1653,3283 1654,3284 1655,3284 1656,3285 1656,3286 1657,3287 1657,3313 1658,3314 1847,3314 1847,3314 1847,3313 1855,3305 1855,3301 1857,3299 1858,3299 1858,3299 1858,3295 1859,3294 1859,3293 1860,3292 1861,3292 1862,3291 1862,3290 1864,3288 1865,3288 1866,3287 1866,3282 1867,3281 1868,3281 1872,3277 1880,3277 1880,3278 1880,3279 1883,3281 1884,3281 1884,3282 1884,3291 1886,3292 1887,3292 1888,3294 1888,3295 1889,3295 1890,3295 1892,3298 1892,3306 1894,3307 1895,3307 1895,3308 1895,3317 1896,3317 1928,3318 1929,3319 1929,3320 1930,3321 1931,3321 1932,3322 1932,3324 1933,3325 2138,3325 2138,3325 2138,3286 2140,3284 2145,3284 2145,3284 2145,3283 2147,3281 2159,3281 2160,3283 2160,3284 2161,3284 2162,3284 2164,3287 2164,3288 2165,3288 2166,3288 2167,3290 2167,3325 2168,3325 2374,3326 2375,3325 2376,3325 2377,3323 2377,3322 2379,3321 2383,3321 2384,3322 2384,3324 2385,3325 2581,3325 2585,3321 2593,3321 2593,3322 2593,3323 2594,3324 2594,3328 2595,3328 2835,3329 2836,3328 3214,3328 3215,3327 3215,3326 3216,3325 3265,3325 3266,3324 3266,3312 3268,3310 3269,3310 3270,3309 3270,3304 3271,3303 3272,3303 3273,3302 3273,3298 3274,3297 3274,3296 3276,3294 3277,3294 3277,3294 3277,3293 3279,3292 3280,3292 3281,3290 3281,3289 3283,3288 3284,3288 3284,3287 3284,3286 3287,3284 3291,3284 3292,3282 3292,3281 3293,3281 3327,3281 3331,3277 3350,3277 3350,3277 3350,3278 3351,3279 3351,3282 3352,3283 3432,3283 3434,3285 3435,3285 3435,3285 3435,3324 3436,3325 3763,3326 3764,3325 3765,3325 3766,3324 3766,3323 3766,3322 3768,3321 3916,3321 3916,3320 3916,3301 3919,3299 3920,3299 3920,3298 3920,3293 3922,3292 3923,3292 3923,3291 3924,3290 3924,3289 3926,3288 3927,3288 3927,3287 3927,3286 3930,3284 3934,3284 3937,3281 3945,3281 3946,3282 3946,3283 3947,3284 3959,3284 3961,3286 3961,3287 3962,3288 3963,3288 3968,3294 3968,3321 3969,3321 4037,3321 4038,3323 4038,3328 4039,3328 4040,3328 4041,3330 4041,3397 4042,3398 4042,3400 4041,3401 4041,3402 4040,3402 4039,3402 4038,3404 4038,3405 4036,3406 4031,3406 4030,3408 4030,3409 4029,3409 4028,3409 4027,3410 3785,3410 3784,3411 3784,3415 3782,3417 3781,3417 3781,3417 3781,3418 3779,3420 3778,3420 3777,3421 3770,3421 3769,3422 3769,3423 3768,3424 3763,3424 3763,3424 3763,3425 3760,3428 3759,3428 3759,3427 3759,3426 3758,3425 3758,3399 3757,3399 3613,3398 3611,3401 3611,3402 3610,3402 3539,3402 3538,3401 3538,3400 3536,3398 3237,3397 3237,3398 3237,3401 3235,3402 3230,3402 3229,3401 3229,3400 3227,3398 3054,3398 3053,3400 3053,3401 3051,3402 2991,3402 2991,3402 2991,3403 2988,3406 2970,3406 2966,3402 2725,3401 2724,3402 2409,3402 2409,3402 2409,3446 2408,3447 2403,3447 2403,3446 2403,3402 2402,3402 2229,3401 2228,3402 2013,3402 2013,3402 2013,3447 2012,3448"/><TextEquiv index="1"><Unicode>mis à la tête de toutes mes affaires; &amp;</Unicode></TextEquiv></TextLine><TextLine id="r0_l017"><Coords points="2727,3613 2726,3613 2727,3565 2726,3564 2466,3564 2462,3568 2261,3567 2260,3568 1963,3568 1963,3568 1962,3608 1961,3609 1961,3610 1961,3611 1947,3611 1946,3610 1947,3568 1946,3568 1866,3567 1866,3568 1865,3597 1865,3597 1864,3597 1862,3599 1862,3600 1862,3600 1861,3600 1860,3601 1847,3601 1846,3600 1845,3600 1844,3600 1844,3599 1843,3597 1842,3597 1841,3596 1840,3596 1839,3596 1840,3565 1839,3564 1716,3564 1715,3563 1715,3562 1713,3560 1424,3559 1423,3560 1209,3560 1208,3558 1208,3557 1206,3556 1198,3556 1195,3553 1194,3553 1194,3552 1194,3551 1193,3550 1193,3484 1194,3483 1202,3483 1206,3479 1210,3479 1212,3477 1212,3476 1212,3476 1213,3476 1216,3474 1216,3473 1216,3472 1217,3472 1219,3471 1219,3470 1220,3468 1221,3468 1223,3470 1223,3471 1224,3472 1225,3472 1226,3473 1226,3474 1228,3476 1229,3476 1230,3477 1230,3478 1231,3479 1353,3479 1355,3481 1355,3482 1355,3482 1718,3483 1719,3483 1719,3481 1720,3479 1728,3479 1730,3481 1730,3490 1730,3490 1917,3491 1918,3490 1957,3490 1958,3489 1958,3447 1958,3447 2050,3447 2051,3446 2059,3446 2060,3446 2060,3447 2062,3450 2063,3450 2064,3450 2064,3489 2064,3490 2394,3491 2395,3490 2395,3451 2396,3450 2400,3450 2403,3447 2571,3447 2572,3446 2573,3446 2576,3448 2576,3449 2576,3450 2581,3450 2582,3450 2582,3451 2583,3452 2583,3486 2583,3487 2745,3487 2746,3486 2747,3486 2748,3486 2748,3485 2749,3483 2805,3483 2807,3482 2807,3473 2807,3472 2808,3472 2810,3471 2810,3467 2812,3464 2813,3464 2814,3464 2814,3463 2815,3462 2815,3461 2815,3460 2816,3460 2818,3459 2818,3454 2818,3453 2819,3453 2821,3452 2821,3451 2822,3450 2823,3450 2824,3449 2825,3448 2825,3447 2826,3446 2830,3446 2832,3447 2832,3451 2834,3454 2835,3454 2836,3454 2836,3459 2837,3461 2838,3461 2840,3462 2840,3463 2840,3464 2841,3464 2843,3465 2843,3466 2844,3467 2844,3478 2844,3479 2845,3479 2847,3480 2847,3486 2847,3487 2875,3487 2877,3488 2877,3489 2877,3490 3209,3490 3211,3489 3211,3485 3212,3483 3213,3483 3214,3483 3214,3482 3215,3481 3215,3473 3215,3472 3216,3472 3218,3471 3218,3467 3220,3464 3221,3464 3222,3464 3222,3455 3222,3454 3223,3454 3226,3452 3226,3451 3226,3450 3231,3450 3233,3449 3233,3448 3234,3446 3235,3446 3237,3445 3237,3444 3238,3442 3278,3443 3279,3442 3377,3442 3378,3443 3379,3443 3380,3443 3380,3444 3381,3446 3385,3446 3387,3447 3387,3485 3387,3486 3738,3487 3739,3486 3748,3486 3749,3487 3750,3487 3751,3487 3751,3488 3752,3490 3992,3490 3994,3489 3994,3488 3994,3487 3995,3487 3996,3486 4009,3486 4010,3487 4011,3487 4012,3488 4012,3489 4013,3490 4017,3490 4020,3493 4020,3494 4020,3494 4021,3494 4027,3500 4027,3501 4027,3501 4028,3501 4038,3511 4038,3512 4038,3512 4039,3512 4042,3515 4042,3521 4041,3522 4041,3523 4040,3523 4031,3523 4031,3524 4031,3551 4028,3553 4027,3553 4027,3554 4027,3555 4021,3560 4020,3560 4020,3561 4020,3562 4017,3564 3865,3564 3865,3564 3865,3591 3861,3595 3861,3596 3860,3597 3859,3597 3857,3594 3857,3593 3856,3593 3844,3593 3843,3591 3843,3565 3842,3565 3366,3564 3366,3564 3365,3609 3365,3610 3352,3610 3351,3609 3352,3564 3351,3564 3272,3563 3271,3564 3076,3564 3075,3566 3075,3567 3074,3567 3073,3567 3072,3568 2825,3568 2825,3568 2825,3569 2823,3571 2814,3570 2814,3570 2814,3569 2813,3568 2747,3568 2746,3567 2745,3567 2744,3566 2744,3566 2744,3565 2743,3564 2741,3564 2741,3565 2740,3613 2740,3613"/><TextEquiv index="1"><Unicode>trouvant qu'il avoit la tête auſſi bonne que</Unicode></TextEquiv></TextLine><TextLine id="r0_l018"><Coords points="3219,3776 3218,3776 3218,3726 3218,3725 3162,3725 3159,3728 3159,3729 3159,3729 2974,3729 2972,3730 2972,3731 2971,3733 2959,3733 2958,3733 2958,3762 2957,3763 2957,3764 2956,3766 2934,3766 2932,3764 2932,3730 2932,3730 2779,3729 2778,3730 2778,3731 2776,3733 2617,3733 2616,3734 2616,3761 2615,3762 2614,3762 2613,3763 2612,3764 2612,3765 2611,3766 2607,3766 2603,3762 2595,3762 2594,3762 2594,3761 2593,3760 2593,3730 2593,3729 2441,3729 2439,3730 2439,3731 2438,3733 2292,3732 2291,3733 2283,3733 2281,3732 2281,3731 2280,3729 1966,3729 1965,3729 1965,3746 1965,3747 1964,3747 1962,3748 1962,3752 1949,3766 1945,3766 1943,3764 1943,3763 1942,3762 1941,3762 1939,3760 1810,3759 1809,3758 1808,3758 1807,3758 1807,3727 1807,3726 1551,3726 1550,3726 1550,3727 1549,3729 1541,3729 1538,3726 1480,3726 1479,3725 1478,3725 1476,3723 1472,3723 1471,3723 1471,3769 1471,3770 1454,3770 1453,3769 1453,3723 1453,3723 1242,3722 1241,3723 1241,3729 1241,3729 1221,3729 1219,3728 1219,3726 1219,3725 1187,3725 1186,3724 1186,3723 1182,3719 1182,3716 1185,3714 1186,3714 1186,3713 1186,3693 1188,3692 1204,3692 1204,3691 1204,3623 1204,3623 1192,3623 1190,3621 1190,3620 1189,3619 1189,3618 1190,3617 1190,3616 1192,3615 1193,3615 1193,3614 1193,3609 1195,3608 1196,3608 1196,3607 1197,3606 1197,3605 1199,3604 1207,3604 1208,3602 1208,3601 1209,3601 1210,3601 1211,3600 1228,3600 1229,3601 1230,3601 1230,3602 1230,3607 1232,3608 1233,3608 1234,3610 1234,3644 1235,3644 1491,3645 1492,3644 1493,3645 1494,3645 1495,3646 1495,3647 1496,3648 1644,3648 1646,3650 1646,3651 1647,3652 1711,3652 1711,3653 1711,3654 1714,3656 1715,3656 1715,3657 1715,3696 1716,3696 1939,3697 1939,3696 1939,3661 1940,3660 1940,3659 1941,3659 1942,3659 1943,3657 1943,3612 1944,3612 1945,3612 1946,3611 1961,3611 1961,3611 1961,3613 1962,3614 1962,3651 1963,3652 2034,3652 2035,3653 2035,3654 2037,3656 2215,3656 2215,3656 2215,3617 2217,3615 2218,3615 2219,3614 2219,3609 2220,3608 2236,3608 2241,3614 2241,3618 2243,3619 2244,3619 2244,3620 2244,3621 2245,3622 2245,3656 2246,3656 2370,3657 2371,3656 2427,3656 2428,3654 2428,3649 2430,3648 2434,3648 2438,3652 2552,3652 2553,3653 2553,3654 2554,3655 2555,3655 2556,3656 2564,3656 2564,3656 2564,3657 2566,3659 2722,3659 2722,3659 2722,3621 2724,3619 2725,3619 2726,3618 2726,3614 2727,3613 2741,3613 2741,3614 2741,3658 2742,3658 2785,3658 2785,3658 2785,3657 2786,3656 2787,3656 2788,3655 2789,3655 2790,3656 2792,3656 2792,3657 2792,3658 2793,3658 3005,3659 3005,3658 3005,3616 3007,3615 3012,3615 3012,3614 3012,3613 3015,3611 3022,3611 3024,3613 3024,3614 3025,3615 3026,3615 3027,3616 3027,3654 3028,3655 3058,3655 3059,3656 3292,3657 3293,3656 3298,3656 3299,3654 3299,3653 3301,3652 3350,3652 3350,3651 3350,3619 3351,3618 3351,3610 3352,3610 3366,3610 3368,3612 3369,3612 3369,3612 3369,3651 3370,3652 3515,3652 3516,3654 3516,3655 3518,3656 3526,3656 3531,3662 3531,3696 3532,3696 3784,3697 3784,3696 3784,3657 3787,3655 3788,3655 3788,3654 3788,3653 3790,3652 3791,3652 3791,3651 3791,3650 3792,3649 3792,3645 3793,3645 3794,3645 3795,3643 3795,3635 3798,3633 3799,3633 3799,3632 3799,3623 3800,3623 3801,3623 3803,3620 3803,3619 3804,3619 3805,3619 3810,3613 3810,3612 3811,3612 3812,3612 3814,3609 3814,3608 3815,3608 3835,3608 3836,3609 3836,3610 3838,3612 3839,3612 3839,3612 3839,3651 3840,3652 4019,3652 4019,3653 4019,3654 4022,3656 4023,3656 4023,3657 4023,3658 4029,3663 4030,3663 4030,3664 4030,3665 4031,3666 4031,3712 4030,3713 4030,3714 4030,3714 4029,3714 4027,3716 4027,3717 4026,3718 4025,3718 4023,3720 4023,3721 4022,3722 4021,3722 4019,3724 4019,3725 4019,3725 4018,3725 4017,3726 4013,3726 4012,3727 4012,3728 4011,3729 3995,3729 3994,3729 3994,3728 3992,3725 3988,3725 3986,3724 3986,3723 3986,3722 3660,3721 3659,3722 3659,3732 3658,3733 3657,3733 3656,3734 3656,3742 3652,3746 3652,3750 3651,3751 3650,3751 3649,3752 3649,3753 3647,3755 3643,3755 3641,3757 3641,3758 3641,3758 3640,3758 3639,3759 3629,3759 3626,3757 3626,3730 3626,3729 3429,3729 3428,3728 3428,3727 3427,3726 3237,3725 3236,3726 3236,3775 3236,3775 3230,3775 3229,3776"/><TextEquiv index="1"><Unicode>le cœur, je n'entrepris plus rien, ſans</Unicode></TextEquiv></TextLine><TextLine id="r0_l019"><Coords points="2623,3940 2623,3940 2623,3896 2622,3895 2480,3895 2480,3895 2480,3922 2478,3924 2477,3924 2476,3925 2476,3926 2475,3927 2474,3927 2473,3928 2455,3928 2454,3926 2454,3925 2452,3924 2451,3924 2450,3922 2450,3896 2449,3896 1840,3894 1840,3895 1840,3923 1838,3924 1837,3924 1837,3925 1837,3926 1834,3928 1819,3928 1818,3930 1818,3931 1817,3931 1815,3931 1814,3930 1814,3929 1813,3928 1805,3928 1803,3926 1803,3892 1802,3891 1702,3891 1698,3887 1410,3886 1409,3887 1212,3887 1212,3886 1212,3885 1210,3884 1203,3884 1202,3883 1201,3883 1201,3882 1201,3877 1199,3876 1198,3876 1197,3874 1197,3818 1199,3817 1200,3817 1201,3815 1201,3814 1202,3814 1218,3814 1219,3813 1219,3812 1221,3810 1451,3811 1451,3810 1451,3770 1452,3770 1472,3770 1473,3771 1473,3813 1474,3814 1740,3814 1741,3813 1742,3813 1743,3814 1785,3814 1785,3815 1785,3816 1786,3816 2045,3817 2046,3818 2046,3819 2048,3821 2277,3821 2277,3821 2277,3820 2280,3817 2328,3817 2329,3816 2329,3815 2330,3814 2332,3814 2333,3813 2334,3813 2335,3814 2336,3814 2336,3815 2336,3816 2338,3817 2346,3817 2347,3819 2347,3820 2349,3821 2350,3821 2351,3823 2351,3824 2352,3824 2544,3825 2546,3822 2546,3821 2547,3821 2586,3821 2586,3820 2586,3782 2592,3777 2600,3777 2601,3779 2601,3780 2602,3780 2603,3780 2605,3783 2605,3821 2606,3821 2806,3821 2807,3820 2807,3808 2809,3806 2810,3806 2810,3806 2810,3801 2812,3799 2813,3799 2814,3798 2814,3792 2815,3791 2816,3791 2827,3781 2831,3781 2833,3778 2833,3777 2834,3777 2854,3777 2854,3777 2854,3778 2856,3780 2857,3781 2858,3781 2858,3781 2858,3816 2859,3817 2879,3817 2880,3818 2880,3819 2882,3821 3218,3821 3218,3821 3218,3777 3219,3776 3229,3776 3230,3775 3237,3775 3239,3777 3240,3777 3240,3778 3240,3816 3241,3816 3395,3817 3395,3816 3395,3814 3396,3814 3512,3814 3512,3814 3512,3801 3514,3799 3515,3799 3516,3798 3516,3793 3517,3792 3518,3792 3523,3787 3523,3779 3525,3777 3530,3777 3530,3777 3530,3776 3533,3773 3541,3773 3541,3774 3541,3775 3544,3777 3548,3777 3549,3779 3549,3780 3550,3780 3561,3780 3562,3781 3563,3781 3564,3783 3564,3784 3565,3784 3566,3784 3568,3787 3568,3788 3569,3788 3570,3788 3571,3790 3571,3810 3572,3810 3767,3811 3768,3810 3894,3810 3894,3809 3894,3808 3897,3806 3901,3806 3902,3807 3902,3808 3904,3810 3945,3810 3946,3811 3946,3812 3948,3814 4023,3814 4023,3815 4023,3816 4025,3817 4029,3817 4031,3820 4031,3821 4032,3821 4033,3821 4038,3827 4038,3828 4038,3828 4039,3828 4042,3831 4042,3832 4042,3832 4047,3832 4049,3834 4049,3838 4039,3847 4038,3847 4038,3848 4038,3879 4036,3880 4035,3880 4034,3882 4034,3883 4033,3883 4032,3883 4030,3886 4030,3887 4029,3887 4028,3887 4027,3889 4027,3890 4025,3891 4013,3891 4012,3893 4012,3894 4011,3894 4010,3894 4009,3895 4003,3895 4002,3894 4001,3894 4001,3894 4001,3893 3999,3891 3629,3890 3628,3891 3623,3891 3623,3892 3623,3893 3620,3895 3560,3895 3560,3896 3560,3897 3558,3898 3421,3898 3421,3898 3421,3899 3403,3917 3399,3917 3398,3918 3398,3919 3397,3920 3384,3920 3384,3919 3384,3892 3383,3892 3115,3891 3115,3892 3115,3894 3113,3895 2805,3894 2804,3895 2633,3895 2633,3896 2633,3940 2632,3940"/><TextEquiv index="1"><Unicode>avoir auparavant pris ſes avis; &amp; cette</Unicode></TextEquiv></TextLine><TextLine id="r0_l020"><Coords points="4217,4101 4214,4098 4214,4094 4214,4094 3757,4093 3755,4091 3755,4090 3754,4089 3749,4089 3748,4088 3748,4087 3747,4086 3747,4059 3747,4059 2552,4056 2548,4060 2208,4059 2207,4060 2187,4060 2186,4061 2186,4092 2185,4093 2165,4093 2164,4093 2164,4092 2163,4091 2163,4058 2163,4057 1710,4056 1708,4054 1419,4053 1417,4051 1417,4050 1416,4049 1227,4049 1227,4049 1227,4048 1224,4045 1220,4045 1219,4044 1219,4043 1218,4042 1214,4042 1213,4041 1212,4041 1212,4040 1212,4039 1211,4039 1210,4038 1209,4038 1208,4036 1208,4031 1207,4031 1206,4031 1204,4028 1204,4024 1202,4023 1201,4023 1201,4022 1201,4005 1201,4005 1202,4005 1205,4002 1205,4001 1205,4001 1206,4001 1208,3999 1208,3995 1213,3990 1214,3990 1215,3989 1215,3988 1217,3986 1221,3986 1223,3985 1223,3984 1223,3983 1224,3983 1227,3981 1227,3980 1227,3979 1236,3979 1237,3979 1237,3978 1239,3975 1243,3975 1245,3974 1245,3973 1245,3972 1461,3973 1462,3972 1463,3972 1465,3970 1465,3958 1466,3957 1467,3957 1469,3955 1469,3947 1470,3946 1471,3946 1472,3945 1472,3944 1474,3942 1478,3942 1489,3931 1493,3931 1495,3929 1495,3928 1495,3928 1497,3928 1499,3929 1499,3930 1499,3931 1511,3931 1513,3932 1513,3933 1513,3934 2736,3936 2737,3935 2739,3935 2741,3937 3130,3938 3131,3939 3132,3939 3134,3941 3134,3942 3134,3942 3135,3942 3138,3945 3138,3957 3138,3957 4223,3960 4225,3961 4224,4085 4225,4086 4225,4088 4225,4089 4224,4089 4222,4090 4222,4098 4221,4100 4220,4100 4219,4101"/><TextEquiv index="1"><Unicode>confiance m'a procuré hien des avantages,</Unicode></TextEquiv></TextLine><TextLine id="r0_l021"><Coords points="4220,4255 4218,4253 4218,4220 4218,4220 3060,4217 3059,4218 2989,4218 2987,4219 2987,4220 2987,4221 2986,4221 2985,4222 2788,4221 2787,4222 2780,4222 2777,4219 1898,4217 1897,4218 1245,4217 1244,4218 1239,4218 1238,4218 1238,4217 1236,4214 1228,4214 1226,4213 1226,4212 1226,4211 1222,4211 1221,4210 1220,4210 1219,4210 1219,4209 1218,4207 1210,4207 1208,4205 1208,4204 1207,4203 1206,4203 1204,4201 1204,4200 1203,4199 1202,4199 1201,4198 1201,4193 1200,4192 1199,4192 1197,4190 1197,4182 1196,4181 1195,4181 1193,4179 1196,4177 1197,4177 1197,4176 1197,4167 1198,4167 1199,4167 1201,4164 1201,4156 1203,4155 1204,4155 1204,4154 1204,4153 1206,4152 1207,4152 1208,4151 1208,4150 1208,4149 1210,4148 1211,4148 1212,4146 1212,4145 1214,4144 1219,4144 1219,4144 1219,4143 1221,4141 1229,4141 1230,4140 1230,4139 1232,4137 1307,4137 1307,4137 1307,4136 1310,4133 2020,4135 2020,4134 2020,4105 2022,4104 2657,4105 2658,4104 2659,4104 2660,4103 2660,4102 2662,4100 2988,4101 2989,4100 3319,4101 3320,4100 3611,4100 3612,4099 3612,4098 3613,4097 3626,4097 3626,4098 3626,4140 3627,4140 3960,4141 3962,4143 4224,4144 4226,4146 4226,4147 4227,4148 4228,4148 4229,4149 4229,4227 4228,4229 4226,4229 4225,4229 4225,4253 4224,4255"/><TextEquiv index="1"><Unicode>comme on le verra dans la ſuite de mes</Unicode></TextEquiv></TextLine><TextLine id="r0_l022"><Coords points="1935,4427 1935,4426 1935,4380 1934,4380 1813,4379 1812,4380 1753,4380 1752,4382 1752,4383 1751,4383 1749,4383 1748,4382 1748,4381 1747,4380 1540,4380 1539,4378 1539,4377 1538,4377 1205,4376 1205,4375 1205,4374 1202,4372 1201,4372 1201,4371 1201,4362 1199,4361 1198,4361 1197,4359 1197,4307 1198,4306 1217,4306 1219,4305 1219,4304 1219,4303 1220,4303 1221,4302 1229,4302 1230,4302 1230,4301 1231,4299 1531,4300 1532,4299 1533,4299 1535,4297 1535,4296 1536,4295 1541,4295 1542,4295 1542,4296 1543,4297 1543,4301 1543,4302 1757,4302 1759,4304 1759,4305 1760,4306 1953,4307 1954,4306 1954,4267 1960,4262 1997,4262 1998,4263 1998,4305 1998,4306 2099,4306 2101,4307 2101,4308 2102,4310 2286,4310 2289,4308 2289,4307 2289,4306 2373,4307 2374,4306 2581,4306 2582,4305 2582,4304 2584,4302 2717,4302 2718,4302 2718,4294 2720,4291 2721,4291 2722,4291 2722,4286 2723,4284 2724,4284 2726,4283 2726,4283 2726,4282 2728,4280 2729,4280 2730,4279 2730,4279 2730,4278 2731,4277 2732,4277 2733,4276 2733,4275 2735,4273 2740,4273 2740,4273 2740,4272 2743,4269 2747,4269 2748,4268 2748,4267 2749,4266 2751,4266 2752,4265 2753,4266 2799,4266 2799,4267 2799,4268 2801,4269 2805,4269 2810,4275 2810,4283 2811,4284 2813,4284 2814,4285 2814,4309 2814,4309 2982,4310 2983,4309 2983,4270 2984,4270 2985,4270 2987,4267 2987,4266 2988,4266 3143,4266 3147,4262 3155,4262 3156,4264 3156,4265 3158,4266 3159,4266 3159,4267 3159,4268 3160,4269 3160,4306 3160,4306 3284,4307 3285,4306 3294,4306 3295,4305 3295,4304 3297,4302 3408,4302 3409,4301 3409,4282 3412,4280 3413,4280 3413,4279 3413,4274 3415,4273 3416,4273 3417,4271 3417,4270 3419,4269 3420,4269 3420,4268 3420,4267 3422,4266 3426,4266 3430,4262 3438,4262 3439,4260 3439,4259 3441,4258 3456,4258 3457,4259 3457,4260 3459,4262 3467,4262 3468,4263 3468,4267 3471,4270 3472,4270 3472,4270 3472,4305 3472,4306 3647,4306 3648,4306 3648,4272 3656,4264 3656,4263 3657,4262 3763,4263 3764,4262 3776,4262 3777,4263 3777,4301 3777,4302 3993,4302 3994,4302 3994,4300 3994,4299 3995,4299 3997,4298 3998,4297 3998,4296 3998,4295 4006,4295 4010,4299 4022,4299 4023,4300 4023,4301 4027,4305 4027,4368 4025,4369 4024,4369 4019,4375 4019,4379 4018,4379 4017,4380 4013,4380 4012,4382 4012,4383 4011,4383 4002,4383 4001,4382 4001,4381 4000,4380 3737,4380 3737,4380 3737,4381 3735,4382 3733,4382 3733,4382 3733,4381 3732,4380 3154,4379 3153,4380 2998,4380 2998,4380 2998,4381 2996,4383 2928,4383 2928,4383 2928,4411 2926,4413 2925,4413 2924,4414 2924,4415 2923,4416 2903,4416 2902,4414 2902,4384 2901,4384 2452,4383 2448,4387 2444,4387 2443,4385 2443,4384 2442,4384 2208,4383 2208,4384 2208,4412 2206,4413 2205,4413 2202,4416 2194,4416 2193,4418 2193,4419 2191,4420 2190,4420 2189,4419 2189,4418 2188,4417 2187,4416 2186,4416 2186,4416 2186,4415 2185,4414 2184,4413 2183,4413 2182,4412 2182,4384 2181,4383 2021,4383 2020,4381 2020,4380 2019,4380 1947,4380 1947,4380 1947,4426 1946,4427"/><TextEquiv index="1"><Unicode>aventures. Le pauvre Capitaine Social eut</Unicode></TextEquiv></TextLine><TextLine id="r0_l023"><Coords points="3599,4586 3598,4586 3598,4542 3598,4541 3260,4540 3259,4541 3259,4566 3258,4567 3257,4567 3255,4569 3255,4570 3254,4571 3253,4571 3251,4573 3251,4574 3251,4574 3238,4574 3237,4574 3237,4573 3236,4572 3236,4571 3235,4571 3233,4570 3233,4569 3232,4568 3232,4567 3231,4567 3229,4566 3229,4542 3229,4541 3142,4541 3141,4542 3141,4583 3141,4583 3124,4583 3123,4583 3123,4542 3123,4541 2793,4540 2792,4541 2738,4541 2737,4541 2737,4540 2736,4538 2699,4538 2696,4536 2696,4535 2696,4534 2526,4534 2522,4538 2518,4538 2516,4539 2516,4540 2516,4541 2459,4541 2457,4539 2366,4539 2365,4539 2365,4582 2365,4583 2355,4582 2354,4582 2354,4539 2354,4538 2275,4538 2274,4539 2274,4540 2272,4542 2271,4542 2270,4543 2270,4544 2269,4545 2132,4545 2131,4546 2131,4547 2129,4549 2127,4547 2127,4546 2126,4545 1957,4545 1938,4545 1936,4546 1936,4547 1935,4549 1934,4549 1932,4547 1932,4546 1931,4545 1927,4545 1924,4542 1659,4541 1656,4543 1656,4544 1656,4545 1640,4545 1638,4546 1638,4547 1637,4549 1629,4541 1345,4540 1344,4541 1243,4541 1241,4540 1241,4539 1241,4538 1229,4538 1226,4536 1226,4535 1226,4534 1225,4534 1219,4529 1219,4528 1219,4527 1214,4527 1212,4525 1212,4524 1211,4523 1211,4523 1210,4523 1208,4521 1208,4520 1207,4519 1206,4519 1204,4517 1204,4511 1204,4510 1204,4502 1205,4501 1206,4501 1208,4499 1208,4491 1209,4490 1210,4490 1212,4488 1212,4483 1212,4483 1213,4483 1216,4481 1216,4480 1216,4479 1217,4479 1219,4478 1219,4477 1220,4475 1225,4475 1226,4475 1226,4474 1228,4471 1229,4471 1230,4471 1230,4470 1231,4468 1235,4468 1238,4466 1238,4465 1238,4464 1251,4464 1252,4464 1252,4426 1254,4423 1255,4423 1256,4423 1256,4422 1257,4420 1265,4420 1267,4419 1267,4418 1268,4416 1276,4416 1278,4418 1278,4419 1279,4420 1280,4420 1281,4421 1281,4422 1282,4423 1282,4464 1282,4464 1472,4465 1473,4464 1571,4464 1572,4463 1572,4428 1573,4427 1574,4427 1576,4425 1576,4424 1576,4424 1585,4424 1587,4425 1587,4426 1587,4427 1592,4427 1594,4428 1594,4463 1594,4464 1658,4464 1660,4465 1660,4466 1661,4468 1916,4469 1917,4468 1917,4451 1919,4449 1920,4449 1921,4448 1921,4443 1922,4442 1923,4442 1925,4440 1925,4435 1925,4435 1926,4435 1929,4432 1929,4431 1929,4431 1930,4431 1932,4429 1932,4428 1932,4428 1933,4428 1934,4427 1948,4427 1951,4429 1951,4430 1951,4431 1952,4431 1954,4432 1954,4440 1955,4442 1956,4442 1958,4443 1958,4451 1962,4455 1962,4470 1962,4471 2122,4471 2123,4470 2123,4469 2124,4468 2253,4468 2256,4466 2256,4465 2256,4464 2380,4465 2381,4464 2419,4464 2421,4465 2421,4466 2422,4468 2839,4469 2840,4468 3033,4468 3034,4467 3034,4463 3035,4462 3035,4461 3036,4460 3037,4460 3038,4459 3038,4458 3039,4457 3044,4457 3046,4458 3046,4459 3046,4460 3098,4460 3101,4463 3101,4464 3101,4464 3325,4465 3326,4464 3507,4464 3508,4464 3508,4427 3509,4426 3509,4425 3509,4424 3529,4424 3531,4426 3531,4438 3531,4438 3532,4438 3534,4440 3534,4471 3534,4471 3713,4471 3714,4471 3714,4470 3715,4468 3729,4468 3730,4467 3797,4468 3799,4466 3799,4465 3800,4464 3955,4464 3957,4462 3957,4461 3957,4461 3958,4461 3959,4460 3965,4460 3966,4461 3967,4461 3968,4462 3968,4471 3968,4471 3976,4471 3977,4472 3978,4472 3979,4473 3979,4493 3979,4493 4042,4493 4043,4494 4044,4494 4045,4495 4045,4496 4046,4497 4047,4497 4049,4499 4048,4515 4048,4515 4047,4515 4045,4517 4045,4519 4045,4519 3980,4519 3979,4520 3979,4540 3974,4545 3966,4545 3964,4543 3964,4542 3963,4541 3756,4541 3755,4541 3755,4554 3754,4556 3753,4556 3751,4557 3751,4562 3751,4563 3750,4563 3749,4563 3747,4565 3747,4566 3747,4567 3746,4567 3744,4568 3744,4569 3743,4571 3738,4571 3736,4572 3736,4573 3736,4574 3730,4573 3729,4574 3728,4574 3725,4577 3725,4578 3725,4578 3720,4578 3718,4580 3718,4581 3717,4582 3713,4582 3711,4581 3711,4580 3710,4578 3702,4578 3698,4574 3694,4574 3692,4573 3692,4569 3689,4566 3689,4542 3689,4541 3607,4541 3606,4542 3606,4586 3606,4586"/><TextEquiv index="1"><Unicode>dans le même tems une attaque de gout-</Unicode></TextEquiv></TextLine><TextLine id="r0_l024"><Coords points="1756,4749 1756,4749 1756,4738 1756,4737 1360,4736 1359,4736 1359,4704 1359,4703 1214,4703 1204,4693 1204,4631 1207,4629 1215,4629 1216,4628 1216,4627 1217,4626 1218,4626 1219,4625 1219,4624 1221,4622 1222,4622 1223,4621 1223,4620 1224,4619 1225,4619 1227,4617 1227,4616 1228,4615 1539,4616 1539,4615 1539,4586 1541,4585 1542,4585 1543,4583 1543,4582 1544,4582 2352,4583 2353,4582 3123,4584 3124,4583 3310,4584 3313,4581 3314,4581 3314,4580 3314,4579 3316,4578 3328,4578 3328,4578 3328,4579 3331,4582 3332,4582 3332,4582 3332,4583 3333,4584 3794,4585 3795,4586 3795,4588 3796,4589 3875,4589 3876,4590 3876,4591 3877,4592 3878,4593 3879,4593 3880,4594 3880,4628 3881,4629 4025,4629 4027,4632 4027,4633 4028,4633 4033,4633 4034,4635 4034,4636 4036,4637 4041,4637 4041,4638 4041,4639 4044,4641 4045,4641 4045,4642 4045,4695 4046,4695 4047,4695 4049,4698 4049,4702 4048,4703 4047,4703 4045,4705 4045,4706 4044,4707 3451,4706 3450,4706 3450,4723 3449,4725 3437,4725 3435,4723 3435,4707 3435,4707 3434,4707 3432,4705 2330,4702 2329,4703 2329,4739 2329,4739 2324,4739 2323,4740 1771,4739 1770,4740 1770,4749 1769,4749"/><TextEquiv index="1"><Unicode>te, dont il étoit tourmenté depuis bien</Unicode></TextEquiv></TextLine><TextLine id="r0_l025"><Coords points="1352,4910 1352,4910 1352,4866 1351,4865 1235,4865 1234,4864 1234,4863 1232,4861 1231,4861 1231,4861 1230,4860 1230,4859 1228,4857 1227,4857 1226,4856 1226,4855 1225,4854 1224,4854 1223,4853 1223,4853 1223,4852 1221,4850 1216,4850 1216,4850 1216,4849 1213,4846 1212,4846 1212,4845 1212,4840 1210,4839 1209,4839 1208,4837 1208,4832 1207,4832 1206,4832 1204,4829 1204,4815 1212,4807 1212,4806 1212,4806 1221,4806 1223,4805 1223,4804 1224,4802 1225,4802 1226,4802 1226,4801 1228,4798 1229,4798 1230,4798 1230,4797 1231,4795 1232,4795 1234,4794 1234,4793 1235,4791 1262,4791 1263,4791 1263,4749 1264,4747 1272,4747 1274,4746 1274,4745 1274,4744 1275,4744 1276,4743 1278,4745 1278,4746 1283,4751 1284,4751 1285,4752 1285,4787 1285,4787 1345,4787 1348,4790 1589,4791 1590,4790 1590,4789 1592,4787 1595,4787 1598,4789 1598,4790 1598,4791 1743,4791 1744,4791 1744,4777 1745,4776 1745,4774 1745,4773 1746,4773 1748,4772 1748,4764 1749,4762 1750,4762 1752,4761 1752,4753 1755,4749 1769,4749 1770,4750 1770,4791 1770,4791 1895,4791 1896,4790 1993,4791 1995,4789 1995,4788 1996,4787 2309,4787 2310,4787 2310,4743 2311,4742 2311,4741 2312,4740 2323,4740 2324,4739 2330,4739 2331,4740 2332,4740 2333,4742 2333,4775 2333,4775 2705,4776 2708,4779 2708,4780 2708,4780 2888,4781 2889,4780 2893,4780 2895,4778 2895,4777 2895,4777 2896,4777 2897,4776 3019,4776 3020,4775 3020,4773 3020,4773 3021,4773 3023,4771 3023,4767 3025,4765 3032,4765 3035,4767 3035,4768 3035,4769 3073,4769 3075,4771 3075,4772 3075,4772 3076,4773 3077,4773 3079,4775 3079,4776 3079,4776 3243,4776 3244,4776 3244,4775 3245,4774 3245,4773 3246,4773 3248,4772 3248,4763 3248,4762 3249,4762 3251,4761 3251,4757 3253,4754 3254,4754 3255,4754 3255,4749 3256,4747 3257,4747 3258,4747 3259,4746 3259,4745 3260,4743 3261,4743 3262,4743 3262,4742 3264,4740 3265,4740 3266,4739 3266,4739 3266,4738 3268,4736 3271,4736 3272,4735 3273,4735 3273,4735 3273,4734 3276,4731 3287,4732 3288,4733 3288,4734 3290,4736 3291,4736 3292,4737 3292,4738 3294,4740 3394,4740 3395,4741 3395,4742 3395,4743 3521,4743 3523,4745 3523,4746 3524,4747 3529,4747 3531,4749 3531,4787 3531,4787 3748,4788 3749,4787 3757,4787 3759,4785 3759,4784 3759,4784 3959,4784 3961,4785 3961,4790 3961,4791 3962,4791 3964,4792 3964,4794 3964,4795 4036,4795 4038,4797 4038,4798 4038,4798 4042,4798 4043,4799 4044,4799 4045,4800 4045,4801 4046,4802 4047,4802 4048,4803 4049,4804 4049,4805 4050,4806 4050,4806 4051,4806 4052,4807 4052,4808 4053,4809 4053,4852 4050,4854 4049,4854 4049,4855 4049,4856 4043,4861 4042,4861 4042,4862 4042,4863 4039,4865 4031,4865 4030,4867 4030,4868 4029,4868 4020,4868 4019,4867 4019,4866 4018,4865 3910,4865 3909,4863 3909,4862 3907,4861 3711,4860 3711,4861 3711,4875 3710,4875 3709,4875 3707,4878 3707,4882 3705,4883 3701,4883 3692,4893 3692,4894 3691,4894 3656,4894 3656,4894 3656,4893 3653,4890 3652,4890 3652,4890 3652,4889 3649,4886 3648,4886 3648,4886 3648,4858 3647,4857 3513,4857 3512,4856 3512,4855 3511,4854 3510,4854 3509,4853 3509,4852 3507,4850 3148,4849 3147,4850 3076,4850 3075,4852 3075,4853 3073,4854 2893,4854 2890,4851 2510,4850 2509,4851 2509,4878 2508,4879 2499,4879 2498,4880 2498,4881 2496,4883 2491,4883 2491,4882 2491,4881 2488,4879 2487,4879 2487,4878 2487,4850 2486,4850 2295,4849 2294,4850 2289,4850 2289,4851 2289,4852 2286,4854 2266,4854 2266,4855 2266,4857 2264,4858 2263,4858 2263,4859 2263,4860 2261,4861 2020,4861 2020,4861 2020,4870 2014,4876 2013,4876 2013,4876 2013,4881 2011,4883 2010,4883 2010,4883 2009,4884 2009,4885 2007,4887 2002,4887 2002,4887 2002,4888 1999,4891 1990,4891 1989,4890 1988,4890 1987,4888 1987,4869 1986,4869 1877,4868 1877,4868 1877,4867 1875,4865 1402,4864 1401,4865 1362,4865 1362,4866 1362,4910 1361,4910"/><TextEquiv index="1"><Unicode>des années; mais pour cette fois la goutte</Unicode></TextEquiv></TextLine><TextLine id="r0_l026"><Coords points="1315,5073 1314,5073 1314,5027 1314,5026 1279,5026 1278,5027 1224,5027 1223,5028 1223,5029 1222,5030 1206,5030 1204,5028 1205,4922 1204,4921 1204,4914 1206,4912 1225,4912 1227,4911 1227,4910 1227,4909 1236,4909 1237,4910 1361,4910 1364,4913 1365,4913 1366,4914 1366,4955 1366,4955 1552,4956 1554,4954 1554,4953 1554,4953 1559,4953 1561,4954 1561,4955 1561,4956 1754,4956 1756,4955 1756,4954 1756,4953 1905,4954 1906,4953 1906,4951 1910,4947 1910,4946 1910,4946 1911,4946 1912,4945 1918,4945 1919,4946 1920,4946 1921,4946 1921,4952 1921,4953 2137,4953 2138,4953 2138,4907 2139,4905 2151,4905 2152,4906 2152,4907 2154,4909 2155,4909 2156,4910 2156,4942 2156,4942 2353,4942 2354,4941 2464,4942 2465,4941 2465,4898 2465,4898 2466,4898 2469,4895 2469,4891 2470,4890 2473,4890 2474,4891 2475,4891 2476,4891 2476,4892 2477,4894 2654,4894 2656,4893 2656,4892 2656,4891 2657,4891 2658,4890 2683,4890 2686,4893 2686,4894 2686,4894 2687,4894 2689,4896 2689,4900 2693,4904 2693,4938 2693,4938 2895,4939 2896,4938 3277,4939 3278,4938 3555,4938 3556,4938 3556,4937 3558,4934 3564,4934 3565,4935 3566,4935 3567,4936 3567,4937 3568,4938 3568,4946 3568,4946 3754,4947 3755,4946 3756,4946 3757,4945 3761,4945 3762,4944 3762,4943 3763,4942 3767,4942 3770,4939 3770,4938 3770,4938 3771,4938 3773,4939 3773,4943 3778,4949 3782,4949 3784,4950 3784,4951 3785,4953 3938,4953 3939,4952 3939,4909 3939,4909 3940,4909 3941,4908 3942,4907 3942,4906 3943,4905 3959,4905 3960,4905 3960,4906 3961,4907 3961,4926 3961,4927 3962,4927 3964,4928 3964,4952 3964,4953 4029,4953 4030,4954 4030,4955 4032,4957 4033,4957 4034,4958 4034,4959 4035,4960 4039,4960 4049,4970 4048,4975 4049,4976 4049,5008 4050,5008 4111,5008 4111,5009 4111,5010 4112,5011 4112,5013 4111,5014 4111,5015 4111,5015 4043,5015 4042,5016 4042,5017 4041,5018 4041,5019 4041,5019 4040,5019 4038,5021 4038,5022 4038,5022 4037,5022 4034,5025 4034,5026 4034,5026 3958,5026 3957,5027 3924,5027 3923,5026 3922,5026 3920,5024 3920,5023 3920,5023 3729,5022 3728,5023 3562,5023 3560,5022 3560,5021 3559,5019 3554,5019 3553,5019 3553,5017 3553,5016 3413,5016 3412,5015 3411,5015 3409,5013 3409,5012 3409,5012 3203,5011 3202,5012 3040,5012 3038,5013 3038,5014 3038,5015 2808,5014 2807,5015 2807,5058 2807,5058 2797,5058 2796,5058 2796,5015 2796,5014 2770,5014 2769,5015 2742,5015 2741,5015 2741,5014 2740,5012 2354,5011 2351,5014 2351,5015 2351,5015 2298,5015 2296,5017 2296,5018 2295,5019 2294,5019 2293,5020 2293,5021 2291,5023 2128,5023 2127,5023 2127,5024 2127,5025 2126,5026 2125,5026 2124,5027 1966,5027 1965,5027 1965,5028 1964,5030 1877,5029 1876,5030 1544,5030 1543,5029 1543,5028 1542,5027 1320,5026 1319,5027 1319,5073 1319,5073"/><TextEquiv index="1"><Unicode>lui remonta dans l'eſtomac avec tant de</Unicode></TextEquiv></TextLine><TextLine id="r0_l027"><Coords points="1849,5240 1849,5240 1849,5192 1849,5191 1845,5191 1844,5192 1844,5198 1842,5199 1841,5199 1840,5201 1840,5206 1839,5206 1838,5206 1837,5208 1837,5212 1830,5218 1826,5218 1825,5220 1825,5221 1824,5221 1823,5221 1822,5223 1822,5224 1820,5225 1815,5225 1815,5225 1815,5224 1812,5221 1811,5221 1811,5221 1811,5197 1811,5196 1733,5196 1732,5195 1731,5195 1730,5195 1730,5194 1729,5192 1552,5192 1522,5192 1520,5193 1520,5194 1520,5195 1519,5195 1518,5196 1502,5196 1501,5195 1500,5195 1498,5193 1320,5192 1250,5192 1249,5193 1249,5194 1248,5195 1246,5195 1245,5195 1245,5194 1245,5193 1244,5192 1243,5192 1241,5191 1241,5186 1240,5184 1239,5184 1237,5183 1237,5178 1237,5177 1236,5177 1234,5176 1234,5172 1233,5170 1232,5170 1230,5169 1230,5160 1230,5159 1229,5159 1226,5157 1226,5153 1225,5151 1224,5151 1223,5151 1223,5142 1223,5141 1222,5141 1220,5140 1219,5139 1219,5138 1219,5137 1214,5137 1212,5135 1212,5134 1211,5133 1206,5133 1205,5132 1205,5131 1204,5130 1204,5120 1207,5118 1311,5118 1311,5118 1311,5076 1313,5074 1314,5074 1315,5073 1453,5074 1454,5075 1454,5117 1455,5118 1667,5118 1667,5117 1667,5116 1669,5115 1670,5115 1671,5114 1676,5114 1677,5115 1678,5115 1679,5117 1679,5118 1680,5118 1743,5118 1747,5122 1751,5122 1752,5124 1752,5125 1754,5126 1759,5126 1759,5127 1759,5128 1760,5129 1761,5129 1762,5129 1763,5131 1763,5139 1767,5143 1767,5166 1768,5166 1980,5167 1980,5166 1980,5145 1982,5144 1983,5144 1983,5143 1983,5135 1984,5134 1984,5133 1985,5133 1986,5133 1991,5127 1991,5126 1992,5126 1997,5126 1998,5124 1998,5123 2000,5122 2027,5122 2027,5121 2027,5120 2030,5118 2163,5118 2164,5117 2164,5116 2165,5115 2166,5115 2167,5114 2174,5114 2175,5113 2175,5112 2176,5111 2185,5111 2186,5113 2186,5114 2187,5114 2194,5114 2195,5115 2196,5115 2197,5117 2197,5118 2198,5118 2199,5118 2201,5121 2201,5122 2202,5122 2203,5122 2204,5124 2204,5132 2206,5133 2207,5133 2208,5135 2208,5159 2209,5159 2384,5160 2384,5159 2384,5104 2385,5104 2386,5104 2388,5101 2388,5100 2389,5100 2427,5100 2428,5098 2428,5097 2430,5096 2579,5096 2579,5095 2579,5064 2581,5063 2582,5063 2582,5062 2582,5061 2585,5059 2586,5059 2586,5058 2586,5057 2588,5056 2600,5056 2601,5058 2601,5100 2602,5100 2681,5100 2682,5102 2682,5103 2683,5103 2781,5103 2781,5103 2781,5087 2783,5085 2784,5085 2785,5084 2785,5076 2787,5074 2788,5074 2788,5074 2788,5065 2790,5063 2791,5063 2792,5062 2792,5061 2793,5060 2794,5060 2796,5058 2807,5058 2807,5059 2807,5095 2808,5095 2905,5096 2906,5097 2906,5099 2907,5100 3114,5100 3115,5099 3115,5098 3117,5096 3233,5096 3233,5096 3233,5061 3234,5060 3235,5060 3237,5058 3237,5057 3238,5056 3243,5056 3244,5055 3244,5054 3245,5053 3246,5052 3247,5052 3248,5054 3248,5055 3250,5056 3254,5056 3259,5062 3259,5099 3260,5099 3497,5100 3498,5098 3498,5097 3500,5096 3501,5096 3501,5095 3501,5090 3503,5089 3504,5089 3505,5087 3505,5082 3506,5082 3507,5082 3509,5080 3509,5079 3510,5078 3511,5078 3512,5077 3512,5073 3515,5070 3516,5070 3516,5070 3516,5069 3518,5067 3530,5067 3530,5067 3530,5066 3533,5063 3537,5063 3538,5065 3538,5066 3540,5067 3637,5067 3637,5068 3637,5069 3645,5077 3645,5111 3646,5111 3767,5112 3768,5111 3938,5111 3938,5110 3938,5078 3939,5077 3939,5071 3941,5070 3955,5070 3956,5071 3957,5071 3957,5071 3957,5076 3959,5078 3960,5078 3961,5079 3961,5113 3962,5114 4017,5114 4018,5115 4019,5115 4019,5116 4019,5117 4021,5118 4026,5118 4027,5120 4027,5121 4029,5122 4033,5122 4038,5128 4038,5129 4039,5129 4040,5129 4042,5132 4042,5140 4043,5140 4044,5140 4045,5142 4045,5147 4044,5148 4043,5148 4042,5149 4042,5179 4040,5181 4039,5181 4038,5182 4038,5183 4033,5188 4029,5188 4027,5190 4027,5191 4026,5192 4025,5192 4023,5194 4023,5195 4023,5195 4022,5195 4021,5196 3988,5196 3987,5197 3987,5218 3986,5219 3986,5221 3985,5221 3984,5221 3983,5223 3983,5227 3980,5229 3959,5229 3958,5228 3957,5228 3957,5227 3957,5226 3955,5225 3954,5225 3953,5223 3953,5192 3953,5192 3919,5192 3916,5189 3916,5188 3916,5188 3641,5187 3640,5188 3628,5188 3626,5187 3626,5186 3626,5185 3510,5185 3509,5186 3509,5227 3508,5227 3505,5227 3504,5226 3487,5226 3487,5225 3487,5177 3487,5177 3320,5177 3316,5181 3312,5181 3310,5179 3310,5178 3310,5178 2963,5177 2961,5178 2961,5179 2960,5181 2777,5180 2776,5181 2687,5181 2686,5182 2686,5189 2685,5190 2685,5191 2684,5192 2683,5192 2682,5193 2682,5194 2680,5196 2679,5196 2678,5197 2678,5202 2676,5203 2675,5203 2674,5205 2674,5206 2673,5206 2672,5206 2671,5207 2667,5207 2667,5208 2667,5209 2665,5210 2661,5210 2659,5213 2659,5214 2658,5214 2628,5214 2623,5209 2623,5208 2622,5207 2621,5207 2619,5205 2619,5178 2619,5177 2529,5177 2528,5176 2528,5175 2527,5174 2297,5173 2296,5174 2296,5183 2292,5187 2292,5198 2286,5203 2285,5203 2285,5204 2285,5209 2283,5210 2282,5210 2281,5212 2281,5213 2279,5214 2278,5214 2278,5215 2278,5216 2275,5218 2274,5218 2274,5219 2274,5220 2272,5221 2185,5221 2185,5222 2185,5237 2184,5237 2164,5237 2164,5237 2164,5193 2164,5192 2043,5192 2042,5192 2042,5223 2040,5225 2039,5225 2039,5225 2039,5226 2036,5229 2029,5229 2028,5227 2028,5226 2026,5225 2021,5225 2020,5223 2020,5192 2020,5192 1861,5191 1860,5192 1860,5240 1859,5240"/><TextEquiv index="1"><Unicode>violence, que, malgré tous les ſoins de</Unicode></TextEquiv></TextLine><TextLine id="r0_l028"><Coords points="2084,5394 2079,5388 2079,5384 2077,5383 2076,5383 2075,5381 2075,5359 2074,5359 1212,5357 1212,5356 1212,5343 1213,5342 1214,5342 1215,5342 1215,5286 1216,5284 1228,5284 1230,5283 1230,5282 1231,5280 1232,5280 1234,5279 1234,5278 1235,5276 1412,5276 1414,5275 1414,5274 1414,5273 1641,5274 1642,5273 1642,5270 1647,5265 1648,5265 1649,5264 1649,5259 1650,5258 1651,5258 1653,5256 1653,5255 1654,5254 1655,5254 1656,5253 1656,5252 1658,5250 1659,5250 1660,5249 1660,5248 1661,5247 1662,5247 1664,5245 1664,5244 1665,5243 1670,5243 1671,5242 1671,5241 1673,5239 1677,5239 1679,5238 1679,5237 1679,5236 1695,5236 1697,5235 1697,5234 1698,5232 1709,5232 1713,5236 2997,5239 2998,5238 2998,5225 2998,5225 2999,5225 3003,5221 3450,5222 3451,5221 3459,5221 3461,5222 3461,5225 3461,5226 3504,5226 3505,5227 3508,5227 3509,5228 3509,5232 3509,5232 3510,5232 3512,5234 3512,5272 3512,5272 3586,5272 3587,5273 3588,5273 3589,5274 3589,5275 3589,5275 3775,5276 3777,5277 3777,5278 3778,5280 4054,5280 4056,5282 4056,5305 4056,5305 4057,5305 4060,5308 4060,5312 4060,5312 4231,5313 4232,5313 4232,5314 4233,5315 4233,5329 4231,5331 4060,5330 4060,5331 4060,5342 4060,5342 4061,5342 4064,5345 4064,5346 4064,5346 4065,5346 4067,5348 4067,5353 4066,5353 4065,5353 4064,5355 4064,5359 4063,5360 4063,5361 4062,5361 3215,5359 3215,5360 3215,5370 3214,5371 3214,5372 3213,5372 2449,5371 2448,5372 2144,5371 2143,5372 2142,5372 2142,5373 2142,5381 2141,5382 2141,5383 2140,5383 2135,5383 2134,5385 2134,5386 2133,5386 2132,5386 2130,5388 2130,5389 2129,5390 2128,5390 2127,5391 2127,5392 2125,5394"/><TextEquiv index="1"><Unicode>notre Chirurgien, nous le perdîmes au</Unicode></TextEquiv></TextLine><TextLine id="r0_l029"><Coords points="1397,5565 1396,5565 1396,5557 1396,5556 1236,5556 1234,5555 1234,5554 1233,5552 1221,5552 1219,5551 1219,5550 1218,5548 1213,5548 1212,5547 1212,5546 1210,5544 1209,5544 1208,5543 1208,5476 1207,5475 1206,5475 1205,5474 1205,5473 1204,5472 1206,5471 1207,5471 1208,5469 1208,5465 1214,5460 1215,5460 1215,5460 1215,5455 1217,5453 1218,5453 1219,5452 1219,5451 1221,5449 1237,5449 1237,5449 1237,5448 1240,5445 1244,5445 1245,5444 1245,5443 1246,5442 1332,5442 1333,5441 1333,5440 1335,5438 1340,5438 1340,5439 1340,5441 1341,5441 1542,5442 1542,5441 1543,5401 1543,5401 1544,5401 1548,5397 1561,5397 1562,5398 1563,5398 1565,5399 1565,5400 1565,5401 1566,5401 1568,5402 1567,5428 1568,5429 1568,5441 1569,5442 1715,5442 1715,5443 1715,5444 1717,5445 1900,5445 1901,5444 1909,5445 1912,5442 1971,5442 1973,5439 1973,5438 1974,5438 2111,5438 2111,5437 2112,5410 2113,5409 2117,5409 2120,5406 2120,5405 2120,5405 2125,5405 2127,5406 2126,5429 2128,5431 2298,5431 2298,5431 2299,5426 2301,5423 2302,5423 2303,5423 2303,5422 2304,5420 2305,5420 2306,5419 2307,5419 2308,5420 2309,5420 2311,5422 2311,5426 2311,5426 2607,5427 2608,5427 2608,5392 2609,5390 2610,5390 2612,5389 2612,5388 2612,5387 2613,5387 2614,5386 2627,5386 2628,5387 2629,5387 2630,5388 2630,5389 2631,5390 2632,5390 2634,5392 2634,5427 2634,5427 2695,5427 2696,5428 2696,5429 2698,5431 2703,5431 2704,5433 2704,5434 2705,5434 2878,5435 2879,5434 2887,5434 2887,5433 2887,5431 2888,5431 3113,5431 3116,5429 3116,5428 3116,5427 3228,5427 3229,5427 3229,5389 3231,5386 3232,5386 3233,5386 3233,5385 3234,5383 3250,5383 3251,5384 3251,5385 3253,5387 3254,5387 3255,5388 3255,5430 3255,5430 3327,5431 3330,5434 3335,5434 3336,5435 3336,5437 3337,5438 3603,5438 3603,5438 3604,5400 3605,5398 3606,5398 3607,5397 3684,5397 3685,5397 3685,5396 3686,5394 3727,5394 3728,5393 3731,5393 3733,5392 3733,5391 3734,5389 3749,5390 3751,5391 3751,5396 3751,5397 3752,5397 3755,5399 3754,5437 3755,5438 3783,5438 3787,5442 3949,5442 3950,5443 3950,5448 3951,5449 3952,5449 3953,5450 3953,5488 3954,5489 4040,5489 4042,5492 4042,5493 4043,5493 4044,5493 4045,5495 4045,5496 4047,5497 4048,5497 4049,5499 4049,5500 4050,5500 4051,5500 4053,5503 4053,5511 4055,5512 4056,5512 4056,5513 4056,5529 4055,5530 4054,5530 4053,5531 4053,5532 4051,5534 4050,5534 4049,5535 4049,5540 4049,5540 4048,5541 4047,5541 4045,5543 4045,5544 4045,5544 4044,5544 4041,5547 4041,5548 4041,5548 4040,5548 4038,5550 4038,5551 4037,5552 4032,5552 4031,5553 4031,5554 4029,5556 4018,5556 4016,5555 4016,5520 4016,5519 3941,5519 3939,5517 3939,5515 3939,5515 3718,5514 3717,5515 3584,5515 3582,5517 3582,5518 3581,5519 3481,5519 3479,5517 3479,5512 3479,5512 3478,5512 3477,5511 3330,5511 3328,5509 2985,5508 2983,5509 2983,5510 2983,5511 2982,5511 2981,5512 2929,5512 2928,5512 2928,5521 2928,5522 2927,5522 2926,5522 2924,5524 2924,5525 2924,5526 2922,5526 2921,5526 2921,5531 2919,5534 2918,5534 2917,5534 2917,5539 2916,5541 2911,5541 2910,5541 2910,5542 2908,5545 2900,5545 2899,5545 2899,5546 2898,5548 2878,5548 2877,5547 2877,5546 2876,5545 2872,5545 2871,5544 2870,5544 2869,5543 2869,5538 2868,5537 2867,5537 2866,5536 2866,5535 2865,5534 2865,5516 2865,5516 2742,5515 2741,5515 2741,5514 2740,5512 2685,5512 2684,5511 2683,5511 2682,5511 2682,5510 2681,5508 2628,5508 2627,5508 2627,5507 2626,5506 2626,5505 2626,5504 2319,5503 2318,5504 2318,5511 2318,5511 2317,5511 2316,5512 2314,5514 2314,5515 2314,5515 2188,5515 2185,5518 2185,5519 2185,5519 1812,5518 1811,5519 1811,5540 1810,5541 1809,5541 1807,5543 1807,5548 1807,5548 1786,5548 1785,5549 1785,5555 1784,5556 1780,5556 1778,5555 1778,5553 1778,5552 1768,5552 1767,5552 1767,5538 1767,5537 1757,5537 1756,5537 1756,5536 1755,5534 1754,5534 1752,5533 1752,5523 1752,5522 1705,5522 1704,5522 1704,5521 1703,5519 1437,5518 1436,5519 1407,5519 1406,5520 1406,5565 1406,5565"/><TextEquiv index="1"><Unicode>grand regret de tous les gens du vaiſſeau,</Unicode></TextEquiv></TextLine><TextLine id="r0_l030"><Coords points="1267,5717 1267,5717 1267,5716 1265,5714 1261,5714 1259,5712 1259,5685 1258,5684 1234,5684 1234,5684 1234,5683 1215,5664 1215,5660 1213,5658 1212,5658 1212,5657 1212,5652 1211,5651 1210,5651 1208,5649 1208,5634 1204,5630 1204,5627 1207,5625 1219,5625 1219,5625 1219,5624 1221,5622 1225,5622 1227,5620 1227,5619 1228,5618 1233,5618 1234,5617 1234,5616 1236,5614 1244,5614 1245,5613 1245,5612 1246,5611 1247,5611 1249,5609 1249,5608 1250,5607 1343,5607 1344,5606 1344,5605 1346,5603 1392,5603 1392,5603 1392,5568 1393,5567 1394,5567 1396,5565 1407,5565 1409,5567 1410,5567 1410,5568 1410,5569 1413,5571 1414,5571 1414,5572 1414,5610 1415,5610 1589,5611 1590,5609 1590,5608 1592,5607 1745,5607 1745,5607 1745,5564 1746,5563 1755,5563 1756,5565 1756,5566 1758,5567 1884,5567 1884,5568 1884,5569 1886,5570 1887,5570 1888,5572 1888,5573 1890,5574 1891,5574 1892,5576 1892,5606 1893,5606 2083,5607 2083,5606 2083,5604 2085,5603 2086,5603 2086,5602 2086,5601 2088,5600 2092,5600 2094,5597 2094,5596 2095,5596 2097,5596 2098,5597 2098,5602 2099,5603 2410,5604 2410,5603 2410,5564 2416,5559 2535,5559 2535,5558 2535,5556 2536,5556 2546,5556 2547,5555 2548,5556 2549,5556 2549,5556 2549,5557 2551,5559 2552,5559 2553,5560 2553,5599 2554,5600 2910,5601 2911,5600 3055,5600 3057,5598 3057,5597 3058,5596 3178,5596 3178,5596 3178,5561 3180,5559 3181,5559 3182,5558 3182,5558 3182,5557 3183,5556 3187,5556 3188,5555 3189,5555 3189,5555 3189,5554 3191,5552 3236,5552 3237,5554 3237,5555 3238,5555 3239,5556 3240,5556 3240,5557 3240,5595 3241,5595 3424,5596 3424,5595 3424,5593 3425,5593 3426,5593 3428,5590 3428,5589 3429,5589 3430,5589 3432,5586 3432,5585 3433,5585 3560,5585 3560,5585 3560,5572 3562,5570 3574,5570 3575,5569 3575,5564 3576,5563 3833,5564 3834,5563 3846,5563 3847,5564 3847,5572 3849,5574 3850,5574 3850,5574 3850,5606 3851,5607 3923,5607 3924,5608 3924,5609 3926,5611 3931,5611 3931,5611 3931,5612 3934,5615 3935,5615 3935,5615 3935,5635 3936,5636 3937,5636 3939,5638 3939,5646 3940,5647 4029,5647 4031,5650 4031,5651 4032,5651 4037,5651 4038,5653 4038,5662 4038,5662 4039,5662 4042,5665 4042,5682 4041,5683 4041,5684 4040,5684 4039,5684 4038,5686 4038,5687 4036,5688 4035,5688 4034,5690 4034,5695 4033,5695 4032,5695 4030,5698 4030,5699 4029,5699 4024,5699 4023,5701 4023,5702 4021,5703 4016,5703 4016,5704 4016,5705 4014,5706 4010,5706 4008,5709 4008,5710 4007,5710 3995,5710 3994,5709 3994,5685 3993,5684 3785,5684 3783,5682 3565,5681 3564,5680 3564,5679 3562,5677 3553,5677 3553,5677 3553,5674 3552,5673 3296,5673 3296,5672 3296,5671 3295,5671 3068,5670 3068,5671 3068,5672 3066,5673 2780,5672 2779,5673 2661,5673 2659,5676 2659,5677 2658,5677 2650,5677 2648,5675 2648,5674 2647,5673 2567,5673 2567,5673 2567,5717 2566,5718 2562,5718 2561,5719 2557,5719 2557,5718 2557,5673 2556,5673 2429,5673 2428,5674 2428,5675 2426,5677 2317,5676 2316,5677 2278,5677 2278,5678 2278,5679 2275,5681 2098,5681 2097,5682 2097,5683 2096,5684 1891,5683 1890,5684 1819,5684 1818,5686 1818,5687 1816,5688 1812,5688 1808,5684 1756,5684 1756,5684 1756,5683 1754,5681 1536,5681 1535,5682 1535,5683 1534,5684 1520,5684 1520,5684 1520,5712 1518,5714 1514,5714 1513,5715 1513,5716 1512,5717 1495,5717 1495,5716 1495,5715 1492,5713 1491,5713 1491,5712 1491,5682 1490,5682 1293,5681 1293,5682 1293,5712 1290,5714 1289,5714 1289,5715 1289,5716 1287,5717"/><TextEquiv index="1"><Unicode>qui perdoient en lui un excellent Marin,</Unicode></TextEquiv></TextLine><TextLine id="r0_l031"><Coords points="1438,5890 1437,5890 1438,5843 1437,5842 1261,5842 1259,5845 1259,5846 1258,5846 1235,5846 1234,5845 1234,5844 1232,5842 1227,5842 1226,5841 1226,5836 1225,5835 1224,5835 1223,5834 1223,5788 1222,5787 1220,5787 1219,5786 1219,5785 1218,5784 1214,5784 1213,5783 1212,5783 1212,5782 1212,5773 1213,5772 1214,5772 1215,5772 1215,5771 1216,5769 1497,5770 1498,5769 1498,5759 1499,5758 1500,5758 1501,5757 1502,5756 1502,5755 1503,5754 1504,5754 1506,5752 1506,5747 1506,5747 1507,5747 1508,5746 1510,5744 1510,5743 1510,5743 1511,5743 1513,5741 1513,5740 1514,5739 1519,5739 1520,5738 1520,5737 1521,5736 1522,5736 1524,5734 1524,5733 1525,5732 1530,5732 1531,5731 1531,5730 1533,5728 1537,5728 1539,5726 1539,5725 1539,5725 1581,5725 1583,5726 1583,5727 1583,5728 1588,5728 1590,5729 1590,5730 1591,5732 1596,5732 1597,5732 1597,5733 1599,5736 1600,5736 1601,5736 1601,5768 1601,5769 1662,5769 1664,5770 1664,5771 1664,5772 1914,5773 1915,5772 2140,5772 2142,5771 2142,5770 2142,5769 2155,5769 2156,5769 2156,5726 2156,5725 2157,5725 2158,5724 2162,5724 2164,5723 2164,5722 2164,5721 2173,5721 2174,5722 2174,5723 2174,5723 2176,5725 2177,5725 2178,5726 2178,5734 2182,5738 2182,5765 2182,5765 2351,5765 2352,5764 2353,5764 2355,5763 2355,5762 2356,5760 2357,5760 2358,5760 2358,5759 2359,5758 2360,5758 2362,5756 2362,5755 2363,5754 2371,5754 2373,5755 2373,5763 2374,5765 2552,5765 2553,5764 2553,5722 2554,5721 2555,5721 2557,5719 2561,5719 2562,5718 2675,5718 2676,5717 2679,5717 2683,5721 2724,5721 2726,5723 2726,5724 2727,5725 2728,5725 2730,5727 2730,5760 2730,5760 2905,5761 2906,5760 2906,5755 2907,5754 2908,5754 2909,5753 2909,5752 2911,5750 2915,5750 2917,5751 2917,5752 2918,5754 2919,5754 2921,5755 2921,5760 2921,5761 2930,5761 2932,5762 2932,5804 2932,5805 3100,5805 3101,5805 3101,5785 3102,5783 3103,5783 3104,5783 3104,5745 3105,5743 3106,5743 3108,5742 3108,5727 3117,5717 3129,5717 3130,5717 3130,5716 3131,5714 3132,5714 3133,5713 3134,5713 3135,5714 3136,5714 3137,5715 3137,5716 3138,5717 3154,5717 3156,5719 3156,5720 3157,5721 3158,5721 3159,5722 3159,5723 3160,5724 3160,5750 3160,5750 3216,5750 3218,5752 3218,5753 3219,5754 3220,5754 3222,5756 3222,5757 3222,5757 3566,5758 3567,5758 3567,5734 3568,5732 3569,5732 3571,5731 3571,5727 3572,5725 3595,5725 3597,5727 3597,5769 3597,5769 3702,5769 3703,5770 3703,5771 3703,5771 4043,5772 4045,5774 4045,5775 4046,5776 4054,5776 4056,5778 4056,5779 4056,5779 4057,5780 4058,5780 4060,5782 4060,5783 4060,5783 4061,5783 4064,5786 4064,5833 4063,5834 4063,5835 4062,5835 4061,5835 4060,5837 4060,5841 4058,5842 4054,5842 4046,5850 4038,5850 4038,5851 4038,5852 4036,5853 4020,5853 4019,5852 4019,5851 4018,5850 3874,5850 3872,5847 3872,5846 3871,5846 3706,5845 3705,5846 3700,5846 3700,5847 3700,5848 3697,5850 3690,5850 3689,5849 3689,5848 3687,5846 3572,5846 3571,5845 3571,5844 3570,5843 3569,5842 3568,5842 3567,5841 3567,5836 3566,5835 3222,5834 3222,5835 3222,5880 3221,5880 3209,5880 3208,5881 3094,5881 3093,5882 3079,5882 3079,5882 3079,5843 3078,5842 3014,5842 3013,5843 3013,5847 3010,5850 3009,5850 3009,5850 3009,5855 3007,5857 3006,5857 3005,5858 3005,5859 3003,5861 2995,5861 2994,5862 2994,5863 2993,5864 2987,5864 2987,5863 2987,5835 2986,5835 2795,5834 2794,5835 2652,5835 2652,5836 2652,5853 2651,5853 2650,5853 2649,5855 2649,5859 2646,5861 2642,5861 2641,5863 2641,5864 2640,5864 2639,5864 2637,5867 2637,5868 2636,5868 2620,5868 2619,5870 2619,5871 2617,5872 2613,5872 2612,5871 2612,5870 2610,5868 2598,5868 2597,5867 2597,5866 2596,5865 2595,5864 2594,5864 2594,5864 2594,5863 2592,5861 2591,5861 2590,5860 2590,5836 2589,5835 2381,5835 2380,5836 2380,5837 2378,5839 2291,5838 2290,5839 2289,5839 2288,5841 2288,5842 2287,5842 2195,5842 2195,5843 2195,5887 2194,5887 2183,5887 2183,5887 2183,5843 2182,5842 2098,5842 2098,5842 2098,5843 2097,5844 2097,5845 2096,5846 1973,5846 1973,5846 1973,5847 1970,5850 1969,5848 1969,5847 1968,5847 1558,5846 1557,5847 1557,5848 1555,5850 1551,5850 1550,5848 1550,5847 1548,5846 1536,5846 1535,5844 1535,5843 1534,5843 1458,5843 1458,5843 1457,5890 1457,5891"/><TextEquiv index="1"><Unicode>un Commandant vigilant, &amp; un homme</Unicode></TextEquiv></TextLine><TextLine id="r0_l032"><Coords points="1536,6056 1535,6055 1535,6008 1535,6008 1406,6007 1405,6008 1283,6008 1282,6009 1282,6010 1281,6011 1264,6011 1263,6012 1263,6040 1262,6041 1250,6041 1249,6042 1249,6043 1248,6044 1247,6044 1246,6045 1234,6045 1233,6044 1232,6044 1230,6043 1230,6042 1230,6041 1221,6041 1219,6040 1219,5943 1221,5941 1222,5941 1223,5940 1223,5939 1224,5938 1240,5938 1241,5937 1241,5936 1243,5934 1274,5934 1274,5934 1274,5933 1277,5930 1322,5930 1322,5930 1322,5896 1328,5890 1332,5890 1333,5889 1333,5888 1335,5886 1339,5886 1340,5888 1340,5890 1341,5890 1458,5891 1458,5891 1458,5933 1459,5934 1660,5934 1660,5933 1660,5891 1662,5890 1667,5890 1667,5889 1667,5888 1668,5887 1669,5886 1669,5886 1676,5886 1677,5887 1678,5887 1678,5888 1679,5889 1679,5890 1680,5890 1685,5890 1686,5891 1848,5891 1849,5890 1854,5890 1855,5892 1855,5893 1857,5894 1858,5894 1859,5896 1859,5933 1860,5933 2097,5934 2097,5933 2097,5932 2100,5930 2101,5930 2101,5929 2101,5924 2103,5923 2104,5923 2104,5922 2105,5921 2105,5920 2107,5919 2171,5919 2171,5919 2171,5910 2172,5909 2173,5909 2174,5908 2174,5901 2175,5900 2175,5899 2176,5898 2177,5897 2178,5897 2178,5897 2178,5892 2180,5890 2181,5890 2181,5890 2181,5888 2182,5887 2318,5887 2319,5886 2320,5886 2322,5885 2322,5884 2322,5883 2323,5883 2325,5882 2325,5881 2326,5879 2342,5879 2344,5881 2344,5882 2345,5883 2349,5883 2351,5885 2352,5885 2355,5888 2356,5888 2362,5895 2362,5918 2363,5919 2556,5919 2556,5918 2557,5879 2557,5879 2558,5879 2562,5875 2573,5875 2575,5876 2575,5878 2575,5879 2618,5879 2619,5880 2619,5883 2619,5883 2655,5883 2656,5884 2655,5889 2656,5889 2657,5889 2658,5890 2659,5890 2660,5892 2660,5922 2661,5922 3078,5923 3078,5923 3079,5883 3079,5882 3203,5882 3204,5881 3208,5881 3209,5880 3221,5880 3222,5881 3222,5882 3222,5882 3385,5883 3388,5880 3388,5879 3388,5879 3456,5879 3457,5879 3457,5880 3461,5884 3460,5890 3461,5891 3461,5892 3463,5894 3589,5894 3589,5895 3589,5896 3590,5897 3590,5927 3591,5927 3681,5927 3681,5928 3681,5933 3683,5934 3684,5934 3685,5936 3685,5937 3686,5937 3853,5938 3854,5936 3854,5935 3856,5934 3996,5934 4005,5944 4005,5948 4007,5949 4008,5949 4008,5950 4008,5952 4009,5952 4062,5952 4064,5955 4064,5966 4063,5967 4062,5967 4060,5969 4060,5970 4059,5971 4058,5971 4056,5973 4056,5974 4055,5975 4013,5975 4012,5976 4012,6000 4012,6000 4011,6000 4003,6008 3692,6007 3691,6008 3690,6008 3689,6009 3689,6010 3688,6011 3635,6011 3633,6010 3633,6009 3633,6008 3533,6008 3531,6007 3531,5998 3531,5997 3265,5996 3262,5999 3262,6000 3262,6000 3246,6000 3244,5999 3244,5998 3244,5997 3010,5997 3009,5997 3009,5998 3008,6000 2781,5999 2780,6000 2772,6000 2769,5997 2551,5997 2550,5997 2550,5998 2549,6000 2419,6000 2417,6001 2417,6002 2416,6004 2352,6003 2351,6004 2188,6004 2184,6008 2117,6008 2116,6008 2116,6009 2115,6011 1881,6010 1880,6011 1846,6011 1844,6013 1844,6014 1843,6015 1739,6015 1737,6014 1737,6013 1736,6011 1640,6011 1638,6009 1638,6008 1638,6008 1550,6008 1549,6008 1549,6055 1549,6056"/><TextEquiv index="1"><Unicode>plein de bonté &amp; d'humanité. Il fut rem-</Unicode></TextEquiv></TextLine><TextLine id="r0_l033"><Coords points="1220,6210 1219,6209 1219,6208 1217,6206 1216,6206 1216,6206 1216,6205 1215,6204 1215,6113 1218,6110 1219,6110 1219,6110 1219,6105 1221,6103 1229,6103 1233,6099 1259,6099 1260,6098 1260,6097 1261,6096 1318,6096 1318,6096 1318,6054 1320,6052 1321,6052 1322,6051 1322,6050 1324,6048 1332,6048 1333,6050 1333,6055 1334,6055 1335,6055 1337,6058 1337,6095 1338,6095 1472,6096 1473,6097 1473,6098 1474,6099 1524,6099 1524,6098 1524,6078 1525,6078 1526,6078 1528,6075 1528,6071 1530,6070 1531,6070 1531,6069 1531,6065 1532,6064 1532,6063 1533,6063 1534,6063 1535,6061 1535,6056 1536,6056 1687,6056 1688,6055 1703,6055 1704,6057 1704,6058 1706,6059 1707,6059 1708,6061 1708,6099 1709,6099 1983,6100 1983,6099 1983,6061 1984,6060 1984,6059 1985,6059 1994,6059 1994,6058 1994,6057 1997,6055 1999,6057 2168,6057 2170,6055 2174,6055 2175,6054 2175,6053 2176,6052 2206,6052 2210,6048 2214,6048 2215,6050 2215,6051 2217,6052 2225,6052 2228,6055 2232,6055 2234,6058 2234,6059 2235,6059 2236,6059 2237,6061 2237,6092 2238,6092 2350,6092 2351,6091 2351,6089 2352,6088 2353,6088 2355,6086 2355,6085 2356,6084 2781,6085 2781,6085 2781,6042 2782,6041 2802,6041 2807,6047 2807,6084 2808,6084 3185,6085 3185,6085 3185,6083 3187,6081 3188,6081 3189,6080 3189,6075 3190,6074 3288,6075 3288,6074 3288,6041 3289,6041 3290,6041 3291,6040 3302,6040 3303,6038 3303,6037 3304,6037 3306,6037 3307,6038 3307,6039 3309,6041 3313,6041 3314,6042 3314,6043 3315,6044 3316,6044 3318,6046 3318,6084 3319,6085 3523,6085 3523,6085 3523,6061 3525,6059 3526,6059 3527,6058 3527,6057 3528,6056 3529,6056 3530,6055 3618,6055 3619,6054 3619,6053 3620,6052 3763,6053 3764,6052 3768,6052 3770,6049 3770,6048 3771,6048 3780,6048 3780,6048 3780,6049 3783,6052 3839,6052 3839,6052 3839,6095 3840,6096 3996,6096 3998,6094 3998,6093 3999,6092 4041,6092 4041,6092 4041,6091 4044,6088 4058,6088 4066,6096 4067,6096 4067,6097 4067,6102 4069,6103 4070,6103 4071,6105 4071,6110 4071,6110 4070,6110 4069,6111 4061,6111 4060,6112 4060,6113 4059,6114 4055,6114 4052,6117 4052,6118 4052,6118 4050,6118 4049,6119 4049,6150 4047,6151 4046,6151 4045,6153 4045,6154 4043,6155 4042,6155 4041,6157 4041,6158 4040,6158 4032,6158 4030,6161 4030,6162 4029,6162 3990,6162 3990,6163 3990,6176 3988,6177 3987,6177 3986,6179 3986,6187 3984,6188 3983,6188 3983,6189 3983,6194 3981,6195 3976,6195 3976,6196 3976,6197 3973,6199 3972,6199 3972,6200 3972,6201 3970,6202 3966,6202 3964,6205 3964,6206 3963,6206 3928,6206 3928,6205 3928,6204 3925,6202 3924,6202 3924,6201 3924,6166 3923,6166 3722,6165 3722,6166 3722,6187 3721,6187 3720,6187 3718,6190 3718,6194 3716,6195 3715,6195 3715,6196 3715,6197 3712,6199 3711,6199 3711,6200 3711,6201 3708,6203 3707,6203 3707,6204 3707,6205 3705,6206 3701,6206 3700,6208 3700,6209 3698,6210 3697,6210 3696,6209 3696,6208 3695,6207 3694,6206 3693,6206 3692,6205 3692,6170 3691,6169 3498,6169 3498,6168 3498,6167 3497,6167 3496,6166 3495,6166 3494,6164 3494,6158 3493,6158 3395,6158 3395,6158 3395,6208 3394,6209 3383,6209 3383,6208 3383,6158 3382,6158 3211,6157 3211,6158 3211,6161 3209,6162 3204,6162 3204,6163 3204,6164 3198,6169 3193,6169 3193,6169 3193,6165 3192,6164 3192,6163 3191,6162 3083,6162 3083,6163 3083,6206 3082,6206 3078,6206 3078,6206 3078,6163 3077,6162 2806,6161 2805,6162 2351,6161 2350,6162 2308,6162 2307,6164 2307,6165 2306,6165 2305,6165 2304,6166 2296,6166 2296,6167 2296,6168 2294,6169 2286,6169 2285,6171 2285,6172 2283,6173 2212,6173 2211,6175 2211,6176 2209,6177 1893,6176 1892,6177 1445,6177 1442,6174 1260,6173 1260,6174 1260,6197 1257,6199 1256,6199 1256,6200 1256,6205 1254,6206 1231,6206 1230,6208 1230,6209 1228,6210"/><TextEquiv index="1"><Unicode>placé dans le Commandement du Haſtings</Unicode></TextEquiv></TextLine><TextLine id="r0_l034"><Coords points="2187,6375 2186,6375 2186,6374 2184,6371 2183,6371 2182,6371 2183,6339 2182,6338 1833,6337 1832,6338 1628,6338 1627,6339 1627,6340 1625,6342 1624,6342 1623,6340 1623,6339 1621,6338 1620,6338 1620,6337 1620,6335 1619,6335 1391,6334 1390,6335 1253,6335 1253,6336 1252,6367 1251,6368 1235,6368 1234,6369 1234,6370 1232,6372 1230,6372 1229,6371 1228,6371 1226,6370 1226,6369 1226,6368 1221,6368 1219,6367 1219,6355 1221,6353 1229,6353 1229,6353 1230,6296 1229,6295 1228,6295 1226,6293 1226,6281 1225,6280 1221,6280 1220,6279 1219,6279 1219,6279 1219,6278 1217,6276 1216,6276 1216,6276 1216,6275 1215,6274 1215,6271 1217,6268 1218,6268 1219,6268 1219,6267 1220,6265 1235,6265 1239,6261 1328,6261 1329,6261 1329,6260 1331,6257 1472,6258 1473,6257 1473,6225 1474,6224 1475,6224 1476,6223 1476,6222 1477,6221 1691,6221 1693,6220 1693,6219 1694,6217 1710,6217 1711,6218 1711,6219 1713,6221 1754,6221 1756,6223 1756,6224 1756,6224 1760,6224 1761,6225 1762,6225 1763,6226 1763,6227 1764,6228 1765,6228 1767,6230 1767,6235 1767,6235 1768,6235 1770,6237 1770,6264 1770,6264 1945,6265 1947,6263 1947,6262 1948,6261 1949,6261 1950,6260 1950,6259 1952,6257 1953,6257 1954,6256 1954,6255 1955,6254 2067,6254 2068,6253 2068,6225 2068,6225 2069,6225 2072,6222 2072,6221 2072,6221 2081,6221 2082,6220 2082,6219 2083,6218 2083,6217 2083,6217 2085,6217 2086,6217 2086,6218 2087,6219 2087,6223 2088,6225 2089,6225 2090,6225 2090,6260 2090,6261 2143,6261 2146,6264 2146,6265 2146,6265 2206,6265 2208,6267 2208,6268 2208,6268 2357,6268 2358,6268 2358,6263 2366,6255 2366,6254 2366,6254 2367,6254 2370,6251 2370,6250 2370,6250 2530,6250 2531,6249 2531,6247 2531,6247 2532,6247 2533,6246 2535,6244 2535,6243 2535,6243 2544,6243 2546,6244 2546,6252 2547,6254 2673,6254 2674,6255 2674,6256 2675,6257 2826,6258 2829,6255 2829,6254 2829,6254 2904,6254 2906,6252 2906,6251 2907,6250 3070,6250 3071,6250 3071,6208 3072,6206 3088,6206 3090,6208 3090,6250 3090,6250 3276,6251 3277,6250 3277,6207 3278,6206 3283,6206 3284,6205 3284,6204 3286,6202 3319,6202 3321,6203 3321,6204 3322,6206 3323,6206 3325,6207 3325,6208 3325,6209 3395,6209 3396,6210 3397,6210 3398,6210 3398,6249 3398,6250 3595,6250 3597,6249 3597,6248 3598,6246 3599,6246 3601,6248 3601,6256 3601,6256 3871,6257 3872,6256 3872,6255 3873,6254 3947,6254 3951,6250 3959,6250 3960,6250 3960,6251 3962,6254 3963,6254 3964,6255 3964,6256 3965,6257 3972,6257 3973,6258 3974,6258 3975,6259 3975,6302 3975,6302 4040,6302 4042,6304 4042,6305 4042,6305 4047,6305 4049,6307 4049,6312 4050,6313 4051,6313 4053,6315 4053,6316 4053,6316 4054,6316 4056,6318 4056,6342 4055,6342 4050,6342 4049,6344 4048,6348 4046,6350 4046,6351 4040,6357 4039,6357 4038,6358 4038,6359 4037,6360 4036,6360 4035,6361 4023,6361 4022,6360 4021,6360 4019,6359 4020,6328 4019,6327 3803,6327 3801,6325 3604,6324 3604,6325 3604,6327 3603,6327 3513,6327 3512,6326 3512,6325 3511,6324 3510,6324 3509,6323 3509,6321 3508,6320 3410,6320 3410,6320 3409,6368 3409,6369 3404,6369 3403,6368 3404,6320 3403,6320 3358,6320 3358,6320 3358,6325 3352,6331 3347,6331 3347,6330 3347,6327 3346,6327 3340,6327 3338,6325 2910,6324 2910,6324 2910,6325 2908,6327 2832,6327 2832,6327 2831,6371 2831,6372 2828,6372 2827,6371 2828,6327 2827,6327 2788,6326 2787,6327 2785,6327 2784,6328 2767,6328 2767,6329 2766,6360 2766,6360 2765,6360 2764,6361 2748,6361 2747,6360 2746,6360 2741,6356 2742,6329 2741,6328 2655,6328 2654,6327 2653,6327 2652,6326 2652,6325 2651,6324 2303,6323 2303,6324 2303,6327 2302,6327 2301,6327 2300,6329 2300,6344 2296,6347 2296,6352 2295,6353 2294,6353 2292,6355 2292,6356 2291,6357 2290,6357 2289,6358 2289,6359 2288,6360 2287,6360 2285,6362 2285,6363 2284,6364 2283,6364 2281,6366 2281,6367 2280,6368 2209,6368 2208,6369 2208,6370 2207,6371 2206,6371 2205,6372 2198,6372 2197,6373 2197,6374 2196,6375"/><TextEquiv index="1"><Unicode>par M. Banteley, notre premier Lieutenant,</Unicode></TextEquiv></TextLine><TextLine id="r0_l035"><Coords points="1330,6539 1329,6539 1329,6498 1329,6497 1252,6497 1251,6496 1250,6496 1248,6495 1248,6494 1248,6493 1247,6493 1245,6492 1245,6491 1244,6489 1239,6489 1238,6489 1238,6488 1236,6486 1236,6485 1235,6485 1234,6485 1234,6484 1234,6483 1233,6482 1232,6482 1230,6481 1230,6472 1230,6471 1225,6471 1223,6470 1223,6454 1225,6452 1226,6452 1226,6452 1226,6444 1240,6430 1244,6430 1245,6429 1245,6428 1246,6427 1247,6427 1248,6426 1252,6426 1252,6426 1252,6425 1254,6423 1284,6423 1285,6422 1285,6385 1293,6377 1293,6376 1294,6375 1296,6375 1296,6376 1296,6377 1300,6381 1300,6419 1301,6419 1496,6420 1497,6419 1498,6419 1498,6418 1498,6417 1500,6416 1501,6416 1502,6415 1505,6415 1506,6413 1506,6412 1507,6412 1605,6412 1605,6411 1605,6383 1606,6383 1607,6383 1608,6382 1618,6382 1620,6384 1620,6385 1621,6386 1622,6386 1623,6387 1623,6422 1624,6423 1685,6423 1686,6425 1686,6426 1687,6426 1855,6426 1855,6426 1855,6391 1856,6390 1857,6390 1859,6388 1859,6384 1861,6382 1865,6382 1868,6379 1873,6379 1873,6380 1873,6381 1876,6383 1877,6383 1877,6384 1877,6425 1878,6425 2222,6426 2222,6426 2222,6425 2224,6423 2240,6423 2241,6425 2241,6426 2242,6426 2434,6427 2436,6424 2436,6423 2437,6423 2442,6423 2443,6421 2443,6420 2445,6419 2475,6419 2476,6417 2476,6416 2477,6416 2511,6416 2512,6415 2656,6415 2656,6415 2656,6377 2658,6375 2696,6375 2696,6375 2696,6374 2699,6371 2832,6372 2833,6373 2833,6374 2834,6375 2835,6375 2836,6376 2836,6414 2837,6415 2885,6415 2886,6416 2887,6416 2888,6417 2888,6418 2889,6419 3074,6419 3075,6418 3075,6417 3076,6416 3077,6416 3078,6415 3082,6415 3082,6415 3082,6414 3084,6412 3333,6413 3334,6412 3335,6412 3336,6411 3336,6410 3336,6409 3338,6408 3395,6408 3395,6407 3395,6376 3397,6375 3398,6375 3398,6374 3398,6373 3401,6371 3402,6371 3402,6370 3402,6369 3403,6369 3409,6369 3412,6372 3413,6372 3413,6372 3413,6414 3414,6415 3600,6415 3601,6414 3601,6413 3602,6412 3603,6412 3604,6411 3604,6410 3606,6408 3710,6408 3711,6407 3711,6395 3712,6394 3713,6394 3715,6392 3715,6391 3716,6390 3717,6390 3718,6389 3718,6384 3719,6383 3720,6383 3722,6381 3722,6380 3723,6379 3724,6379 3725,6378 3725,6377 3726,6376 3726,6375 3727,6374 3732,6374 3733,6373 3733,6372 3735,6371 3750,6371 3751,6372 3751,6373 3753,6375 3916,6375 3916,6375 3916,6376 3917,6377 3919,6379 3920,6379 3920,6379 3920,6414 3921,6415 3981,6415 3983,6418 3983,6419 3984,6419 4051,6419 4055,6423 4059,6423 4060,6425 4060,6426 4061,6426 4062,6426 4064,6429 4064,6469 4062,6471 4061,6471 4060,6472 4060,6481 4060,6481 4059,6481 4056,6484 4056,6488 4055,6489 4054,6489 4053,6490 4053,6495 4052,6496 4048,6496 4044,6500 4036,6500 4034,6499 4034,6498 4033,6496 4021,6496 4019,6495 4019,6494 4019,6493 3952,6493 3950,6491 3950,6489 3950,6489 3849,6489 3848,6489 3848,6536 3848,6537 3834,6537 3832,6535 3832,6489 3832,6489 3619,6488 3618,6489 3602,6489 3601,6489 3601,6488 3600,6486 3527,6486 3526,6485 3491,6485 3490,6485 3490,6532 3490,6533 3480,6533 3479,6532 3479,6485 3479,6485 3459,6485 3457,6483 3457,6482 3457,6482 3262,6481 3261,6482 3205,6482 3204,6483 3204,6484 3203,6485 3026,6485 3023,6487 3023,6488 3023,6489 3010,6489 3009,6489 3009,6520 3008,6522 2988,6522 2987,6521 2987,6493 2987,6493 2871,6493 2869,6491 2869,6490 2869,6490 2488,6489 2487,6489 2487,6517 2487,6518 2486,6518 2483,6520 2483,6521 2483,6522 2467,6522 2465,6520 2465,6489 2465,6489 2307,6488 2306,6489 2305,6489 2303,6491 2303,6492 2302,6493 2301,6493 2300,6494 2300,6495 2299,6496 2295,6496 2291,6500 1893,6499 1892,6500 1662,6500 1660,6498 1660,6497 1660,6497 1416,6496 1415,6497 1345,6497 1344,6498 1344,6539 1344,6539"/><TextEquiv index="1"><Unicode>dont les bonnes qualités pouvoient ſeules</Unicode></TextEquiv></TextLine><TextLine id="r0_l036"><Coords points="4012,6709 4012,6709 4012,6659 4011,6658 3756,6658 3755,6659 3755,6660 3753,6662 3745,6662 3744,6660 3744,6659 3743,6659 3620,6658 3619,6657 3619,6656 3618,6655 3410,6655 3409,6656 3409,6660 3407,6662 3406,6662 3406,6662 3406,6674 3403,6677 3402,6677 3402,6677 3402,6678 3396,6684 3395,6684 3395,6684 3395,6685 3392,6688 3375,6688 3374,6687 3373,6687 3373,6686 3373,6685 3372,6685 3371,6684 3370,6684 3369,6682 3369,6655 3368,6655 3164,6654 3163,6655 3028,6655 3025,6658 2881,6658 2880,6659 2880,6660 2878,6662 2856,6662 2853,6659 2630,6658 2630,6659 2630,6661 2628,6662 2627,6662 2627,6663 2627,6668 2625,6669 2624,6669 2623,6671 2623,6672 2621,6673 2620,6673 2619,6672 2619,6671 2618,6670 2617,6669 2616,6669 2616,6669 2616,6668 2613,6665 2612,6665 2612,6665 2612,6664 2610,6662 2488,6662 2487,6660 2487,6659 2485,6658 2314,6657 2313,6658 2303,6658 2303,6659 2303,6694 2301,6695 2300,6695 2300,6696 2300,6697 2297,6699 2285,6699 2285,6700 2285,6701 2283,6702 2274,6702 2274,6702 2274,6697 2272,6695 2271,6695 2270,6694 2270,6666 2269,6665 2106,6665 2105,6666 2105,6667 2103,6669 1977,6669 1976,6670 1976,6671 1974,6673 1892,6672 1891,6673 1889,6673 1888,6675 1888,6676 1887,6676 1885,6676 1884,6675 1884,6674 1883,6673 1874,6673 1873,6672 1873,6670 1872,6669 1786,6669 1785,6668 1785,6667 1784,6666 1598,6666 1598,6666 1598,6667 1596,6669 1594,6669 1594,6668 1594,6667 1592,6666 1388,6665 1388,6666 1388,6690 1382,6695 1378,6695 1377,6697 1377,6698 1376,6698 1363,6698 1362,6697 1362,6696 1361,6695 1356,6695 1355,6694 1355,6693 1353,6691 1352,6691 1351,6690 1351,6666 1350,6665 1212,6665 1212,6664 1212,6659 1213,6658 1214,6658 1215,6658 1215,6653 1216,6651 1217,6651 1219,6650 1219,6586 1219,6585 1239,6585 1241,6584 1241,6583 1242,6581 1317,6581 1318,6581 1318,6565 1321,6562 1322,6562 1322,6562 1322,6557 1324,6555 1325,6555 1326,6554 1326,6546 1328,6544 1329,6544 1329,6544 1329,6540 1330,6539 1344,6539 1344,6540 1344,6583 1344,6583 1589,6584 1590,6583 1590,6582 1591,6581 1603,6581 1605,6582 1605,6583 1605,6584 1606,6584 1607,6585 1651,6585 1654,6588 1891,6588 1892,6587 1960,6588 1961,6587 1961,6583 1962,6582 1962,6581 1962,6581 1963,6581 1965,6579 1965,6578 1966,6577 1967,6577 1969,6578 1969,6579 1970,6581 1971,6581 1972,6581 1972,6582 1973,6583 1973,6587 1973,6588 2095,6588 2098,6590 2098,6591 2098,6592 2103,6592 2105,6593 2105,6594 2106,6596 2279,6596 2281,6595 2281,6594 2282,6592 2287,6592 2288,6592 2288,6591 2290,6588 2302,6588 2303,6588 2303,6587 2304,6585 2305,6585 2306,6584 2365,6585 2366,6584 2366,6581 2366,6581 2371,6581 2373,6579 2373,6578 2374,6577 2486,6577 2487,6576 2487,6574 2488,6574 2489,6574 2491,6571 2491,6567 2493,6566 2497,6566 2498,6567 2498,6572 2499,6573 2500,6573 2502,6575 2502,6576 2502,6577 2703,6577 2704,6577 2704,6538 2705,6537 2706,6537 2710,6533 2806,6533 2807,6535 2807,6576 2807,6576 3147,6577 3148,6577 3148,6576 3150,6574 3151,6574 3152,6573 3211,6573 3211,6573 3211,6572 3213,6570 3214,6570 3214,6570 3214,6569 3215,6568 3215,6553 3217,6551 3218,6551 3218,6551 3218,6546 3220,6544 3221,6544 3222,6543 3222,6539 3228,6533 3229,6533 3229,6533 3229,6532 3232,6529 3240,6529 3240,6529 3240,6528 3242,6526 3285,6527 3286,6526 3299,6526 3299,6526 3299,6527 3301,6529 3305,6529 3307,6531 3307,6535 3308,6536 3479,6536 3479,6535 3479,6533 3480,6533 3490,6533 3490,6533 3490,6535 3492,6537 3493,6537 3494,6538 3494,6539 3495,6540 3496,6540 3498,6542 3498,6546 3500,6548 3501,6548 3501,6548 3501,6553 3503,6555 3504,6555 3505,6557 3505,6562 3506,6562 3507,6562 3509,6565 3509,6577 3509,6577 3701,6577 3704,6580 3827,6581 3828,6580 3828,6546 3829,6545 3829,6544 3830,6544 3831,6544 3835,6539 3835,6537 3836,6537 3850,6537 3850,6537 3850,6538 3851,6539 3851,6576 3851,6577 3915,6577 3916,6577 3916,6578 3918,6581 3970,6581 3972,6583 3972,6584 3972,6584 3973,6585 3974,6585 3975,6586 3975,6594 3977,6596 3978,6596 3979,6597 3979,6614 3979,6614 4051,6614 4052,6615 4052,6616 4053,6617 4053,6621 4053,6621 4054,6621 4056,6623 4056,6671 4060,6675 4060,6676 4059,6676 4058,6676 4057,6677 4056,6679 4056,6680 4055,6680 4050,6680 4049,6682 4049,6683 4047,6684 4042,6684 4042,6685 4042,6705 4040,6706 4016,6706 4016,6707 4016,6709 4015,6709"/><TextEquiv index="1"><Unicode>réparer notre perte. Nous eſſuyâmes im-</Unicode></TextEquiv></TextLine></TextRegion></Page></PcGts>