4266 7754
478 725 3053 916 De Joseph Thompson.o5
21 893 3064 1082 médiatement après la mort de notre Ca-
160 1062 3057 1239 pitaine, vers les 1o degrés de longitude
149 1227 3057 1415 occidentale, & à 3o degrés minut. de
10 1395 3065 1576 latitude méridionale, une tempête violente
152 1563 3057 1739 qui dura pendant quatorze jours ſans relâ-
160 1724 3057 1896 che. Tous nos matelots étoient haraſſés;
160 1896 3068 2079 notre vaiſſeau en mauvais ordre, n'alloit
149 2064 3046 2244 plus qu'au gré du vent & des flots; &
145 2232 3064 2407 ſuivant notre eſtime, nous fûmes jettés
145 2390 3061 2578 fort loin au ſud de notre véritable route. Ce
145 2563 3065 2743 fut alors que je commençai à concevoir
152 2727 3060 2909 & à ſentir les inconvéniens & les miſeres
152 2892 3057 3065 attachées à la vie de Marin. Faute de
137 3060 3060 3226 pouvoir allumer du feu nous étions forcés
134 3221 3068 3395 le plus ſouvent à nous contenter de biſcuit
149 3395 3061 3570 & des proviſions froides que nous avions
137 3562 3061 3734 pour ſatisfaire notre faim. D'ailleurs nous
145 3723 3252 3892 étions obligés de reſter renfermés dans nos
145 3891 3057 4068 chambres, parce que les Matelots les plus
10 4062 3068 4231 expérimentés ne pouvoient tenir qu'avec
10 4224 3061 4400 peine ſur le tillac. Le dixiéme jour les va-
10 4385 3062 4562 gues rouloient & s'élevoient avec tant de
9 4557 3072 4727 fureur, que nous apréhendions à chaque
149 4718 3079 4894 inſtant de voir effondre le vaiſſeau. Notre
10 4887 3076 5051 mât d'avant fut renverſé, & nous eûmes
152 5044 3068 5212 beaucoup de peine à le replacer aſſez à
160 5209 3072 5390 tems pour empêcher le dommage que nous
160 5377 3072 5554 en apréhendions. A peine avions-nous re-
152 5549 3072 5718 médié à cet accident, qu'un de nos canons
160 5714 3069 5882 du rang le plus bas ſortit de ſon ſabord.
156 5882 3083 6054 Nous nous attendions à chaque inſtant que
152 6047 3087 6221 par la violence du roulis, il briſeroit le côté
160 6212 3397 6387 du vaiſſeau qui le retenoit. Enfin tout étoit
171 6380 3087 6556 en confuſion, ſi le Capitaine, avec une
167 6545 3098 6718 preſence d'eſprit admirable, n'eût fait pla-
