4266 7754
714 665 3334 856 DE Joseph Thompson.9
10 824 3128 1019 vent de nord-eſt beaucoup plus violent que
10 1009 3128 1189 nous n'euſſions voulu, qui nous jetta fort
216 1170 3132 1352 loin de notte route. Notre Capitaine jugea
212 1339 3124 1510 à propos de tâcher de regagner cet avan-
197 1503 3128 1684 tage, & d'atteindre l'Iſle de Sumatra ou
190 1676 3132 1851 celle de Java. Enfin nous gagnâmes heu-
197 1840 3128 2015 reuſement la derniere, & jettâmes l'ancre
197 2005 3128 2189 dans le port de Batavia, capitale du do-
197 2173 3132 2352 maine des Hollandois, dans cette partie
216 2338 3446 2515 du monde. Nous y fumes viſités par des
212 2506 3139 2683 Officiers, qui reſterent ſur notre bord pour
208 2679 3135 2848 empêcher de faire aucun commerce pro-
212 2840 3143 3014 hibé, d'autant mieux qu'il eſt rare de voir
220 3008 3143 3173 nos vaiſſe aux deſtinés pour les Indes, re-
216 3173 3139 3350 lâcher dans aucun de leurs Etabliſſemens
212 3341 3139 3516 de ce pays. Cependant, à en juger par la
205 3510 3139 3680 politique & l'uſage ordinaire des Hollan-
223 3674 3139 3851 dois, nous fumes aſſez bien traités. On
216 3832 3237 4022 nous permit d'aller à terre, & d'y acheter
216 4004 3165 4171 les choſes dont nous avions beſoin. Rien
10 4165 3173 4341 ne prouve mieux l'opulence de leur Com-
10 4329 3135 4506 pagnie, & leur puiſſance dans les Indes
10 4504 3165 4672 Orientales, que cette Ville. On y trouve
10 4666 3143 4837 toutes les commodités & les agrémens dont
223 4831 3139 5024 cette partie du monde eſt ſuſceptible. On
220 4999 3143 5179 ne peut enviſager qu'avec ſurpriſe juſqu'à
223 5153 3139 5323 quel point de grandeur leur perſévérance
231 5317 3143 5508 & leur induſtrie les a fait monter depuis
10 5486 3139 5675 ſi peu d'années qu'ils s'apliquent à ce com-
44 5658 3323 5835 merce. Le Gouverneur général des Hollan-
44 5826 3132 6014 dois y vit en Prince; il s'y fait rendre plus
235 5995 3135 6174 d'hommages que les Etats Généraux eux-
238 6159 3128 6348 mêmes n'en exigent de leurs ſujets en Eu-
235 6328 3132 6519 rope. Après y avoir ſéjourné trois jours &
