4266 7754
691 5 1657 117 e
1081 717 3660 895 IO LaviEETLES AVENTures
1066 885 4101 1057 demi, nous nous remîmes en mer par un
1073 1047 4019 1219 vent de ſud-eſt, qui devenant toujours plus
1073 1219 4019 1391 favorable, nous porta juſques dans le port
1069 1387 4019 1563 du Fort Saint George, après un voyage
1084 1552 4026 1725 ennuyeux & fatiguant de près de ſept mois.
1073 1720 4019 1892 Nous ſaluâmes le Fort de tous nos canons,
1103 1882 4019 2059 & il nous rendit le même ſalut. Nous dé-
1088 2054 4011 2229 barquâmes le lendemain, & allâmes ren-
1088 2218 4011 2397 dre viſite au Gouverneur, qui nous reçut
1081 2387 4015 2562 très-poliment. Je fus auſſi viſité & compli-
1088 2555 4011 2716 menté ſur mon arrivée par le reſte des
1058 2720 4008 2892 Gentilshommes & des Facteurs de cette
1088 2877 4004 3057 Place, dont les amitiés ſurpaſſerent de
1077 3049 4004 3214 beaucoup l'idée que j'en avois conçue. Le
1088 3218 4007 3391 Fort Saint George eſt une Place forte &
1088 3379 4004 3559 bien bâtie, mais dans une mauvaiſe ſitua-
1068 3551 4004 3725 tion; le terrein en eſt ſec & ſablonneux,
1096 3719 4004 3898 & ce n'eſt qu'à force de ſoins que les ra-
1066 3888 3996 4063 cines y viennent en maturité. La mer roule
1065 4056 3996 4228 avec impétuoſité ſes flots ſur le rivage plus
1062 4213 3996 4389 qu'en aucun endroit de la côte de Coro-
1062 4384 4000 4551 mandel. La Ville Blanche ou Européenne a
1066 4546 3996 4728 deux Egliſes, l'une deſtinée pour les An-
1066 4711 3996 4894 glois, & l'autre pour les Catholiques Ro-
1084 4868 3996 5050 mains. Je louai un logement dans un quar-
1062 5025 3993 5209 tier apellé le Vieux Collége, qui eſt un can-
1084 5190 4251 5387 ton aſſez deſagréable; mais je m'en con-
1073 5355 4251 5542 ſolai, parce que j'y trouvai pluſieurs autres
1081 5527 4008 5720 Facteurs. Cette Ville eſt gouvernée par un
1073 5699 4004 5887 Maire & des Echevins. La Ville Noire eſt
1066 5863 3978 6053 habitée par des Gentils, des Mahométans,
1058 6036 3970 6208 des Arméniens & des Portugais, qui y ont
1069 6201 3974 6386 chacun des Temples & des Egliſes. La
1066 6365 3963 6553 Compagnie y bat monnoie; & il y a dans
