4266 7712
1261 619 3679 797 rI LA VIE ETLLESAVENTUREs
1247 794 4151 966 vie, & où j'ai jetté les fondemens de la
1247 957 3367 1131 félicité dont je jouis à preſent.
1421 1124 4147 1301 Bientôt après mon arrivée, j'eus le mal-
1243 1287 4140 1456 heur de tomber malade d'une fievre vio-
1247 1447 4143 1626 lente particuliere à ce climat. Je la gardai
1243 1618 4147 1787 long-tems, & elle me mit à deux doigts de
1250 1785 4147 1948 la mort; mais les ſoins de mon Médecin,
1243 1945 4147 2120 qui étoit le Chirurgien du Haſtings, hom-
1243 2113 4147 2287 me fort ſçavant & habile dans ces deux
1239 2275 4139 2451 profeſſions, les ſervices attentifs & affec-
1243 2439 4143 2618 tionnés de Truman, joints à la force de
1239 2609 4140 2781 mon tempérament, me tirerent d'affaire.
1235 2776 4140 2940 Si-tôt que je fus rétabli, je m'apliquai avec
1235 2932 4136 3101 toute l'attention dont j'étois capable, à me
1243 3100 4136 3276 mettre au fait du commerce de ce pays,
1247 3267 4132 3436 & de la nature de l'emploi dont j'étois
1243 3426 4136 3603 chargé. Je fus conſidérablement aidé en cela
1247 3597 4136 3769 par M. William Saris, qui y avoit réſidé
1247 3761 4132 3942 quelque tems en qualité de Facteur. Il étoit
1243 3928 4136 4099 à peu près de même âge & de même ca-
1235 4091 4128 4261 ractere que moi: je contractai avec lui
1235 4253 4128 4425 une liaiſon intime; de ſorte qu'en peu de
1235 4422 4125 4586 tems je me vis en état de remplir les vues
1239 4581 4125 4752 que la fortune avoit ſur moi, & je me fis
1224 4741 4132 4918 aimer généralement de mes Supérieurs &
1232 4897 4125 5091 de mes égaux. Un mois après mon arrivée
1228 5066 4128 5254 j'eus le plaiſir de recevoir des nouvelles de
1235 5230 4232 5407 mon pere & de mes autres amis d'Angle-
1232 5396 4121 5577 terre par un vaiſſeau qui avoit mis à la voile
1224 5565 4121 5912 eure ne miaitent ien deeraorrinaite;
1221 5902 4117 6067 mais c'étoit toujours une preuve très ſatis-
1221 6059 4110 6242 faiſante pour moi de la ponctualité de mes
1217 6233 2327 6368 amis à m'écrire.
3253 6357 4126 6525 CHAPITRE
