4266 7712
661 675 3053 848 DE Joson.1
505 1238 2751 1381 CHAPITRE XLVIII.
151 1526 3041 1697 Il envoie Truman en campagne pour trafi-
36 1692 3044 2031 aerer e ae uiie de l ens j rreſi
318 2023 3074 2192 ordre d'aller à Surate pour les affaires
315 2186 3081 2358 de la Compagnie. Remplit ſa commiſſion
318 2340 3048 2517 avec ſuccès. Eſt envoyé à Hughly. Se
318 2501 3044 2693 trouve dans un grand danger dans l'Iſle
318 2683 3070 2851 de Sagar; s'en échape heureuſement, &
326 2847 2457 3014 retourne au Fort Saint George.
32 3136 3055 3340 Ly avoit près de ſix mois que j'étois
159 3326 3055 3501 dans le pays ſans avoir encore oſé faire
155 3495 3066 3663 trafiquer l'argent que j'avois aporté avec
159 3654 3337 3835 moi, qui montoit à trois ou quatre mille
10 3805 3052 3993 livres ſterlings, tant de mon propre fonds,
9 3968 3059 4158 que de celui de M. Goodvill. J'avois em-
10 4143 3044 4336 ployé tout ce tems à acquérir de l'expé-
10 4303 3063 4485 rience, & à faire des obſervations; mais
9 4466 3055 4650 ſur-tout à prendre les inſtructions de mon
10 4633 3052 4813 ami Saris. Comme je ne voulois pas qu'on
10 4800 3055 4987 pût m'accuſer d'avoir préféré mon propre
9 4967 3048 5141 mtérêt à celui de la Compagnie, & de
10 5135 3048 5305 m'attacher uniquement à un commerce par-
10 5294 3052 5474 ticulier, je gardai Truman avec moi, com-
155 5468 3044 5648 me un ami qui étoit venu pour tâcher de
10 5628 3048 5803 faire fortune. Je me déterminai enfin à lui
10 5799 3055 5968 confier une pacotille, & je l'envoyai dans
162 5955 3226 6142 an des vaiſſeaux du pays pour voyager ſur
166 6118 3066 6293 la côte de Perſe. Saris, qui avoit beſoin
165 6289 3107 6468 d'augmenter ſa fortune, fit auſſi une pa-
29 6453 1150 6646 Ll. Partie.
