4266 7754
1133 751 3652 931 I LaviETlesAventures
1140 923 4094 1095 cela à chaque homme quatre ou cinq rou-
1137 1084 4101 1257 pies d'or par mois: ſi vous les faites teſter
1133 1249 4101 1428 paſſé une certaine heure, on augmente le
1133 1421 4097 1594 prix. J'étois très-bien muni de proviſions;
1140 1586 4101 1757 nous avions dans les villes des Banians de la
1148 1750 4086 1908 fſeur de farine, du riz, du lait & autres nour-
1141 1919 4079 2094 ritures ſemblables; & dans celles des Ma-
1144 2087 4101 2259 hométans, nous trouvions du mouton,
1152 2248 4101 2427 des oiſeaux & des pigeons. Comme la
1148 2417 4079 2591 chaleur du ſoleil y eſt exceſſive, je ne
1148 2581 4105 2758 voyageois communément qu'après le ſoleil
1144 2746 4090 2915 couché, & je reſtois au lit pendant la plus
1148 2915 4097 3092 grande chaleur du jour. Par ce moyen je
1148 3083 4094 3254 me garantis des maladies; car je trouvois
1140 3244 4082 3425 que la chaleur exceſſive du climat me fati-
1141 3405 4079 3591 guoit extrêmement. On meſure les diſtan-
1148 3575 4198 3761 ces par lieues, ou par une meſure apellée
1152 3745 4101 3927 Gos, qui équivaut à quatre de nos lieues.
1152 3906 4093 4085 J'arrivai en quinze jours à Golconde, Ville
1152 4075 4086 4256 fort vaſte ſous la domination de ſon pro-
1144 4236 4090 4422 pre Monarque, qui néanmoins eſt Tribu-
1144 4407 4101 4585 taire du Grand Mogol. Je vis ce Prince
1148 4572 4090 4753 puiſſant, qui eſt en état de lever une Ar-
1152 4730 4086 4918 mée de 6ooooo hommes; & ce que j'ad-
1155 4887 4093 5086 mirai le plus, fut un diamant de plus d'un
1148 5052 4079 5243 demi pied de long, enchaſſé dans ſa Cou-
998 5224 4247 5417 ronne. De Golconde je me rendis à Viſa-
1152 5388 4094 5587 pour, qui en eſt éloigné de 300 lieues,
1163 5561 4094 5750 d'où j'allai à Bicholly, & enſuite à l'Iſle
1125 5725 4082 5913 Portugaiſe de Goa, où eſt ſituée cette fa-
1167 5894 4086 6068 meuſe Ville de ce nom, Capitale de tous les
1163 6065 4090 6250 Etats des Indes, & la ſcène où firent tant
1163 6227 4097 6407 d'exploits héroïques les Albuquerques, &
1156 6400 4097 6586 les autres grands Hommes, qui formetent
