4266 7702
678 756 3082 935 DE JosEpi Thompson.r
173 919 3067 1100 les premiers un Etabliſſement dans cette
173 1086 3097 1259 partie du Monde; mais ils ne ſe reſſentent
170 1253 3064 1425 plus guere de ce qu'ils étoient autrefois,
177 1416 3093 1589 & ils ſont maintenant le jouet & la victime
170 1576 3064 1753 des ruſes de toutes les autres Nations qui
177 1746 3093 1920 ſe ſont établies depuis dans les lndes. Après
181 1910 3097 2085 avoir vu tout ce qu'il y a de curieux dans
177 2077 3097 2248 Goa, je me rendis à Surate tant par terre
173 2240 3101 2413 que par eau, & j'y arrivai très-ſatisfait après
177 2407 3104 2578 un voyage long & ennuyeux, quoiqu'il
10 2570 3105 2742 m'ait procuré l'occaſion de voir quantité
10 2733 3105 2907 de choſes capables de plaire à un curieux.
10 2893 3104 3072 Surate eſt le ſeul Port qu'il y ait dans les
177 3060 3101 3236 Etats du Mogol, cette Ville eſt habitée
21 3227 3097 3397 par un mélange confus de Mogols, de Per-
177 3390 3105 3565 ſans, d'Arabes; de Turcs, de Gaures, &
177 3557 3105 3731 de Francs ou Chrétiens Européens, dont
181 3716 3097 3892 le nombre cependant n'eſt pas conſidéra-
184 3876 3104 4057 ble. Je fus très-bien reçu au Comptoir des
177 4041 3086 4215 Anglois; & après y avoir arrangé les af-
177 4199 3108 4418 faires qui faiſoient l'objet de mon voyage,
177 4366 3093 4547 je goutai les plaiſirs & les amuſemens de
184 4529 3097 4709 ce lieu; je viſitai avec attention tout ce
181 4692 3108 4867 qu'il y a de conſidérable dans Surate &
184 4863 3097 5038 dans les environs. On peut regarder cette
173 5030 3105 5197 Ville comme la grande Foire des Indes,
188 5193 3108 5370 où l'on trouve en abondance toutes les
184 5356 3101 5537 marchandiſes de la Chine & de l'Europe.
192 5516 3112 5707 Je paſſai de-là à Bombay, le principal Fort
192 5690 3104 5869 que nous ayons ſur cette côte; enſuite je
196 5857 3116 6033 me rendis dans une Jonque au Fort ſaint
199 6020 3097 6198 George, où j'arrivai après un voyage d'en-
199 6184 3216 6373 viron deux mois & demi, & rendis au
203 6351 3216 6533 Gouverneur un compte exact de ma com-
