4266 7642
1234 703 3646 928 o La ventures
1220 912 4086 1086 heur d'atteindre un de mes ennemis à la
1216 1077 4064 1253 tête. L'autre reſta quelque tems dans une
1212 1242 4061 1415 eſpece de ſurpriſe au bruit de mon coup
1212 1399 4064 1583 de fuſil; mais bientôt il s'élança ſur moi
1212 1568 4079 1739 avec fureur. Si je fus capable alors de quel-
1212 1733 4083 1906 ques réflexions, ce fut pour maudire la
1209 1890 4057 2059 curioſité folle qui m'expoſoit à un danger
1208 2048 4053 2229 ſi preſſant. Je me crus perdu; cependant
1205 2220 4046 2397 ne voulant rien négliger pour ma défenſe,
1201 2381 4042 2539 je portai à cet animal un coup furieux de
1205 2546 4042 2704 ma hache, & lui coupai une des pattes de
1205 2700 4050 2862 devant. Il fit un cri ſi horrible, que l'Iſle
1209 2865 4046 3042 & toute la Côte en retentit, & que les
1198 3030 4035 3196 cheveux m'en dreſſerent à la tête. Il ſe
1194 3193 4042 3528 eeureun ue l ee ameoe ſeis, e jo i éeies
1198 3518 4046 3689 le crâne, & il tomba par terre roulant
1194 3675 4060 3860 dans des flots de ſang. Alors ramaſſant mon
1197 3840 4031 4015 fuſil, je courus à toutes jambes vers le
1190 4005 4038 4170 lieu du débarquement; & faiſant voltiger
1194 4163 4211 4341 mon mouchoir pour donner le ſignal à
1190 4331 4027 4505 mes gens, le canot revint me prendre pré-
1194 4493 4024 4651 ciſément aſſez à tems pour me ſauver d'une
1183 4647 4035 4818 nouvelle attaque: car un grand nombre de
1209 4801 4053 4977 igres nous ſuivirent juſques dans l'eau,
1187 4966 4024 5144 & nous en tuâmes deux des plus avancés
1187 5127 4031 5307 de trois coups d'armes à feu. Je regardois
1176 5296 4196 5471 ce qui venoit de m'arriver comme une juſte
1183 5461 4053 5796 uen de ee oonu e ir et a à enie
1179 5787 4009 5960 d'une façon ſi inutile & ſi ridicule. Si-tôt
1172 5957 4006 6125 que nous fûmes à bord, où on ne s'atten-
1172 6113 4009 6290 doit plus de me revoir, nous gagnâmes la
1172 6274 4002 6463 Baye; & après avoir touché à Ballaſor,
92 7353 425 7427 ..
3028 7562 3310 7632 .
