4266 7754
2562 7 3275 105 :ea-
1126 644 3556 816 LAviEETLESAVENTUREs
1116 976 4064 1186 „J'ai fait tout mon poſſible, Monſieur,
1028 1148 4071 1336 „pour répondre à votre confiance; je pen-
1125 1316 4049 1492 „ſe avoir travaillé pour vous aſſez avan-
1122 1485 4067 1669 „tageuſement; & quoique ma ſanté ait tou-
1122 1649 4064 1834 „jours été languiſſante, je crois n'avoir pas
1125 1818 4071 2005 „lieu de me plaindre du gain que j'ai fait;
1122 1982 4064 2170 “c'eſt pourquoi ſi vous croyez qu'il y ait
772 2155 4064 2346 „aſſez long-tems que je ſuis ici, je ſerois
1118 2323 4138 2492 „charmé de recevoir vos ordres pour re-
1122 2492 4060 2663 „tourner au Fort S. George. Je vous en-
1122 2656 4067 2839 „voie un état des plus belles Pierres que
1114 2817 4064 2999 „j'ai trouvées, toute déduction faite des
1118 2969 4067 3171 „droits du Roi & de ſes Officiers. Je ſuis
1118 3154 4067 3334 „à preſent à Golconde, où j'ai acheté
1099 3319 4064 3499 „auſſi quelques pierres; mais j'ai une rai-
1122 3487 4060 3664 „ſon très-particuliere de vous deman-
1125 3655 4071 3835 „der mon rapel. Je n'oſe pas vous l'ex-
1133 3826 4135 3996 „pliquer par lettre. Faites mes compli-
1129 3992 4251 4162 „mens à M. Saris, & en quelque lieu que
1125 4153 4251 4339 „votre intérêt m'apelle, croyez-moi tou-
1125 4322 4251 4542 “jours, Monſieur, votre, &c. Vill.
1111 4490 2125 4666 „Rumaan.
1129 4763 4071 4988 Suivant l'état joint à cette lettre, nous
639 4969 4067 5155 avions à la vérité lieu d'être ſatisfaits de ſes
1129 5138 4067 5317 peines. Je ſuputai qu'il avoit gagné pour
942 5302 4251 5485 mon compte la valeur de près de 4000 liv.
1133 5474 4251 5654 ſterl. & plus de mille pour M. Saris. Ainſi
1133 5639 4067 5813 je fus bien aiſe de voir cet honnête gar-
1137 5804 4071 6002 çon, & je lui écrivis de partir ſi-tôt qu'il
1092 5972 4064 6153 recevroit mon ordre. J'envoyai cette lettre
1047 6137 4079 6326 par un de mes domeſtiques affidés, qui alla
1140 6305 4060 6485 avec le meſſager de Truman. Trois ſemai-
