4266 7630
1044 701 3454 869 LA EETLEsAventures
1045 865 3915 1044 que tems ſans parler. Enfin je le preſſai
1063 1030 3915 1210 dans mes bras, & lui demandai par quel
1059 1194 3911 1365 heureux hazard il avoit fait une priſe ſi
1063 1359 3918 1525 conſidérable. Il me répondit en ces termes;
1055 1520 3919 1693 Monſieur, j'étois plus attentif qu'on ne l'eſt
1063 1684 3915 1859 d'ordinaire à examiner la terre que mes
1059 1849 3918 2024 travailleurs creuſoient: à peine me don-
1055 2013 4061 2187 nois-je le tems de dormir, d'ailleurs com-
1056 2174 3915 2344 me j'étois d'humeur de payer généreuſe-
1055 2339 3933 2511 ment, & que je faiſois part de toutes mes
1055 2500 3926 2839 ee aſue lſoece ra du lieenuaa a me
1056 2832 3922 3000 propres Eſclaves, ils n'éclairoient pas mes
1059 2993 3918 3162 actions de ſi près que celles des autres Entre-
1059 3158 3918 3319 preneurs. Un jour je crus avoir vu briller
1066 3322 3926 3494 dans le ſable quelque choſe de plus grand
1059 3483 3922 3818 & ouue ueu le eomote eout ceunte uun
1063 3809 3918 3984 autre côté, je me baiſſai, je mis dans ma
1056 3973 3922 4150 poche ce que je ſoupçonnois être de grand
1055 4134 3926 4311 prix; & me retirant à l'écart ſur le bord
1055 4302 4068 4474 d'un ruiſſeau à l'ombre de quelques arbres
1059 4463 4066 4633 où j'avois coutume d'aller pendant la cha-
1056 4624 3929 4797 leur du jour, j'examinai ma trouvaille, &
1055 4774 3933 4953 j'aperçus au milieu d'une grape de petites
1063 4938 3940 5129 pierres, ce diamant que vous voyez. J'a-
1063 5103 3926 5288 préhendois d'être découvert, parce qu'il
1066 5264 3926 5453 étoit d'une groſſeur ſupérieure de beaucoup
1067 5425 3926 5603 à ceux qu'il nous étoit permis de prendre;
1066 5589 3933 5773 c'eſt pourquoi je pris le parti de le coudre
1066 5754 3926 5928 auſſi-tôt dans ma culotte de la maniere que
1074 5914 3922 6102 vous avez vu. Graces à Dieu, le voilà
1077 6083 3922 6249 arrivé en ſûreté; je voudrois qu'il fut plus
1071 6250 3923 6439 riche, afin de vous prouver mieux, en
