4266 7682
633 664 3227 851 De Joson. 25
10 804 3238 1013 vous le preſentant, ma reconnoiſſance
14 1001 3242 1339 e moo aaſſſlnn a voureſevie e lei
343 1334 3219 1506 fis un preſent conſidérable, & je pris le
10 1500 3238 1678 diamant en ma garde. Autant que nous pou-
10 1666 3242 1846 vions en juger, nous crumes qu'il valoit
10 1825 3238 2007 plus de vingt mille liv. ſterlings; de ſorte
343 1992 3231 2176 qu'en y joignant ce que j'avois gagné d'ail-
10 2158 3234 2325 leurs; je pouvois me regarder comme un
346 2324 3234 2492 homme fort riche. Notre plus grand ſoin fut
339 2487 3241 2659 d'imaginer enſuite les moyens de le mettre
343 2654 3238 2994 our ee oonee, iuuoat u onent que
339 2990 3234 3161 nous retournerions en Europe. Enfin j'ima-
343 3153 3238 3324 ginai de creuſer les talons d'une paire de
339 3319 3456 3490 ſouliers, de maniere à pouvoir le placer
346 3482 3231 3656 dans ce trou, immédiatement au-deſſous
343 3644 3231 3824 de la ſemelle intérieure. C'eſt ce que nous
328 3803 3238 3987 fîmes: par ce moyen il étoit impoſſible
291 3979 3238 4317 la deun aire uni
40 4303 3234 4480 ſecret même à M. Saris mon ami. Si l'idée
339 4465 3231 4648 de ma chere Louiſe n'étoit pas venue me
328 4635 3219 4812 troubler de tems en tems, j'aurois pu m'eſ-
339 4800 3227 4968 timer fort heureux; mais toutes les fois
343 4961 3216 5117 que ſon ſouvenir ſe preſentoit à mon eſ-
339 5116 3223 5299 prit, ce qui arrivoit ſouvent, toutes les
343 5275 3227 5456 richeſſes que j'avois acquiſes étoient plutôt
40 5441 3227 5638 pour moi un ſujet de chagrin, par la cer-
335 5611 3223 5799 titude que j'avois de ne pouvoir en jouir
346 5778 3460 5959 avec cette aimable fille. Si j'avois quelque
358 5940 3223 6118 ſatisfaction à retourner en Angleterre avec
354 6100 3223 6295 de grandes richeſſes, elle ne venoit que de
343 6259 3227 6458 l'eſpérance d'en faire part à mes parens, de
2318 6455 2570 6626 LL
