4266 7663
1119 555 3904 785 La viee les avenrures
1115 760 4001 1270 eaeli i a i ie apeo ie
1126 1263 4000 1606 nenguiteue, ra le ne donit pe que dunt
1137 1591 4000 1768 l'intervalle du tems où je pourrois recevoir
1141 1756 4008 1927 cet ordre, je n'euſſe un violent deſir de re-
1134 1922 2173 2062 voir ma Patrie.
1535 2515 3352 2693 CHAPITRE L.
1134 2888 4023 3059 Surcroît de bonne fortune. Il remarque la
1281 3053 3997 3221 profonde mélancolie de M. Saris: tâche
1303 3219 4004 3386 d'adoucir ſon inquiétude: découvre en
1281 3381 4015 3551 partie la cauſe de ſon affliction, & l'en-
1300 3543 3422 3709 gage à lui raconter ſon hiſtoire.
1225 3864 4015 4047 MPrès l'aventure des mines de dia-
1145 4034 4019 4209 mant, je fis, à l'aide de Truman, plu-
1145 4196 4026 4370 ſieurs entrepriſes qui me réuſſirent ſi bien,
1148 4361 4015 4536 qu'au bout de cinq ans je me trouvai riche
1152 4523 4023 4696 de plus de trente-cinq mille livres ſterlings,
1156 4678 4019 4851 en ſupoſant que mon gros diamant n'en
1152 4842 4023 5013 valut que quinze mille, qui étoit le plus
1148 5002 4023 5173 bas prix auquel je pouvois le mettre. Ce
1152 5165 4023 5335 ſuccès heureux ne m'attira ni envie ni re-
1156 5333 4015 5503 proche, parce qu'on voyoit que je prenois
1159 5489 4019 5659 tous les ſoins poſſibles de mériter l'eſtime de
1159 5655 4019 5830 tout le monde, & de remplir fidellement les
1060 5817 4015 5983 ordres de mes ſupérieurs. Truman paſſoit
1163 5982 4023 6157 pour un de mes parens. La plus grande par-
1167 6148 4037 6314 tie de mes richeſſes étoit regardée comme lui
