4266 7754
497 598 2952 796 oE Jostph ThoMpson.131
10 760 2978 966 pouvoit plus refuſer de ſatisfaire ma curio-
10 942 2963 1133 ſité, en me racontant ſon hiſtoire, quel-
10 1107 2974 1295 que peine qu'il en dût reſſentir; & ſans at-
59 1279 2795 1470 tendre ma réponſe: il commença ainſi.
63 1765 2967 1968 Hiſtoire de M. Saris, ou le Mari infortuné,
778 1960 2282 2125 & le cruel Beau-pere.
127 2256 2993 2471 Uand je réfléchis aux maux que j'ai
126 2449 2993 2638 ſoufferts dans le peu d'années que j'ai
66 2630 2985 2806 joui de la vie, je ne conçois pas comment
70 2791 2993 2970 j'ai pu y réſiſter ſans mourir ou ſans en per-
77 2956 2993 3124 dre l'eſprit; car je ſuis le plus malheureux
10 3124 2997 3300 de tous les hommes. L'Irlande eſt ma pa-
85 3281 2993 3470 trie, & mon véritable nom eſt Fitzgerald,
85 3458 3008 3637 & non pas Saris. Je l'ai changé en quittant
14 3622 3042 3798 le pays, de crainte, en le répétant ſou-
100 3786 3013 3964 vent, de me rapeller le ſouvenir de mes
92 3959 3008 4138 malheurs. Ma mere, qui paſſoit pour une
14 4119 3016 4305 beauté, étoit d'une famille illuſtre du Com-
18 4291 3023 4472 té de Cavan; mais elle fut indignement
9 4464 3019 4632 trahie, ſous promeſſe de mariage, par un
10 4614 3027 4807 Seigneur d'un rang diſtingué, & je ſuis le
10 4774 3027 4968 fruit infortuné d'un amour dont elle s'eſt
114 4947 3023 5135 repentie juſqu'à l'inſtant de ſa mort. Elle
118 5096 3034 5288 jouiſſoit d'une fortune indépendante; ainſi
14 5269 3098 5449 la trahiſon de ſon amant, qui en épouſa
10 5436 3031 5635 une autre auſſi-tôt que je fus né, ne la mit
9 5610 3031 5808 pas dans le cas d'eſſuyer les mauvais trai-
130 5773 3034 5958 temens de ſes amis & de ſes parens. Elle
130 5946 3016 6121 accoucha de moi dans une ferme éloignée;
149 6114 3038 6264 & la choſe fut conduite ſi ſecrettement,
145 6270 3047 6466 que peu de gens en ont eu connoiſſance.
