4266 7589
1295 627 3630 830 r LLavieeeles aventores
1299 807 4131 992 Elle a toujours, depuis ce tems-là, refuſé
1303 979 4099 1146 de ſe marier, quoiqu'il ſe ſoit preſenté des
1110 1139 4099 1315 partis fort avantageux pour elle: & elle
1299 1302 4106 1479 diſoit ſouvent à ceux qui étoient dans ſa
1299 1466 4106 1639 confidence, que quoique le malheureux qui
1299 1626 4099 1802 l'avoit trompée, en eût agi ſi indignement,
1299 1793 4106 2124 et ſere or oun, é auieasait etene
1306 2116 4131 2289 violeroit les engagemens qu'elle avoit
1306 2276 4110 2439 contractés. Son unique occupation fut de
1310 2439 4121 2609 m'élever elle-même; ſon extrême tendreſ-
1306 2602 4110 2771 ſe lui attira la mienne; & les progrès que
1303 2762 4117 3089 ui eaucſoient un paiit innoeeaae, lé
1306 3085 4113 3257 avoit l'ame noble & généreuſe; elle ne
1306 3252 4106 3418 voulut jamais entendre parler de celui qui
1302 3409 4117 3582 l'avoit trahie, & évita toujours avec ſoin
1303 3576 4113 3741 les lieux où elle auroit pu le rencontrer.
1303 3732 4113 3903 Pour moi, loin de me faire un ſecret de
1299 3895 4113 4064 ma naiſſance, elle me dit que je devois ré-
1292 4055 4110 4375 aailann vee les ſemimeen plein dee a-
1292 4378 4110 4544 gnité & d'honneur, & me mettre en état
1295 4534 4124 4708 de rendre ſervice au genre humain, &
1299 4683 4113 4853 d'effacer par ma conduite, les préjugés
1295 4847 4113 5018 déſavantageux qu'on auroit pu prendre con-
1295 5010 4113 5182 tre moi. Mon pere, qu'il ne me fut jamais
1299 5173 4222 5341 permis de voir, mourut lorſque je n'avois
1299 5330 4113 5508 encore que dix ans, & laiſſa à un fils de
1302 5493 4113 5661 ſon mariage, ſon titre & ſes biens, à la
1295 5656 4113 5821 charge de payer à ma mere une penſion
1295 5812 4102 5980 viagere de quatre cens livres ſterlings, com-
1292 5979 4099 6145 me une marque de ſon repentir, & pour
1288 6143 4095 6307 expier ſon crime: ce ſont les propres ter-
