4266 7754
523 669 2933 847 D Joseph Thompson.1
10 837 2933 1019 es de ſon teſtament. Pour moi, il me
10 1006 2945 1184 laiſſa une ſomme de deux mille livres ſter-
33 1174 2941 1354 lings une fois payée. Ma mere fut ſi fra-
40 1343 2948 1517 pée de cette attention de ſa part, qu'elle
44 1507 2956 1688 oublia ſa faute; & pleura ſa perte, comme
47 1672 2952 1854 ſi elle eût été ſa veuve. Elle vécut encore
10 1840 2956 2019 ſix ans; mais avec un poids ſur le cœur,
51 2009 2960 2183 qui la fit tomber en conſomption, & en-
51 2177 2963 2348 fin me l'enleva dans la trente-cinquieme
59 2342 2963 2517 année de ſon âge. Elle me laiſſa ſous la tu-
63 2506 2971 2681 telle du Chevalier Thomas Bourk, avec
10 2675 2975 2848 un revenu de cinq cens livres ſterlings,
14 2840 2967 3005 & les deux mille livres dont je viens de
10 3004 2986 3185 parler. Je demeurai chez ce Gentilhomme
62 3173 2978 3347 juſqu'à ce que je fuſſe en état d'aller à
81 3341 3042 3515 'Univerſité. Pour lors il m'envoya conti-
10 3506 2990 3682 nuer mes études à Dublin au Collége de
10 3670 2993 3846 la Trinité, où je reſtai juſqu'à vingt ans à
89 3839 2993 4016 me perfectionner dans les Belles-Lettres.
93 4007 3001 4183 Enſuite j'allai demeurer quelque tems à
10 4172 3001 4352 Paris; j'y appris le François, & fis mes
14 4340 3090 4516 exercices pour acquérir les talens néceſſai-
10 4505 3091 4679 res à un jeune homme qui veut pouſſer
10 4670 3019 4844 ſa fortune dans le monde. Je retournai au
107 4838 3023 5002 bout d'un an en Irlande; le Chevalier Tho-
111 4998 3072 5166 mas m'y reçut avec beaucoup d'amitié;
126 5153 3034 5336 & je réſolus de demeurer avec lui, juſqu'à
14 5321 3027 5501 ce qu'il m'eût procuré de l'emploi dans les
10 5493 3035 5675 troupes: car c'étoit là l'état où mon incli-
10 5658 3034 5838 nation me portoit. Ce Gentilhomme étoit
134 5830 3034 6008 veuf, bien fait, âgé d'environ cinquante
145 5998 3042 6170 ans. Il avoit toujours vécu dans le beau
149 6159 3031 6338 monde; on voyoit un air de diſtinction
152 6328 3038 6500 dans tout ce qu'il faiſoit ou qu'il diſoit. Je
