4266 7651
1009 697 3843 873 3LLaVieEtlesaventures
1271 859 4137 1029 m'eſtimois fort heureux d'avoir ſa ſociété;
1278 1024 4141 1197 & de ſon côté, il me témoignoit une af-
1274 1186 4137 1355 fection de pere. Nous avions pour voiſin
1278 1351 4152 1521 le plus proche, un Gentilhomme d'un ca-
1278 1520 4148 1698 ractere tout à fait opoſé; homme naturel-
1278 1686 4137 1861 lement brutal, & à qui le hazard ſeul avoit
1271 1847 4145 2028 procuré un bien conſidérable. Il étoit pro-
1278 2016 4144 2178 ceſſif & envieux, la terreur de ſes voiſins,
1270 2174 4137 2354 le tyran de ſes vaſſaux & le bourreau de
1274 2340 4141 2518 ſa famille. Ses vaſſaux le haiſſoient à mort;
1278 2505 4141 2688 & ſans les vertus d'une fille aimable &
1281 2673 4137 2845 charmante, qui étoit alors dans la dix-hui-
1267 2832 4126 3005 tieme année de ſon âge, ſa maiſon eût été
1274 2994 4133 3171 un déſert, aucun de ſes voiſins ne ſe ſou-
1278 3163 4133 3296 ciant de ſe lier avec lui. Cette fille réuniſ-
1274 3328 4122 3496 ſoit en ſa perſonne toutes les perfections
1270 3490 4130 3648 du corps & de l'eſprit qui peuvent orner
1267 3652 4122 3822 une femme. Elle avoit un ſi grand fonds
1263 3821 4123 3992 de bonté & d'humanité, que tout le pays
1263 3983 4123 4152 retentiſſoit de ſes louanges. Je ne l'avois
1259 4148 4122 4314 pas encore vue, quoique ce qu'on diſoit
1259 4306 4229 4480 de ſa beauté & de ſon eſprit, excitât beau-
1256 4471 4100 4644 coup ma curioſité. Un ſoir, en revenant
1241 4629 4119 4806 de la chaſſe, nous la rencontrâmes qui s'en
1248 4780 4119 4962 retournoit chez elle en chaiſe. Le cheva-
1252 4934 4111 5121 lier Thomas me fit ſigne que c'étoit elle.
1256 5107 4111 5289 Je la regardai avec tant d'attention, que
1245 5273 4100 5461 ſon image eſt reſtée trop profondément gra-
1252 5453 4108 5611 vée dans mon cœur, pour pouvoir jamais
1249 5596 4100 5788 en être effacée. Nous la ſaluâmes, & elle
1256 5769 4093 5931 nous rendit le même compliment; mais
1248 5927 4089 6112 d'un air ſi bon, ſi ouvert & ſi naturel,
1252 6096 4089 6434 oos aoſibé d ua e ee epeelſ ei alé ans ee enéee e hee
