4266 7570
42 683 2970 1034 ales laonas ne ur r oun anan, u'
158 1008 2981 1184 étoit à propos que j'allaſſe rendre viſite à
28 1181 3303 1358 Maloney, & que je trouverois en lui le con-
173 1342 2992 1516 tre-poiſon des charmes de ſa fille. En un
176 1501 2996 1680 mot, je n'eus plus de repos, & je cher-
169 1664 2996 1833 chois continuellement des prétextes pour
187 1826 3003 2002 l'aller voir; lorſqu'un jour le Chevalier Tho-
180 1989 3006 2162 mas m'apprit que Maloney avoit fait em-
183 2145 3198 2324 priſonner un de ſes vaſſaux pour avoir chaſ-
183 2311 2996 2484 ſé ſur ſes terres; il me dit en même-tems
183 2478 3010 2643 qu'il vouloit m'employer comme ſon agent
71 2637 3017 2808 pour le mettre à la raiſon; & que par-
194 2796 3017 2965 là j'aurois une occaſion de voir Miſs Jen-
205 2956 3025 3127 ny. Je treſſaillis de joie à cette propo-
202 3122 3025 3290 ſition; & après avoir reçu les inſtructions
213 3278 3032 3452 néceſſaires, je courus m'acquitter de mon
213 3437 3039 3612 ambaſſade. Cette maiſon étoit à un demi-
220 3600 3035 3773 mille de la nôtre; & lorſque j'y arrivai,
220 3763 3046 3935 je frapai près d'un quart d'heure à la por-
231 3925 3053 4096 te, ſans que perſonne répondit. Enfin un
93 4088 3053 4259 gros payſan, précédé d'un mâtin, qui n'a-
234 4251 3050 4417 voit pas plus mauvaiſe mine que lui, vint
245 4410 3079 4579 demander ce que je voulois. Va dire à ton
234 4570 3053 4739 Maître, lui dis-je, que je demande à le
238 4729 3068 4885 voir, & que j'ai quelque choſe à lui dire
241 4873 3086 5039 de la part de Sir Thomas Bourk. Le drô-
252 5026 3093 5205 le, ſans me répondre, rentra dans la mai-
115 5192 3086 5359 ſon, avec un air rechigné, & criant à ſon
263 5351 3093 5532 chien, Jei Towzer, allons-nous-en. Quel-
267 5529 3093 5697 que tems après il revint; & ouvrant la por-
274 5684 3090 5856 te, il me dit du même ton groſſier, que
274 5847 3086 6022 ſon Maître étoit dans ſa ſalle, & que ſi
281 6006 3093 6182 j'avois affaire à lui, je pouvois aller de ce
129 6173 3090 6350 côté, en me le montrant d'un ſigne de tê-
