4266 7754
1179 7 2098 97 -
504 751 3173 969 pE Josup Thon.17
21 953 3165 1140 moins il me parut tel en y entrant: & ſi
235 1122 3169 1296 des parterres réguliers, des caſcades bien
231 1290 3139 1473 entendues, des grottes fraîches & des ber-
227 1459 3135 1639 ceaux de feuillages peuvent contribuer aux
227 1631 3158 1806 agrémens d'un jardin, tout cela s'y trou-
25 1795 3177 1975 voit. Je m'y promenai avec cette aimable
51 1960 3319 2132 fille; mais il régnoit un ſi grand déſordre
47 2128 3135 2306 dans mon cœur & dans toute ma perſon-
223 2297 3162 2471 ne, qu'elle n'eut point de peine à s'en
208 2465 3158 2642 apercevoir; & me dit, avec douceur,
227 2630 3154 2805 qu'elle apréhendoit que je ne fuſſe fatigué.
231 2795 3147 2963 Je lui répondis qu'il n'étoit pas poſſible de
224 2959 3128 3139 l'être dans une compagnie telle que la ſien-
14 3128 3154 3308 ne; mais que ſi elle vouloit je me repoſe-
231 3296 3154 3475 rois un peu dans le berceau, à l'extrêmité
231 3461 3143 3643 de l'allée où nous étions, pourvu qu'elle
93 3634 3135 3807 ne me quittât point. Elle me repliqua, en
227 3798 3154 3976 ſouriant, qu'elle m'y accompagneroit. Nous
223 3963 3143 4131 y entrâmes donc, & nous nous y aſsîmes.
227 4131 3147 4311 Quelle heureuſe ſituation! Un petit ruiſ-
224 4299 3139 4469 ſeau couloit au pied du tertre ſur lequel
227 4457 3184 4621 étoit ſitué ce berceau, & rouloit ſes eaux
223 4644 3147 4806 tout autour, en murmurant ſur un fond de
224 4798 3151 4972 gravier. Le jaſmin & le chevrefeuille ma-
223 4962 3195 5134 riés enſemble, garniſſoient tout le berceau;
223 5115 3143 5295 on entendoit, des boſquets voiſins, le chant
223 5276 3188 5452 des roſſignols, & de tems en tems le mur-
10 5444 3135 5654 mure du vent qui agitoit les feuilles, ſe
10 5626 3203 5821 joignoit au bruit d'un Triton, qui, de ſes
227 5793 3151 5972 joues enflées, lançoit dans l'air un jet d'eau
231 5957 3135 6155 qui retomboit dans un baſſin, & que nous
227 6126 3135 6319 apercevions pleinement de l'endroit où nous
231 6290 3173 6479 étions. La Déeſſe de ces beautés cham-
231 6455 3218 6650 pêtres étoit aſſiſe vis-à-vis de moi, & raſ-
399 6623 1253 6758 III. Partie.
2376 6658 2579 6782 M.
