4266 7754
841 770 3730 950 1 LaviEElessavenrores
1099 942 4041 1122 ſembloit en ſa perſonne plus de graces que
1099 1107 4041 1285 n'en a l'Aurore ou le coucher du Soleil.
1133 1275 4008 1456 Tranſporté de ma ſituation preſente, je m'en-
1107 1444 4019 1620 hardis à lui dire que quoiqu'en cet inſtant
1092 1612 4041 1789 je m'eſtimaſſe le plus heureux des hommes,
1088 1780 4026 1957 j'éprouverois bientôt un revers bien triſte,
1099 1949 4041 2125 ſi elle ne me permettoit de lui déclarer une
1096 2114 4015 2293 paſſion qui avoit pris naiſſance dès le pre-
901 2282 4023 2461 mier inſtant que je l'avois vue, & qui du-
1099 2450 4037 2626 reroit juſqu'à ma mort. Elle rougit d'abord;
1107 2622 4038 2795 enſuite elle m'avoua qu'elle avoit conçu
1110 2783 4112 2960 pour moi des ſentimens favorables, & que
1107 2944 4030 3126 mes viſites lui feroient plaiſir, ſi ſon pere
1107 3120 4045 3294 y conſentoit. O, mon ami! vous qui avez
1107 3285 4243 3463 ſenti ce que c'eſt que l'amour, figurez-vous
1114 3456 4023 3630 avec quel tranſport je reçus cette généreu-
1118 3618 4056 3791 ſe déclaration. Ma reconnoiſſance fut ſans
1118 3783 4041 3966 bornes, & j'étois tranſporté de plaiſir. Nous
1111 3955 4112 4131 rentrâmes dans la maiſon. Son pere la gron-
1114 4126 4034 4300 da d'avoir reſté ſi long-tems; mais je ju-
1114 4288 4049 4625 anener au au po dt nſ ſ ee ue oi
1114 4621 4060 4794 pour toutes, de venir quand je voudrois
1110 4786 4041 4947 fumer une pipe avec lui: ce furent ſes pro-
1118 4939 4071 5127 pres termes. A mon retour, Sir Thomas
1118 5108 4067 5288 fut ſurpris, lorſque je lui rendis compte du
1126 5276 4251 5448 ſuccès de ma négociation; & il le fut en-
1129 5445 4067 5630 core davantage, quand le retour de ſon
1125 5609 4049 5802 vaſſal le convainquit entiérement de la vé-
1122 5778 4056 5967 rité de ce que je lui avois dit. Il m'en fé-
1122 5950 4064 6128 licita; mais en même tems il m'annonça
1129 6122 4041 6304 que Maloney, à coup sûr, ne voudroit ja-
1126 6287 4056 6474 mais conſentir à me donner ſa fille, parce
1125 6451 4045 6671 qu'étant Catholique Romain très-zélé, il
