4266 7754
629 763 3147 971 De Josrph TioMpson.
10 927 3135 1114 la deſtinoit à un neveu, Officier au ſervice
223 1118 3147 1303 de France, dans un des Régimens Irlan-
227 1286 3143 1470 dois, & qu'il étoit déterminé à lui faire
224 1455 3135 1635 épouſer ſa fille, & à lui laiſſer ſon bien.
227 1623 3143 1802 Cette nouvelle étoit déſeſpérante pour moi;
231 1795 3150 1968 cependant j'étois réſolu de ſuivre les mou-
235 1956 3154 2131 vemens de ma paſſion. Nous prîmes ſoin
235 2125 3162 2303 de tenir nos entrevues ſi ſecretes, que j'a-
242 2297 3177 2465 vois un libre accès dans la maiſon de Ma-
25 2462 3188 2635 loney, ſans qu'il ſoupçonnât la cauſe de
246 2626 3356 2800 mes fréquentes viſites. Je ne vous amuſe-
253 2795 3169 2963 rai pas plus long-tems du recit des momens
246 2963 3162 3134 heureux que je paſſois alors, & des pro-
242 3124 3199 3475 eunqut ue bount de d l is min un uiiſ
254 3461 3180 3645 permiſſion de la demander à ſon pere; &
254 3625 3177 3802 j'employai Sir Thomas Bourk à cette né-
74 3794 3214 4127 aaqueie ulanme eentaa à ceue poonſſion
268 4127 3188 4305 Il ſe laiſſa aller aux invectives les plus baſ-
268 4296 3195 4469 ſes & les plus indignes; enfin il dit groſ-
272 4456 3218 4637 ſiérement à ce Gentilhomme de ſortir de
272 4629 3229 4803 chez lui; & qu'il empêcheroit bien que ſa
276 4793 3233 4970 fille n'eût jamais le pouvoir d'épouſer un
280 4958 3233 5129 bâtard. Vivement choqué du mauvais trai-
287 5104 3240 5300 tement qu'il avoit fait à mon ami & à moi,
283 5276 3244 5462 d'abord je voulois me battre avec lui; mais
115 5437 3225 5626 l'amour l'emporta ſur ma colere, & je m'a-
291 5621 3251 5958 lipmor oir me iteee pyr iu ii en
36 5953 3244 6125 me déguiſant & eſcaladant la muraille du
298 6114 3263 6299 jardin; & je la déterminai à conſentir que
298 6287 3255 6471 je l'enleverois dans quelques jours, & à
25 6455 3255 6650 m'épouſer, malgré ſon tyran. Ce qui m'en-
2418 6636 2717 6771 Ma
