4266 7702
2254 7 3206 116 o
441 778 3149 993 DE Josepn ThomPson.r
10 978 3112 1155 étoient auſſi à cheval; & je me préparois à
10 1148 3119 1313 en faire autant, lorſque j'entendis une voix
225 1310 3116 1472 rude me demander: que venez-vous faire ici?
229 1479 3108 1644 Sans doute venez vous voler M. Maloney
10 1642 3112 1820 A l'inſtant, ſans avoir le tems de répon-
10 1809 3112 1984 dre, je reçus un coup ſur la tête qui me
221 1973 3116 2138 fit chanceler: je lâchai les rênes de mon
225 2138 3112 2315 cheval, & me tournant vers mon ennemi,
225 2299 3116 2472 je tirai l'épée; je le vis tirer auſſi la ſien-
233 2466 3112 2638 ne, & nous nous aprochâmes: mais je fus
10 2629 3108 2805 aſſez heureux à la troiſieme ou quatrieme
10 2796 3105 2960 botte pour lui paſſer mon épée au travers
10 2960 3119 3135 du corps, & le renverſer par terre. En mê-
221 3127 3104 3302 me tems je me ſentis attaqué par un autre,
229 3286 3105 3467 qui s'écria en François, que j'avois tué ſon
233 3457 3112 3633 pauvre Maître. Un de mes amis qui étoit
225 3620 3112 3791 deſcendu de cheval, me délivra bientôt
222 3783 3104 3958 de celui-ci, comme j'avois fait de l'autre.
222 3950 3104 4117 Alors nous remontâmes à cheval; & en-
210 4114 3104 4294 courageant Miſſ Jenny, que le danger
218 4284 3101 4457 avoit preſque fait évanouir, nous conti-
211 4442 3097 4631 nuâmes notre route, & en trois jours nous
218 4607 3101 4780 arrivâmes, ſans aucun inconvénient, à
210 4763 3105 4937 Dublin, où je fus bientôt en poſſeſſion de
210 4937 3101 5102 tout ce que mon cœur deſiroit. Sir Thomas
210 5085 3097 5256 n'avoit pas voulu me ſeconder, parce que
44 5241 3093 5418 la prudence demandoit qu'il reſtât ſur les
207 5408 3090 5594 lieux, où il ſeroit vraiſemblablement plus
207 5590 3093 5759 en état de nous ſervir, qu'à l'endroit où
203 5746 3093 5929 nous étions. Je fus ſurpris d'aprendre par
203 5917 3086 6096 une de ſes lettres que Maloney faiſoit cher-
207 6072 3275 6263 cher ſa fille & moi dans tout le pays; qu'il
203 6239 3272 6425 avoit juré de ſe venger; & que les deux
192 6410 3127 6577 bommes à qui leur témérité avoit cauſé la
