4266 7754
1152 800 3783 973 I LAvviEtles aventures
1148 964 4068 1145 mort, étoient le neveu & ſon valet de-
1148 1133 4067 1308 chambre qui ne faiſoient que d'arriver,
1148 1305 4064 1477 lorſqu'ils nous virent monter ſur le mur.
1148 1470 4079 1649 Il n'y avoit point de tems à perdre; nous
1148 1638 4075 1977 rinos fones a e n moe !ſenure moe e
1155 1971 4071 2142 que nous avions de Protecteurs. Après
1155 2136 4071 2312 avoir obtenu du Lord Chancelier la pro-
1156 2301 4086 2481 meſſe d'une lettre de grace, ſi cela étoit
1156 2465 4079 2645 néceſſaire, je laiſſai ma femme à Dublin,
1167 2638 4071 2811 & j'allai paroître aux Aſſiſes pour faire ju-
1159 2806 4093 2977 ger le procès. Le Juge, quoique ſollicité
957 2971 4071 3144 fortement par Maloney, décida par ſa Sen-
1163 3139 4071 3312 tence que l'affaire étoit une rencontre; &
1163 3304 4101 3478 en conſéquence nous fumes abſous de ce
1167 3468 4090 3646 meurtre. Ce miſérable n'oublia rien, &
1163 3637 4101 3806 n'épargna ni amis ni argent pour obtenir
1163 3805 4079 3975 une condamnation contre nous; mais le
1167 3970 4105 4148 cas étoit ſi clair, que ſes projets indignes
1163 4135 4108 4308 n'aboutirent à rien. Je fus pourtant obligé
1170 4299 4120 4475 de faire venir ſa fille devant la Juſtice, parce
1163 4474 4251 4639 que Maloney avoit intenté-contre moi une
1006 4632 4251 4800 feconde accuſation, fondée ſur ce que j'a-
1141 4793 4251 4963 vois enlevé une fille en puiſſance de ſon
1170 4950 4101 5136 pere; mais au moyen du généreux té-
1171 5115 4101 5293 moignage qu'elle rendit en ma faveur, il
1066 5284 4251 5457 en eut le démenti, & ne réuſſit pas mieux
1182 5452 4124 5624 que dans la précédente. Tout le Canton
1178 5620 4101 5798 fut charmé de cette aventure. Son reſſen-
1185 5789 4124 5965 timent en augmenta. Il engagea, à force
1185 5950 4116 6132 d'argent, pluſieurs coquins à m'aſſaſſiner.
1185 6122 4112 6300 J'en fus inſtruit heureuſement; & ne trou-
1189 6283 4116 6466 vant point d'autres moyens de faire ceſſer
1189 6455 4127 6628 de pareilles entrepriſes, je lui fis un pro-
