4266 7754
437 774 3049 956 DE Joseph Thommson.
10 946 3079 1125 cès à mon tour, & obtins un Jugement
10 1121 3064 1293 conformément à ſon crime. Mais comme
156 1283 3072 1461 ſes émiſſaires étoient ſes vaſſaux, & qu'il
152 1454 3076 1630 les avoit forcés à cette action, en les me-
152 1616 3076 1796 naçant de tout ſon reſſentiment, s'ils refu-
10 1788 3083 1963 ſoient de ſe prêter à ſes volontés, ils furent
160 1962 1508 2126 renvoyés abſous.
340 2121 3083 2295 Voyant donc qu'il n'y avoit point d'eſ-
164 2289 3091 2464 pérance de l'amener à la raiſon, je reſtai
160 2454 3094 2626 tranquille. J'avois dans le pays un bien dans
164 2623 3098 2800 lequel j'allai vivre avec ma femme, & y
164 2780 3090 2965 jouir de tous les plaiſirs qu'une pareille
167 2958 3102 3126 union pouvoit me procurer. J'oſe bien dire
134 3123 3083 3300 qu'il n'y avoit point dans le monde un cou-
134 3292 3105 3457 ple plus heureux, ni qui ſe fît tant aimer
10 3453 3095 3622 des autres. Ici le pauvre Saris fondit en lar-
10 3621 3163 3788 mes, & s'abandonna aux réflexions les plus
179 3786 3233 3965 ameres. Je fis tout mon poſſible pour le
175 3959 3121 4133 tranquilliſer, & il reprit ſon hiſtoire de la
182 4125 3098 4306 maniere ſuivante. Après un an de mariage,
10 4294 3102 4469 mon épouſe me donna un fils, qui, je
14 4456 3120 4636 crois, eſt encore vivant, & qui ſera ſans
186 4625 3117 4799 doute plus heureux que ne l'a été ſon pau-
186 4793 3218 4959 vre pre. Quelques moyens que nous puiſ-
10 4951 3120 5122 fions employer pendant tout ce tems-là,
186 5107 3132 5285 ſon brutal de pere ne vouloit nous voir,
14 5272 3135 5452 ni nous parler, quoique ſouvent nos ca-
10 5442 3128 5613 roſſes ſe rencontraſſent ſur la même route.
194 5616 3136 5792 Il ſe conſola de la perte de ma femme,
175 5785 3136 5959 en prenant chez lui une eſpece de concier-
205 5950 3128 6127 ge, qui étoit une femme rouſſe & mé-
212 6122 3139 6299 chante, qui lui perſuada qu'elle avoit eu
21 6290 3135 6464 de lui, quelques années auparavant, un
205 6459 3135 6627 fils dont il prend à preſent un ſoin extraor-
