4266 7663
725 629 3094 813 DE Joseph Thompson.
10 717 3098 978 notre réconcihation. Grand Dieu! de quelle
10 971 3090 1170 méchanceté l'homme n'eſt- pas capable!
10 1130 3105 1316 J'acceptai la propoſition pour le bien de
231 1300 3109 1471 ma femme & de celui de mon fils, & je
10 1465 3109 1644 deſiri que Sir Thomas nous y accompa-
10 1621 3120 1827 gnât. J'étois bien éloigné de ſoupçonner
10 1793 3120 1973 aucune trahiſon. Le jour vint; nous nous y
242 1955 3378 2144 rendîmes avec ma femme & mon fils, &
242 2121 3267 2299 il nous reçut avec tous les ſemblans d'a-
246 2287 3127 2451 mitié que demandoit l'exécution de ſon
249 2445 3116 2604 noir deſſein. Nous paſſâmes le tems fort
253 2611 3138 2790 agréablement: il nous embraſſa tous, &
257 2777 3138 2953 fit preſent à ma femme de quelques bijoux
239 2943 3135 3114 qui avoient apartenu à ſa mere. Après le
257 3109 3142 3280 dîner nous bûmes quelques bouteilles de
261 3274 3131 3439 vin à notre heureux raccommodement,
272 3433 3142 3611 & nous convînmes de ſuſpendre de part
268 3599 3149 3772 & d'autre toutes procédures. La Concier-
264 3767 3142 3943 ge que je ne voyois qu'avec peine, étoit
279 3927 3459 4096 à table avec nous: ma femme ſe plaignit
272 4092 3149 4272 tout d'un coup qu'elle étoit malade: Sir
268 4258 3153 4427 Thomas & moi, nous nous ſentîmes foi-
275 4417 3153 4596 bles & étourdis. L'incommodité de ma
271 4586 3153 4754 femme augmenta; ſon viſage devint noir,
283 4748 3153 4907 & avant qu'on put avoir du ſecours, elle
272 4907 3146 5066 expira dans mes bras. Quel inſtant cruel!
305 5058 3157 5238 andis que je déplorois ce malheur terri-
54 5220 3153 5386 ble, j'entendis la Concierge dire tout bas
272 5381 3153 5574 à Maloney: vous voyez, Monſieur, que
283 5555 3168 5746 la choſe nous a réuſſi à la fin. Ces mots me
282 5714 3157 5891 tirerent de la ſituation déplorable où j'étois:
286 5887 3371 6056 ma tête commençoit à vaciler: cependant
65 6045 3153 6242 je ſaiſis cette femme au collet, & tirant
290 6215 3149 6385 mon épée, je lui demandai d'une voix
459 6377 1233 6513 IIl. Partie.
2505 6389 2642 6525 N
