4266 7514
1236 729 3601 911 LaviEetlEs avetures
1208 900 4001 1074 terrible ce qu'elle diſoit à ſon Maître? Elle
1197 1057 3998 1212 devint pâle comme la mort, & alloit me
1204 1218 3997 1380 répondre, lorſqu'un domeſtique entrant avec
1204 1377 3994 1547 précipitation dans la ſalle, ſe jetta à ge-
1193 1537 3987 1708 noux, & nous dit, qu'aſſurément mon
1193 1694 3980 1858 épouſe & nous tous étions empoiſonnés;
1190 1854 3980 2018 qu'il avoit acheté la veille, par ordre de
1186 2012 3972 2178 ſon Maître, de quoi faire mourir des rats,
1190 2163 3973 2333 & qu'il ne doutoit pas qu'on ne s'en fût
1172 2329 3976 2499 ſervi contre nous. Grand Dieu! quel ſpec-
1175 2485 3962 2666 tacle! Ma chere épouſe morte à mes yeux;
1172 2642 3958 2818 Sir Thomas ſans connoiſſance; & moi qui
1165 2806 3958 2969 ne pouvois me ſoutenir, tandis que les in-
1158 2960 3951 3127 fâmes auteurs de mes malheurs étoient plon-
1158 3125 3947 3290 gés dans l'horreur de ſe voir découverts.
1158 3282 3947 3448 Que pouvois - je faire, mon cher ami?
1151 3443 3940 3610 qu'auriez-vous fait à ma place? La rage
1147 3604 4166 3772 arrêta le cours de mes larmes, & m'ôta
1137 3761 3933 3928 la parole: je ſaiſis mon malheureux pere,
1129 3922 4158 4086 je lui enfonçai mon épée dans le cœur juſ-
1129 4076 3919 4247 qu'à la garde; & le laiſſant vomir ſon ame
1129 4239 3922 4407 criminelle, j'exécutai la même vengeance
1122 4397 3919 4556 ſur ſa coquine de Concierge: alors ayant
1118 4552 4144 4718 perdu toutes mes forces, je tombai ſans
1111 4698 3908 4874 vie ſur le corps de ma chere Jenny. Le
1111 4853 3901 5021 Chirurgien & le Médecin que j'avois en-
1108 5012 4130 5186 voyé chercher, auſſi-tôt après m'être aper-
1108 5174 4116 5357 çu de la maladie de ma femme, arriverent
1100 5328 3887 5499 un moment après. Ils furent frapés de ce
1100 5499 3883 5660 triſte ſpectacle; mais me trouvant encore
1100 5646 3869 5826 quelques ſignes de vie, & à Sir Thomas,
1108 5803 3872 6000 & ayant apris par les domeſtiques que nous
1093 5968 3862 6152 étions empoiſonnés, ils nous firent mettre
1090 6129 3861 6294 au lit, nous donnerent des remedes con-
