4266 7611
830 629 3195 830 De JosEp ThOMPson.
116 800 3191 988 venables qui nous firent rejetter une grande
341 979 3191 1143 partie du poiſon, & nous reprîmes nos
338 1136 3176 1307 ſens. Mais il nous reſta beaucoup de foi-
327 1303 3173 1476 bleſſe; & quoique la force de notre tem-
330 1467 3180 1638 pérament l'emportât ſur la violence que la
326 1628 3184 1781 nature avoit ſoufferte, le deſordre de mes
327 1792 3165 1954 eſprits me cauſa une fievre violente qui
320 1952 3162 2125 me retint dans cette maudite maiſon près
322 2115 3165 2273 de ſix ſemaines, durant leſquelles Sir Tho-
320 2275 3176 2450 mas ſe chargea du ſoin de mon fils & de
316 2436 3173 2601 toute ma maiſon, & fit faire devant le Juge
316 2600 3165 2767 les informations convenables qui nous ſau-
316 2764 3154 2933 verent bien des embarras. J'avois pris tel-
312 2928 3165 3096 lement à cœur la mort de mon épouſe,
309 3085 3140 3250 que je fus près de ſix mois ſans recouvrer
305 3245 3147 3414 ma raiſon. Sir Thomas l'avoit fait empor-
305 3409 3144 3578 ter ſi-tôt qu'il fut guéri, & en avoit célé-
300 3566 3162 3735 bré les obſéques d'une maniere convena-
298 3723 3140 3897 ble. Quand je fus un peu revenu, je lui
298 3883 3136 4056 fis dreſſer un monument avec une inſcrip-
294 4050 3133 4220 tion; mais ſa mémoire eſt encore mieux
290 4207 3129 4372 gravée dans mon cœur, & ſon image n'en
287 4360 3125 4526 ſortira jamais. A cet endroit de ſon Hiſ-
283 4521 3118 4699 toire ſes chagrins ſe renouvellerent avec
276 4681 3118 4864 tant de violence, qu'il s'évanouit. Ce ne
272 4838 3136 5028 fut qu'après bien du tems qu'il reprit ſes
272 5005 3147 5175 ſens. Je m'en voulus à moi-même d'avoir
265 5162 3114 5337 renouvellé ſes cruels chagrins par ma cu-
265 5326 3106 5505 rioſité. Je le priai de ceſſer & de ne pas
269 5494 3111 5672 en dire davantage; mais eſſuyant ſes lar-
261 5657 3125 5842 mes qui ſe faiſoient paſſage malgré lui, il
261 5811 3144 5984 acheva ſon Hiſtoire de la maniere ſuivante.
258 5971 3129 6146 J'étois dans un état ſi déplorable, que ſans
258 6135 3093 6310 la conſidération de mon fils, encore en-
2302 6310 2626 6446 N
