4266 7702
1160 737 3817 928 Lvieessvvervoes
1156 904 4069 1091 toujours avoir pour ſes Supérieurs. Il y a
1156 1071 4129 1249 de certaines gens qui ſont toujours mécon-
1153 1234 4128 1409 tens ſous quelques Gouvernemens qu'ils ſe
1156 1411 4184 1585 trouvent. L'homme né libre, cherche na-
1153 1576 4080 1749 turellement à jouir de tous les priviléges
1153 1739 4021 1920 qui font ſon partage; mais quelquefois l
1149 1906 4236 2084 porte trop loin ſes prétentions, & oſe faire
1149 2077 4077 2247 une comparaiſon entre celui qui le gouverne
1160 2225 4076 2413 & lui. Il s'imagine fauſſement qu'un tel
1149 2392 4073 2577 homme devroit avoir des talens & des qua-
1149 2563 4010 2741 lités beaucoup plus étendues qu'il n'apar-
1149 2728 4073 2905 tient à des êtres finis. Il le voit ſujet aux
1145 2889 4013 3064 mêmes foibleſſes que lui, & murmure con-
1145 3063 4240 3238 tre les Puiſſances, qu'il accuſe de peu de
1145 3204 4244 3403 diſcernement pour avoir établi un ſujet auſſi
1142 3386 4244 3569 borné pour le conduire. Le Juge de la Na-
1145 3557 4244 3729 ture humaine, à qui nous ſommes rede-
1142 3720 4243 3896 vables de ces regles & de ces préceptes ſu-
1138 3880 4002 4060 blimes, qui ſous différentes formes régiſſent
1138 4047 4062 4224 la partie civiliſée du Monde, n'a jamais
1142 4214 4062 4387 voulu examiner les bonnes ou mauvaiſes
1138 4381 3988 4550 qualités d'un Prince. Il ſuppoſe même, ou
1134 4544 4025 4717 ſemble ſuppoſer que la Providence a le
1134 4699 3999 4878 droit d'établir des Magiſtrats, lorſque ré-
1130 4859 4010 5046 pondant à la queſtion embarraſſante des Juifs,
1127 5025 4039 5213 il ne voulut point traiter Céſar d'Uſurpateur
1130 5189 4025 5373 & de Tyran, quoiqu'il le fût réellement;
1119 5356 4047 5543 mais il ſe contenta de leur dire: donnez à
904 5520 4050 5703 Céſar ce qui apartient à Céſar, & à Dieu
1123 5697 4058 5873 ce qui eſt à Dieu. Il eſt certain que le Ciel,
1119 5857 3984 6033 dans la ſage diſpoſition qu'il a faite des cho-
1116 6028 4047 6198 ſes, deſtine les hommes à différens em-
1116 6195 4043 6369 plois; les uns pour gouverner, & les au-
1112 6362 4051 6525 tres pour obéir. Mais leurs obligations étant
