4266 7754
755 613 3165 824 DE Josrph Thomson.
10 800 3180 995 moyen d'un ami; & que quand je partirois, il
253 979 3192 1152 profiteroit de ma compagnie pour retourner
253 1133 3165 1313 en Angleterre. Nous commençâmes auſſi-
250 1298 3154 1481 tôt à arranger nos affaires, & ſur-tout à diſ-
250 1470 3180 1811 e ſoovee neu, u ſu ſotſſaniaa e neo
253 1807 3188 1992 tre exactitude. Quand Truman vit que nous
257 1968 3177 2145 diſpoſions tout pour notre départ, il fit des
253 2140 3181 2324 ſauts & des gambades de joie, & ne put
254 2301 3173 2488 modérer ſes tranſports. On auroit cru qu'il
256 2469 3203 2654 avoit perdu l'eſprit. Devenu un peu plus
257 2633 3180 2818 tranquille, il nous conſeilla d'aller à Ba-
261 2806 3199 2977 tavia, & de nous y embarquer dans un
276 2967 3180 3146 Vaiſſeau Hollandois pour paſſer en Eu-
257 3139 3188 3319 rope; car nous avions apris que la guerre
268 3300 3218 3481 étoit déclarée entre les Anglois & les
265 3465 3188 3644 François, quoique les hoſtilités ne fuſ-
66 3633 3188 3808 ſent pas encore commencées dans les mers
89 3790 3229 3947 des Indes. Truman, lui dit Monſieur Saris,
280 3962 3222 4127 avec la permiſſion de M. Thompſon, nous
269 4123 3203 4285 vous enverrons en Angleterre avec la meil-
268 4284 3199 4466 leure partie de nos effets ſur la flotte Hol-
276 4464 3203 4631 landoiſe, & vous partirez la ſemaine pro-
272 4628 3221 4794 chaine pour vous rendre à Batavia: pour
276 4782 3207 4958 nous, nous profiterons de quelquès vaiſ-
268 4947 3326 5127 ſeaux particuliers qui partiront d'ici à ſix
275 5114 3203 5296 mois. Truman eut peine à goûter cet ar-
272 5279 3225 5460 rangement; ſon affection ne lui permeſtoit
276 5448 3222 5627 pas de me quitter; mais voyant que nous
268 5621 3203 5799 le déſirions tous les deux, il travailla, quoi-
14 5782 3210 5964 qu'avec peine, aux préparatifs de ſon dé-
276 5955 3237 6131 part; & un mois après, l'ayant équipé pro-
283 6114 3229 6299 prement, nous l'envoyâmes à Batavia dans
280 6283 3356 6463 un petit vaiſſeau qui, à ſon retour, nous
