4266 7754
800 628 3788 852 avietrles aventures
1111 841 4252 1037 raporta la nouvelle qu'il étoit embarqué en
1114 1002 4251 1187 bonne ſanté, & qu'il avoit pris la route du
1118 1170 4252 1350 Cap de Bonne-Eſpérance. Je gardai mon
1111 1339 4252 1520 gros diamant & une certaine ſomme d'ar-
1058 1507 4251 1684 gent. A l'égard de mes autres effets, je
1111 1672 4019 1856 les adreſſai à mon pere, à M. Diaper & à
1110 1833 4034 2166 ooree iopaaaiot thutianenneoueue eeu-
1118 2170 4008 2344 coup, & me ſerrant reſpectueuſement dans
1107 2334 4008 2507 fes bras, il me pria de me conſerver, & me
1114 2503 4007 2679 ſouhaita un prompt & heureux retour. En
1114 2675 4004 2844 un mot, nous répandîmes tous les deux des
1114 2836 4030 3013 larmes, & je payai ce tribut avec plaiſir
1114 2997 4008 3175 à un homme ſi fidelle, ſi juſte, ſi déſinté-
1107 3161 4252 3339 reſſé, & qui avoit ſi bien mérité mon eſ-
1110 3330 4251 3517 time & mon amitié. Nous lui ſouhaitâmes
1107 3498 4252 3669 un bon voyage, & nous nous ſéparâmes.
964 3659 4252 3830 Il faut avoir goûté le plaiſir de connoître
1081 3824 4251 3998 un agent & un domeſtique fidele, pour pou-
1099 3989 4243 4160 voir ſentir combien cela influe ſur la ſatiſ-
1103 4150 4243 4324 faction de la vie. Le véritable ſecret de ſe
1103 4318 3989 4492 procurer cet avantage, eſt de bien con-
1099 4479 4026 4657 vaincre un domeſtique que l'on cherche
1103 4640 4004 4812 ſincerement ſon intérêt; pour lors il lui eſt
1103 4808 4000 4981 tout naturel de chercher le vôtre, parce
1107 4965 3996 5138 qu'il ſent que ſon bien-être en dépend. Les
1096 5130 3996 5315 gens de la plus baſſe eſpéce ſont capables
1103 5305 3997 5479 de goûter & de pratiquer les principes les
1099 5471 4232 5647 plus nobles, & conſéquemment ils le fe-
1103 5632 4232 5810 ront, à moins qu'ils n'en ſoient détournés
1103 5800 4236 5976 par les mauvais traitemens & la hauteur de
1103 5968 4000 6140 ceux à qui ils ont affaire. Voulons - nous
1099 6129 3985 6307 avoir des domeſtiques bons & fideles? tâ-
1107 6298 4251 6474 ahons par nos actions de paroître bons à
