4266 7754
1714 4 2310 98 ee
9 440 408 615 “
736 594 3525 845 ne Joseph Thonpson.
10 749 3446 982 leurs yeux, ils apréhenderont à coup ſûr
9 965 3117 1148 de ſuivre d'autres maximes. Le tems de
227 1135 3114 1315 notre départ arrivé, nous prîmes congé de
235 1294 3113 1468 tous nos amis, & fûmes fêtés par tous les
227 1468 3121 1642 honnêtes gens de la Ville, qui marquerent
10 1631 3114 1807 beaucoup de regret de notre ſéparation. Le
235 1795 3114 1980 Gouverneur & les Facteurs nos Confreres,
10 1960 3117 2146 s'empreſſoient à l'envi à nous faire des pre-
235 2128 3132 2301 ſens de ce qu'ils croyoient capable de ren-
220 2297 3135 2475 dre notre voyage plus gracieux. Comme il
227 2458 3120 2639 ne ſe trouva point de flotte ni de vaiſſeau
220 2630 3113 2804 particulier qui allât en droiture en Europe,
227 2791 3113 2964 nous réſolumes de prendre la même voie
238 2956 3118 3136 que Truman; nous arrivâmes à bon port à
223 3124 3113 3291 Batavia, où nous ne tardâmes pas à trou-
66 3285 3121 3459 ver une commodité pour paſſer en Hollan-
231 3453 3120 3632 de dans le Yrou Chriſtiana, vaiſſeau com-
235 3622 3113 3799 mandé par le Capitaine Vander Speigel.
227 3787 3113 3948 Ce vaiſſeau étoit fort, monté de quarante
238 3951 3113 4126 canons, & de 17o hommes d'équipage.
231 4116 3117 4281 Nous eûmes peine à obtenir du Gouver-
231 4284 3120 4458 neur Van Bluck la permiſſion de nous y
227 4449 3120 4622 rendre en qualité de Paſſagers. Enfin l'ayant
227 4617 3117 4788 obtenue, nous fîmes enregiſtrer nos effets,
235 4782 3117 4955 & nous embarquâmes. Avant que de paſſer
227 4947 3109 5122 la Ligne, nous perdîmes notre Capitaine,
227 5104 3117 5288 qui étoit un des plus grands brutaux qu'il
227 5272 3113 5459 y eût au monde. Il étoit preſque toujours
227 5444 3113 5619 ivre, & mourut à force de boire des li-
227 5613 3158 5785 queurs fortes qui lui avoient brûlé les en-
235 5781 3120 5952 trailles. Il fut remplacé par un fort aimable
238 5946 3117 6122 homme, apellé le Capitaine Beeckman.
235 6111 3121 6286 Comme ſi la vie de ſon prédéceſſeur eût
238 6279 3117 6481 été un obſtacle à notre voyage, le vent,
