2480 3507
315 465 1909 606 te l'avouerai-je? le croiras-tu? je
311 579 1909 716 t'aime quatre fois davantage; ...
311 695 1909 805 oui, i tu tols-l, je te donnerois
311 801 1905 901 mille baiers: mais cet excs de
302 901 1905 1023 tenree ne t'explique rien. La
298 1014 1905 1127 mienne pour tol a toujours t i
302 1120 1896 1233 vive depuis que je t'ai connue,
298 1223 1896 1336 depuis cet intant heureux o l'a-
293 1333 1896 1452 miti donna la vie  mon cur,
289 1439 1892 1552 que je n'ai repir que pour t'aimer.
403 1548 1887 1672 Un ertiment i vif n'auroit-il pas
241 1648 1883 1771 d captiver toutes les puiances de
276 1768 1944 1871 mon ame? & devois-je attendre i
276 1864 1874 1974 tard pour te dorner un rival? car
267 1967 1879 2101 tu als (il et inutile de te le rap-
267 2073 1874 2200 pefler,) que j'ai vingt-quatre ans,
267 2176 1861 2306 & quoique ma bien bonne amie,
262 2279 1857 2395 je te dfie d'oublier cette date. Ne
267 2405 1857 2505 me trouves-tu pas ridicule d'aimer
258 2491 1852 2611 mon ge pour la premiere fois de
254 2608 1843 2724 ma vie? Cependant ne te pree
241 2714 1661 2811 pas trop de me condamner; ie
1274 2810 1625 2953 Ai
