2480 3507
334 415 1928 511 e porter l'un ur l'autre. Mainte-
338 521 1928 614 nant il ne nous et plus poible de
307 631 1923 717 les dtourner. Mais l'abence, qui,
343 737 1928 830 dit-on, et le plus grand des maux
334 836 1928 941 pour les amants, ne m'a cau nul
329 941 1928 1039 chagrin; quoiqu'en huit jours il y
329 1049 1928 1145 en ait eu quatre o des epaces im-
325 1152 1432 1248 menes nous ont pars.
347 1258 1923 1358 Cependant tu ais comme je pleu-
321 1368 1923 1460 rois chaque fois que je te voyois
316 1471 1923 1570 partir, & combien tes plus courres
325 1580 1919 1652 abences m'ont cot de larmes...-
321 1687 1919 1776 Tiens, Henriette, onge  tout cela
312 1789 1915 1896 & tu conclueras frement que ce
312 1899 1278 1988 n'et que de l'amiti.
395 1998 1915 2088 Au rete, quelle que oit la nature
307 2108 1910 2194 du entiment qui m'anime, il me
312 2214 1910 2307 caue tant de plaiir, que je me f-
307 2321 1902 2413 licite de l'prouver. Il ne manque
307 2424 1893 2516 mon bonheur, pour tre parfait,
303 2530 1634 2626 que de t'avoir auprs de moi.
413 2636 1897 2725 Quand finira donc ce malheu-
1353 2742 1550 2831 Aiii
1834 287 1974 381 L
