2480 3507
549 401 2143 480 reux fervice? Envain ma vive im-
545 507 2147 600 patience compte & recompte les
545 610 2139 710 jours; on calcul emble loigner
549 723 2143 816 ce terme au lieu de l'abrger......
549 823 2143 898 Abandonneras - tu ton amie dans
540 936 2143 1011 un moment, o a curit n'et
536 1039 2152 1128 peut-tre qu'une erreur dont les
540 1135 2156 1244 uites lui eront funetes? Ton grave
535 1243 2142 1354 mari ne pourroit-il remplir les de-
535 1350 2155 1456 voirs de a charge, fans t'obliger
530 1452 2151 1559 d'habiter un pays o il n'y a que
536 1570 2147 1666 des corps fans ame, par rapport
540 1680 2143 1772 toi;tu ne dois vivre qu'
545 1786 2152 1879 demi, avec des peronnes pour
540 1892 2156 1981 qui l'exitence d'un ccur fincere
540 1995 1537 2064 et un tre de raion.
654 2105 2152 2190 Peruade donc  ton tranquille
540 2211 2161 2300 mari, que malgr on amour pour
545 2314 2152 2400 l'ordre, il eroit convenable de te
545 2417 2161 2509 laier  Paris pendant on jour
549 2526 2156 2615 Verailles: mais je le connois; il
549 2629 2213 2725 et homme  paer huit jours
