2480 3507
503 439 2101 528 mon ame, te mettront  porte de
508 545 2106 614 me donner de falutaires confeils.
508 648 2106 741 Tu vois que la raion, d'accord
508 754 2106 836 avec l'amiti, te fait un devoir de
503 857 1360 926 e courir ton amie.
547 963 2110 1052 Je vis hier, pour la premiere
508 1066 2115 1155 fois, depuis que je uis ortie de
508 1172 2115 1251 mon tombeau, c'et--dire, du
517 1275 2110 1368 couvent, je vis moneigneur mon
512 1382 2115 1471 grandiime couin, dcor, je
512 1488 2119 1577 pourrois dire charg, des marques
512 1591 2115 1687 ditinctives de a nouvelle dignit;
521 1700 2119 1783 car il avoit l'air d'en bien fentir le
521 1803 2150 1896 poids.) Tout cela furmont d'un
517 1906 2119 1995 uperbe maintien & d'un haut ton
521 2012 2128 2098 de crmonie. A toutes les phraes,
1669 2115 2124 2180 .. Made-
525 2115 1629 2204 toutes les quetions,-..
1209 2221 2128 2286 -autant de fois
428 2225 1086 2300 moielle...
525 2317 2124 2424 je rpondois affectueuement, mon
534 2427 2128 2509 couin, mon cher coufin ......
539 2533 2128 2626 Je m'apperus que je mettois a di-
539 2639 2128 2735 gnit  la torture par la familiarit
464 306 602 392 s
