2480 3507
311 418 1903 497 l'idole de notre cœur: ainſi loin
316 531 1907 621 de guider l'amour elle met le com-
307 634 1911 735 ble à ſon délire. Mais que te dis-je-
311 735 1911 833 là? des choſes que je t'ai répétées
316 850 1911 939 cent fois, depuis que guérie d'une
311 953 1916 1042 malheureuſe paſſion, j'ai reconnu
311 1059 1924 1159 l'abyſme d'erreurs où mes propres
294 1159 1924 1244 raiſonnements m'avoient conduite.
245 1268 1924 1361 Ah, Eliſabeth, te préſerve le ciel
320 1375 1920 1464 de faire une ſemblable épreuve!
320 1481 1933 1573 non, nous ſerions trop à plaindre;
320 1587 1938 1680 car je ſouffrirois tous tes maux, &
259 1697 1938 1776 ils me retraceroient les miens. Que
320 1800 1946 1875 ma tendreſſe ſeroit allarmée dans
320 1906 1946 1995 ce moment, ſi ton propre carac-
324 2009 1951 2101 tere ne me raſſuroitl J'ai vu ton
329 2115 2034 2217 ame inſenſible à l'amour, aux ſoins
338 2217 2034 2310 des hommes les plus aimables. Ton
338 2324 1960 2417 anour-propre ſeul étoit flatté de
338 2430 1960 2533 eur hommage. Je ne t'ai jamais vue
307 2533 1964 2636 touchée de leurs ſentiments, Je ga-
333 2650 1990 2753 erois que l'inconnu n'a d'autre
1738 295 1926 396 L.
