2480 3507
582 398 2166 490 avantage ſur cette foule, que d'a-
578 504 2166 597 voir ſçu te louer à ton gré. Il aura
573 614 2166 703 mis plus d'art dans ſes éloges, peut-
569 720 2166 806 être plus de délicateſſe. Il n'en faut
569 823 2162 915 pas davantage pour te ſéduire &
560 929 2162 1022 pour te livrer à l'erreur où je te
560 1035 2157 1114 vois; mais crois-en ton Henriette
556 1142 2149 1231 qui s'y connois, tu n'aimes point;
551 1244 2153 1337 par conſéquent mes conſeils te ſe-
551 1354 1265 1452 roient inutiles.
656 1452 2144 1546 Je conviens, je ſens même que
543 1560 2140 1649 ma préſence te ſeroit néceſſaire
533 1665 2139 1765 pour achever de détruire ce phan-
537 1764 2135 1860 tôme de bonheur: mais peux-tu
530 1879 2136 1968 bien exiger, que j'abandonne mon-
525 1988 2136 2064 ſieur d'Albi, dans un lieu où ma
521 2088 2131 2180 compagnie eſt le ſeul dédommage-
521 2190 2122 2280 ment capable de lui faire ſupporter
512 2297 2109 2395 les ennuyeux devoirs de ſa charge.
512 2395 2114 2492 Tu me dis que ſi mon amitié étoit
508 2506 2136 2598 auſſi vive que la tienne, je n'héſi-
494 2612 2105 2708 terois pas: ce ſeul trait peint ton
1829 2742 2096 2814 ame
