2480 3507
283 463 1898 562 ame, je t'y reconnois parfaitement.
291 573 1872 665 Je ſçais, que toujours prête à faire
287 675 1876 771 les plus grands ſacrifices à l'objet
287 782 1876 874 aimé, tu ne vois que lui lorſqu'il
287 888 1872 977 eſt queſtion de ſon bonheur. Mais,
287 991 1934 1080 ma chere Eliſabeth, ce qui eſt une
287 1100 1881 1190 vertu par rapport à l'amitié, eſt
287 1200 1881 1292 quelquefois un vice pour la ſociété.
291 1310 1881 1399 Tu ſçais auſſi bien que moi qu'il
283 1412 1885 1501 n'eſt pas permis de faire la félicité
291 1519 1885 1608 de qui que ce ſoit, lorſqu'elle nuit
291 1621 1885 1711 à autrui; néanmoins tu veux que
291 1728 1890 1817 ta tendreſſe prévale ſur tout. Ton
291 1834 1894 1920 cœur n'eſt affecté que de ce ſenti-
287 1937 1894 2019 ment, ce qui fait que ſouvent tu
291 2036 1894 2122 es injuſte, même en faiſant les
296 2142 1457 2232 actions les plus héroïques.
411 2249 1898 2317 Pardonne cette accuſation en
300 2352 1898 2424 ſaveur du motif; c'eſt mon amitié
300 2458 1907 2547 pour toi qui m'y a forcée. Il falloit
305 2564 1898 2653 te démontrer que je ne puis répon-
305 2670 1903 2759 dre à tes vœux ſans bleſſer l'équité-
1738 350 1898 444 L
441 2773 812 2842 Partie I.
