2480 3507
519 453 1993 549 A propos, j'allois fermer ma lettre
405 552 1997 631 ſans te raſſurer ſur ma ſanté, ſans
409 669 2002 754 t'inſtruire des raiſons qui m'ont em-
409 768 2002 864 pêchée de t'écrire. Nous ſommes
409 871 2002 963 allés dîner preſque tous les jours à
418 974 2006 1070 R.... ce qui m'a mis dans la né-
413 1082 2001 1177 ceſſité de m'occuper d'ajuſtements;
413 1176 2005 1278 parce qu'il y avoit comédie & bal.
418 1292 2006 1385 Juge de mes impatiences: tu ſçais
414 1399 2006 1491 combien ma pareſſe me fait déteſter
400 1508 2006 1597 la parure. De plus je n'avois pas
414 1611 2006 1700 un ſeul moment à moi pour penſer
396 1714 2006 1810 ni pour t'écrire. Enfin tout n'a pas
418 1817 2006 1914 été perdu, ces fêtes faiſoient plaiſir
414 1914 2006 2005 à monſieur d'Albi. Je m'y ſuis con-
409 2022 2010 2112 formée. J'éprouve chaque jour, que
418 2125 2010 2197 le lot d'une femme raiſonnable eſt
414 2232 2010 2332 un état de ſacrifice perpétuel: mais
418 2332 2010 2430 la conſcience trouve tant de quoi
422 2448 2006 2533 s'applaudir, que ces efforts, tout ri-
418 2547 2002 2636 goureux qu'ils ſont, valent encore
418 2657 2006 2739 mieux que les tourments & les dé-
418 2759 1183 2838 lices de l'amour.
1878 346 1988 391 L
