2480 3507
346 463 1938 559 leur pretige. Non, un entiment
346 569 1933 665 plus ublime s'et empar de tout
342 679 1938 768 mon tre; un charme divin qui ne
346 778 1938 871 peut que e entir, un attrait clete,
351 895 1946 980 une analogie intellectuelle & per-
351 998 1946 1083 manente qui enchane irrvocable-
359 1100 1946 1193 ment deux curs faits pour s'aimer.
355 1203 1973 1299 C'et l'ame qui s'unit  l'ame, qui
351 1313 1951 1402 ne deire qu'elle, qui borne a f-
351 1416 1946 1508 licit  cette pirituelle poeion.
351 1522 1955 1604 Se voir, s'entendre, e communi-
355 1628 1951 1721 quer es plus ecrettes penes;
355 1728 1951 1827 abent, s'occuper de l'objet chri,
285 1834 1955 1937 amirer es vertus; enfin jouir per-
355 1940 1955 2029 ptuellement ans poder: voila
355 2046 1960 2132 ce qu'prouve ton Eliabeth; voila
355 2149 1960 2245 les euls liens qui captivent on
355 2259 1955 2358 cur. D'aprs ce incere aveu, juge
359 2362 1955 2468 comme j'tois loigne de onger
355 2468 1946 2564 la beaut de l'heureux inconnu,
359 2578 1951 2663 comme il te plait de le nommer.
338 2677 1951 2766 J'avois pen i confufment  cet
1815 357 1924 429 LE
