2480 3507
1950 289 2126 383 L
1545 2700 1768 2797 Civ
486 405 2110 507 ours été l'ame de nos entretiens:
490 518 2115 614 nous paſſons rapidement dune ma-
486 627 2110 724 tiere à l'autre, & quelque ſérieuſe
481 724 2106 830 qu'elle ſoit, nous la traitons tou-
419 833 2106 929 ours gaiement, ou pour mieux
486 939 2101 1035 m'expliquer, le plaiſir & le ſourire
477 1046 2106 1138 ne nous abandonnent jamais. Je
481 1152 2101 1241 t'avouerai confdemment que nous
477 1251 2101 1351 philoſophons quelquefois; le cha-
477 1361 2097 1457 pitre du cœur humain eſt celui que
472 1464 2093 1556 nous traitons le plus ſouvent. Nos
472 1573 2093 1663 principes ſont ſi conformes, notre
481 1676 2084 1759 maniere de voir ſi ſemblable,
472 1776 2084 1868 qu'on diroit qu'une même ame
472 1885 2088 1975 nous anime. Quand l'un parle, il
472 1988 2084 2077 ſemble que ce ne ſoit que pour
468 2091 2084 2184 exprimer la penfée de P'autre. Hiet
468 2197 2084 2283 nous caufions ſur l'amitié, nos ſen-
468 2300 2075 2393 timents étoient ſi fort à l'uniſſon,
459 2403 2075 2499 que dans le raviſſement de ce par-
468 2513 2062 2591 fait accord, nos mains ſe faiſirent,
468 2615 2064 2715 ſe preſſerent, nous nous regardames
