2480 3507
438 367 2038 477 en ſilence .... Ah! Henriette, que
430 487 2043 579 le cœur eſt éloquent, lorſque ſon
430 593 2043 686 extenſion enchaîne l'organe de la
430 696 2043 789 voix!.... oui nos yeux s'en dirent
420 801 2108 921 plus que la bouche n'auroit pu -
433 907 2042 1000 oſé jamais en proférer. Le baron
425 1018 2043 1114 entra, qui nous propoſa la prome-
421 1114 2122 1207 nade; Luzan m'y donna la main,
420 1219 2037 1323 j'y marchai trois heures ſans m'en
429 1322 2042 1422 appercevoir, quoique tu m'aies vu
430 1440 2038 1529 ſouvent fatiguée après un quart-
434 1536 2038 1632 d'heure de marche. Après tout cela
434 1645 2034 1738 oſe dire que je n'aime pas. Garde-
430 1752 2038 1837 toi de le nier déſormais; ce doute
430 1855 2038 1947 m'affligeroit plus que le reproche
434 1964 2038 2053 que tu me fais, & dont tu me de-
434 2067 2034 2160 mandes pardon ſi orgueilleuſement;
433 2169 2037 2269 car c'eſt ton amitié qui, dis-tu, t'a
429 2268 2033 2375 forcée à démontrer mon injuſtice.
443 2382 2038 2478 Cela ſerpit-il? oui je dois t'en croire,
443 2489 2030 2581 tu es incapable de m'accuſer pour
443 2595 1920 2684 le ſeul plaiſir de m'humilier ....
