2480 3507
1817 320 1974 405 L
363 435 1963 528 Ah Dieu! je ſerois injuſte & j'au-
359 542 1963 627 rois l'eſtime de Luzan, lui qui me
359 648 1967 734 croit toutes les vertus, lui qui les
359 747 1963 840 poſſede toutes à un ſi haut dégré,
301 857 1967 943 que je ne puis concevoir comment
363 960 2034 1046 un mortel peut réunir tant de per-
363 1063 1976 1142 fections! Chere Henriette, montre
368 1166 1976 1255 moi, je t'en conjure, tous mes dé-
363 1268 1985 1358 fauts; je n'eus jamais un plus vif
319 1375 1972 1460 deſir d'être parfaite. Je dois à l'a-
368 1481 1963 1567 mitié ce qu'il y a de bon en moi.
363 1577 1967 1673 Tu ſçais que le deſir de te plaire &
363 1687 1972 1772 de me rendre digne de ton cœur
328 1786 1985 1879 me faiſoit acquérir chaque jour quel-
363 1896 1972 1985 que vertu. Maintenant guidée par
359 1998 1972 2088 Le plus puiſſant des motifs, juge
363 2101 1994 2173 comme tes conſeils ſeront efficaces.
363 2211 1967 2290 Fais donc mon examen, ne me
363 2314 1967 2403 diſſimule rien; je réponds que l'a-
363 2417 1963 2506 mour achevera le ſalutaire miracle
363 2523 1724 2612 ue l'amitié avoit commencé.
492 2629 1967 2715 Tu m'as trop bien prouvé la né-
