2480 3507
555 408 2141 497 ceſſité où tu es de reſter à V.... pout
559 514 2145 607 que j'oſe murmurer; je ne puis que
550 624 2149 713 former des vounx à cet égard: maie
550 727 2145 816 ne pourrois-je pas me plaindre du
546 833 2149 926 yſtere que tu me fais ſur les
546 943 2145 1028 moyens que tu emploies pour nous
546 1039 2141 1135 réunir à jamais. Chere Henriette,
546 1148 2154 1241 fais moi au moins jouir par l'eſpé-
542 1251 2154 1351 rance; tu ſçais que je chéris ſon em-
542 1358 2158 1450 pire; ſes charmes, ſelon moi, ne ſont
537 1464 2158 1556 point trompeurs, ils nous font jouir
537 1570 2154 1659 perpétuellement, ſans émouſſer l'ai-
550 1673 2158 1765 guiflon du deſir. Ne ſeroit-ce pas
537 1783 2162 1879 là le comble du bonheur, ſi l'on
533 1885 2162 1978 pouvoit ſéparer la crainte de l'eſ-
537 1995 2171 2084 poir. Pauvre Henriette, eu ne t'en
542 2101 2167 2190 donc pas amufée aux fêtes de R...
546 2208 2162 2293 Cependant on m'a dépeint la maî-
546 2310 2158 2403 treſſe du logis une beauté fort à la
546 2417 2158 2506 mode, c'eſt-à-dire, d'une maigreur
546 2523 2154 2612 tranſparente & toujours parée d'une
550 2629 2162 2722 couleur imitée de ſes prairies; ſem-
528 293 712 381 .
