2480 3507
350 453 1954 549 blabe à elle à qui notre bon roi
341 559 1958 655 Henri IV, dit malignement, qu'il la
341 665 1958 754 remercioitt d'avoir employé le vert
346 765 1954 860 & le fec pour ſerendre plus agréa-
346 871 1954 963 ble: elle ajoute à cela un air de
346 974 1958 1070 dignité & nne magnificence qui
372 1080 1958 1172 aura ſans doute glacé ton imagina-
363 1190 572 1258 tion.
474 1282 1958 1382 Tu n'aimes que les plaifirs ſim-
377 1392 1963 1495 ples. Si, comme ton Eliſabeth, tu
372 1495 1963 1591 portois par-tout le ſouvenir 'un
372 1604 1963 1693 objet aimé, je te défierois de t'en-
372 1711 1967 1800 nuyer nulle part: mais ce ſentiment
377 1807 1967 1903 n'a plus d'attrait pour toi. Adieu,
377 1913 1972 1995 charmante Henriette, dis mille
292 2019 1972 2108 choſes de ma part à m. dAlhi. Il
354 2125 1972 2214 m'auraque des millions de compli-
354 2225 1972 2317 ments de moi, juſqu'à ce qu'il t'ait
363 2331 1972 2427 ramenée à Paris. Je ne puis me ré-
359 2437 1972 2516 foudre à l'aimer de bon ccœur, tant
359 2540 1506 2636 que nons ſeronsſarées.
501 2646 1967 2735 Si ma lettre n'étoit déja trop
1771 333 1966 420 L
