2480 3507
565 439 2162 531 longue, je t'aurois entretenue en-
569 538 2157 638 core une heure, & ſi tu étois auprès
569 641 2162 737 de moi, je ſens que je ne ceſſerois
551 751 2157 847 de te parler de Luzan. Il a tant de
565 857 2162 950 belles qualités, qu'on ne ſçauroit
569 963 2162 1056 tarir ſur ſon éloge; en vérité tu en
556 1073 1746 1145 ſerois charmée toi-même.
652 1405 2083 1539 LETTRE IV.
840 1604 1912 1704 De Madame d'Alnt,
722 2009 2171 2105 lur au ciel que je puſſe en-
560 2112 2171 2194 core douter de ton malheur! Cen
565 2225 2162 2310 eſt fait, Eliſabeth, tu aimes, & qui?
560 2328 2166 2424 un homme que mille obſtacles au-
560 2437 2162 2526 roient dû éloigner de ton cœur.
573 2540 2166 2639 Songes-tu que ds vœux facrés & la
573 2650 2162 2725 fortune mettent une éternelle bar-
565 326 691 401 L
565 1937 714 2086 L
