<PcGts xmlns="http://schema.primaresearch.org/PAGE/gts/pagecontent/2017-07-15" xmlns:xsi="http://www.w3.org/2001/XMLSchema-instance" xsi:schemaLocation="http://schema.primaresearch.org/PAGE/gts/pagecontent/2017-07-15 http://schema.primaresearch.org/PAGE/gts/pagecontent/2017-07-15/pagecontent.xsd"><Metadata><Creator/><Created>2020-09-11T12:14:02</Created><LastChange>1970-01-01T00:00:00</LastChange><Comments/></Metadata><Page imageFilename="0046.png" imageHeight="3507" imageWidth="2480"><ReadingOrder><OrderedGroup id="g1"><RegionRefIndexed index="0" regionRef="r2"/><RegionRefIndexed index="1" regionRef="r3"/></OrderedGroup></ReadingOrder><ImageRegion id="r1" orientation="0.0"><Coords points="1280,300 1280,304 1277,306 1253,306 1253,335 1251,337 1212,337 1205,330 1054,330 1052,328 1052,313 1047,313 1045,311 1045,306 981,306 977,311 946,311 944,313 927,313 927,335 929,335 931,337 931,363 929,366 927,366 924,368 924,387 927,390 927,394 1041,394 1045,390 1190,390 1192,392 1192,394 1264,394 1266,396 1433,396 1435,394 1444,394 1446,396 1525,396 1527,394 1536,394 1538,396 1619,396 1621,398 1621,401 1698,401 1700,403 1700,405 1771,405 1771,403 1773,401 1777,401 1777,398 1779,396 1781,396 1781,372 1779,372 1777,370 1777,368 1773,368 1771,366 1757,366 1755,363 1755,361 1757,359 1762,359 1762,348 1764,346 1792,346 1792,324 1729,324 1729,330 1727,333 1676,333 1672,337 1549,337 1547,335 1549,333 1600,333 1600,313 1534,313 1534,330 1532,333 1356,333 1354,330 1326,330 1323,328 1323,320 1326,317 1350,317 1350,300"/></ImageRegion><TextRegion id="r2" orientation="0.0" type="page-number"><Coords points="598,306 598,309 596,311 585,311 583,313 580,313 580,322 578,324 523,324 521,326 519,326 519,330 517,333 515,333 515,357 517,357 519,359 519,372 521,372 523,374 523,377 521,379 519,379 517,381 515,381 515,383 512,385 510,385 510,405 512,405 515,407 547,407 550,409 550,412 615,412 615,392 618,390 620,390 622,387 672,387 672,385 675,383 677,383 679,381 681,381 681,374 683,372 686,372 686,355 688,352 690,352 690,350 692,348 694,348 694,341 697,339 699,339 699,320 697,320 694,317 679,317 677,315 677,311 666,311 664,309 664,306"/><TextEquiv><Unicode/></TextEquiv><TextLine id="r2_l001"><Coords points="541,315 669,315 669,405 541,405"/><TextEquiv index="1"><Unicode>L</Unicode></TextEquiv></TextLine></TextRegion><TextRegion id="r3" orientation="0.0" type="paragraph"><Coords points="528,429 528,449 530,449 532,451 530,453 515,453 515,455 512,458 510,458 508,460 506,460 506,499 508,499 510,501 510,508 521,508 523,510 714,510 716,512 741,512 742,513 742,515 743,516 743,521 744,522 744,526 745,527 745,532 746,533 746,537 747,538 747,543 748,544 748,548 749,549 749,554 750,555 750,559 751,560 750,561 644,561 643,560 643,559 642,558 642,556 587,556 585,554 585,552 506,552 506,554 504,556 501,556 501,583 504,583 506,585 506,613 512,613 513,614 514,614 515,615 543,615 544,616 544,617 545,618 545,620 615,620 615,618 618,615 697,615 698,616 698,617 699,618 699,620 758,620 760,622 760,640 764,640 765,641 765,642 766,643 766,647 767,648 767,653 768,654 768,658 769,659 769,664 770,665 770,669 771,670 771,675 772,676 772,680 773,681 773,686 774,687 774,691 775,692 775,696 774,697 762,697 761,696 761,695 760,694 760,672 758,672 756,670 736,670 734,668 734,646 732,646 731,645 730,645 729,644 729,642 659,642 659,644 657,646 655,646 655,661 654,662 654,663 653,664 624,664 622,666 609,666 607,664 607,646 574,646 572,644 572,642 506,642 506,644 504,646 501,646 501,668 504,668 506,670 506,694 505,695 505,696 504,697 501,697 501,718 504,718 505,719 505,720 506,721 506,723 539,723 541,725 541,740 540,741 540,742 539,743 537,743 536,744 535,744 534,745 519,745 519,747 517,749 510,749 508,751 506,751 506,760 504,762 501,762 501,767 499,769 497,769 497,795 499,795 501,797 500,798 500,799 499,800 497,800 495,802 493,802 493,821 495,821 496,822 496,823 497,824 497,826 539,826 541,828 541,846 539,848 532,848 530,850 515,850 515,852 514,853 513,853 512,854 506,854 506,857 504,859 501,859 501,870 499,872 497,872 495,874 493,874 493,900 495,900 496,901 496,902 497,903 495,905 493,905 493,907 492,908 491,908 490,909 488,909 488,929 490,929 491,930 492,930 493,931 723,931 725,933 725,935 818,935 819,936 819,938 820,939 820,944 821,945 821,949 822,950 822,955 823,956 823,960 824,961 824,966 825,967 825,971 826,972 826,977 827,978 827,982 828,983 827,984 780,984 779,983 779,982 778,981 749,981 747,979 747,971 745,971 744,970 744,969 743,968 740,968 738,966 738,964 668,964 668,966 666,968 664,968 661,971 659,971 659,975 657,977 637,977 637,979 635,981 609,981 607,979 607,962 604,962 602,960 602,957 519,957 519,960 517,962 506,962 506,984 508,984 510,986 512,986 513,987 514,987 515,988 515,1003 512,1006 493,1006 492,1007 491,1007 490,1008 484,1008 484,1038 486,1038 487,1039 487,1040 488,1041 633,1041 634,1040 634,1039 635,1038 640,1038 641,1039 641,1040 642,1041 712,1041 713,1040 713,1039 714,1038 740,1038 743,1041 837,1041 838,1042 838,1043 839,1044 839,1048 840,1049 840,1054 841,1055 841,1059 842,1060 842,1065 843,1066 843,1070 844,1071 844,1076 845,1077 845,1081 846,1082 846,1087 847,1088 847,1092 848,1093 848,1094 847,1095 821,1095 821,1100 819,1102 817,1102 817,1106 816,1107 816,1108 815,1109 813,1109 813,1117 810,1120 780,1120 779,1119 779,1118 778,1117 778,1095 771,1095 769,1093 769,1091 767,1091 766,1090 765,1090 764,1089 764,1087 484,1087 484,1111 486,1111 488,1113 488,1120 486,1122 484,1122 484,1144 596,1144 598,1146 598,1148 672,1148 672,1146 673,1145 674,1145 675,1144 692,1144 694,1146 694,1148 745,1148 747,1150 747,1161 821,1161 822,1160 823,1160 824,1159 826,1159 826,1152 828,1150 830,1150 832,1148 837,1148 839,1150 839,1168 911,1168 913,1170 914,1170 917,1173 916,1174 778,1174 775,1177 773,1177 773,1179 771,1181 769,1181 769,1192 767,1194 762,1194 760,1192 760,1190 690,1190 690,1192 688,1194 626,1194 624,1192 624,1183 622,1183 620,1181 618,1181 617,1180 616,1180 615,1179 615,1177 541,1177 541,1192 539,1194 484,1194 484,1220 486,1220 487,1221 487,1222 488,1223 486,1225 484,1225 484,1227 482,1229 480,1229 480,1251 583,1251 585,1253 664,1253 666,1251 850,1251 852,1253 955,1253 957,1251 973,1251 975,1253 979,1253 981,1255 981,1275 979,1277 782,1277 781,1278 781,1279 780,1280 778,1280 777,1281 776,1281 775,1282 773,1282 773,1288 772,1289 772,1290 771,1291 769,1291 769,1299 767,1301 721,1301 721,1304 720,1305 719,1305 718,1306 716,1304 716,1301 679,1301 677,1299 677,1280 602,1280 600,1282 598,1282 598,1299 596,1301 583,1301 582,1300 581,1300 580,1299 580,1297 480,1297 480,1299 479,1300 478,1300 477,1301 475,1301 475,1319 477,1319 478,1320 479,1320 480,1321 482,1321 484,1323 484,1326 486,1326 488,1328 488,1332 490,1332 491,1333 492,1333 493,1334 493,1343 495,1343 497,1345 497,1356 703,1356 705,1354 712,1354 712,1352 714,1350 716,1352 716,1356 723,1356 725,1358 725,1361 848,1361 848,1358 850,1356 876,1356 878,1358 878,1361 944,1361 944,1358 946,1356 1139,1356 1139,1344 1140,1343 1142,1345 1143,1345 1146,1348 1147,1348 1148,1349 1148,1350 1150,1352 1150,1356 1155,1356 1156,1357 1156,1358 1145,1369 1145,1370 1135,1380 1135,1381 1131,1385 1074,1385 1072,1387 1071,1387 1069,1389 1069,1391 1068,1392 1068,1393 1067,1394 1063,1394 1063,1404 1060,1407 874,1407 872,1409 865,1409 865,1411 863,1413 861,1413 861,1422 859,1424 857,1424 857,1446 859,1446 861,1448 861,1457 863,1457 865,1459 867,1459 868,1460 869,1460 870,1461 870,1464 1003,1464 1004,1465 1005,1465 1006,1466 1118,1466 1119,1467 1119,1468 1120,1469 1120,1470 1121,1471 1121,1472 1122,1473 1122,1474 1124,1476 1124,1477 1125,1478 1125,1479 1126,1480 1126,1481 1127,1482 1127,1483 1129,1485 1129,1486 1130,1487 1130,1488 1131,1489 1131,1490 1132,1491 1131,1492 1128,1492 1128,1510 1126,1512 1069,1512 1069,1514 1067,1516 1019,1516 1019,1518 1018,1519 1018,1520 1017,1521 1014,1521 1012,1523 1012,1527 1010,1529 1008,1527 1008,1516 1003,1516 1001,1514 1001,1512 797,1512 795,1510 758,1510 756,1508 756,1492 740,1492 738,1490 738,1488 710,1488 709,1487 708,1487 707,1486 710,1483 716,1483 716,1466 718,1464 826,1464 826,1461 828,1459 830,1459 832,1457 835,1457 835,1413 832,1413 830,1411 830,1409 828,1409 826,1407 475,1407 473,1409 471,1409 471,1429 473,1429 475,1431 475,1435 477,1435 478,1436 479,1436 480,1437 480,1459 479,1460 478,1460 477,1461 475,1461 474,1462 474,1463 473,1464 471,1464 471,1483 473,1483 474,1484 474,1485 475,1486 475,1488 554,1488 554,1486 555,1485 555,1484 556,1483 567,1483 567,1481 569,1479 589,1479 589,1466 591,1464 626,1464 627,1465 628,1465 629,1466 629,1483 635,1483 636,1484 636,1485 637,1486 637,1488 666,1488 668,1490 666,1492 659,1492 659,1494 658,1495 658,1496 657,1497 655,1497 655,1501 653,1503 650,1503 650,1510 648,1512 574,1512 572,1510 497,1510 495,1512 480,1512 480,1516 475,1521 475,1525 473,1527 471,1527 471,1551 473,1551 474,1552 474,1553 475,1554 475,1560 477,1560 478,1561 479,1561 480,1562 482,1562 484,1564 484,1567 490,1567 491,1568 492,1568 493,1569 629,1569 631,1567 653,1567 655,1569 756,1569 758,1567 828,1567 830,1569 997,1569 999,1567 1008,1567 1008,1564 1010,1562 1012,1562 1014,1564 1014,1567 1023,1567 1027,1571 1027,1589 1025,1591 1003,1591 1003,1593 1001,1595 997,1595 997,1597 996,1598 996,1599 995,1600 992,1600 992,1606 990,1608 990,1613 988,1615 938,1615 937,1614 936,1614 935,1613 857,1613 857,1641 856,1642 855,1642 854,1643 824,1643 823,1642 822,1642 821,1641 821,1615 819,1615 817,1613 751,1613 749,1615 569,1615 567,1613 484,1613 482,1615 475,1615 475,1637 473,1639 471,1639 471,1670 473,1670 475,1672 780,1672 782,1674 782,1685 780,1687 743,1687 743,1707 808,1707 808,1687 810,1685 857,1685 859,1683 865,1683 865,1676 867,1674 870,1674 872,1672 1137,1672 1139,1674 1205,1674 1207,1672 1221,1672 1222,1673 1222,1674 1223,1675 1223,1679 1224,1680 1224,1684 1225,1685 1225,1689 1226,1690 1226,1693 1227,1694 1227,1698 1228,1699 1228,1703 1229,1704 1229,1707 1230,1708 1230,1712 1231,1713 1231,1717 1232,1718 1232,1721 1231,1722 1148,1722 1146,1720 1146,1698 1071,1698 1071,1700 1070,1701 1070,1702 1069,1703 1069,1705 1067,1707 1063,1707 1063,1714 1062,1715 1061,1715 1060,1716 1060,1720 1058,1722 894,1722 892,1720 892,1718 821,1718 821,1720 819,1722 767,1722 766,1721 765,1721 764,1720 764,1718 690,1718 690,1720 688,1722 679,1722 677,1720 677,1718 607,1718 607,1720 606,1721 605,1721 604,1722 488,1722 488,1725 486,1727 475,1727 473,1729 471,1729 471,1740 469,1742 466,1742 466,1766 469,1766 471,1768 471,1771 473,1771 475,1773 475,1775 482,1775 484,1777 486,1777 488,1779 488,1799 490,1799 491,1800 492,1800 493,1801 567,1801 569,1799 589,1799 589,1779 591,1777 686,1777 688,1775 690,1777 872,1777 874,1779 874,1781 940,1781 944,1777 946,1777 947,1778 948,1778 949,1779 949,1799 1036,1799 1036,1779 1038,1777 1089,1777 1091,1779 1091,1799 1093,1799 1095,1801 1166,1801 1168,1799 1183,1799 1183,1779 1185,1777 1244,1777 1245,1778 1245,1782 1246,1783 1246,1787 1247,1788 1247,1792 1248,1793 1248,1796 1249,1797 1249,1801 1250,1802 1250,1806 1251,1807 1251,1810 1252,1811 1252,1815 1253,1816 1253,1820 1254,1821 1254,1824 1253,1825 1247,1825 1246,1824 1245,1824 1244,1823 1244,1810 1242,1810 1240,1808 1095,1808 1093,1810 1091,1810 1091,1812 1089,1814 1084,1814 1084,1819 1082,1821 1082,1825 1081,1826 1081,1827 1080,1828 1067,1828 1066,1827 1066,1826 1065,1825 1038,1825 1036,1823 1036,1808 1034,1808 1032,1806 1032,1803 896,1803 896,1806 894,1808 870,1808 870,1825 867,1828 865,1828 865,1830 863,1832 852,1832 852,1836 850,1838 848,1836 848,1832 846,1832 845,1831 844,1831 843,1830 843,1828 841,1828 840,1827 840,1826 839,1825 789,1825 788,1824 787,1824 786,1823 786,1808 758,1808 756,1806 756,1803 681,1803 681,1806 679,1808 563,1808 561,1810 558,1810 558,1825 557,1826 557,1827 556,1828 466,1828 466,1849 469,1849 470,1850 470,1851 471,1852 471,1885 747,1885 747,1882 749,1880 754,1880 756,1882 756,1885 848,1885 848,1882 850,1880 852,1880 854,1878 855,1879 856,1879 857,1880 859,1880 861,1882 861,1885 955,1885 957,1887 957,1904 973,1904 975,1906 975,1911 973,1913 971,1913 971,1933 970,1934 969,1934 968,1935 966,1933 966,1931 848,1931 848,1933 846,1935 769,1935 767,1937 760,1937 760,1939 759,1940 759,1941 758,1942 756,1942 756,1946 754,1948 751,1948 751,1959 749,1961 705,1961 703,1959 703,1955 701,1955 700,1954 700,1953 699,1952 699,1937 697,1937 696,1936 695,1936 694,1935 466,1935 464,1937 462,1937 462,1957 464,1957 466,1959 466,1963 465,1964 465,1965 464,1966 462,1966 462,1988 464,1988 466,1990 466,1992 541,1992 541,1990 543,1988 565,1988 567,1990 567,1992 670,1992 672,1994 672,2001 675,2001 677,2003 677,2005 747,2005 747,2003 749,2001 751,2001 754,1998 756,1998 756,1996 758,1994 760,1994 760,1990 762,1988 767,1988 769,1990 769,1992 771,1992 773,1994 773,2012 775,2012 776,2013 777,2013 778,2014 778,2016 841,2016 843,2018 841,2020 839,2020 839,2025 837,2027 835,2027 835,2034 834,2035 833,2035 832,2036 758,2036 756,2034 668,2034 666,2036 657,2036 655,2034 655,2016 653,2016 652,2015 651,2015 650,2014 650,2012 576,2012 576,2014 574,2016 567,2016 567,2018 565,2020 563,2020 563,2025 561,2027 558,2027 558,2034 556,2036 552,2036 550,2034 550,2016 547,2016 545,2014 545,2012 475,2012 475,2014 473,2016 466,2016 466,2034 464,2036 462,2036 462,2060 464,2060 466,2062 466,2066 465,2067 465,2068 464,2069 462,2069 462,2095 556,2095 558,2097 672,2097 673,2096 674,2096 675,2095 878,2095 878,2093 879,2092 880,2092 881,2091 889,2091 890,2092 891,2092 892,2093 892,2095 971,2095 971,2093 973,2091 1069,2091 1071,2093 1072,2093 1074,2095 1146,2095 1146,2093 1148,2091 1203,2091 1205,2093 1205,2110 1207,2110 1209,2112 1209,2115 1297,2115 1297,2097 1299,2095 1311,2095 1313,2097 1313,2100 1314,2101 1314,2105 1315,2106 1315,2154 1314,2155 1313,2155 1312,2156 1310,2156 1310,2169 1309,2170 1309,2171 1308,2172 1307,2171 1307,2170 1306,2169 1306,2148 1304,2148 1301,2145 1301,2143 1295,2143 1293,2141 1293,2139 1146,2139 1144,2137 1144,2123 1141,2123 1139,2121 1139,2119 1047,2119 1047,2137 1045,2139 916,2139 914,2141 913,2141 911,2143 909,2143 909,2145 908,2146 908,2147 907,2148 906,2147 906,2146 905,2145 905,2143 903,2143 902,2142 901,2142 900,2141 900,2139 797,2139 795,2137 795,2119 789,2119 788,2118 787,2118 786,2117 786,2115 716,2115 716,2117 714,2119 707,2119 707,2121 705,2123 699,2123 699,2128 697,2130 694,2130 694,2141 692,2143 604,2143 602,2141 602,2137 600,2137 599,2136 599,2135 598,2134 598,2132 596,2132 595,2131 594,2131 593,2130 593,2128 587,2128 585,2126 585,2123 488,2123 486,2125 486,2126 484,2128 480,2128 479,2129 478,2129 477,2130 475,2130 473,2132 471,2132 471,2134 470,2135 470,2136 469,2137 466,2137 466,2141 464,2143 462,2143 462,2183 464,2183 466,2185 466,2187 469,2187 471,2189 473,2189 475,2191 475,2194 477,2194 478,2195 479,2195 480,2196 486,2196 488,2198 488,2200 490,2200 491,2201 492,2201 493,2202 495,2202 496,2203 496,2204 497,2205 497,2207 499,2207 501,2209 501,2211 508,2211 510,2213 607,2213 607,2202 609,2200 707,2200 707,2198 708,2197 709,2197 710,2196 732,2196 734,2198 734,2200 817,2200 817,2198 819,2196 968,2196 969,2197 970,2197 971,2198 971,2200 1146,2200 1148,2202 1214,2202 1214,2198 1216,2196 1218,2198 1218,2200 1269,2200 1271,2202 1271,2211 1314,2211 1315,2212 1315,2225 1314,2226 1310,2226 1310,2240 1308,2242 1280,2242 1280,2244 1279,2245 1278,2245 1277,2246 1098,2246 1097,2245 1096,2245 1095,2244 1095,2226 1089,2226 1087,2224 1087,2222 981,2222 977,2226 971,2226 968,2229 968,2231 966,2233 962,2233 962,2244 960,2246 762,2246 760,2244 760,2222 677,2222 677,2224 675,2226 668,2226 668,2231 666,2233 664,2233 664,2237 661,2240 659,2240 659,2244 657,2246 600,2246 598,2244 598,2226 510,2226 510,2244 508,2246 475,2246 475,2248 474,2249 474,2250 473,2251 471,2251 469,2253 462,2253 462,2257 460,2259 458,2259 458,2290 460,2290 462,2292 462,2299 469,2299 471,2301 471,2303 473,2303 475,2305 558,2305 559,2304 560,2304 561,2303 565,2303 567,2305 633,2305 635,2303 981,2303 982,2304 983,2304 984,2305 1109,2305 1111,2303 1113,2305 1240,2305 1242,2303 1314,2303 1315,2304 1315,2328 1314,2329 1301,2329 1301,2334 1299,2336 1297,2336 1297,2343 1295,2345 1293,2343 1291,2343 1288,2340 1288,2338 1282,2338 1280,2336 1214,2336 1212,2338 1209,2338 1209,2340 1208,2341 1208,2342 1207,2343 1206,2342 1206,2341 1205,2340 1205,2336 1203,2336 1201,2334 1201,2332 1170,2332 1169,2331 1169,2330 1168,2329 1091,2329 1090,2330 1090,2331 1089,2332 1082,2332 1082,2334 1080,2336 1078,2336 1078,2340 1077,2341 1077,2342 1076,2343 1071,2343 1071,2347 1069,2349 1032,2349 1030,2347 1030,2329 935,2329 935,2347 933,2349 850,2349 848,2347 848,2345 778,2345 778,2347 777,2348 776,2348 775,2349 736,2349 734,2347 734,2345 664,2345 664,2347 663,2348 662,2348 661,2349 635,2349 633,2347 633,2332 631,2332 630,2331 630,2330 629,2329 554,2329 554,2347 552,2349 458,2349 458,2406 460,2406 462,2408 528,2408 530,2406 666,2406 668,2408 692,2408 693,2409 693,2410 694,2411 694,2413 764,2413 764,2408 765,2407 766,2407 767,2406 780,2406 782,2408 815,2408 816,2409 816,2410 817,2411 817,2413 883,2413 883,2411 884,2410 884,2409 885,2408 892,2408 894,2406 924,2406 925,2407 926,2407 927,2408 1152,2408 1153,2407 1154,2407 1155,2406 1212,2406 1214,2408 1284,2408 1286,2406 1313,2406 1314,2407 1314,2456 1313,2457 1286,2457 1285,2456 1285,2455 1284,2454 1284,2435 1282,2435 1281,2434 1281,2433 1280,2432 1135,2432 1134,2433 1134,2434 1133,2435 1128,2435 1128,2437 1124,2441 1122,2441 1122,2450 1120,2452 1119,2451 1118,2451 1117,2450 1117,2446 1049,2446 1049,2454 1048,2455 1048,2456 1047,2457 984,2457 983,2458 982,2458 981,2459 955,2459 953,2457 887,2457 885,2459 881,2459 880,2458 879,2458 878,2457 813,2457 812,2458 811,2458 810,2459 764,2459 764,2461 762,2463 756,2463 754,2465 751,2465 751,2481 749,2483 732,2483 731,2482 730,2482 729,2481 729,2465 727,2465 725,2463 725,2459 718,2459 716,2457 675,2457 672,2454 672,2435 593,2435 593,2454 592,2455 592,2456 591,2457 547,2457 546,2456 546,2455 545,2454 545,2452 462,2452 462,2454 461,2455 461,2456 460,2457 458,2457 458,2481 457,2482 456,2482 455,2483 453,2483 453,2505 455,2505 456,2506 457,2506 458,2507 458,2511 552,2511 553,2512 553,2513 554,2514 554,2516 620,2516 620,2514 621,2513 621,2512 622,2511 635,2511 636,2512 636,2513 637,2514 637,2516 688,2516 690,2518 690,2522 692,2522 693,2523 693,2524 694,2525 694,2527 760,2527 760,2525 761,2524 761,2523 762,2522 769,2522 771,2520 773,2522 773,2531 775,2531 776,2532 777,2532 778,2533 778,2535 780,2535 781,2536 781,2537 782,2538 782,2542 848,2542 850,2540 861,2540 861,2538 862,2537 862,2536 863,2535 865,2535 865,2518 867,2516 962,2516 964,2514 964,2513 966,2511 1025,2511 1026,2512 1026,2513 1027,2514 1027,2516 1095,2516 1095,2514 1098,2511 1111,2511 1115,2507 1117,2509 1117,2511 1146,2511 1147,2512 1147,2513 1148,2514 1148,2516 1152,2520 1218,2520 1218,2518 1220,2516 1244,2516 1244,2514 1247,2511 1249,2511 1249,2509 1251,2507 1313,2507 1314,2508 1314,2556 1313,2557 1258,2557 1258,2560 1257,2561 1256,2561 1255,2562 1251,2562 1249,2560 1249,2557 1003,2557 1001,2555 973,2555 971,2553 971,2549 968,2549 967,2548 967,2547 966,2546 966,2544 892,2544 892,2546 889,2549 887,2549 887,2560 885,2562 815,2562 813,2560 813,2551 810,2551 808,2549 734,2549 734,2555 732,2557 707,2557 707,2560 705,2562 449,2562 449,2584 451,2584 453,2586 453,2614 452,2615 452,2616 451,2617 449,2617 449,2639 455,2639 456,2640 457,2640 458,2641 458,2643 473,2643 475,2645 475,2663 473,2665 453,2665 451,2667 449,2667 449,2669 447,2671 444,2671 444,2682 443,2683 443,2684 442,2685 440,2685 440,2706 442,2706 443,2707 443,2708 444,2709 444,2717 447,2717 448,2718 448,2719 449,2720 449,2724 473,2724 475,2726 475,2728 609,2728 610,2729 610,2730 611,2731 611,2746 613,2746 615,2748 615,2751 712,2751 712,2750 714,2748 716,2748 716,2733 718,2731 800,2731 801,2730 801,2729 802,2728 808,2728 808,2726 810,2724 837,2724 839,2726 839,2748 940,2748 940,2726 942,2724 995,2724 997,2726 997,2728 1069,2728 1070,2729 1070,2730 1071,2731 1071,2742 1139,2742 1139,2733 1141,2731 1144,2731 1145,2730 1145,2729 1146,2728 1146,2726 1148,2724 1152,2724 1152,2689 1148,2689 1146,2687 1146,2682 1148,2680 1159,2680 1161,2682 1161,2696 1159,2698 1157,2698 1157,2728 1231,2728 1231,2726 1232,2725 1233,2725 1234,2724 1264,2724 1266,2726 1266,2728 1269,2728 1270,2729 1270,2730 1271,2731 1341,2731 1342,2730 1342,2729 1343,2728 1350,2728 1350,2726 1352,2724 1398,2724 1400,2722 1402,2722 1402,2689 1404,2687 1405,2688 1406,2688 1407,2689 1407,2691 1409,2691 1411,2693 1411,2698 1413,2698 1415,2700 1415,2713 1418,2713 1420,2715 1420,2728 1494,2728 1494,2726 1495,2725 1496,2725 1497,2724 1510,2724 1512,2726 1512,2728 1714,2728 1714,2724 1716,2722 1727,2722 1729,2724 1764,2724 1766,2726 1766,2728 1834,2728 1834,2726 1836,2724 1849,2724 1850,2723 1851,2723 1852,2722 1856,2722 1856,2696 1849,2696 1848,2695 1848,2694 1847,2693 1849,2691 1856,2691 1856,2669 1858,2667 1863,2667 1865,2669 1863,2671 1860,2671 1860,2691 1863,2691 1865,2693 1865,2696 1863,2698 1860,2698 1860,2728 1928,2728 1928,2726 1929,2725 1930,2725 1931,2724 1963,2724 1964,2725 1965,2725 1966,2726 1966,2728 2003,2728 2004,2729 2004,2730 2005,2731 2007,2731 2009,2733 2009,2735 2016,2735 2018,2737 2093,2737 2095,2735 2097,2735 2097,2733 2099,2731 2102,2731 2103,2730 2103,2729 2104,2728 2106,2728 2106,2702 2108,2700 2110,2700 2110,2696 2111,2695 2111,2694 2112,2693 2115,2693 2115,2667 2112,2667 2110,2665 2108,2665 2106,2663 2106,2660 2038,2660 2036,2658 2036,2643 1972,2643 1970,2641 1900,2641 1898,2643 1838,2643 1838,2663 1836,2665 1828,2665 1827,2664 1826,2664 1825,2663 1825,2647 1823,2647 1821,2645 1821,2643 1733,2643 1729,2647 1729,2652 1727,2654 1722,2654 1722,2669 1720,2671 1716,2671 1714,2669 1714,2665 1698,2665 1696,2663 1696,2660 1569,2660 1569,2663 1567,2665 1492,2665 1490,2663 1490,2660 1424,2660 1424,2663 1422,2665 1402,2665 1400,2667 1398,2665 1308,2665 1306,2663 1306,2641 1240,2641 1238,2643 1166,2643 1166,2645 1165,2646 1164,2646 1163,2647 1155,2647 1154,2646 1153,2646 1152,2645 1152,2643 1148,2643 1146,2641 1071,2641 1071,2663 1069,2665 990,2665 988,2663 988,2647 984,2643 909,2643 909,2645 907,2647 905,2647 905,2663 903,2665 902,2664 901,2664 900,2663 900,2647 898,2647 896,2645 896,2643 821,2643 821,2645 819,2647 817,2647 817,2652 815,2654 813,2652 813,2643 738,2643 738,2656 736,2658 734,2658 734,2663 732,2665 690,2665 688,2667 620,2667 620,2700 618,2702 617,2701 616,2701 615,2700 615,2698 613,2698 611,2696 611,2693 613,2691 615,2691 615,2667 600,2667 598,2665 587,2665 585,2663 585,2647 565,2647 563,2645 563,2641 565,2639 567,2639 567,2621 569,2619 703,2619 703,2617 704,2616 704,2615 705,2614 706,2615 706,2616 707,2617 707,2619 710,2619 712,2621 782,2621 784,2619 1052,2619 1052,2617 1053,2616 1053,2615 1054,2614 1177,2614 1178,2615 1178,2616 1179,2617 1179,2619 1249,2619 1249,2617 1250,2616 1250,2615 1251,2614 1352,2614 1353,2615 1353,2616 1354,2617 1354,2619 1433,2619 1433,2617 1434,2616 1434,2615 1435,2614 1554,2614 1555,2615 1555,2616 1556,2617 1556,2619 1762,2619 1764,2621 1834,2621 1836,2619 1902,2619 1904,2621 1988,2621 1990,2619 2020,2619 2021,2620 2022,2620 2023,2621 2102,2621 2102,2612 2104,2610 2106,2610 2106,2592 2108,2590 2119,2590 2119,2568 2117,2568 2115,2566 2115,2525 2091,2525 2088,2522 2089,2521 2090,2521 2091,2520 2093,2520 2093,2518 2095,2516 2102,2516 2102,2514 2103,2513 2103,2512 2104,2511 2106,2511 2106,2492 2104,2492 2103,2491 2103,2490 2102,2489 2099,2489 2097,2487 2099,2485 2128,2485 2128,2463 2126,2463 2125,2462 2124,2462 2123,2461 2123,2435 2023,2435 2023,2437 2022,2438 2021,2438 2020,2439 2018,2439 2018,2457 2016,2459 2003,2459 2001,2457 1994,2457 1993,2456 1993,2455 1992,2454 1992,2452 1922,2452 1922,2454 1921,2455 1921,2456 1920,2457 1915,2457 1914,2456 1914,2455 1913,2454 1913,2452 1893,2452 1891,2450 1891,2439 1889,2439 1887,2437 1887,2435 1803,2435 1803,2437 1801,2439 1799,2439 1799,2454 1798,2455 1798,2456 1797,2457 1786,2457 1784,2459 1783,2458 1782,2458 1781,2457 1729,2457 1728,2456 1728,2455 1727,2454 1727,2446 1726,2445 1726,2444 1725,2443 1725,2435 1650,2435 1650,2450 1648,2452 1628,2452 1626,2454 1626,2455 1624,2457 1593,2457 1592,2456 1592,2455 1591,2454 1591,2452 1400,2452 1398,2450 1398,2432 1396,2432 1394,2430 1394,2428 1323,2428 1323,2430 1321,2432 1319,2432 1319,2454 1318,2455 1318,2456 1317,2457 1316,2456 1316,2407 1317,2406 1415,2406 1415,2404 1416,2403 1417,2403 1418,2402 1431,2402 1433,2404 1433,2406 1503,2406 1503,2404 1505,2402 1527,2402 1529,2404 1529,2406 1619,2406 1621,2408 1621,2426 1626,2426 1628,2428 1628,2430 1696,2430 1696,2428 1698,2426 1711,2426 1711,2415 1712,2414 1713,2414 1714,2413 1777,2413 1777,2408 1779,2406 1786,2406 1788,2408 1792,2408 1795,2411 1795,2413 1860,2413 1860,2411 1863,2408 1887,2408 1889,2406 1906,2406 1907,2407 1908,2407 1909,2408 2007,2408 2008,2409 2008,2410 2009,2411 2009,2413 2088,2413 2088,2411 2091,2408 2102,2408 2104,2406 2106,2406 2106,2386 2108,2384 2110,2384 2110,2380 2112,2378 2123,2378 2123,2354 2095,2354 2094,2353 2094,2352 2093,2351 2093,2349 2051,2349 2049,2347 2049,2332 2042,2332 2041,2331 2041,2330 2040,2329 2007,2329 2005,2327 2005,2325 2007,2323 2009,2323 2010,2322 2011,2322 2012,2321 2014,2321 2014,2305 2016,2303 2053,2303 2053,2301 2055,2299 2058,2299 2060,2297 2062,2297 2062,2294 2064,2292 2106,2292 2108,2290 2115,2290 2115,2275 2116,2274 2116,2273 2117,2272 2132,2272 2132,2253 2064,2253 2062,2251 2063,2250 2063,2249 2064,2248 2066,2248 2066,2226 2064,2226 2062,2224 2062,2222 1988,2222 1988,2224 1987,2225 1986,2225 1985,2226 1983,2226 1982,2227 1982,2228 1981,2229 1979,2229 1979,2233 1977,2235 1974,2235 1974,2237 1973,2238 1973,2239 1972,2240 1970,2240 1970,2244 1968,2246 1924,2246 1922,2244 1922,2242 1707,2242 1705,2240 1705,2222 1703,2220 1702,2220 1700,2218 1632,2218 1628,2222 1621,2222 1621,2224 1619,2226 1617,2226 1616,2227 1616,2228 1615,2229 1613,2229 1613,2233 1611,2235 1608,2235 1608,2240 1606,2242 1584,2242 1582,2240 1545,2240 1544,2239 1544,2238 1543,2237 1543,2222 1477,2222 1477,2226 1476,2227 1476,2228 1475,2229 1472,2226 1472,2222 1426,2222 1424,2220 1426,2218 1429,2218 1429,2202 1431,2200 1639,2200 1639,2198 1641,2196 1650,2196 1652,2198 1652,2200 1718,2200 1718,2198 1720,2196 2003,2196 2005,2198 2005,2200 2075,2200 2075,2198 2077,2196 2080,2196 2080,2191 2082,2189 2102,2189 2104,2187 2115,2187 2115,2185 2117,2183 2119,2183 2119,2174 2121,2172 2123,2172 2126,2169 2132,2169 2132,2167 2134,2165 2137,2165 2137,2161 2138,2160 2138,2159 2139,2158 2141,2158 2141,2132 2075,2132 2075,2137 2073,2139 2029,2139 2027,2137 2027,2128 2025,2128 2023,2126 2023,2123 2020,2123 2018,2121 2018,2119 2016,2119 2014,2117 2014,2115 1959,2115 1958,2114 1958,2113 1957,2112 1957,2102 1958,2101 1958,2100 1959,2099 1974,2099 1974,2097 1975,2096 1976,2096 1977,2095 2034,2095 2036,2097 2038,2097 2040,2099 2115,2099 2117,2097 2119,2097 2121,2095 2123,2095 2123,2071 2121,2071 2119,2069 2119,2064 2117,2064 2115,2062 2115,2060 2095,2060 2093,2058 2093,2047 2091,2047 2090,2046 2089,2046 2088,2045 2088,2040 2086,2040 2084,2038 2084,2036 2073,2036 2071,2034 2025,2034 2024,2033 2024,2032 2023,2031 2023,2020 2003,2020 2001,2018 2001,2016 1913,2016 1913,2031 1912,2032 1912,2033 1911,2034 1895,2034 1893,2036 1779,2036 1777,2034 1777,2012 1703,2012 1702,2013 1701,2013 1700,2014 1700,2018 1697,2021 1697,2022 1694,2025 1694,2029 1692,2031 1687,2031 1686,2032 1686,2033 1685,2034 1657,2034 1656,2035 1655,2035 1654,2036 1641,2036 1639,2034 1639,2027 1602,2027 1600,2025 1600,2020 1597,2020 1595,2018 1595,2016 1525,2016 1525,2018 1523,2020 1521,2020 1521,2034 1520,2035 1519,2035 1518,2036 1514,2036 1512,2034 1407,2034 1406,2035 1405,2035 1404,2036 1302,2036 1301,2035 1301,2031 1300,2030 1300,2027 1299,2026 1299,2022 1298,2021 1298,2017 1297,2016 1297,2013 1296,2012 1296,2008 1295,2007 1295,2003 1294,2002 1294,1999 1293,1998 1293,1994 1292,1993 1292,1989 1293,1988 1310,1988 1310,1985 1312,1983 1313,1984 1314,1984 1315,1985 1315,1988 1422,1988 1424,1990 1424,1992 1494,1992 1494,1990 1495,1989 1496,1989 1497,1988 1558,1988 1560,1990 1560,1998 1626,1998 1626,1994 1628,1992 1657,1992 1657,1990 1659,1988 1661,1988 1663,1990 1663,1992 1740,1992 1740,1990 1742,1988 1749,1988 1750,1987 1750,1986 1751,1985 1752,1986 1752,1987 1753,1988 1764,1988 1766,1990 1766,1994 1882,1994 1882,1990 1883,1989 1884,1989 1885,1988 1887,1990 1887,2012 1970,2012 1970,2009 1972,2007 1996,2007 1996,1996 1998,1994 2075,1994 2077,1992 2106,1992 2106,1990 2108,1988 2123,1988 2123,1985 2124,1984 2125,1984 2126,1983 2128,1983 2128,1961 2130,1959 2150,1959 2150,1937 2143,1937 2141,1935 2139,1935 2137,1933 2137,1931 2138,1930 2138,1929 2139,1928 2145,1928 2145,1911 2080,1911 2080,1928 2077,1931 2029,1931 2028,1930 2028,1929 2027,1928 2027,1911 1957,1911 1955,1913 1944,1913 1944,1928 1943,1929 1943,1930 1942,1931 1891,1931 1891,1933 1889,1935 1887,1933 1887,1931 1845,1931 1844,1930 1844,1929 1843,1928 1843,1911 1760,1911 1760,1957 1762,1957 1764,1959 1764,1963 1763,1964 1763,1965 1762,1966 1757,1966 1756,1965 1756,1964 1755,1963 1755,1937 1751,1937 1749,1935 1748,1935 1746,1933 1746,1931 1694,1931 1693,1930 1693,1929 1692,1928 1650,1928 1648,1926 1648,1922 1584,1922 1584,1928 1583,1929 1583,1930 1582,1931 1558,1931 1557,1930 1557,1929 1556,1928 1556,1924 1490,1924 1490,1926 1488,1928 1435,1928 1433,1926 1433,1922 1431,1922 1429,1920 1429,1913 1400,1913 1398,1911 1315,1911 1315,1922 1314,1923 1313,1923 1312,1924 1310,1922 1278,1922 1277,1921 1277,1919 1276,1918 1276,1914 1275,1913 1275,1910 1274,1909 1274,1905 1273,1904 1273,1900 1272,1899 1272,1896 1271,1895 1271,1891 1270,1890 1270,1886 1271,1885 1275,1885 1275,1882 1277,1880 1280,1880 1280,1863 1281,1862 1281,1861 1282,1860 1283,1861 1283,1862 1284,1863 1284,1871 1286,1871 1287,1872 1287,1873 1288,1874 1288,1878 1291,1878 1293,1880 1293,1885 1451,1885 1451,1882 1453,1880 1461,1880 1462,1881 1463,1881 1464,1882 1464,1885 1562,1885 1564,1887 1564,1904 1652,1904 1652,1887 1654,1885 1854,1885 1856,1887 1856,1889 1922,1889 1922,1887 1924,1885 2080,1885 2080,1880 2082,1878 2119,1878 2119,1876 2121,1874 2128,1874 2128,1856 2130,1854 2150,1854 2150,1832 2091,1832 2090,1831 2089,1831 2088,1830 2088,1828 2003,1828 2002,1827 2002,1826 2001,1825 2001,1810 1998,1810 1996,1808 1917,1808 1915,1810 1913,1810 1913,1825 1912,1826 1912,1827 1911,1828 1898,1828 1895,1825 1895,1808 1803,1808 1803,1825 1802,1826 1802,1827 1801,1828 1707,1828 1706,1827 1706,1826 1705,1825 1705,1808 1628,1808 1626,1810 1621,1810 1621,1825 1620,1826 1620,1827 1619,1828 1597,1828 1596,1827 1596,1826 1595,1825 1527,1825 1525,1823 1525,1803 1518,1803 1516,1801 1446,1801 1444,1803 1433,1803 1433,1806 1431,1808 1429,1808 1429,1812 1428,1813 1427,1813 1426,1814 1424,1814 1424,1823 1422,1825 1350,1825 1349,1826 1349,1827 1348,1828 1269,1828 1266,1825 1257,1825 1256,1824 1256,1821 1255,1820 1255,1816 1254,1815 1254,1811 1253,1810 1253,1807 1252,1806 1252,1802 1251,1801 1251,1797 1250,1796 1250,1793 1249,1792 1249,1788 1248,1787 1248,1783 1247,1782 1247,1779 1246,1778 1247,1777 1352,1777 1354,1779 1354,1786 1429,1786 1429,1784 1430,1783 1430,1782 1431,1781 1433,1781 1433,1777 1435,1775 1437,1777 1571,1777 1573,1779 1573,1788 1648,1788 1650,1786 1652,1786 1652,1779 1654,1777 1757,1777 1758,1778 1759,1778 1760,1779 1760,1801 1847,1801 1849,1799 1849,1779 1850,1778 1851,1778 1852,1777 1924,1777 1926,1779 1928,1779 1929,1780 1930,1780 1931,1781 1996,1781 1996,1779 1998,1777 2007,1777 2009,1779 2009,1781 2084,1781 2084,1773 2086,1771 2119,1771 2120,1770 2120,1769 2121,1768 2132,1768 2132,1742 2086,1742 2084,1740 2084,1727 2073,1727 2071,1725 2071,1722 2038,1722 2036,1720 2036,1711 2034,1711 2033,1710 2032,1710 2031,1709 2031,1707 2012,1707 2011,1706 2010,1706 2009,1705 1931,1705 1930,1704 1929,1704 1928,1703 1860,1703 1858,1705 1856,1705 1856,1720 1854,1722 1795,1722 1795,1725 1794,1726 1793,1726 1792,1727 1744,1727 1742,1729 1733,1720 1733,1707 1729,1707 1727,1705 1727,1703 1726,1702 1726,1701 1725,1700 1725,1698 1650,1698 1650,1720 1652,1722 1652,1725 1648,1729 1643,1729 1643,1749 1641,1751 1602,1751 1600,1749 1600,1746 1602,1744 1608,1744 1608,1722 1606,1722 1604,1720 1604,1705 1602,1705 1600,1703 1597,1703 1596,1702 1596,1701 1595,1700 1595,1698 1540,1698 1538,1696 1540,1694 1543,1694 1543,1687 1545,1685 1547,1685 1547,1681 1548,1680 1548,1679 1549,1678 1551,1678 1551,1676 1552,1675 1553,1675 1554,1674 1657,1674 1659,1672 1661,1672 1663,1674 1735,1674 1736,1673 1737,1673 1738,1672 1762,1672 1764,1674 1843,1674 1845,1672 1915,1672 1917,1674 2051,1674 2053,1676 2053,1678 2123,1678 2123,1676 2124,1675 2125,1675 2126,1674 2128,1674 2130,1672 2132,1672 2132,1654 2130,1654 2128,1652 2128,1650 2126,1650 2125,1649 2124,1649 2123,1648 2124,1647 2125,1647 2126,1646 2132,1646 2132,1643 2134,1641 2158,1641 2158,1624 2152,1624 2151,1623 2151,1622 2150,1621 2150,1615 2084,1615 2084,1617 2082,1619 2003,1619 2001,1617 2001,1615 1922,1615 1922,1617 1920,1619 1806,1619 1805,1618 1804,1618 1803,1617 1803,1615 1764,1615 1762,1613 1762,1600 1757,1600 1756,1599 1756,1598 1755,1597 1755,1595 1716,1595 1714,1593 1716,1591 1718,1591 1718,1582 1720,1580 1725,1580 1725,1571 1727,1569 1922,1569 1922,1547 1915,1547 1913,1545 1911,1545 1906,1540 1907,1539 1908,1539 1909,1538 1922,1538 1922,1521 1920,1521 1917,1518 1917,1516 1915,1516 1913,1514 1913,1512 1909,1512 1908,1511 1907,1511 1906,1510 1838,1510 1836,1512 1448,1512 1446,1510 1380,1510 1378,1512 1234,1512 1233,1511 1232,1511 1231,1510 1231,1497 1207,1497 1206,1496 1206,1495 1205,1494 1205,1492 1135,1492 1133,1490 1133,1489 1131,1487 1131,1486 1130,1485 1130,1484 1129,1483 1129,1482 1128,1481 1128,1480 1126,1478 1126,1477 1125,1476 1125,1475 1124,1474 1124,1473 1123,1472 1123,1471 1121,1469 1121,1468 1120,1467 1121,1466 1306,1466 1308,1464 1310,1464 1310,1461 1312,1459 1315,1459 1315,1444 1317,1442 1319,1442 1319,1418 1317,1418 1316,1417 1316,1416 1315,1415 1315,1413 1312,1413 1310,1411 1310,1409 1304,1409 1303,1408 1302,1408 1301,1407 1236,1407 1234,1409 1168,1409 1166,1407 1166,1389 1155,1389 1154,1388 1153,1388 1152,1387 1152,1385 1136,1385 1135,1384 1141,1378 1141,1377 1152,1366 1152,1365 1160,1357 1161,1358 1161,1361 1175,1361 1176,1362 1178,1362 1179,1363 1182,1363 1183,1364 1186,1364 1187,1365 1189,1365 1190,1366 1193,1366 1194,1367 1196,1367 1197,1368 1200,1368 1201,1369 1204,1369 1205,1370 1207,1370 1208,1371 1211,1371 1212,1372 1214,1372 1215,1373 1218,1373 1219,1374 1222,1374 1223,1375 1225,1375 1226,1376 1229,1376 1230,1377 1232,1377 1233,1378 1236,1378 1237,1379 1240,1379 1241,1380 1243,1380 1244,1381 1247,1381 1248,1382 1251,1382 1252,1383 1254,1383 1255,1384 1258,1384 1259,1385 1261,1385 1262,1386 1265,1386 1266,1387 1269,1387 1270,1388 1272,1388 1273,1389 1276,1389 1277,1390 1279,1390 1280,1391 1283,1391 1284,1392 1287,1392 1288,1393 1290,1393 1291,1394 1294,1394 1295,1395 1297,1395 1298,1396 1301,1396 1302,1397 1305,1397 1306,1398 1308,1398 1309,1399 1312,1399 1313,1400 1315,1400 1316,1401 1319,1401 1320,1402 1323,1402 1324,1403 1326,1403 1327,1404 1330,1404 1331,1405 1333,1405 1334,1406 1337,1406 1338,1407 1341,1407 1342,1408 1344,1408 1345,1409 1348,1409 1349,1410 1351,1410 1352,1411 1353,1411 1354,1412 1354,1415 1353,1416 1353,1417 1352,1418 1350,1418 1348,1420 1345,1420 1345,1422 1343,1424 1341,1424 1341,1459 1343,1459 1345,1461 1345,1464 1352,1464 1354,1466 1437,1466 1438,1465 1439,1465 1440,1464 1481,1464 1481,1442 1475,1442 1474,1441 1473,1441 1472,1440 1472,1437 1473,1436 1474,1436 1475,1435 1481,1435 1481,1425 1482,1424 1491,1424 1492,1423 1511,1423 1512,1424 1512,1442 1510,1444 1508,1444 1508,1464 1549,1464 1551,1466 1683,1466 1683,1444 1676,1444 1674,1442 1674,1437 1676,1435 1692,1435 1692,1427 1693,1426 1706,1426 1707,1427 1707,1435 1709,1437 1709,1442 1707,1444 1700,1444 1700,1466 1878,1466 1880,1464 1882,1464 1882,1431 1883,1430 1916,1430 1917,1431 1917,1457 1920,1457 1922,1459 1924,1459 1926,1461 1926,1464 1928,1464 1929,1465 1930,1465 1931,1466 1937,1466 1939,1468 1939,1470 2024,1470 2026,1472 2026,1478 2027,1479 2027,1484 2028,1485 2028,1490 2029,1491 2029,1497 2030,1498 2030,1503 2031,1504 2031,1510 2032,1511 2032,1515 2031,1516 2020,1516 2018,1514 2018,1512 2003,1512 2001,1510 1935,1510 1933,1512 1931,1512 1931,1514 1930,1515 1929,1515 1928,1516 1926,1516 1926,1538 1928,1538 1929,1539 1930,1539 1931,1540 1931,1569 1937,1569 1939,1571 1939,1573 2058,1573 2058,1571 2060,1569 2064,1569 2066,1571 2066,1573 2132,1573 2132,1571 2134,1569 2137,1569 2137,1547 2134,1547 2132,1545 2132,1538 2134,1536 2150,1536 2150,1516 2121,1516 2119,1514 2119,1512 2036,1512 2036,1514 2035,1515 2034,1514 2034,1511 2033,1510 2033,1504 2032,1503 2032,1498 2031,1497 2031,1491 2030,1490 2030,1485 2029,1484 2029,1479 2028,1478 2028,1472 2027,1471 2028,1470 2088,1470 2088,1459 2089,1458 2090,1458 2091,1457 2137,1457 2137,1455 2139,1453 2141,1453 2141,1451 2142,1450 2142,1449 2143,1448 2145,1448 2145,1431 2143,1431 2141,1429 2141,1426 2099,1426 2097,1424 2097,1413 2095,1413 2093,1411 2093,1409 2055,1409 2053,1407 2053,1394 2051,1394 2050,1393 2050,1392 2049,1391 2049,1389 1979,1389 1979,1391 1978,1392 1978,1393 1977,1394 1974,1394 1974,1407 1972,1409 1939,1409 1939,1411 1937,1413 1926,1413 1926,1418 1924,1420 1922,1420 1922,1422 1920,1424 1917,1424 1917,1427 1916,1428 1879,1428 1878,1427 1878,1413 1876,1413 1874,1411 1873,1411 1871,1409 1792,1409 1790,1407 1790,1402 1791,1401 1791,1396 1792,1395 1792,1390 1793,1389 1793,1384 1794,1383 1794,1378 1795,1377 1795,1373 1796,1372 1796,1367 1798,1365 1926,1365 1926,1363 1928,1361 1928,1341 1924,1341 1922,1339 1924,1337 1933,1337 1935,1339 1935,1361 1937,1361 1939,1363 1939,1365 1990,1365 1992,1367 2058,1367 2060,1365 2064,1365 2066,1367 2141,1367 2143,1365 2145,1365 2145,1341 2143,1341 2141,1339 2141,1332 2143,1330 2163,1330 2163,1306 2016,1306 2014,1304 1939,1304 1937,1306 1863,1306 1862,1305 1861,1305 1860,1304 1860,1280 1812,1280 1811,1279 1811,1278 1812,1277 1812,1273 1813,1272 1813,1267 1814,1266 1814,1263 1815,1262 1865,1262 1867,1264 1867,1280 1869,1282 1957,1282 1957,1264 1959,1262 2025,1262 2027,1264 2102,1264 2102,1253 2104,1251 2145,1251 2145,1249 2146,1248 2147,1248 2148,1247 2150,1247 2150,1223 2143,1223 2142,1222 2142,1221 2141,1220 2141,1218 2099,1218 2097,1216 2097,1207 2095,1207 2093,1205 1867,1205 1866,1204 1867,1203 1868,1203 1869,1202 1870,1202 1871,1201 1872,1201 1873,1200 1874,1200 1875,1199 1876,1199 1877,1198 1878,1198 1879,1197 1880,1197 1882,1195 1883,1195 1884,1194 1885,1194 1886,1193 1887,1193 1888,1192 1889,1192 1890,1191 1891,1191 1892,1190 1893,1190 1894,1189 1895,1189 1897,1187 1898,1187 1899,1186 1900,1186 1901,1185 1902,1185 1903,1184 1904,1184 1905,1183 1906,1183 1907,1182 1908,1182 1909,1181 1910,1181 1912,1179 1913,1179 1914,1178 1915,1178 1916,1177 1917,1177 1918,1176 1919,1176 1920,1175 1921,1175 1922,1174 1923,1174 1924,1173 1925,1173 1927,1171 1928,1171 1929,1170 1930,1170 1931,1169 1932,1169 1933,1168 1934,1168 1935,1167 1936,1167 1937,1166 1938,1166 1939,1165 1940,1165 1942,1163 1943,1163 1944,1162 1945,1162 1946,1161 1947,1161 1948,1160 1949,1160 1950,1159 1951,1159 1952,1158 1953,1158 1954,1157 1955,1157 1957,1155 1994,1155 1996,1157 1996,1179 2084,1179 2084,1161 2086,1159 2145,1159 2145,1157 2146,1156 2147,1156 2148,1155 2150,1155 2150,1146 2152,1144 2154,1144 2154,1122 2152,1122 2150,1120 2150,1104 2148,1104 2147,1103 2146,1103 2145,1102 2143,1102 2141,1100 2141,1098 2023,1098 2023,1100 2022,1101 2021,1101 2020,1102 1985,1102 1983,1100 1983,1098 1909,1098 1904,1093 1904,1091 1834,1091 1830,1095 1830,1100 1828,1102 1825,1102 1825,1120 1828,1120 1830,1122 1830,1150 1832,1152 1832,1153 1834,1155 1951,1155 1952,1156 1951,1157 1950,1157 1949,1158 1948,1158 1947,1159 1946,1159 1945,1160 1944,1160 1943,1161 1942,1161 1941,1162 1940,1162 1938,1164 1937,1164 1936,1165 1935,1165 1934,1166 1933,1166 1932,1167 1931,1167 1930,1168 1929,1168 1928,1169 1927,1169 1926,1170 1925,1170 1923,1172 1922,1172 1921,1173 1920,1173 1919,1174 1918,1174 1917,1175 1916,1175 1915,1176 1914,1176 1913,1177 1912,1177 1911,1178 1910,1178 1908,1180 1907,1180 1906,1181 1905,1181 1904,1182 1903,1182 1902,1183 1901,1183 1900,1184 1899,1184 1898,1185 1897,1185 1896,1186 1895,1186 1893,1188 1892,1188 1891,1189 1890,1189 1889,1190 1888,1190 1887,1191 1886,1191 1885,1192 1884,1192 1883,1193 1882,1193 1881,1194 1880,1194 1878,1196 1877,1196 1876,1197 1875,1197 1874,1198 1873,1198 1872,1199 1871,1199 1870,1200 1869,1200 1868,1201 1867,1201 1866,1202 1865,1202 1863,1204 1862,1204 1861,1205 1841,1205 1840,1204 1839,1204 1838,1203 1838,1201 1808,1201 1807,1200 1807,1199 1806,1198 1731,1198 1730,1199 1730,1200 1729,1201 1728,1200 1728,1199 1727,1198 1727,1181 1725,1179 1725,1177 1657,1177 1657,1179 1656,1180 1655,1180 1654,1181 1595,1181 1593,1183 1591,1183 1591,1192 1589,1194 1586,1194 1586,1216 1589,1216 1591,1218 1591,1223 1589,1225 1586,1225 1586,1253 1593,1253 1595,1255 1595,1258 1727,1258 1727,1236 1725,1234 1725,1225 1727,1223 1729,1225 1729,1227 1731,1229 1731,1253 1735,1253 1736,1254 1737,1254 1738,1255 1738,1258 1775,1258 1777,1260 1777,1262 1811,1262 1812,1263 1812,1266 1811,1267 1811,1272 1810,1273 1810,1278 1808,1280 1781,1280 1779,1282 1773,1282 1773,1284 1771,1286 1764,1286 1764,1291 1762,1293 1760,1293 1760,1304 1759,1305 1758,1305 1757,1306 1742,1306 1740,1304 1740,1301 1665,1301 1664,1302 1664,1303 1663,1304 1550,1304 1548,1302 1548,1299 1547,1298 1547,1295 1546,1294 1546,1291 1545,1290 1545,1287 1544,1286 1544,1284 1543,1283 1543,1280 1542,1279 1542,1276 1541,1275 1541,1272 1540,1271 1540,1269 1539,1268 1539,1265 1538,1264 1538,1261 1537,1260 1537,1259 1538,1258 1543,1258 1543,1255 1545,1253 1551,1253 1552,1252 1553,1252 1554,1251 1582,1251 1582,1223 1562,1223 1561,1222 1561,1221 1560,1220 1560,1212 1558,1212 1557,1211 1557,1210 1556,1209 1556,1205 1554,1205 1553,1204 1552,1204 1551,1203 1551,1201 1545,1201 1544,1200 1544,1199 1543,1198 1522,1198 1520,1196 1520,1193 1519,1192 1519,1189 1518,1188 1518,1185 1517,1184 1517,1182 1516,1181 1516,1178 1515,1177 1515,1174 1514,1173 1514,1170 1513,1169 1513,1166 1512,1165 1512,1163 1511,1162 1511,1159 1510,1158 1510,1155 1509,1154 1509,1151 1510,1150 1525,1150 1527,1148 1534,1148 1534,1128 1536,1126 1538,1128 1538,1148 1545,1148 1547,1150 1554,1150 1556,1152 1556,1155 1626,1155 1626,1152 1628,1150 1727,1150 1729,1152 1729,1155 1806,1155 1806,1152 1808,1150 1817,1150 1819,1148 1821,1148 1821,1102 1819,1102 1817,1100 1817,1098 1808,1098 1807,1097 1807,1096 1806,1095 1771,1095 1770,1094 1769,1094 1768,1093 1768,1078 1764,1078 1762,1076 1762,1074 1685,1074 1685,1076 1683,1078 1678,1078 1678,1095 1677,1096 1677,1097 1676,1098 1654,1098 1653,1097 1653,1096 1652,1095 1652,1080 1650,1080 1646,1076 1646,1074 1619,1074 1618,1073 1618,1072 1617,1071 1617,1067 1551,1067 1551,1082 1549,1084 1547,1084 1547,1102 1545,1104 1543,1104 1543,1106 1540,1109 1539,1108 1539,1107 1538,1106 1538,1104 1536,1104 1534,1102 1534,1098 1527,1098 1526,1097 1526,1096 1525,1095 1492,1095 1490,1093 1490,1092 1489,1091 1489,1089 1488,1088 1488,1087 1487,1086 1487,1085 1486,1084 1486,1082 1485,1081 1485,1080 1484,1079 1484,1078 1483,1077 1483,1075 1482,1074 1482,1073 1481,1072 1481,1071 1480,1070 1480,1068 1479,1067 1479,1066 1478,1065 1478,1064 1477,1063 1477,1061 1476,1060 1476,1059 1475,1058 1475,1057 1474,1056 1474,1054 1473,1053 1473,1052 1472,1051 1472,1050 1471,1049 1471,1047 1470,1046 1471,1045 1582,1045 1584,1047 1994,1047 1996,1049 1996,1052 2110,1052 2110,1036 2112,1034 2154,1034 2154,1001 2112,1001 2110,999 2110,995 2108,995 2107,994 2107,993 2106,992 2106,971 2031,971 2031,973 2029,975 2027,975 2027,986 2025,988 1996,988 1996,990 1994,992 1959,992 1957,990 1957,971 1955,971 1952,968 1952,966 1950,964 1887,964 1887,966 1885,968 1867,968 1866,969 1866,970 1865,971 1860,971 1860,975 1858,977 1856,977 1856,990 1854,992 1852,992 1852,997 1851,998 1850,998 1849,999 1847,997 1847,992 1707,992 1705,990 1705,988 1692,988 1691,987 1690,987 1689,986 1689,981 1670,981 1668,979 1668,971 1663,971 1662,970 1662,969 1661,968 1586,968 1586,973 1584,975 1584,990 1582,992 1510,992 1508,990 1508,988 1448,988 1446,986 1446,968 1437,968 1436,967 1436,966 1435,965 1435,963 1434,962 1434,961 1433,960 1433,959 1432,958 1432,956 1431,955 1431,954 1430,953 1430,952 1429,951 1429,949 1428,948 1428,947 1427,946 1427,945 1426,944 1426,943 1427,942 1692,942 1694,944 1825,944 1826,943 1827,943 1828,942 1841,942 1843,944 2064,944 2066,946 2066,949 2137,949 2137,946 2139,944 2141,944 2141,922 2143,920 2150,920 2152,918 2154,918 2154,907 2156,905 2167,905 2167,903 2168,902 2168,901 2169,900 2172,900 2172,892 2173,891 2173,890 2174,889 2176,889 2176,872 2174,872 2172,870 2106,870 2106,872 2104,874 2058,874 2058,883 2057,884 2056,884 2055,885 1998,885 1996,883 1996,870 1994,870 1993,869 1993,868 1992,867 1992,865 1922,865 1922,867 1921,868 1921,869 1920,870 1917,870 1917,883 1915,885 1909,885 1908,884 1907,884 1906,883 1906,881 1834,881 1834,887 1832,889 1830,889 1828,887 1828,881 1764,881 1764,883 1762,885 1720,885 1718,883 1718,865 1716,865 1714,863 1714,861 1643,861 1643,863 1641,865 1641,883 1639,885 1483,885 1481,883 1481,881 1400,881 1399,880 1399,879 1398,878 1398,877 1397,876 1397,875 1396,874 1396,872 1395,871 1395,870 1394,869 1394,868 1393,867 1393,865 1392,864 1392,863 1391,862 1391,861 1390,860 1390,858 1389,857 1389,856 1388,855 1388,854 1387,853 1387,851 1386,850 1386,849 1385,848 1385,847 1384,846 1384,844 1383,843 1383,842 1382,841 1382,840 1381,839 1381,838 1382,837 1435,837 1437,839 1437,846 1440,846 1442,848 1442,850 1512,850 1512,848 1514,846 1521,846 1521,843 1523,841 1525,841 1525,839 1527,837 1529,837 1529,830 1530,829 1531,829 1532,828 1534,830 1534,832 1536,832 1537,833 1537,834 1538,835 1538,837 1575,837 1576,838 1577,838 1578,839 1705,839 1707,837 1711,837 1711,830 1712,829 1713,829 1714,828 1716,830 1716,837 1720,837 1722,839 1729,839 1731,841 1731,863 1821,863 1823,861 1825,861 1825,841 1826,840 1827,840 1828,839 1913,839 1915,837 1917,839 1924,839 1926,841 2001,841 2003,839 2077,839 2078,840 2079,840 2080,841 2154,841 2156,839 2158,839 2158,817 2156,817 2154,815 2154,804 2156,802 2172,802 2172,767 2156,767 2155,766 2155,765 2154,764 2154,762 2152,762 2150,760 2150,758 2075,758 2075,760 2073,762 2066,762 2066,764 2065,765 2065,766 2064,767 2062,767 2060,769 2058,769 2058,771 2057,772 2056,772 2055,773 2053,773 2053,778 2051,780 2049,780 2047,782 1922,782 1922,784 1920,786 1917,786 1917,789 1915,791 1913,789 1913,762 1830,762 1830,780 1828,782 1729,782 1729,784 1727,786 1720,786 1718,784 1718,775 1707,775 1705,773 1705,762 1707,760 1727,760 1729,758 1733,758 1733,756 1735,754 1735,738 1736,737 1737,737 1738,736 1806,736 1808,734 1810,736 1924,736 1926,738 1926,758 2018,758 2018,738 2020,736 2119,736 2119,727 2121,725 2158,725 2159,724 2160,724 2161,723 2163,723 2163,697 2161,697 2158,694 2152,694 2150,692 2150,690 2148,690 2147,689 2146,689 2145,688 2145,655 2143,655 2141,653 2075,653 2073,655 2058,655 2058,657 2057,658 2056,658 2055,659 2049,659 2049,661 2048,662 2048,663 2047,664 2045,664 2045,670 2044,671 2043,671 2042,672 2040,672 2040,675 2038,677 2014,677 2012,679 1937,679 1935,677 1920,677 1919,676 1918,676 1917,675 1917,657 1913,653 1834,653 1832,655 1821,655 1821,659 1819,661 1817,659 1817,657 1816,656 1815,656 1814,655 1742,655 1742,657 1740,659 1738,659 1738,675 1737,676 1736,676 1735,677 1678,677 1676,679 1628,679 1626,677 1505,677 1503,675 1503,648 1433,648 1433,650 1432,651 1432,652 1431,653 1430,652 1430,651 1429,650 1429,648 1426,648 1424,646 1378,646 1376,644 1376,629 1377,628 1377,627 1378,626 1483,626 1486,629 1486,640 1560,640 1561,639 1561,638 1562,637 1564,637 1564,635 1565,634 1566,634 1567,633 1569,633 1569,629 1570,628 1570,627 1571,626 1775,626 1776,627 1776,628 1777,629 1777,631 1849,631 1849,629 1852,626 1893,626 1894,627 1894,628 1895,629 1895,631 2115,631 2115,624 2117,622 2163,622 2165,620 2167,620 2167,593 2165,593 2163,591 2117,591 2115,589 2115,569 2091,569 2090,568 2089,568 2088,567 2088,550 2055,550 2054,549 2054,548 2053,547 2053,534 2055,532 2106,532 2106,530 2108,528 2163,528 2163,526 2164,525 2164,524 2165,523 2167,523 2167,501 2169,499 2172,499 2172,495 2174,493 2176,493 2176,490 2178,488 2179,488 2179,469 2027,469 2025,471 2016,471 2014,469 1948,469 1946,471 1944,471 1944,480 1942,482 1941,481 1940,481 1939,480 1939,471 1937,471 1935,469 1898,469 1895,466 1895,464 1863,464 1862,463 1861,463 1860,462 1860,458 1849,458 1848,457 1848,456 1847,455 1847,447 1845,447 1844,446 1844,445 1843,444 1760,444 1757,447 1753,447 1753,462 1751,464 1729,464 1729,466 1728,467 1728,468 1727,469 1698,469 1697,468 1697,467 1696,466 1698,464 1714,464 1714,444 1626,444 1624,442 1623,442 1621,440 1503,440 1503,442 1501,444 1490,444 1490,462 1488,464 1486,464 1486,466 1483,469 1472,469 1470,471 1468,469 1466,469 1465,468 1465,467 1464,466 1464,464 1418,464 1417,463 1416,463 1415,462 1415,460 1374,460 1372,458 1339,458 1338,457 1338,456 1337,455 1337,447 1334,447 1333,446 1333,445 1332,444 1258,444 1255,447 1253,447 1253,451 1251,453 1249,453 1249,462 1247,464 1246,463 1245,463 1244,462 1244,458 1161,458 1159,460 990,460 990,484 992,486 992,515 990,517 990,537 995,537 997,539 997,541 1045,541 1047,543 1047,565 1049,567 1049,585 1047,587 1045,587 1043,585 1043,567 1038,567 1036,565 1036,563 907,563 905,561 839,561 837,563 784,563 782,561 754,561 752,559 752,555 751,554 751,549 750,548 750,544 749,543 749,538 748,537 748,533 747,532 747,527 746,526 746,522 745,521 745,516 744,515 744,513 745,512 854,512 857,515 857,517 971,517 971,515 972,514 972,513 973,512 979,512 981,510 986,510 986,464 981,464 979,462 979,460 977,460 975,458 933,458 932,457 932,456 931,455 931,436 929,436 928,435 928,434 927,433 839,433 839,451 837,453 666,453 664,451 664,449 640,449 639,448 638,448 637,447 637,433 631,433 629,431 629,429"/><TextEquiv><Unicode/></TextEquiv><TextLine id="r3_l001"><Coords points="537,439 2151,439 2151,545 537,545"/><TextEquiv index="1"><Unicode>demande peut-être déja plus que</Unicode></TextEquiv></TextLine><TextLine id="r3_l002"><Coords points="532,552 2138,552 2138,641 532,641"/><TextEquiv index="1"><Unicode>tu ne peux. Pourquoi, chere Eliſa-</Unicode></TextEquiv></TextLine><TextLine id="r3_l003"><Coords points="1685,753 1684,753 1684,751 1684,750 1676,750 1675,750 1675,747 1675,746 1672,746 1671,746 1671,727 1671,726 1588,726 1587,727 1587,729 1587,729 1579,729 1578,729 1578,727 1578,726 1447,726 1446,726 1446,723 1446,722 1401,722 1351,722 1350,723 1350,726 1350,726 1342,726 1341,726 1341,723 1341,722 1232,722 1231,722 1231,720 1231,719 1117,719 1116,720 1116,722 1116,722 1078,722 1077,722 1077,720 1077,719 902,719 901,719 901,717 901,716 787,716 786,717 786,719 786,719 783,719 782,720 782,726 782,726 779,726 778,727 778,729 778,729 770,729 769,730 769,733 769,733 765,733 764,733 764,720 764,719 686,719 685,719 685,717 685,716 581,716 580,717 580,740 580,740 576,740 575,740 575,737 575,736 572,736 571,736 571,717 571,716 537,716 536,716 536,713 536,712 532,712 531,712 531,655 532,654 536,654 536,654 536,651 537,650 540,650 540,651 540,654 541,654 575,654 575,655 575,674 576,674 654,674 654,674 654,672 655,671 685,671 685,671 685,655 686,654 690,654 690,654 690,651 691,650 698,650 698,651 698,654 699,654 703,654 703,655 703,678 704,678 725,678 725,679 725,681 726,681 729,681 729,682 729,705 730,705 839,705 839,705 839,679 840,678 923,678 923,678 923,665 924,664 927,664 927,664 927,662 928,661 940,661 940,662 940,664 941,664 945,664 945,665 945,668 946,668 949,668 949,669 949,674 950,674 980,674 980,675 980,678 981,678 1112,678 1112,678 1112,662 1113,661 1116,661 1116,661 1116,658 1117,657 1130,657 1130,658 1130,661 1131,661 1134,661 1134,662 1134,678 1135,678 1178,678 1178,679 1178,681 1179,681 1372,681 1372,681 1372,658 1373,657 1385,657 1385,657 1385,655 1386,654 1394,654 1394,655 1394,657 1395,657 1473,657 1473,658 1473,685 1474,685 1596,685 1596,686 1596,688 1597,688 1710,688 1710,688 1710,686 1711,685 1768,685 1768,685 1768,669 1769,668 1772,668 1772,668 1772,665 1773,664 1864,664 1864,664 1864,662 1865,661 1882,661 1882,662 1882,664 1883,664 1886,664 1886,665 1886,685 1887,685 1904,685 1904,686 1904,688 1905,688 2045,688 2045,688 2045,686 2046,685 2071,685 2071,685 2071,682 2072,681 2075,681 2075,681 2075,672 2076,671 2080,671 2080,671 2080,669 2081,668 2089,668 2089,668 2089,665 2090,664 2106,664 2106,664 2106,662 2107,661 2111,661 2111,662 2111,664 2112,664 2115,664 2115,665 2115,698 2116,698 2119,698 2119,699 2119,702 2120,702 2128,702 2128,703 2128,705 2129,705 2133,705 2133,706 2133,716 2133,716 2129,716 2128,717 2128,719 2128,719 2090,719 2089,720 2089,729 2089,729 1988,729 1987,730 1987,750 1987,750 1958,750 1957,750 1957,730 1957,729 1707,729 1706,730 1706,746 1706,746 1703,746 1702,747 1702,750 1702,750 1698,750 1697,751 1697,753 1697,753"/><TextEquiv index="1"><Unicode>beth, m'avoir caché ce qui ſe paſ-</Unicode></TextEquiv></TextLine><TextLine id="r3_l004"><Coords points="1764,856 1763,856 1763,833 1763,832 1610,832 1609,832 1609,830 1609,829 1496,829 1495,830 1495,835 1495,835 1491,835 1490,836 1490,839 1490,839 1483,839 1482,840 1482,842 1482,842 1474,842 1473,842 1473,840 1473,839 1469,839 1468,839 1468,830 1468,829 1267,829 1266,829 1266,826 1266,825 1007,825 1006,825 1006,823 1006,822 576,822 575,823 575,839 575,839 572,839 571,839 571,819 571,818 528,818 527,818 527,816 527,815 524,815 523,815 523,812 524,811 527,811 527,811 527,778 528,777 531,777 531,777 531,771 532,770 536,770 536,770 536,761 537,760 540,760 540,760 540,758 541,757 549,757 549,757 549,754 550,753 567,753 567,753 567,751 568,750 571,750 571,751 571,753 572,753 575,753 575,754 575,757 576,757 637,757 637,758 637,760 638,760 641,760 641,761 641,774 642,774 663,774 663,775 663,777 664,777 668,777 668,778 668,781 669,781 760,781 760,781 760,758 761,757 786,757 786,758 786,762 787,762 791,762 791,763 791,770 792,770 866,770 866,771 866,781 867,781 1020,781 1020,782 1020,784 1021,784 1319,784 1319,785 1319,788 1320,788 1420,788 1420,788 1420,785 1421,784 1424,784 1424,785 1424,788 1425,788 1565,788 1565,788 1565,785 1566,784 1578,784 1578,785 1578,788 1579,788 1658,788 1658,788 1658,771 1659,770 1662,770 1662,770 1662,768 1663,767 1675,767 1675,768 1675,784 1676,784 1688,784 1688,785 1688,791 1689,791 1860,791 1860,791 1860,771 1861,770 1882,770 1882,771 1882,791 1883,791 2080,791 2080,791 2080,789 2081,788 2084,788 2084,788 2084,782 2085,781 2089,781 2089,781 2089,778 2090,777 2093,777 2093,777 2093,775 2094,774 2097,774 2097,774 2097,771 2098,770 2106,770 2106,770 2106,768 2107,767 2119,767 2119,768 2119,770 2120,770 2124,770 2124,771 2124,774 2125,774 2141,774 2141,775 2141,794 2141,794 2129,794 2128,795 2128,832 2128,832 2125,832 2124,833 2124,835 2124,835 2112,835 2111,835 2111,833 2111,832 1971,832 1970,833 1970,835 1970,835 1958,835 1957,835 1957,833 1957,832 1795,832 1794,833 1794,853 1794,853 1791,853 1790,854 1790,856 1790,856"/><TextEquiv index="1"><Unicode>ſoit dans ton cœur; toi qui es ſi</Unicode></TextEquiv></TextLine><TextLine id="r3_l005"><Coords points="519,857 2147,857 2147,956 519,956"/><TextEquiv index="1"><Unicode>franche, qui ne peux rien taire?</Unicode></TextEquiv></TextLine><TextLine id="r3_l006"><Coords points="515,967 2125,967 2125,1046 515,1046"/><TextEquiv index="1"><Unicode>Je t'aurois aidée à bannir un ſenti-</Unicode></TextEquiv></TextLine><TextLine id="r3_l007"><Coords points="515,1076 2125,1076 2125,1172 515,1172"/><TextEquiv index="1"><Unicode>ment, que le filence &amp; le temps</Unicode></TextEquiv></TextLine><TextLine id="r3_l008"><Coords points="510,1183 2120,1183 2120,1275 510,1275"/><TextEquiv index="1"><Unicode>n'ont fait qu'accroître. Si tu pou-</Unicode></TextEquiv></TextLine><TextLine id="r3_l009"><Coords points="506,1286 2134,1286 2134,1361 506,1361"/><TextEquiv index="1"><Unicode>vois réfléchir un moment ſur ton</Unicode></TextEquiv></TextLine><TextLine id="r3_l010"><Coords points="502,1395 2116,1395 2116,1481 502,1481"/><TextEquiv index="1"><Unicode>propre caractere &amp; ſur les cir-</Unicode></TextEquiv></TextLine><TextLine id="r3_l011"><Coords points="502,1498 2120,1498 2120,1587 502,1587"/><TextEquiv index="1"><Unicode>conſtances qui accompagnent ton</Unicode></TextEquiv></TextLine><TextLine id="r3_l012"><Coords points="502,1601 2129,1601 2129,1700 502,1700"/><TextEquiv index="1"><Unicode>amour, tu ſerois effrayée des maux</Unicode></TextEquiv></TextLine><TextLine id="r3_l013"><Coords points="497,1707 2103,1707 2103,1796 497,1796"/><TextEquiv index="1"><Unicode>que tu te prépares; toi, à qui l'a-</Unicode></TextEquiv></TextLine><TextLine id="r3_l014"><Coords points="497,1810 2120,1810 2120,1899 497,1899"/><TextEquiv index="1"><Unicode>mitié a déja fait verſer plus de lar-</Unicode></TextEquiv></TextLine><TextLine id="r3_l015"><Coords points="493,1916 2120,1916 2120,2015 493,2015"/><TextEquiv index="1"><Unicode>mes, que jamais l'amante la plus</Unicode></TextEquiv></TextLine><TextLine id="r3_l016"><Coords points="493,2015 2094,2015 2094,2112 493,2112"/><TextEquiv index="1"><Unicode>infortunée n'en pourroit répandre.</Unicode></TextEquiv></TextLine><TextLine id="r3_l017"><Coords points="493,2125 2112,2125 2112,2218 493,2218"/><TextEquiv index="1"><Unicode>Que ſera-ce donc, quand des obſta-</Unicode></TextEquiv></TextLine><TextLine id="r3_l018"><Coords points="488,2228 2103,2228 2103,2321 488,2321"/><TextEquiv index="1"><Unicode>cles ſans ceſſe renaiſſants ſeront gé-</Unicode></TextEquiv></TextLine><TextLine id="r3_l019"><Coords points="488,2324 2094,2324 2094,2424 488,2424"/><TextEquiv index="1"><Unicode>mir ta tendreſſe? Ah! trop ſenſible</Unicode></TextEquiv></TextLine><TextLine id="r3_l020"><Coords points="2081,2536 2080,2536 2080,2478 2080,2477 2076,2477 2075,2478 2075,2505 2075,2505 2072,2505 2071,2506 2071,2508 2071,2508 2063,2508 2062,2509 2062,2512 2062,2512 2059,2512 2058,2513 2058,2529 2058,2529 2050,2529 2049,2529 2049,2509 2049,2508 1958,2508 1957,2508 1957,2506 1957,2505 1830,2505 1829,2506 1829,2508 1829,2508 1821,2508 1820,2508 1820,2506 1820,2505 1698,2505 1697,2506 1697,2515 1697,2515 1685,2515 1684,2515 1684,2513 1684,2512 1601,2512 1600,2513 1600,2525 1600,2525 1575,2525 1574,2525 1574,2506 1574,2505 1368,2505 1367,2506 1367,2525 1367,2525 1355,2525 1354,2526 1354,2536 1354,2536 1351,2536 1350,2536 1350,2502 1350,2501 1219,2501 1218,2502 1218,2505 1218,2505 1214,2505 1213,2506 1213,2508 1213,2508 1188,2508 1187,2509 1187,2512 1187,2512 1183,2512 1182,2512 1182,2509 1182,2508 1179,2508 1178,2508 1178,2506 1178,2505 1065,2505 1064,2506 1064,2508 1064,2508 1060,2508 1059,2508 1059,2506 1059,2505 933,2505 932,2506 932,2508 932,2508 836,2508 835,2509 835,2529 835,2529 831,2529 830,2530 830,2532 830,2532 818,2532 817,2533 817,2536 817,2536 814,2536 813,2536 813,2530 813,2529 809,2529 808,2529 808,2526 808,2525 805,2525 804,2525 804,2520 804,2519 726,2519 725,2519 725,2516 725,2515 721,2515 720,2515 720,2509 720,2508 585,2508 584,2508 584,2506 584,2505 488,2505 487,2505 487,2499 487,2498 484,2498 483,2498 483,2492 484,2491 487,2491 487,2491 487,2465 488,2464 492,2464 492,2464 492,2461 493,2460 514,2460 514,2461 514,2464 515,2464 624,2464 624,2464 624,2444 625,2443 641,2443 641,2444 641,2464 642,2464 685,2464 685,2465 685,2467 686,2467 694,2467 694,2468 694,2474 695,2474 786,2474 786,2474 786,2472 787,2471 795,2471 795,2471 795,2468 796,2467 844,2467 844,2467 844,2465 845,2464 923,2464 923,2465 923,2467 924,2467 1015,2467 1015,2467 1015,2465 1016,2464 1081,2464 1081,2464 1081,2454 1082,2453 1152,2453 1152,2453 1152,2451 1153,2450 1156,2450 1156,2450 1156,2448 1157,2447 1160,2447 1160,2447 1160,2444 1161,2443 1165,2443 1165,2443 1165,2441 1166,2440 1248,2440 1248,2441 1248,2443 1249,2443 1253,2443 1253,2444 1253,2464 1254,2464 1350,2464 1350,2464 1350,2441 1351,2440 1354,2440 1354,2440 1354,2437 1355,2436 1363,2436 1363,2437 1363,2440 1364,2440 1367,2440 1367,2441 1367,2460 1368,2460 1561,2460 1561,2461 1561,2464 1562,2464 1658,2464 1658,2464 1658,2461 1659,2460 1680,2460 1680,2460 1680,2444 1681,2443 1693,2443 1693,2444 1693,2453 1694,2453 1697,2453 1697,2454 1697,2464 1698,2464 1829,2464 1829,2464 1829,2448 1830,2447 1834,2447 1834,2447 1834,2444 1835,2443 1856,2443 1856,2444 1856,2447 1857,2447 1860,2447 1860,2448 1860,2460 1861,2460 1961,2460 1961,2461 1961,2464 1962,2464 2049,2464 2049,2464 2049,2448 2050,2447 2053,2447 2053,2447 2053,2444 2054,2443 2093,2443 2093,2444 2093,2471 2094,2471 2097,2471 2097,2472 2097,2477 2097,2477 2085,2477 2084,2478 2084,2535 2084,2535 2083,2535 2082,2536"/><TextEquiv index="1"><Unicode>amie, que ne ſuis-je auprès de toi</Unicode></TextEquiv></TextLine><TextLine id="r3_l021"><Coords points="524,2638 523,2638 523,2636 523,2635 488,2635 487,2635 487,2633 487,2632 480,2632 479,2632 479,2571 480,2570 738,2570 738,2570 738,2567 739,2566 764,2566 764,2566 764,2557 765,2556 778,2556 778,2557 778,2560 779,2560 782,2560 782,2561 782,2570 783,2570 918,2570 918,2570 918,2557 919,2556 923,2556 923,2556 923,2554 924,2553 936,2553 936,2554 936,2556 937,2556 940,2556 940,2557 940,2563 941,2563 971,2563 971,2564 971,2566 972,2566 1350,2566 1350,2566 1350,2537 1351,2536 1354,2536 1354,2537 1354,2566 1355,2566 1429,2566 1429,2566 1429,2550 1430,2549 1433,2549 1433,2549 1433,2547 1434,2546 1446,2546 1446,2547 1446,2566 1447,2566 1587,2566 1587,2566 1587,2561 1588,2560 1592,2560 1592,2560 1592,2550 1593,2549 1596,2549 1596,2549 1596,2547 1597,2546 1609,2546 1609,2546 1609,2544 1610,2543 1618,2543 1618,2544 1618,2546 1619,2546 1649,2546 1649,2547 1649,2570 1650,2570 1693,2570 1693,2570 1693,2567 1694,2566 1746,2566 1746,2566 1746,2550 1747,2549 1873,2549 1873,2549 1873,2547 1874,2546 1877,2546 1877,2547 1877,2549 1878,2549 1882,2549 1882,2550 1882,2553 1883,2553 1891,2553 1891,2554 1891,2556 1892,2556 2045,2556 2045,2556 2045,2550 2046,2549 2071,2549 2071,2549 2071,2547 2072,2546 2075,2546 2075,2546 2075,2537 2076,2536 2082,2536 2083,2535 2084,2535 2084,2536 2084,2577 2085,2577 2089,2577 2089,2578 2089,2584 2089,2584 2076,2584 2075,2585 2075,2604 2075,2604 2072,2604 2071,2605 2071,2614 2071,2614 2054,2614 2053,2614 2053,2612 2053,2611 1958,2611 1957,2612 1957,2614 1957,2614 1936,2614 1935,2614 1935,2612 1935,2611 1813,2611 1804,2611 1803,2612 1803,2614 1803,2614 1795,2614 1794,2614 1794,2612 1794,2611 1588,2611 1587,2611 1587,2609 1587,2608 1403,2608 1402,2609 1402,2611 1402,2611 1386,2611 1385,2611 1385,2609 1385,2608 1219,2608 1218,2609 1218,2611 1218,2611 1210,2611 1209,2611 1209,2609 1209,2608 1021,2608 1020,2609 1020,2611 1020,2611 752,2611 751,2612 751,2614 751,2614 743,2614 742,2614 742,2612 742,2611 537,2611 536,2612 536,2632 536,2632 532,2632 531,2633 531,2638 531,2638"/><TextEquiv index="1"><Unicode>pour t'arrêter au moins ſur le borc</Unicode></TextEquiv></TextLine><TextLine id="r3_l022"><Coords points="471,2650 2085,2650 2085,2746 471,2746"/><TextEquiv index="1"><Unicode>du précipice! Mes vceux &amp; mer</Unicode></TextEquiv></TextLine></TextRegion></Page></PcGts>