2480 3507
827 1563 2226 1649 ueL trouble ra lettre auroit
612 1670 2230 1769 evé dans mon ame, ſi une juſte
612 1786 2222 1884 confiance & la pureté de mes ſen-
612 1884 2239 1981 fiments n'euffent effacé l'effrayante
607 1998 2244 2091 peinture des maux que tu me pré-
607 2101 2235 2197 ſages. Se peut-il, chere Henriette,
612 2208 2235 2300 que tes allarmes ſoient finceres?
616 2310 2235 2406 Non, ta tendre amitié a voulu me
612 2413 2244 2506 faire craindre tous les malheurs,
612 2523 2239 2619 pour m'épargner juſqu'au plus léger:
607 2633 2230 2718 mais ſi tu cornoiſſois le chevalier,
607 2725 2252 2821 ſi tu me connoifſois bier moi-
580 398 756 488 L
612 501 2222 590 neſtes? Hâte-toi de m'écrire & de
612 627 1606 713 diſſiper mes craintes.
628 966 2124 1093 LETTRE V.
757 1152 2050 1299 DA,
867 1310 1896 1409 Madamer.
