2480 3507
541 396 725 480 .
541 504 2160 597 lui-mme l'adore, la pratique, c'et
572 610 2164 699 ce qu'il chrit le plus en moi. Tu
568 710 2160 806 pourras en juger par une lettre que
572 823 2169 912 je reois de lui dans le moment,
576 926 2164 1015 & que je joindrai  celle-ci. Tu
568 1032 2169 1121 era convaincue que, nous voir,
568 1142 2164 1227 nous parler avec une intime con-
515 1241 2173 1334 fiance, onger l'un  l'autre, et
572 1347 2173 1433 toute notre flicit. Nous ne voyons
568 1453 2173 1525 rien au - de-l: mais i mes deirs
563 1560 2186 1652 aloient plus loin, ils ne eroient
550 1663 2186 1755 pas ans epoir; le chevalier n'a
550 1772 2191 1871 point prononc es vux, il et
554 1871 2204 1964 abolument libre par les loix, il
572 1981 2200 2074 n'et engag que par la dmarche
576 2088 2204 2180 qu'il a faite pour, complaire  a
572 2190 2204 2266 mere; mais comme la mort vient
546 2293 2208 2386 de lui ravir on frere an, qui toit
541 2400 2213 2492 la eule eprance de a famille,
550 2506 2213 2605 cet venement pourroit changer
572 2612 2222 2698 a detine. Cependant le comte
541 2715 2230 2807 de...... on grand-pere, ne lui
