2480 3507
359 490 1967 583 a rien encore tmoign  cet gard,
381 597 1972 689 & il attend avec autant d'inqui-
377 703 1972 792 tude que de oumiion l'arrt de
363 806 1976 895 on ort; car a mere a la paion
362 907 1979 1007 d'avoir: un fils chevalier de Malte-
314 1005 1988 1106 Mais comme la fortune emporte la
372 1107 1989 1207 balance dans preque toutes les d-
332 1224 1989 1316 librations, le chevalier epere que
380 1329 1993 1428 on grand-pere, qui detinoit un
384 1426 2002 1524 riche-hritage  on frere, lur era
381 1539 2003 1628 quitter on tat en faveur du deir
381 1645 2003 1741 qu'il a de perptuer on nom. Il e
381 1748 2011 1837 flatte encore que quelque rpu-
381 1855 2011 1947 gnance & quelqu'obtacle que a
416 1957 2016 2046 mere voult aporter  cet change,
394 2064 2020 2149 le comte la feroit condecendre
394 2166 2020 2256 a volont, parceque la marquie
390 2269 2025 2365 tenant tout de a gnroit, elle
399 2376 2029 2468 ne s'expoeroit point  perdre es
399 2482 2029 2571 bienfaits par un refus qui le blee-
390 2585 2034 2674 roit dans la choe qui le touche da-
408 2691 2034 2780 vantage; aini tu vois qu' le bien
1821 387 1954 456 L
