2480 3507
577 480 2180 579 confidérer, il n'y a que patience à
577 593 1988 693 prendre, & conſtance à garder.
695 703 2184 792 J'avoue que tout cela eſt fort in-
572 809 2184 902 certain; mais aſſez heureuſe pour
564 912 2184 1008 ſçavoir jouir du préſent, je n'em-
559 1018 2175 1111 poiſonne point les plaifirs actuels,
559 1128 2180 1220 par la crainte d'un avenir que je ne
564 1238 1686 1327 verrai peut-être jamais.
681 1340 2193 1433 Je puis encore te raſſurer, ſur les
555 1450 2184 1539 obſtacles que tu me fais prévoir du
559 1556 2189 1645 côté de mon oncle; rne m'a plurs
550 1659 2184 1752 parlé de ſes projets, il ne paroît
555 1765 2189 1861 pas même qu'i ſonge à me marier
564 1872 2189 1964 ſitôt: ſon amitié pour moi ſemble
559 1975 2193 2067 s'accroître de plus en plus, & ſans
546 2084 2184 2173 les inſtants d'humeur qui lui paſſent
546 2187 2184 2280 ſubitement & dont je ne puis démê-
555 2293 2189 2379 ler la cauſe, je ſerois très heureuſe
555 2400 2189 2492 avec lui; excepté cependant qu'il
555 2506 2193 2595 m'ennuie ſouvent par l'éternel récit
555 2612 2193 2705 des amitiés, des honneurs qu'il a
533 2718 2189 2811 reçus, des éloges qu'on a faits de li.
550 357 747 455 a
