2480 3507
594 346 721 429 Lt
598 470 2184 562 lieu de l'eprer, mon oncle et
598 573 2184 665 homme  acrifier les trois quarts
598 679 2189 778 de a fortune pour e l'attacher, en
594 785 2189 888 me faifant une dot capable de
594 895 2193 984 remplir les prtentions de a famille.
594 987 2197 1090 Sois donc tranquille, chere Hen-
590 1104 2193 1196 riette, ur le prent & ur l'avenir.
690 1207 2197 1299 Tu vois, que ans trop me flatter,
590 1316 2202 1405 je puis me livrer  un epoir char-
590 1419 2202 1512 mant, fond ur des poibilits rel-
585 1525 2210 1618 les: rjouis toi donc avec ton Elia-
585 1628 2202 1707 beth de on bonheur. Ah Hen-
581 1735 2206 1842 riette, c'en et un bien grand d'ai-
585 1842 2206 1937 mer! lui eul vaut mieux que tous
581 1954 2210 2043 les autres runis. Il n'en et aucun
585 2053 2219 2149 qui ne laie quelque choe  de-
577 2160 2215 2264 firer; celui-l occupe toutes les fa-
581 2264 2224 2365 cults de l'ame, il comble tous les
564 2372 2219 2458 vux. Je ne forme nul ouhait i ce
577 2472 2219 2574 n'et celui de te voir; mais je dois
577 2585 2224 2681 encore  l'amour la force de up-
577 2691 1485 2807 porter ton abence.
2097 2790 2224 2859 Je
