2480 3507
360 2804 763 2873 Partie I.
351 501 1833 590 Je parle ouvent de toi  Luzan,
253 607 1842 696 mon plus grand plaiir et de l'en-
253 710 1846 799 tretenir de la incere arniti qui
253 819 1851 905 regne entre nous. Je m'apperois
249 922 1842 1008 que ma vive tendree pour toi ne
249 1025 1846 1111 contribue pas peu  lui donner une
249 1128 1851 1217 bonne opinion de mon cur. Il a
253 1234 1851 1323 le plus grand empreement de faire
253 1337 1851 1412 connoiance avec toi; cela n'et
240 1440 1851 1532 point tonnant; il uffiroit de par-
231 1549 1851 1639 ler de toi pour exciter la curioit
240 1652 1851 1738 de lhomme le plus indiffrent.
226 1755 1851 1844 Juge, i Luzan, n enible & ido-
231 1861 1851 1947 ltre du mrite, doit tre impatient
231 1964 1855 2050 de te voir. Quand ce jour i vive-
226 2067 1855 2142 ment deir viendra-t -il? Ah! chere
226 2173 1855 2259 Henriette, ta prence nous ren-
226 2280 1873 2369 droit trop heureux; mais tu parta-
226 2379 1864 2482 gerois notre bonheur, ans cela
222 2485 1545 2578 nous ne pourrions y uffire.
377 2591 1860 2684 L'heure de la pote me pre,
217 2698 1864 2794 je n'ai lu que deux fois la lettre de
