2480 3507
620 439 2206 542 Luzan, renvoie-la moi, je t'en prie.
620 562 922 631 Adieu.
712 932 2132 1039 LETTRE VI.
756 1131 2066 1214 Du Chevalier de Luzan,
843 1515 2228 1608 ea après vous avoir quittée,
633 1621 2237 1721 je trouvai chez moi une lettre de
633 1728 2241 1824 mon grand-pere, qui me marquoit
638 1834 2237 1927 de partir ſur le champ pour A....
638 1937 2241 2016 Jamais ordre ne me coûta tant à
638 2043 2250 2132 exécuter. Accoutumé dès long-
638 2149 2250 2245 temps à ſacrifier mes goûts à la ſa-
642 2256 2256 2345 tisfaction de mes parents, leur vo-
642 2362 2254 2451 lonté étoit mon unique loi: mais
642 2468 2254 2564 qu'elle me parut rigoureuſe! elle
642 2578 2254 2667 m'éloignoit de vous. La lenteur,
642 2681 2256 2780 que je mis à me déterminer, me fit
629 1440 819 1578 H
