2480 3507
315 535 1887 631 arriver tard. Il y avoit nombreue
310 645 1892 741 compagnie, le comte me querella,
310 754 1901 847 les femmes me firent des plaian-
310 860 1901 950 teries, axquelles je ne pus rpon-
310 963 1901 1052 dre, tant j'tois urpris de l'impre-
306 1070 1905 1159 ion qu'elles me faioient, & occup
310 1172 1910 1269 comparer. Je puis dire ans vou-
306 1269 1905 1368 loir flatter Eliabeth, qu'elle me
301 1382 1910 1474 parut i uprieure aux peronnes
306 1488 1914 1580 que je voyois, que je me peruadai
297 1591 1910 1683 qu'elles n'toient pas de on exe,
301 1700 1905 1796 ou qu'elle-mme toit une divinit.
297 1796 1914 1889 Ce qui me confirme dans ce enti-
292 1909 1910 1992 ment, c'et la certitude qu'aucune
288 2016 1458 2081 iIluion ne l'a fait natre.
416 2115 1914 2201 Je vous trouve belle ans doute,
287 2224 1913 2320 & trop peut-tre pour mon repos.
283 2316 1913 2423 II et impoible de voir vos graces
261 2430 1914 2523 ans en tre touch; mais ce que
275 2540 1954 2629 j'admire le plus en vous, c'et cet
275 2643 1910 2735 eprit jute & pntrant, c'et cette
248 2746 1910 2821 ra ion claire & ublime i rare-
1763 429 1887 507 L
1427 2852 1595 2938 Eii
