2480 3507
324 439 1924 549 mon déſeſpoir! mais il ne ſe peut
324 562 1924 648 que ce malheur m'arrive; les ſenti-
315 664 1919 765 ments, que vous m'avez inſpirés,
319 764 1923 869 ſont ſi purs & me font jouir d'un bon-
316 870 1920 967 heur ſi parfait que nul deſir ne
311 980 1920 1076 ſçauroit le troubler. La crainte de
307 1083 1973 1176 vous déplaire, eſt la ſeule choſe
307 1193 1920 1286 capable d'altérer ma félicité. Vous
302 1299 1916 1378 voir, vous adorer, vous le dire,
298 1405 1968 1495 fait le charme de ma vie; que puis-
298 1512 1916 1604 je ſouhaiter de plus? Heureux par
298 1618 1911 1707 ce qui fait le ſupplice des amants
228 1724 1911 1823 vulgaires, mon cœur, loin de gémir
298 1823 1911 1916 de la certitude que vous ſerez con-
289 1933 1907 2012 ſtamment vertueuſe, vous chérit
294 2043 1280 2132 mille fois davantage.
1802 333 1938 422 L
1377 2780 1574 2879 E i
