2480 3507
587 675 2013 782 LETTRE VII.
781 881 1810 956 De Madame d'Alei,
680 1039 1991 1128 EE.
517 1253 2119 1361 e ne puis plus te condamner,
517 1375 2115 1467 chere Eliſabeth, je ne puis que te
512 1481 2119 1570 plaindre. Il eſt vrai que la poſition
521 1584 2128 1676 du chevalier te laiſſe quelqu'eſpé-
521 1693 2132 1783 rance; mais qu'elle eſt mêlée d'in-
525 1796 2137 1885 certitude, & qu'il faut avoir beſoin
471 1902 2136 1991 de croire pour ſe ſatisfaire d'une
529 1990 2140 2093 ſi foible lueur! Tu apprendras,
530 2112 2146 2197 mais trop tard, que les obſtacles
539 2214 2146 2308 en amour ſont cent fois plus cruels
539 2308 2154 2410 que les impoſſibilités, parce qu'ils
534 2424 2150 2513 laiſſent le trompeur eſpoir de les
539 2530 2150 2619 vaincre, & qu'on n'en triomphe
543 2636 2154 2732 preſque jamais, ſur-tout lorſqu'ils
