2480 3507
551 480 2137 569 La certitude & la paix l'affoiblif-
551 586 2137 665 ent, & malheureuement il ne s'-
560 696 2142 778 teint pas pour tous deux en meme
560 799 2146 884 temps. Nous,  qui il en cote tant
564 905 2151 984 d'aimer; nous, foibles & enibles,
564 1008 2155 1097 retons eules charges d'un enti-
564 1118 2159 1200 ment, qui, aprs avoir fait notre
560 1217 2159 1310 bonheur, fait notre plus cruel up-
569 1320 2168 1416 plice, lorqu'il n'et plus partag.
585 1425 2163 1518 Tu diras que je ne m'occupe qu'
573 1532 2173 1625 prvoir des malheurs; mais ce der-
573 1639 2177 1738 nier tant le plus redoutable & d-
573 1745 2177 1837 pendant aboiument de ta con-
577 1851 2186 1944 duite, j'ai cru devoir t'indiquer
577 1954 2186 2046 les moyens de le prvenir. Je te
577 2060 2190 2142 flicite de la vive amiti du baron,
586 2163 2204 2256 & t'engage  la outenir par la com-
595 2269 2195 2370 plaiance. Le plaiir, qu'il a  dire
595 2370 2199 2465 du bien de lui, et un oible moins
595 2482 2199 2578 rvoltant, que la mchancet de
599 2588 2204 2690 ceux qui ne repirent que pour ca-
599 2690 2208 2794 lomnier; es perptuelles vanteries
