2480 3507
623 1467 2113 1580 LETTRE VIII.
789 1659 2008 1769 DEe,
622 1985 817 2130 O
583 470 2179 562 je ne ſuis point intéreſſée à m'y
592 579 2188 675 tromper. Sa lettre m'a laiſſé une im-
587 682 2188 775 preſſion que je ne puis définir, ſi
592 789 2188 881 ce n'eſt que ma confiance pour lui
596 895 2188 984 eſt abſolument inquiette & incer-
596 1001 2192 1090 taine: je crois qu'il te ſeroit très
596 1107 2131 1176 falutaire d'être dans le même cas-
846 2064 2227 2149 u1..- appelle-moi bonne ....
618 2163 2227 2242 méchante Henriette! Me montrer
618 2266 2227 2365 des doutes offenſants pour ce que
618 2372 2223 2472 j'honore le plus après toi. Soup-
623 2478 2223 2579 çonner d'artifice Luzan! lui dont
627 2579 2223 2681 la candeur & l'honnêteté ont ſeules
627 2694 2223 2794 ſéduit mon cœur! Que ne peux-tu
