2480 3507
638 470 2226 559 obſtacles qu'elle pourroit mettre à
629 573 2222 662 mon bonheur. Enfin je vais tout
633 679 2222 768 employer pour avoir ſon agrément;
629 785 2213 874 elle ne pourra réſiſter à mes arden-
625 888 2217 980 tes ſollicitations. Oui, je ſens que
612 994 2213 1087 je la perſuaderai, puiſqu'il s'agira
620 1100 1355 1169 de vous obtenir.
730 1203 2213 1296 Je lui ai demandé quel puiſſant
612 1310 2208 1399 motif pourroit obliger ſa mere, à
616 1416 2208 1505 s'oppoſer à tout ce que la fortune
607 1522 2208 1608 pouvoit offrir de plus fvorable pour
607 1625 2204 1714 lui. Il m'a appris que la marquiſe
607 1728 2200 1820 avoit été mariée contre ſon gré, non
603 1834 2195 1930 que ſon cœur fût prévenu pour un
598 1940 2200 2033 autre; mais parce qu'ayant paſſé ſes
598 2050 2195 2142 premieres années au couvent, &
594 2149 2191 2242 étant deſtinée à y finir ſes jours, elle
594 2256 2186 2345 avoit une inclination naturelle pour
585 2362 2186 2454 le célibat: la mort d'un frere unique
581 2465 2182 2554 avoit déterminé ſes parents à la ma-
572 2567 2169 2650 rier; ce ſacrifice lui avoit infini-
563 2674 2160 2766 ment coûté. La ſeule choſe qui la
1769 2783 2151 2873 conſola,
