2480 3507
546 501 2151 593 ſtance, mortifiant e pour la marquiſe,
507 610 2142 699 eſt avantageuſe pour le chevalier:
546 717 2146 806 c'eſt même le ſeul point ſur lequel
542 823 2164 919 il fonde quelqu'eſpoir, parceque
542 926 2151 1026 ſon grand - pere étant abſolu dans
542 1026 2146 1128 ſes volontés, il ſe flatte que peut-
542 1138 2151 1227 être il forcera la marquiſe à ſe prê-
542 1244 2155 1334 ter à ſes vues. Il m'a proteſté que,
516 1347 2155 1436 fans le vif deſir qu'il a d'unir ſon
538 1453 2146 1536 ſort au mien, il refuſeroit tout
542 1560 2155 1652 autre parti plus-tôt que d'affliger ſa
542 1690 802 1755 mere.
648 1772 2151 1861 Je l'ai prié de ne rien dire à mon
538 1868 2151 1971 oncle juſqu'à la réponſe de la mar-
538 1988 2155 2081 quiſe, parce qu'au cas de refus, il
533 2088 2159 2177 ſeroit dangereux de commettre ſon
533 2194 2159 2283 amour - propre par des démarches
524 2297 2168 2389 inutiles. Cependant je dois compter
529 2400 2164 2492 ſur un bon ſuccès, ſi j'en crois l'a-
524 2506 2159 2602 mour du chevalier. Tu vois la fin-
516 2615 2168 2705 cere ardeur qu'il met dans ſes
511 2722 2164 2818 rœux: oſe maintenant l'accuſer
