2480 3507
299 494 1905 579 d'adree. Vas, bientt ton admi-
304 603 1905 696 ration pour lui era gale  la
299 706 1896 799 mienne ..... Aimable Henriette!
299 812 1900 902 je te dois de tendres remercie-
299 922 1900 1011 ments pour la age leon que tu ne
299 1025 1900 1127 donnes au ujet de mon oncle. Tu
304 1127 1900 1224 me fais entir, avec autant d'art que
295 1238 1900 1327 de bont, le tort que j'ai eu de
295 1344 1905 1433 critiquer un ridicule qui ne prju-
299 1450 1900 1539 dicie  peronne; tandis que j'ai
290 1556 1900 1645 pa ous ilence pluieurs qualits
295 1659 1900 1748 etimables, qui devroient prvaloir
299 1769 1909 1858 dans mon eprit & mriter tout
299 1875 1900 1961 mon repect. Que je uis confue
295 1981 1905 2067 de mes impatiences & de ma
295 2084 1896 2173 prompte malice  m'en vengen!
295 2190 1900 2280 heureuement elle ne m'et point
299 2293 1896 2386 chappe devant Luzan. Que je
299 2403 1900 2492 rougirois s'il avoit quelques dfauts
295 2499 1896 2595 me pardonner. J'ai beoin de
299 2615 1896 2701 lindulgence de mon amie, mais
299 2722 1896 2807 je veux l'amiration de mon amant;
1403 2825 1562 2914 Fij.
