2480 3507
1678 379 1871 464 L
307 490 1841 586 nration dont tu parois i jaloue.
250 603 1841 693 Arrange-toi la-deus; c'et le pro-
250 706 1850 795 dige le plus rare de la beaut que
250 812 1850 902 celui d'inpirer autant de repect
250 919 1850 1004 que d'amour. L.e eul moyen d'o-
250 1022 1854 1111 prer ce miracle et de voiler oi-
254 1128 1859 1220 gnenement l'excs de notre ten-
250 1238 1859 1323 dree. Mais j'oubliois que tu nom-
259 1344 1868 1419 mes cette rerve diimulation,
263 1450 1863 1536 aini je ne veux plus en parler,
267 1556 1868 1645 de crainte que notre querelle ne re-
263 1663 1868 1728 commence & ne trouble la folide
259 1765 1872 1855 paix que je veux faire demain avec
263 1868 1868 1957 toi. Je compte arriver  midi; je
267 1971 1881 2060 decendrai chez ton oncle. Il n'y a
263 2081 1876 2173 pas apparence que nous faions
263 2187 1876 2276 connoiance, ce voyage, avec le
263 2290 1876 2382 chevalier; car je ne vais  Paris
272 2400 1876 2489 que pour deux fois vingt - quatre
267 2502 1881 2598 heures. Une affaire aez dagra-
267 2605 1885 2701 ble m'y attire. Notre avocat nous
267 2715 1881 2814 a crit que ce malheureux procs,
