2480 3507
1410 2794 1528 2883 G
386 2762 874 2876 Partie I.
255 480 1844 573 e honte ou de dépit, quand je
263 586 1858 675 ſonge qu'il faut aller prier des hom-
259 689 1858 782 mes intégres de me rendre juſtice-
255 799 1853 884 En vérité j'ai beaucoup de reſpect
255 905 1849 987 pour les vertus de monſieur d'Albi,
259 1008 1858 1094 mais je ſuis très révoltée en cette
255 1111 1853 1193 occaſion, de voir comme ſon amour,
255 1217 1849 1303 pour ce qu'il nomme le bon ordre,
255 1320 1858 1409 l'aveugle ſur l'indécence de ce pro-
250 1426 1858 1495 cédé. Enfin il faut obéir: chere
259 1529 1858 1621 Elizabeth, ta préſence me dédom-
259 1639 1853 1724 magera amplement de ce ſacrifice;
255 1738 1853 1831 je ſuis toute tremblante de joie de
250 1844 1858 1937 ſonger à ce doux moment. Je ne
220 1944 1862 2026 ferai aucune vifite, ſi ce n'eſt à nos
255 2053 1862 2146 juges, pour ne point te quitter.
373 2153 1862 2245 Si ton oncle pouvoit ſe priver de
259 2262 1862 2358 ta compagnie quelques jours & te
259 2365 1862 2444 laiſſer venir avec moi, il ſeroit bien,
268 2475 1866 2561 comme il le croit, le plus aimable
259 2567 1866 2667 homme du monde. Tu verrois que
259 2684 1866 2774 le pays que j'habite n'eſt point tel
1739 377 1849 449 L
