2480 3507
637 350 813 431 L
660 463 2250 555 que tu te le figures. Il y a des hom-
660 569 2254 645 mes vrais, des femmes inceres ...
660 672 2256 768 mais je ne veux pas achever, tu en
660 778 2250 874 jugeras toi-mme; cela te perua-
660 888 2254 980 dera mieux que le plus beau pan-
655 994 2254 1083 gyrique. Adieu, chere & charmante
655 1100 2256 1190 amie. Commence  preentir le ba-
660 1203 2254 1292 ron ur ce petit voyage. Je voudrois
655 1310 2254 1399 bien tre auprs de toi, quand tu
660 1416 2256 1495 recevras la lettre du chevalier; car
655 1519 2254 1611 urement tu la dchireras pour en-
655 1621 2254 1724 lever le cachet, & ton impatience
660 1731 2256 1820 te fera perdre la phrae la plus ten-
655 1841 2254 1920 dre, du moins tu le croiras. Que
660 1940 2254 2033 cet avis modere ta vivacit! je te
655 2050 2256 2136 recommande encore de te prome-
651 2149 2254 2238 ner une heure dans le jardin avant
655 2256 2256 2334 mon arrive; car, i tu tois dans ton
651 2362 2256 2454 appartement, je craindrois que tu ne
647 2468 2256 2561 te prcipites pour m'embraer
647 2567 2256 2667 plus tt. Chere Eliabeth! ron
647 2681 2254 2773 ardente amiti a les tranports de
