2480 3507
629 384 786 466 E
843 1861 2254 1957 lisAeetr! ma chere Eliza-
655 1985 1035 2053 beth!..
1070 1964 2254 2053 oui, toutes les puiſ-
660 2070 2254 2166 ſances humaines ne ſçauroient dé-
659 2179 2255 2276 ſunir nos cœurs. Le mien eſt à vous
654 2275 2255 2388 pour jamais, j'en jure par cette
659 2385 2255 2496 immortelle ſympathie, qui me fit
663 2495 2255 2587 vous aimer avant que de vous avoir
667 2601 2255 2707 vue; j'en jure par vos divins attraits,
663 2704 2255 2813 que je ne puis ceſſer d'adorer ſans
633 483 2228 590 que l'ame de belle. S'il eſt d'une
638 590 2228 699 jolie figure, je t'avertis que je te
642 699 2232 799 fais une guerre terrible, pour t'ap-
638 799 2232 905 prendre à mettre plus de bonne-foi
647 919 1616 1004 dans tes confidences-
747 1265 2145 1378 LETTRE X.
1101 1460 1774 1549 Du Chevalier,
799 1625 2092 1711 E.
655 1771 806 1948 E
