2480 3507
1725 348 1909 436 LEE
294 466 1880 549 ceer de vivre ..... Quelle autre
285 573 1884 662 pourroit me plaire aprs vous avoir
285 675 1884 765 admire? vous poedez tout ce
285 778 1875 867 qui peut charmer le cur & l'eprit.
277 888 1880 977 La nature, prodigue envers vous,
277 994 1888 1088 vous a doue de toutes les gra-
272 1088 1884 1186 ces propres  duire l'incontance
281 1200 1884 1282 mme. Oui, divine Eliabeth, vous
281 1303 1884 1375 eule runiez tous les charmes de
281 1409 1888 1491 votre exe. Il ne rete rien  aimer,
281 1515 1884 1604 ds qu'on vous a vue. Je ens que
281 1621 1880 1700 tant de beaut, de vertu, & de
281 1724 1880 1820 tendree, mrite plus que l'hom-
281 1827 1884 1920 mage d'un mortel: mais mon amour,
285 1933 1880 2022 mon pur amour, a u vous tou-
707 2036 1884 2122 ...O moment plein de
281 2033 685 2112 cher..
285 2139 1884 2228 charmes, que celui o vous con-
285 2245 1880 2334 entites avec tranport  unir nos
285 2352 1932 2437 detines! Souvenir dlicieux, vous
281 2454 1871 2547 ne ortire? jamais de ma mmoire!
285 2561 1871 2646 Trop aimable Elifabeth! ource de
281 2663 1871 2756 ma flicit & des premieres peines
1335 2773 1528 2859 Giii
