2480 3507
556 306 734 407 e.
593 439 2187 528 que mon cur ouffre! comment
588 545 2191 634 vous exprimer ma urprie & ma
584 645 2191 737 douleur? J'avois craint quelque r-
580 754 2191 843 fitance de la part de ma mere;
584 857 2191 950 mais je n'avois pas prvu qu'elle
584 963 2196 1056 eroit inflexible. A peine je lui ai
584 1070 2196 1166 appris les deeins de mon grand-
584 1179 2196 1268 pere, qu'elle m'a regard avec in-
584 1279 2196 1378 dignation- Elle m'a accu de lge-
580 1388 2200 1477 ret & d'artifice; elle prtendoit
588 1491 2200 1580 que j'avois ollicit l'autorit du
588 1597 2205 1687 comte pour enchaner la ienne. Je
588 1704 2200 1793 lui ai reprent avec repect, Ia
593 1810 2200 1899 foumiion aveugle que j'avois tou-
597 1916 2205 2005 jours eute pour es moindres volon-
593 2019 2209 2108 ts; le acrifice que je lui avois fait
593 2125 2205 2214 en prenant un tat i oppo  mon
593 2232 2209 2324 inclination; le ilence que j'avois
597 2334 2205 2427 gard  cet gard depuis dix ans,
580 2441 2205 2537 & que je n'aurois jamais rompu,
597 2547 2209 2636 ans les nouvelles dipoitions du
593 2653 2256 2729 comte. Touche de la incrit de
