2480 3507
1720 306 1900 390 r
286 432 1870 525 puis que gémir & non me plaindre
233 538 1870 631 de la prévention de la marquiſe;
286 641 1874 737 ſoit tendreſſe ou préjugé, elle eſt
282 747 1874 840 perſuadée qu'elle ne deſire que ma
282 847 1900 943 félicité, & cependant mon cœur
282 956 1878 1049 ſe déchire à la ſeule penſée du ſa-
286 1066 1878 1152 crifice qu'elle me demande. Elle
290 1169 1878 1258 exige que je faſſe des vœux ſans
285 1271 1877 1372 délai, que je cache à mon grand-
285 1371 1877 1466 pere la part qu'elle à à cette fubite
282 1484 1883 1553 réſolution........ O douloureuſe
282 1587 1883 1676 alternative! faire un ſerment qui
260 1693 1883 1786 me ſépare à jamais de mon Eliſa-
286 1796 1883 1885 beth, ou cauſer le deſeſpoir d'une
290 1899 1887 1988 mere reſpectable juſque dans ſon
290 2005 1892 2091 erreur: & pour comble de maux,
290 2108 1892 2201 ne pouvoir ni réſiſter ni ſuccom-
290 2214 1887 2293 ber...... oui, mon irréſolution
295 2321 1887 2410 fait mon plus grand ſupplice. Par-
290 2424 1887 2516 donnez, chere Eliſabeth, pardon-
295 2530 1887 2602 nez à votre malheureux amant s'il
295 2639 1883 2718 balance entre la nature & l'amour;
