2480 3507
1678 366 1847 462 sa
246 494 1826 593 ernieres lignes de votre lettre
246 603 1830 696 m'ont cauſé! Je frémis & j'admire
242 706 1830 799 tout à la fois vos héroïques ſenti-
242 809 1835 891 ments; hélasl ils font mon deſeſ-
238 915 1830 1004 poir & mon raviſſement. Ah, Luzan,
238 1022 1839 1100 idole de mon ccœur, charme de ma
238 1128 1839 1207 vie, cher Luzan, votre amour fait
232 1230 1838 1332 mon honheur, & votre vertu ma
237 1331 1842 1428 gloire!..... Oui, l'hommage d'un
242 1447 1843 1525 eur vertueux, comme le votre,
242 1549 1843 1639 eſt plus flatteur pour moi que celut
238 1656 1843 1741 e l'univers entier. Vous implorez
233 1755 1848 1848 mon indulgence; ah! comment
238 1861 1843 1951 pourrois-je ne pas excuſer votre
233 1964 1852 2053 irréſolution; elle me prouve égale-
238 2067 1848 2139 ment & l'excès de votre tendreſſe
242 2170 1848 2259 & votre reſpectable piété; votre
242 2276 1848 2365 ame ne peut avoir de ſi nobles ſen-
242 2382 1852 2472 timents, ſans être capable du plus
202 2485 1852 2588 parfait amour; plus vous honorerez
242 2588 1852 2681 votre mere, plus je ſerai ſûre que
242 2691 1852 2797 vous aimerez Eliſabeth. Croyez
