2480 3507
612 391 726 466 ee
607 483 2204 576 rois d retrouver le calme, qui ne
603 590 2204 686 peut r' tre rendu que par tes nou-
603 703 2204 789 velles ou ta prence. Pars donc,
607 803 2204 895 i tu le peux, aui - tt ma lettre
603 905 2200 998 reue; je n'eus jamais plus beoin
603 1015 2204 1104 de ecours pour m'aider  outenir
603 1124 2204 1210 une vertu, qui n'et je crois point
603 1220 2195 1296 dans mon caractere. Il faut t'ex-
603 1330 2200 1419 pliquer l'nigme. Tu ais avec
603 1436 2213 1525 quelle joie, mle de pou de crainte,
598 1536 2204 1632 j'attendois la rpone de la mar-
603 1639 2204 1735 quie, & combien j'avois lieu d'e-
598 1752 2200 1841 prer qu'elle nous eroit favorable,
598 1858 2200 1947 me flattant que a prvention for-
594 1964 2195 2053 tifie par une mauvaie fortune,
594 2070 2195 2136 ceroit bientt aux offres avartta-
598 2173 2191 2262 geues du comte. Mais vain epoir!
598 2280 2200 2369 elle et, s'il et permis de parler
594 2386 2213 2472 aini, invulnrable dans on pr-
594 2492 2195 2581 jug, & le ciel, qui peut tout, a
594 2598 2195 2687 mis en elle l'aemblage des vertu
590 2698 2191 2794 les plus touchantes, & des dfauts
