2480 3507
650 477 2253 566 moins cot: mais que ne ferois-je
646 586 2244 675 pas pour augmenter l'etime de
650 693 2248 778 Luzan? de quoi ce deir ne me ren-
646 795 2240 884 droit-il pas capable? je ens que je
641 902 2244 991 puis tout immoler  cet epoir.
641 1008 2240 1097 Quel ecret je te rvle, & que
637 1114 2244 1203 d'autres  ma place e feroient un
637 1217 2244 1289 mrite de ce acrifice fait  l'amour,
637 1316 2244 1409 en laiant croire qu'il n'et fond
628 1429 2244 1515 que ur la vertu! mais je ais,
628 1532 2235 1621 chere Henriette, que tu prferes la
628 1635 2235 1736 vrit, telle qu'elle puie tre, au
628 1736 2240 1831 faux clat de l'hypocriie. D'ail-
628 1848 2240 1940 leurs, je n'imagine pas avoir beoin
628 1954 2240 2053 d'indulgence, lorque je acrifie
624 2057 2240 2146 mes plus chers intrts au deir
624 2163 2235 2232 d'accrotre l'admiration de mon
619 2269 2227 2348 amant. Le motif et aez beau, &
610 2372 2235 2458 cette gloire vaut bien  mon ens
619 2475 2227 2561 elle d'un conqurant, d'un mi-
610 2578 2227 2670 nitre, d'un auteur, d'un martyr
610 2687 2222 2790 mme...... oui, d'un martyr;
615 372 784 451 L
