2480 3507
576 480 2244 573 couvre les piéges qu'une conſcience
664 586 2257 675 allarmée montre par - tout où ils
655 689 2248 778 ſont. Je ſuis dans une mortelle agi-
655 795 2248 888 tation. Je ne ſçais où porter mes
603 905 2244 991 craintes & mon eſpoir. Crois-tu
660 1008 2248 1094 que le chevalier condeſcende aux
655 1114 2252 1179 volontés de ſa mere? crois - tu
660 1214 2252 1306 qu'elle-même ne ſe laiſſe point flé-
660 1323 2252 1409 chir aux ardentes prieres de ſon
642 1426 2252 1519 fils? Elle exige de lui qu'il faſſe ſes
651 1532 2248 1615 vœux, ſans en informer le comte,
625 1621 2252 1724 & ſans l'inſtruire de la part qu'elle
633 1738 2248 1820 a à cette contrainte: cette dure
651 1844 2257 1933 condition eſt très honorable pour
647 1951 2257 2040 Luzan; elle prouve juſqu'où va ſa
651 2057 2261 2146 délicate probité, puiſque, dans la
651 2160 2248 2252 choſe d'où dépend ſon bonheur,
642 2266 2252 2358 il eſt réſolu de ne point enfreindre
647 2372 2252 2465 la loi impoſée par la marquiſe,
647 2478 2252 2578 quoique ce fût le ſeul moyen par
642 2581 2252 2674 lequel il pût ſe flatter de la déter-
633 2687 933 2766 miner.
2094 2777 2244 2866 Un
