2480 3507
436 2749 811 2825 Partie I.
454 425 1948 514 Un homme, i vere ur tout ce
344 535 1983 634 qui tient  l'honntet, et capable
339 638 1944 741 des plus vertueux efforts. Je P'y en-
335 751 1944 843 couragerai de tout mon pouvoir,
335 847 1944 932 i les rolutions de a mere ne chan-
334 959 1943 1054 gent point, & dt-il m'en couter
330 1053 1943 1161 la vie, je veux, s'il et poible, que
335 1172 1944 1262 ma vertu l'emporte ur la ienne.
331 1272 1948 1371 Ne pene pas, ma chere, que ce
326 1375 1939 1457 ouhait vienne d'un entiment d'or-
326 1488 1935 1573 gueil. Non, le vu de mon cur
331 1594 1935 1690 et d'tre adore de Luzan, & je
331 1693 1935 1793 ens par moi-mme, qu'il ne peut
326 1803 1939 1896 m'aimer comme je le deire qu'au-
322 1906 1935 1998 tant que je erai parfaite  es yeux.
326 2012 1930 2112 Chere Henriette, tu ais que je
326 2118 1930 2214 formai un emblable vu, ds que
317 2221 1926 2314 je t'aimai. Je t'avouai de bonne
308 2328 1926 2424 foi mes dfauts & la incere envie
322 2434 1926 2523 que j'avois d'y ubtituer de bonnes
326 2537 1926 2626 qualits, pour tre plus aime de
665 2646 1926 2740 ..Amour, amiti, que je
322 2643 630 2739 toi...
1820 339 1944 408 LEE
