2480 3507
577 459 2182 545 vous dois de reconnoiſſance, pour
573 566 2204 651 les nobles ſentiments que vous avez
560 669 2177 758 fait germer dans mon cœur! Si quel-
560 768 2168 860 qu'un au monde étoit aſſez malheu-
560 878 2173 967 reux pour n'avoir nulle vertu, je lui
555 984 2164 1063 conſeillerois d'aimer, ſi toute-fois
551 1090 2155 1179 il étoit ſuſceptible d'une véritable
551 1196 2164 1286 amitié: je réponds qu'il deviendroit
551 1303 2159 1385 bientôt délicat, honnête, franc,
546 1409 2159 1498 généreux, diſcret, indulgent, hu-
533 1512 2155 1591 main, modeſte; en un mot, il ac-
507 1615 2151 1704 querreroit toutes les vertus fociales,
529 1721 2151 1820 excepté cependant la plus eſſen-
524 1824 2151 1920 tielle au bien commun, je veux
516 1937 2142 2026 dire l'équité: car je crois que les
538 2040 2142 2132 amants, (il eſt vrai que l'on peut
538 2146 2146 2238 ſéparer les amis) ne connoiſſent
533 2249 2137 2341 gnere la juſtice; les contradictions,
516 2355 2137 2444 qu'il y a dans ma volonté par rap-
507 2454 2129 2550 port à Luzan, en ſont la preuve,
516 2567 2129 2657 J'amire & je loue ſon extrême
524 2670 2124 2773 condeſcendance pour ſa mere; je
545 324 723 425 L
