2480 3507
570 514 2172 621 ſur le champ, ſi cela eſt en ton
565 638 2172 727 pouvoir. Adieu, chere Henriette,
570 744 2168 842 que j'aime autant & plus peut-être
565 842 2172 936 que mon bien - aimé; il eſt dix
561 953 2168 1052 heures du ſoir, & l'obligeant La-
561 1063 2172 1148 pierre, qui m'a vue tous les jours
565 1169 2172 1265 les larmes aux yeux, en demandant
555 1274 2176 1365 s'il n'y avoit point de lettres de
564 1364 2176 1466 madame d'Albi, veut partir ſur le
561 1484 2185 1570 champ pour te rendre la mienne.
552 1587 2190 1676 Il aura le temps, dit-il, de m'ap-
547 1693 2185 1783 porter des nouvelles, avant que je
543 1796 2185 1879 me couche. Elles ſeront ſi bonnes,
561 1906 2190 1988 aſſure-t-il, qu'elles procureront le
561 2009 2203 2098 ſommeil à ſa bonne maitreſſe, qui
565 2115 2207 2201 ne dormira point tant qu'elle ſera
565 2218 2203 2307 en peine de ſa chere madame
565 2324 2212 2417 d'Albi. Je t'avoue que je n'ai pas
530 2427 2212 2520 aſſez de généroſité pour m'oppoſer
477 2533 2216 2622 au zéle de ce fidele garçon. Je le
574 2643 2225 2735 laiſſe donc aller, il aura un peu de
578 2749 2238 2842 mauvais temps, mais s'il penſoit
