2480 3507
1432 2770 1594 2862 Iii
329 459 1932 535 comme moi, il s'eſtimeroit très
325 559 1932 658 heureux puiſqu'il aura le bonheur
325 669 1928 761 de te voir. Comme il ſera près de
325 771 1932 864 deux heures quand tu recevras ma
321 881 1928 970 lettre, je ne te preſſe plus de partir
321 984 1928 1073 ſur l'inſtant, je craindrois pour ta
325 1090 1928 1179 délicate ſanté, qui ne peut être en
321 1196 1932 1289 danger, ſans y mettre ma vie. Mais
325 1303 1981 1388 conſole au moins ton Eliſabeth,
316 1409 1928 1508 par l'aſſurance d'un prompt départ.
316 1519 1928 1611 Très certainement Lapierre me
316 1625 1928 1723 trouvera encore levée, & ſi la
321 1723 1807 1817 pluie ceſſe je ſerai au jardin ....
321 1834 1928 1906 Où es-tu donc dans ce moment?
325 1940 1923 2029 & Luzan que fait-il? Vous occupez
321 2043 1928 2136 ſans ceſſe l'un & l'autre ma penſée.
