2480 3507
540 377 736 463 e
544 487 2142 586 manité ſeule eût ſuffi pour m'y
544 603 2146 675 déterminer. Cette chere femme eſt
548 710 2146 799 ſi touchée de mes ſoins, qu'elle
544 816 2146 905 bénit le ciel mille fois le jour, de
544 922 2146 1015 ce que dans ſes maux, elle trouve
548 1028 2150 1097 une ſi douce conſolation en moi.
548 1135 2150 1235 Mon air, ni riant ni triſte, mais
548 1235 2155 1330 ſenſible, eſt, dit-elle, ce qui con-
548 1347 2155 1436 vient auprès des malades. Point
553 1453 2155 1539 d'importunes queſtions, encore
553 1556 2159 1649 moins de gémiſſements; une com-
553 1666 2159 1755 paſſion plus active que tendre, des
557 1769 2159 1848 diſcours vrais, nulle fauſſe terreur
553 1875 2159 1975 pour le préſent & pour l'avenir:
557 1978 2164 2077 voila ce qui la charme & ce qu'elle
570 2091 1876 2163 a la bonté d'admirer en moi.
679 2194 2168 2293 Je ſuis trop heureuſe, ma chere,
575 2304 2164 2379 d'adoucir la ſituation de cette bonne
570 2410 2164 2499 maman, par des ſentiments qui me
579 2516 2168 2591 ſont naturels. Nous ſommes fort
579 2622 2164 2715 ſatisfaites l'une de l'autre; & ſi je
575 2725 2159 2821 n'étois preſſée par la circonſtance,
