2480 3507
323 470 1922 569 & que je pue entrer dans les d-
328 583 1922 682 tails, tu admirerois l'hroque fer-
315 689 1918 775 met de madame d'Albi, & ur-
319 795 1918 895 tout a tranquillit & la jutee de
315 898 1918 991 es rflexions, dans des moments
319 1004 1922 1083 o la crainte & la douleur mani-
315 1111 1922 1190 fetent communment toute la foi-
315 1217 1040 1289 blee humaine.
415 1323 1926 1416 Mais j'entends Lapierre dans l'an-
310 1426 1918 1525 tichambre, qui s'agite beaucoup.
310 1536 1913 1628 Le pauvre garon, il brle de te
301 1642 1909 1728 porter de bonnes nouvelles comme
306 1745 1909 1831 il te l'a promis. Il pourra te rendre
305 1847 1904 1949 un bon tmoignage de ma ant,
305 1948 1908 2042 elle et meilleure que jamais. Elle
306 2060 1905 2139 n'a ouffert aucune altration des
297 2170 1905 2259 veilles que je n'ai pas diconti-
306 2276 1905 2365 nues depuis la maladie de ma
306 2379 1900 2468 belle-mere. J'prouve eniblement
301 2489 1900 2581 que, lorqu'on et conduit par le
301 2591 1896 2684 cur, la atisfaction qui en rulte,
297 2694 1896 2790 et un ouverain palliatif  tous les
