2480 3507
279 487 1907 583 fade que uperflu, de donner des
318 593 1911 689 louanges  ceux que nous aimons
318 699 1911 775 de tout notre cur. Sa vive ten-
318 806 1907 895 dree, s'il et vertueux, fait aez
318 912 805 1016 leur loge.
427 1016 1915 1118 Puique je uis ur le chapitre
321 1123 1914 1231 des vrits, permets-moi, chere
321 1230 1914 1326 bonne amie, de t'oberver que tu
326 1347 1920 1436 es un peu trop enible aux com-
322 1453 1920 1543 pliments. Je n'ai pas encore pu d-
326 1563 1920 1656 mler i c'et dfaut ou excs d'a-
326 1673 1920 1755 mour - propre. Peut - tre que ne
331 1769 1920 1861 connoiant pas tout ton mrite, &
331 1879 1920 1964 n'y comptant point, tu as beoin
331 1981 1924 2070 qu'on te raure. Eh! de grace, ois
335 2088 1924 2180 tranquille  ce ujet! Une fois pour
340 2197 1924 2290 toutes, crois-en ton Henriette, qui
335 2300 1924 2401 ne te feroit pas un menfonge pour
335 2401 1924 2499 l'empire du monde, & ne vas plus
340 2513 1920 2585 te mettre dans la tte de faire des
340 2619 1924 2711 acrifices pour augmenter l'admi-
340 2725 1924 2818 ration de Luzan. Comment pour-
1733 377 1907 456 o
