2480 3507
1675 346 1841 411 i
259 449 1854 538 extrme, & es effets ont i ingu-
263 555 1850 648 liers, que je crois qu'il vaut mieux,
267 662 1854 751 avec le fond de raion que je te
263 768 1859 857 connois, te livrer  tes propres lu-
263 874 596 939 mieres.
377 977 1854 1066 Ne crois pas, chere Eliabeth,
263 1083 1868 1169 que emblable  ces amis inhumai-
263 1190 1868 1279 nement prudents, je n'oe donner
263 1292 1868 1361 un coneil dans l'incertitude du
259 1395 1868 1488 uccs, ou la crainte du reproche.
267 1505 1868 1594 Non, ma trs chere, i je ne t'en-
259 1608 1868 1707 eigne rien dans cette occaion,
256 1711 1872 1800 c'et que je ais tout ce qu'il y a
259 1820 1903 1909 attendre d'une ame noble, qui a
259 1923 1876 2016 la gloire de e diriger elle-mme.
259 2029 1876 2118 Je ne te cle point que je redoute-
256 2139 1872 2228 rois le grand empire que l'amour a
256 2238 1872 2334 pris dans ton cur, i je n'tois
256 2348 1868 2441 re que la vertu te tiendra lieu
263 2454 745 2547 de agee.
351 2554 1868 2653 Tu m'inquietes par cette fcheue
