2480 3507
644 466 2231 559 dcouverte que tu dis avoir faite,
644 576 2227 669 & dont j'ignore la caue. Je ne ais
644 682 2227 771 i je me trompe, mais je crois la
640 785 2227 878 deviner, parce que j'ai vu des cho-
636 891 2231 984 es que je n'ai o interprter dans
636 998 2231 1090 le temps, & dont je n'ai pas cru
636 1104 2231 1193 nceaire de t'intruire, pour ne
631 1210 2236 1303 pas t'inquiter, peut - tre par de
631 1316 1482 1405 faues conjectures.
745 1419 2240 1519 Je uis aui impatiente que toi
631 1525 2240 1611 de la rpone de Luzan: envoie la
626 1631 2244 1730 moi, je t'en conjure, itt que tu
626 1729 2244 1826 P'auras reue; je n'ai pas beoin
623 1844 2249 1933 d'ajouter, & lue. Si elle tarde quel-
623 1947 2249 2040 ques jours, je la lirai  Paris, car
618 2053 2249 2142 mon voyage aura lieu ds que ma
614 2156 2249 2232 belle-mere era entirement rta-
609 2262 2258 2352 blie. Adieu, chere Eliabeth, tu
609 2369 2249 2458 vas dormir ans doute; pour moi,
609 2478 2262 2567 je vais paer une grande partie de
614 2581 2266 2684 la nuit, & rement je ne ceerai
2152 2701 2275 2770 de
