2480 3507
595 415 770 504 r
591 511 2184 634 pargne point la tienne, & me fae
595 641 2184 737 rrop oublier ce qu'un entiment
591 754 2188 843 dlicat ne devroit jamais me faire
591 857 2188 956 perdre de vue, qui et de cacher
591 960 2192 1056 oigneuement  l'objet aim, les
600 1066 2188 1168 chagrins dont il n'et que la caue
586 1168 2188 1265 involontaire; aui te promets - je
595 1279 2184 1371 de ma part, d'tre plus rerve &
595 1385 2192 1474 plus tranquille; & j'epere de la
591 1491 2197 1577 tienne, qu'en quelque lieu, en
591 1594 2197 1693 quelque poition que tu ois, tu
591 1697 2201 1769 m'criras ces mots...... Chere
586 1803 2201 1896 Elie, je me porte bien, je t'aime ...
591 1909 2223 1998 Ce n'et aurment pas trop exiger.
582 2016 2206 2105 Tu acceptes la condition, n'et-il
595 2122 1028 2211 pas vrai?
696 2225 2214 2314 Je n'ai reu que quatre lignes
586 2324 2214 2406 du chevalier; elle ont crites en
581 2436 2222 2534 tyle d'oracle. Et moi, qui me crois
599 2533 2218 2632 avec raion, le dieu qui l'inpire,
582 2646 2223 2739 je n'y ai rien conu. La eule choe
586 2753 2219 2845 qui oit intelligible, c'et qu'il me
