2480 3507
564 521 2158 610 ons. Seroit -il vrai en effet que Lu-
515 621 2162 717 zan ft hypocrite? eroit-il poible
568 730 2167 823 qu'il ft coupable du vice que j'ab-
568 836 2162 929 horre le plus, & qui, elon moi, et
559 943 2167 1035 le plus dangereux pour la ocit?
564 1052 2167 1142 Quoi! toutes les vertus que j'ai
559 1155 2171 1248 admires en lui, ne eroient qu'une
555 1262 2175 1354 vaine apparence? Quelle plaie dou-
559 1364 2175 1457 loureue pour mon cur, i nos
559 1474 2184 1556 craintes toient fondes! Mais il
559 1577 2189 1666 ne e peut que l'objet de ma plus
559 1683 2184 1772 haute etime, ne oit qu'illuion.
537 1786 2189 1882 Non, nous ommes trop promptes
555 1889 2189 1978 l'une & l'autre  l'accuer. Sans
564 2002 2189 2088 doute que quelques puiants mo-
559 2105 2197 2194 tifs, dont je erai bientt intruite,
555 2214 2193 2304 brieront le nuage qui t'offuque,
559 2321 2193 2389 & feront voir clair dans une con-
559 2424 2197 2516 duite que nous upectons injute-
559 2530 2202 2626 ment. Je m'arrte  cette derniere
555 2633 2280 2732 pene, comme  la eule que je
542 2742 2215 2838 puie upporter; car c'et mettre
