2480 3507
306 483 1922 597 craignois, parce que j'ai des vues
315 610 1931 703 qui vous ont trs avantageues,
318 736 1925 811 pourvu que vous ne vous y oppo-
319 808 712 905 fiez pas.
432 922 1926 1025 Je uis enible, comme je le
323 1028 1935 1124 dois,  la bont que vous avez de
301 1124 1935 1227 vous occuper de mon bonheur.
306 1241 1935 1340 Vous m'en avez dja donn de i
310 1344 1935 1443 gnreues preuves, que ma recon-
319 1453 1935 1553 noiance et ..... -- Ne parlons
319 1560 1935 1645 pas de reconnoiance, elle fait tort
309 1658 1939 1764 un fentiment dont je uis plus
309 1757 1939 1858 jaloux. -- J'oe vous aurer, mon-
310 1865 1935 1975 fieur, que mon repect gale ma
323 1981 1935 2074 gratitude, & que .... -- Ce n'et
323 2091 1940 2187 pas encore du repect qu'il s'agit;
319 2190 1935 2283 je me contente de la conidration
328 2304 1940 2389 qu'on ne peut refuer  un homme
284 2403 1940 2485 de mon caractere. -- Vous mritez
323 2513 1940 2602 beaucoup -- Je le ais; & vous
323 2615 1931 2711 avez aui combien je uis aim
328 2722 1931 2825 de tous ceux qui me connoient,
1726 377 1918 470 n
