2480 3507
630 353 817 415 e
621 459 2216 559 comme je uis deir par-tout; mais
630 573 2216 665 tout cela et peu pour moi, i....
626 682 1043 751 i....
739 782 2212 874 Il n'a pu continuer. Il a mis on
621 888 2212 980 chapeau devant es yeux pour ca-
599 993 2211 1093 cher, ans doute, on embarras. Il
625 1092 2211 1198 a tou cinq ou ix fois, puis e
620 1198 2215 1306 remettant de on trouble.......-
620 1305 2211 1401 Ecoutez, ma nice, parlez - moi
617 1419 2212 1508 increment; depuis deux ans que
617 1525 2216 1611 vous tes avec moi, vous trouvez-
617 1628 1895 1697 vous atisfaite de votre ort?
726 1735 2216 1827 Je dois mille actions de graces au
613 1841 2216 1923 ciel, &  vous, monfieur, de m'a-
617 1947 2216 2040 voir procur une heureue itua-
617 2053 834 2118 tion.
591 2146 2212 2242 Vous me raviez, chere Elie;
617 2266 2216 2358 votre contentement et ce que j'ai
621 2372 2216 2458 le plus  cur. D'ailleurs il me con-
617 2475 2221 2567 firme dans l'opinion que j'ai tou-
617 2581 2221 2674 jours eue que l'on ne peut me con-
613 2687 2221 2790 notre particulirement, ans s'atta-
2016 2797 2229 2866 cher
