2480 3507
558 511 2161 607 qu'il pt entrer dans l'eprit du
553 621 2156 710 baron d'pouer a nice? Je m'-
553 727 2147 816 tois dja apperue que es atten-
549 833 2156 919 tions pour moi toient au-deus
549 939 2152 1028 de celles d'une imple amiti. Mais
545 1039 2152 1131 j'eprois que, renfermant es en-
545 1148 2147 1244 timents dans les bornes qu'exigeoit
540 1251 2152 1347 a qualit d'oncle, il ne porteroit
536 1361 1858 1450 pas plus loin es prtentions.
654 1464 2147 1560 Les liens du ang, joints  un ge
536 1570 2147 1659 i diproportionn, ne devroient-
531 1680 2156 1765 ils pas tre un obtacle pour ceux
531 1786 2161 1875 de l'amour? Et-il poible que les
527 1889 2191 1978 loix tolrent d'une part ce qu'elles.
531 1992 1607 2064 condamnent de l'autre?
641 2094 2161 2184 Mon oncle, appuy ur la poi-
523 2201 2161 2293 bilit d'un mariage i mal aorti,
523 2307 2169 2396 ne s'occupe qu' obtenir mon con-
527 2413 2169 2482 entement. Je uis doublement affli-
523 2520 2174 2619 ge d'un i bizarre projet: il ruine
518 2629 2178 2715 les eprances que j'avois fondes
518 2729 2218 2828 ur a gnrott, au cas que Ia
