2480 3507
276 549 1850 655 famille u chevalier allgut mon
272 675 973 765 peu de fortune.
373 775 1850 864 D'un autre ct, je erai ans
267 884 1850 977 cee expoe  des percutions,
272 991 1854 1086 d'autant plus cruelles, que je ne
267 1086 1859 1186 pourrai m'y outraire qu'en me
263 1200 1859 1289 privant de la eule protection qui
259 1310 1859 1395 me rete. Mes peines augmentent,
259 1412 1951 1514 e multiplient, & mon epoir dimi-
254 1514 1951 1608 nue chaque jour. Juqu' ce mo-
254 1625 1863 1711 ment, je n'avois vu d'obtacle que
250 1724 1863 1803 du cot du chevalier; maintenant,
245 1827 1863 1928 je uis effraye de ceux qui s'le-
250 1928 1868 2019 vent du mien. Que ma poition et
245 2036 1872 2112 fcheue! comment me conduire
241 2149 1872 2238 avec le baron? J'luderai le plus
245 2252 1876 2345 qu'il me era poible une dclara-
241 2358 1872 2444 tion ouverte de a part: mais puis-
237 2458 1872 2557 je me flatter de lui en faire perdre
228 2567 1872 2660 e deein? Coneille-moi, chere
224 2677 1872 2763 amie, ce qu'il y a de mieux  faire
224 2783 1740 2869 ans une occurrence i dlicate.
1390 2886 1547 2975 Lij
1653 449 1846 528 L
