2480 3507
713 535 2191 624 Mes inquiétudes redoublent ſur
603 641 2191 710 la réſolution du chevalier. S'il obéit
603 744 2195 833 à ſa mere, je n'ai d'autre parti que
603 850 2191 929 celui de rentrer au couvent, non
598 953 2195 1042 pour y conſacrer à Dieu un cœur
598 1059 2191 1148 qui n'eſt plus à moi; mais pour
598 1166 2195 1255 éviter les dangers auxquels nous
598 1265 2204 1358 expoſeroit peut - être un malheur
594 1371 1408 1450 ſans reſſource...
1447 1371 2204 1443 Adieu chere
594 1477 2213 1567 Henriette, mon cœur eſt ſi oppreſſé
590 1580 2217 1673 par la douleur, & mon imagination
590 1687 2217 1776 ſi troublée par la crainte, que je
590 1786 2226 1882 ne puis t'en écrire davantage pour
590 1892 2222 1981 aujourd'hui. J'attends inceſſam-
590 1998 2222 2074 ment des nouvelles du chevalier:
590 2101 2235 2194 ah! Dieu! je ſuis ſaiſie juſqu'au fond
590 2208 2226 2297 du cœur, quand je ſonge à ce
585 2310 2235 2406 qu'elles vont m'apprendre. Compte
581 2410 2178 2516 que je t'en ferai part ſur le champ-
607 411 792 497 a
