2480 3507
580 439 2163 535 eroit jamais faire clater es en-
580 549 2172 638 timents. Mais puique nulle bien-
580 651 2176 744 ance n'a pu retenir cet homme
584 761 2176 854 extravagant, (pardonne i je nomme
584 867 2180 960 aini ton cher oncle,) & de plus un
584 974 2185 1063 adorateur de tes charmes; puique,
589 1080 2185 1169 dis-je, il n'a pas craint de faire
589 1186 2189 1268 connotre a foiblee, il faut viter,
589 1292 2198 1388 comme tu te le propoes, une d-
589 1395 2198 1488 claration plus formelle, mnager
593 1505 2207 1591 beaucoup on amour - propre, le
584 1604 2211 1697 flatter mme, i cela e pouvoit ans
589 1714 2211 1810 bleer la vrit; & i ton extrme
584 1817 2224 1909 franchie te permettoit de dire plus
593 1923 2228 2016 que tu ne penes ; i tu ne peux
593 2029 2228 2118 luder une explication ouverte,
602 2132 2233 2225 que le degr d'alliance qu'il y a en-
597 2238 2233 2331 tre vous, oit employ, comme le
602 2345 2246 2444 eul point ur lequel portent tes refus.
602 2454 2241 2556 Si tu pouvois te roudre, non pas
602 2556 2246 2643 lui dire, mais  lui laier croire,
602 2667 2250 2759 parce qu'il et aez vain pour s'en
