2480 3507
561 494 2157 586 crains pas de te dire que je ne me
561 600 2148 689 pique pas d'autant de ſincérité que
561 703 2148 799 toi. Je répéterai tant de fois à ton
566 799 2148 898 oncle, qu'il eſt dommage que tu
557 908 2157 1004 ſois ſa niéce, que dans cette circon-
557 1015 2152 1100 ſtance, votre amitié mutuelle feroit
560 1120 2217 1213 de vous les plus heureux époux;
557 1227 2161 1316 mais que ces ſortes de mariages,
561 1334 2166 1423 attirant juſtement la cenſure publi-
561 1440 2170 1525 que, troubloient à jamais le repos
561 1543 2170 1628 de ceux qui les contractoient, parce
557 1645 2174 1731 que le tourment de la confcience
557 1745 2174 1820 étoit une fuite invincible du blâme
557 1855 2179 1944 général. Après l'avoir intimidé par
552 1961 2188 2053 ces conſidérations, je lui dirai en-
557 2064 2192 2156 core qu'il eſt dommage que vous
557 2166 2201 2259 ſoyiez ſi proches parents, qu'il fe roit
552 2273 2201 2362 le meilleur des maris, le plus ex-
552 2379 2188 2472 cellent des peres. Laiſſe -moi faire,
561 2485 2205 2574 je te promets de ſi bien nourrir ſa
561 2591 2209 2681 vanité & l'accroître à un tel point,
561 2698 2214 2790 que toutes ſes autres paſſions ſeront
561 363 741 442 .
