<PcGts xmlns="http://schema.primaresearch.org/PAGE/gts/pagecontent/2017-07-15" xmlns:xsi="http://www.w3.org/2001/XMLSchema-instance" xsi:schemaLocation="http://schema.primaresearch.org/PAGE/gts/pagecontent/2017-07-15 http://schema.primaresearch.org/PAGE/gts/pagecontent/2017-07-15/pagecontent.xsd"><Metadata><Creator/><Created>2020-09-14T10:16:41</Created><LastChange>1970-01-01T00:00:00</LastChange><Comments/></Metadata><Page imageFilename="0137.png" imageHeight="3507" imageWidth="2480"><ReadingOrder><OrderedGroup id="g1"><RegionRefIndexed index="0" regionRef="r3"/><RegionRefIndexed index="1" regionRef="r1"/></OrderedGroup></ReadingOrder><TextRegion id="r1" orientation="0.0" type="paragraph"><Coords points="368,444 368,455 367,456 367,457 366,458 363,458 363,469 361,471 359,471 357,473 355,473 355,493 354,494 353,494 352,495 346,495 346,532 523,532 524,533 525,533 526,534 593,534 594,533 595,533 596,532 615,532 616,533 617,533 618,534 728,534 730,536 730,537 731,538 731,540 732,541 732,543 733,544 733,546 734,547 734,549 735,550 735,552 736,553 736,554 737,555 737,557 738,558 738,560 739,561 739,563 740,564 740,566 741,567 741,569 742,570 742,572 743,573 743,574 744,575 744,577 745,578 745,579 744,580 736,580 734,578 734,576 666,576 666,578 664,580 661,580 661,583 659,585 657,585 657,607 659,607 661,609 661,637 703,637 704,638 704,639 705,640 756,640 757,641 757,650 758,651 758,661 759,662 759,671 760,672 760,682 761,683 761,687 760,688 758,688 756,686 756,670 754,670 753,669 752,669 751,668 751,666 666,666 666,668 664,670 661,670 659,672 657,672 657,692 655,694 653,694 650,697 648,697 648,705 646,707 644,707 644,712 642,714 613,714 611,712 611,690 604,690 602,688 600,688 598,686 598,683 526,683 526,686 525,687 524,687 523,688 521,688 519,686 519,666 517,666 515,664 493,664 492,663 492,661 491,660 491,659 490,658 490,656 489,655 489,654 488,653 488,652 487,651 487,649 486,648 486,647 485,646 485,644 484,643 484,642 483,641 483,639 482,638 483,637 629,637 629,635 631,633 633,633 635,631 637,631 637,607 635,607 634,606 634,605 633,604 633,580 473,580 471,578 471,556 377,556 377,576 383,576 385,578 383,580 359,580 359,585 357,587 355,587 355,626 357,626 358,627 358,628 359,629 359,631 361,631 363,633 427,633 429,635 429,637 479,637 481,639 481,640 482,641 482,643 483,644 483,645 484,646 484,648 485,649 485,650 486,651 486,653 487,654 487,655 488,656 488,657 489,658 489,660 490,661 490,662 491,663 490,664 455,664 454,663 454,662 453,661 453,659 372,659 372,661 371,662 371,663 370,664 368,664 366,666 363,666 363,668 361,670 359,670 359,677 357,679 355,679 355,686 354,687 353,687 352,688 350,688 350,710 352,710 353,711 354,711 355,712 355,716 354,717 353,717 352,718 350,718 350,740 392,740 393,741 393,742 394,743 436,743 438,745 438,760 510,760 512,758 515,758 515,756 517,754 519,754 519,745 521,743 523,743 524,744 524,745 525,746 525,747 526,748 526,750 527,751 527,752 528,753 528,754 529,755 529,757 530,758 530,759 531,760 531,762 532,763 532,764 533,765 533,766 532,767 517,767 515,769 512,769 512,789 510,791 508,791 506,789 506,786 442,786 442,789 440,791 355,791 355,828 357,828 359,830 359,843 358,844 358,845 357,846 355,846 355,865 440,865 440,848 442,846 510,846 512,848 512,863 515,863 517,865 580,865 581,864 582,864 583,863 585,863 587,861 589,861 589,852 591,850 677,850 677,848 679,846 686,846 686,824 675,824 672,821 672,819 673,818 700,818 701,819 701,837 703,837 705,839 705,841 707,841 708,842 709,842 710,843 710,846 712,846 714,848 714,850 784,850 785,851 785,852 786,853 786,855 787,856 787,857 788,858 788,860 789,861 789,863 790,864 790,866 791,867 791,869 792,870 792,872 793,873 792,874 727,874 727,876 725,878 723,878 723,896 721,898 692,898 690,896 578,896 576,898 574,898 572,896 569,896 567,894 495,894 493,892 493,878 490,878 488,876 488,874 486,874 484,872 385,872 383,874 377,874 377,876 376,877 375,877 374,878 368,878 367,879 367,880 366,881 363,881 363,883 361,885 359,885 359,892 357,894 355,894 355,929 357,929 359,931 359,942 366,942 368,944 370,944 372,946 372,949 383,949 385,951 385,953 668,953 670,955 670,973 677,973 679,975 679,977 743,977 743,975 745,973 747,973 747,971 748,970 748,969 749,968 751,968 751,964 752,963 753,963 754,962 756,962 756,955 758,953 764,953 765,954 766,954 767,955 821,955 822,956 822,957 823,958 823,959 824,960 824,962 825,963 825,965 826,966 826,968 827,969 827,971 828,972 828,974 829,975 829,976 830,977 830,979 831,980 830,981 810,981 810,999 808,1001 714,1001 712,999 670,999 668,997 668,977 591,977 591,979 589,981 587,981 587,1023 589,1023 591,1025 591,1027 593,1027 596,1030 596,1058 595,1059 594,1059 593,1060 591,1060 591,1080 593,1080 594,1081 595,1081 596,1082 595,1083 594,1083 593,1084 539,1084 538,1085 538,1086 537,1087 530,1087 530,1106 529,1107 529,1108 528,1109 495,1109 494,1108 494,1107 493,1106 493,1104 495,1102 497,1102 497,1084 495,1084 493,1082 493,1080 473,1080 471,1078 471,1060 473,1058 567,1058 569,1056 576,1056 576,1054 578,1052 580,1052 580,1008 578,1008 576,1006 574,1006 573,1005 573,1004 572,1003 572,1001 565,1001 563,999 420,999 418,1001 368,1001 368,1003 367,1004 367,1005 366,1006 359,1006 359,1010 357,1012 355,1012 355,1047 357,1047 359,1049 359,1052 361,1052 363,1054 363,1058 374,1058 375,1059 376,1059 377,1060 377,1080 383,1080 385,1082 405,1082 407,1084 407,1102 405,1104 377,1104 377,1106 374,1109 363,1109 361,1111 359,1111 359,1113 357,1115 355,1115 355,1155 357,1155 359,1157 359,1159 361,1159 363,1161 370,1161 372,1163 372,1166 729,1166 729,1163 730,1162 731,1162 732,1161 734,1161 736,1163 736,1166 743,1166 745,1168 827,1168 828,1169 827,1170 827,1171 826,1172 826,1173 825,1174 825,1175 824,1176 824,1177 823,1178 823,1179 822,1180 822,1181 821,1182 821,1183 820,1184 820,1185 819,1186 819,1187 818,1188 818,1189 817,1190 758,1190 758,1205 756,1207 692,1207 692,1209 691,1210 691,1211 690,1212 670,1212 669,1211 669,1210 668,1209 668,1207 561,1207 560,1206 559,1206 558,1205 558,1190 469,1190 469,1205 468,1206 467,1206 466,1207 438,1207 436,1205 436,1187 355,1187 355,1209 357,1209 358,1210 358,1211 359,1212 357,1214 355,1214 355,1234 357,1234 359,1236 359,1238 361,1238 363,1240 361,1242 355,1242 355,1244 352,1247 350,1247 350,1264 352,1264 353,1265 354,1265 355,1266 355,1269 637,1269 638,1270 639,1270 640,1271 703,1271 705,1269 756,1269 758,1271 774,1271 775,1272 774,1273 774,1274 773,1275 773,1276 772,1277 772,1278 771,1279 771,1280 770,1281 770,1282 769,1283 769,1284 768,1285 768,1286 767,1287 767,1288 766,1289 766,1290 765,1291 765,1292 764,1293 764,1294 763,1295 763,1296 762,1297 762,1298 761,1299 761,1300 760,1301 760,1302 759,1303 759,1304 757,1306 757,1307 756,1308 756,1309 755,1310 755,1311 754,1312 754,1313 752,1315 692,1315 690,1317 688,1317 688,1343 686,1345 683,1345 681,1343 681,1341 644,1341 642,1339 642,1321 640,1321 639,1320 638,1320 637,1319 637,1317 635,1317 633,1315 578,1315 577,1314 577,1313 576,1312 576,1310 473,1310 471,1308 471,1293 381,1293 381,1295 379,1297 368,1297 368,1299 366,1301 363,1301 363,1304 361,1306 359,1306 359,1319 357,1321 355,1321 355,1343 357,1343 359,1345 359,1350 357,1352 355,1352 355,1374 471,1374 471,1372 472,1371 472,1370 473,1369 475,1369 476,1370 476,1371 477,1372 477,1374 607,1374 609,1376 609,1389 686,1389 686,1387 688,1385 703,1385 703,1378 705,1376 720,1376 721,1377 720,1378 720,1379 719,1380 719,1381 718,1382 718,1383 717,1384 717,1385 716,1386 716,1387 715,1388 715,1389 714,1390 714,1391 713,1392 713,1393 712,1394 712,1395 711,1396 711,1397 710,1398 710,1399 709,1400 679,1400 679,1433 690,1433 691,1434 691,1435 692,1436 692,1446 694,1446 695,1447 696,1447 697,1448 697,1453 696,1454 695,1454 694,1455 661,1455 659,1453 659,1431 657,1431 655,1429 655,1426 653,1426 652,1425 651,1425 650,1424 648,1424 646,1422 646,1420 596,1420 595,1419 594,1419 593,1418 482,1418 481,1417 481,1416 480,1415 480,1402 477,1402 475,1400 473,1400 471,1398 471,1396 407,1396 407,1398 405,1400 398,1400 398,1415 397,1416 397,1417 396,1418 381,1418 379,1420 355,1420 355,1442 357,1442 359,1444 359,1453 357,1455 350,1455 350,1472 352,1472 355,1475 355,1477 493,1477 495,1479 642,1479 644,1477 650,1477 650,1475 653,1472 694,1472 697,1475 697,1477 699,1477 701,1479 922,1479 924,1481 924,1483 1001,1483 1001,1481 1003,1479 1010,1479 1012,1477 1014,1477 1014,1431 1012,1431 1010,1429 1010,1426 1008,1426 1006,1424 951,1424 949,1422 949,1402 942,1402 940,1400 876,1400 874,1402 828,1402 828,1404 827,1405 827,1406 826,1407 824,1407 824,1411 823,1412 822,1412 821,1413 819,1413 819,1422 817,1424 810,1424 808,1422 808,1407 745,1407 744,1406 744,1405 743,1404 743,1400 712,1400 711,1399 712,1398 712,1397 713,1396 713,1395 715,1393 715,1392 716,1391 716,1390 717,1389 717,1388 718,1387 718,1386 719,1385 719,1384 720,1383 720,1382 721,1381 721,1380 722,1379 722,1378 724,1376 769,1376 771,1374 817,1374 819,1376 1183,1376 1198,1391 1198,1392 1225,1419 1225,1420 1228,1423 1227,1424 1065,1424 1063,1426 1060,1426 1060,1446 1058,1448 1056,1448 1056,1472 1058,1472 1059,1473 1059,1474 1060,1475 1060,1479 1159,1479 1161,1481 1161,1503 1251,1503 1251,1486 1252,1485 1252,1484 1253,1483 1391,1483 1391,1481 1392,1480 1393,1480 1394,1479 1400,1479 1400,1475 1401,1474 1401,1473 1402,1472 1404,1472 1404,1449 1405,1448 1408,1448 1409,1447 1436,1447 1437,1446 1445,1446 1446,1447 1446,1477 1448,1477 1451,1480 1452,1480 1455,1483 1583,1483 1584,1484 1584,1498 1583,1499 1583,1521 1582,1522 1582,1528 1581,1529 1534,1529 1534,1532 1532,1534 1494,1534 1492,1532 1492,1527 1429,1527 1428,1528 1427,1528 1426,1529 1380,1529 1378,1527 1380,1525 1383,1525 1383,1505 1293,1505 1293,1527 1291,1529 1258,1529 1257,1528 1256,1528 1255,1527 1231,1527 1229,1525 1229,1510 1152,1510 1152,1527 1150,1529 1144,1529 1143,1528 1142,1528 1141,1527 1074,1527 1073,1526 1072,1526 1071,1525 1071,1505 1069,1505 1067,1503 995,1503 994,1504 993,1504 992,1505 916,1505 916,1508 914,1510 911,1510 911,1525 909,1527 854,1527 852,1529 810,1529 810,1532 808,1534 802,1534 800,1536 797,1536 797,1551 796,1552 796,1553 795,1554 745,1554 744,1553 744,1552 743,1551 743,1534 740,1534 738,1532 738,1529 736,1529 734,1527 727,1527 725,1525 725,1523 653,1523 652,1522 651,1522 650,1521 650,1503 578,1503 576,1505 574,1505 574,1521 572,1523 526,1523 525,1522 524,1522 523,1521 455,1521 453,1523 355,1523 355,1525 354,1526 353,1526 352,1527 350,1527 350,1545 352,1545 353,1546 354,1546 355,1547 355,1549 357,1549 359,1551 359,1556 357,1558 355,1558 354,1559 353,1559 352,1560 350,1560 350,1580 352,1580 353,1581 354,1581 355,1582 427,1582 429,1580 462,1580 464,1582 532,1582 534,1580 550,1580 552,1582 716,1582 718,1584 718,1597 721,1597 722,1598 722,1599 723,1600 791,1600 792,1599 792,1598 793,1597 795,1597 795,1595 797,1593 800,1593 802,1591 804,1591 804,1584 806,1582 817,1582 819,1584 819,1606 817,1608 758,1608 758,1611 756,1613 754,1613 754,1630 753,1631 752,1631 751,1632 745,1632 743,1630 743,1615 740,1615 738,1613 732,1613 731,1612 730,1612 729,1611 729,1608 657,1608 657,1611 655,1613 648,1613 648,1617 646,1619 644,1619 644,1632 643,1633 643,1634 642,1635 640,1635 637,1632 635,1632 633,1630 622,1630 620,1628 620,1626 473,1626 471,1624 471,1613 469,1613 468,1612 467,1612 466,1611 466,1608 438,1608 436,1606 355,1606 355,1628 357,1628 359,1630 357,1632 355,1632 355,1652 357,1652 359,1654 359,1657 357,1659 355,1659 355,1678 357,1678 358,1679 358,1680 359,1681 359,1683 554,1683 556,1685 637,1685 638,1684 639,1684 640,1683 642,1683 644,1685 900,1685 901,1686 902,1686 903,1687 903,1689 971,1689 971,1687 973,1685 1001,1685 1003,1687 1003,1689 1058,1689 1059,1690 1059,1691 1060,1692 1060,1696 1120,1696 1122,1698 1122,1709 1155,1709 1157,1711 1157,1714 1155,1716 1144,1716 1143,1717 1142,1717 1141,1718 1139,1718 1139,1722 1136,1725 1136,1726 1133,1729 1131,1729 1131,1733 1130,1734 1129,1734 1128,1735 1034,1735 1033,1736 1033,1737 1032,1738 1030,1738 1030,1740 1029,1741 1028,1741 1027,1742 1025,1742 1025,1746 1022,1749 1022,1750 1019,1753 1017,1753 1016,1752 1015,1752 1014,1751 1014,1735 973,1735 971,1733 971,1731 898,1731 896,1729 896,1711 894,1711 892,1709 892,1707 810,1707 810,1709 808,1711 806,1711 806,1714 804,1716 802,1716 800,1718 797,1718 797,1729 795,1731 793,1731 793,1757 795,1757 796,1758 796,1759 797,1760 795,1762 793,1762 793,1764 791,1766 789,1766 788,1765 787,1765 786,1764 786,1753 784,1753 782,1751 782,1735 780,1735 778,1733 778,1731 631,1731 629,1729 626,1729 624,1727 624,1711 622,1711 620,1709 620,1707 552,1707 552,1709 550,1711 547,1711 547,1727 545,1729 442,1729 440,1731 429,1731 427,1729 363,1729 361,1731 355,1731 355,1751 357,1751 359,1753 361,1753 363,1755 363,1757 366,1757 367,1758 367,1759 368,1760 368,1768 370,1768 371,1769 371,1770 372,1771 372,1775 374,1775 375,1776 376,1776 377,1777 377,1781 379,1781 380,1782 380,1783 381,1784 381,1792 449,1792 449,1790 451,1788 778,1788 780,1786 782,1786 782,1784 783,1783 783,1782 784,1781 786,1781 789,1784 789,1788 935,1788 936,1789 937,1789 938,1790 938,1792 1010,1792 1010,1790 1012,1788 1014,1788 1015,1787 1016,1787 1017,1786 1019,1786 1019,1779 1021,1777 1025,1781 1027,1781 1030,1784 1030,1788 1036,1788 1038,1790 1038,1792 1264,1792 1265,1793 1265,1794 1266,1795 1266,1806 1343,1806 1343,1803 1345,1801 1348,1801 1348,1797 1350,1795 1352,1795 1353,1794 1353,1793 1354,1792 1369,1792 1372,1795 1580,1795 1581,1796 1581,1806 1582,1807 1582,1818 1583,1819 1583,1829 1584,1830 1584,1840 1583,1841 1580,1838 1512,1838 1511,1839 1511,1840 1510,1841 1503,1841 1502,1840 1502,1839 1501,1838 1501,1825 1499,1825 1497,1823 1497,1821 1424,1821 1424,1838 1423,1839 1423,1840 1422,1841 1253,1841 1252,1840 1252,1839 1251,1838 1082,1838 1080,1836 1080,1814 1074,1814 1073,1813 1072,1813 1071,1812 1071,1810 1008,1810 1008,1812 1006,1814 995,1814 995,1817 994,1818 993,1818 992,1819 990,1819 988,1821 986,1821 986,1825 985,1826 985,1827 984,1828 981,1828 981,1836 979,1838 732,1838 731,1837 730,1837 729,1836 729,1834 609,1834 609,1836 607,1838 569,1838 567,1836 567,1834 504,1834 504,1836 503,1837 502,1837 501,1838 372,1838 371,1839 371,1840 370,1841 363,1841 363,1843 361,1845 359,1845 359,1849 358,1850 358,1851 357,1852 355,1852 355,1880 357,1880 359,1882 359,1889 361,1889 363,1891 366,1891 368,1893 368,1895 374,1895 377,1898 377,1915 376,1916 375,1916 374,1917 363,1917 363,1942 361,1944 359,1944 359,1966 357,1968 355,1968 355,1992 357,1992 359,1994 359,1998 462,1998 462,1968 460,1968 458,1966 458,1944 455,1944 453,1942 451,1942 450,1941 450,1940 449,1939 449,1931 447,1931 444,1928 444,1924 442,1924 440,1922 438,1922 436,1920 436,1917 438,1915 471,1915 471,1898 472,1897 472,1896 473,1895 572,1895 572,1893 574,1891 650,1891 651,1892 652,1892 653,1893 653,1895 729,1895 729,1893 730,1892 731,1892 732,1891 734,1891 736,1893 736,1895 1220,1895 1223,1898 1291,1898 1292,1897 1292,1896 1293,1895 1299,1895 1300,1896 1300,1897 1301,1898 1299,1900 1297,1900 1297,1920 1387,1920 1387,1900 1389,1898 1584,1898 1586,1900 1586,1922 1591,1922 1592,1923 1592,1930 1591,1931 1556,1931 1556,1933 1554,1935 1551,1935 1551,1946 1549,1948 1494,1948 1488,1942 1488,1928 1486,1928 1485,1927 1484,1927 1483,1926 1483,1924 1411,1924 1411,1942 1409,1944 1249,1944 1249,1946 1247,1948 1240,1948 1240,1950 1238,1952 1236,1952 1236,1959 1234,1961 1231,1961 1231,1988 1234,1988 1236,1990 1236,1994 1238,1994 1240,1996 1240,1998 1242,1998 1243,1999 1243,2000 1244,2001 1251,2001 1253,2003 1253,2023 1343,2023 1343,2020 1345,2018 1348,2018 1348,2003 1350,2001 1369,2001 1370,2002 1371,2002 1372,2003 1372,2005 1435,2005 1435,2003 1437,2001 1453,2001 1455,2003 1455,2023 1457,2023 1459,2025 1549,2025 1549,2007 1551,2005 1591,2005 1592,2006 1592,2008 1591,2009 1591,2016 1590,2017 1590,2024 1589,2025 1589,2031 1588,2032 1588,2033 1587,2034 1586,2034 1585,2033 1585,2032 1584,2031 1512,2031 1512,2049 1510,2051 1420,2051 1420,2053 1418,2055 1415,2055 1413,2053 1413,2051 1407,2051 1406,2050 1405,2050 1404,2049 1404,2047 1402,2047 1400,2045 1332,2045 1330,2047 1328,2047 1328,2049 1326,2051 1315,2051 1313,2049 1312,2049 1310,2047 1166,2047 1165,2046 1164,2046 1163,2045 1163,2027 1047,2027 1047,2029 1045,2031 1043,2031 1043,2033 1042,2034 1038,2030 1038,2029 1034,2025 1034,2024 1029,2019 1029,2018 1025,2014 1025,2013 1020,2008 1020,2007 1015,2002 1016,2001 1076,2001 1077,2000 1077,1999 1078,1998 1115,1998 1116,1999 1116,2000 1117,2001 1194,2001 1195,2000 1195,1999 1196,1998 1198,1998 1198,1996 1199,1995 1200,1995 1201,1994 1203,1994 1205,1992 1207,1992 1207,1952 1205,1952 1203,1950 1203,1948 1201,1948 1200,1947 1199,1947 1198,1946 1199,1945 1200,1945 1201,1944 1203,1944 1203,1917 1135,1917 1135,1920 1133,1922 1131,1922 1130,1923 1129,1923 1128,1924 1126,1924 1126,1928 1125,1929 1125,1930 1124,1931 1122,1931 1122,1935 1120,1937 1117,1937 1115,1935 1115,1922 1043,1922 1041,1924 1038,1924 1038,1939 1037,1940 1037,1941 1036,1942 999,1942 998,1941 998,1940 997,1939 997,1931 995,1931 992,1928 992,1924 990,1924 988,1922 920,1922 920,1926 918,1928 916,1928 915,1929 915,1930 914,1931 911,1931 911,1939 910,1940 910,1941 909,1942 907,1942 906,1941 906,1940 905,1939 905,1937 837,1937 837,1939 836,1940 836,1941 835,1942 815,1942 814,1941 814,1940 813,1939 813,1937 740,1937 740,1939 739,1940 739,1941 738,1942 727,1942 725,1944 723,1944 723,1950 721,1952 718,1952 718,1988 721,1988 723,1990 723,1992 725,1992 727,1994 729,1994 730,1995 731,1995 732,1996 732,1998 747,1998 748,1999 748,2000 749,2001 817,2001 818,2000 818,1999 819,1998 914,1998 915,1999 915,2000 916,2001 992,2001 995,1998 1009,1998 1011,2000 1011,2001 1016,2006 1016,2007 1020,2011 1020,2012 1025,2017 1025,2018 1030,2023 1030,2024 1034,2028 1034,2029 1039,2034 1039,2035 1043,2039 1043,2049 1045,2049 1047,2051 1049,2051 1050,2052 1051,2052 1052,2053 1052,2073 1051,2074 1050,2074 1049,2075 1047,2075 1045,2073 1045,2071 1030,2071 1029,2070 1028,2070 1027,2069 1025,2069 1024,2068 1024,2067 1023,2066 1023,2051 1021,2051 1019,2049 1019,2047 903,2047 902,2046 901,2046 900,2045 900,2027 898,2027 896,2025 815,2025 813,2027 806,2027 806,2031 805,2032 805,2033 804,2034 802,2034 802,2045 800,2047 797,2047 797,2080 795,2082 793,2082 791,2080 789,2080 786,2077 786,2051 784,2051 782,2049 782,2047 697,2047 696,2046 695,2046 694,2045 631,2045 629,2047 626,2047 626,2049 624,2051 622,2051 620,2049 620,2047 574,2047 572,2045 558,2045 557,2044 557,2042 558,2041 558,2039 559,2038 559,2036 560,2035 560,2033 561,2032 561,2031 562,2030 562,2028 563,2027 563,2025 564,2024 564,2022 565,2021 565,2019 566,2018 566,2016 567,2015 567,2013 568,2012 568,2010 569,2009 569,2007 570,2006 570,2004 571,2003 571,2001 572,2000 572,1999 573,1998 690,1998 690,1996 692,1994 694,1994 694,1972 683,1972 681,1970 683,1968 690,1968 690,1966 691,1965 691,1964 692,1963 694,1963 694,1944 683,1944 681,1942 681,1937 521,1937 521,1939 520,1940 520,1941 519,1942 512,1942 510,1944 504,1944 504,1946 503,1947 502,1947 501,1948 499,1948 499,1957 497,1959 495,1959 495,1981 497,1981 499,1983 499,1988 501,1988 502,1989 503,1989 504,1990 504,1994 510,1994 512,1996 512,1998 569,1998 570,1999 570,2000 569,2001 569,2003 568,2004 568,2006 567,2007 567,2009 566,2010 566,2012 565,2013 565,2015 564,2016 564,2018 563,2019 563,2021 562,2022 562,2024 561,2025 561,2027 560,2028 560,2030 559,2031 559,2033 558,2034 558,2036 557,2037 557,2039 556,2040 556,2042 555,2043 555,2044 554,2045 486,2045 485,2044 485,2043 484,2042 484,2027 486,2025 506,2025 506,2007 442,2007 442,2023 440,2025 385,2025 385,2045 383,2047 377,2047 377,2049 376,2050 375,2050 374,2051 372,2051 372,2053 370,2055 368,2055 367,2056 367,2057 366,2058 363,2058 363,2095 366,2095 368,2097 370,2097 372,2099 374,2099 377,2102 377,2104 533,2104 534,2105 534,2106 533,2107 533,2109 532,2110 532,2112 531,2113 531,2115 530,2116 530,2118 529,2119 529,2121 528,2122 528,2124 527,2125 527,2127 526,2128 526,2130 525,2131 525,2133 524,2134 524,2136 523,2137 523,2139 522,2140 522,2142 521,2143 521,2144 520,2145 520,2147 519,2148 519,2150 518,2151 518,2153 517,2154 504,2154 503,2153 502,2153 501,2152 501,2130 429,2130 427,2132 425,2132 425,2137 423,2139 420,2139 420,2141 418,2143 416,2143 416,2148 414,2150 390,2150 390,2152 389,2153 388,2153 387,2154 355,2154 355,2178 357,2178 359,2180 359,2185 357,2187 355,2187 355,2213 509,2213 510,2214 510,2216 509,2217 509,2226 508,2227 508,2236 507,2237 507,2246 506,2247 506,2256 505,2257 505,2258 504,2259 503,2258 502,2258 501,2257 501,2240 495,2240 494,2239 494,2238 493,2237 493,2235 429,2235 429,2237 428,2238 428,2239 427,2240 425,2240 423,2242 420,2242 420,2255 418,2257 355,2257 355,2286 357,2286 359,2288 359,2312 357,2314 355,2314 355,2340 449,2340 449,2319 450,2318 450,2317 451,2316 511,2316 512,2317 512,2318 513,2319 513,2321 514,2322 514,2325 515,2326 515,2329 516,2330 516,2333 517,2334 517,2337 518,2338 518,2340 519,2341 519,2344 518,2345 490,2345 490,2347 488,2349 477,2349 477,2369 480,2369 482,2371 482,2395 484,2395 486,2397 486,2400 484,2402 477,2402 477,2426 540,2426 541,2427 541,2428 542,2429 542,2432 543,2433 543,2436 544,2437 544,2440 545,2441 545,2443 546,2444 546,2447 547,2448 547,2451 548,2452 548,2455 549,2456 549,2459 550,2460 550,2462 551,2463 551,2466 552,2467 552,2470 551,2471 550,2470 486,2470 484,2472 473,2472 471,2470 471,2452 469,2452 468,2451 467,2451 466,2450 466,2448 381,2448 381,2450 379,2452 372,2452 372,2454 371,2455 371,2456 370,2457 368,2457 368,2470 366,2472 363,2472 363,2474 361,2476 359,2476 359,2496 361,2496 363,2498 366,2498 368,2500 368,2503 366,2505 363,2505 361,2507 359,2507 359,2529 361,2529 363,2531 427,2531 429,2529 567,2529 568,2530 568,2531 569,2532 569,2535 570,2536 570,2539 571,2540 571,2543 572,2544 572,2546 573,2547 573,2550 572,2551 526,2551 526,2553 525,2554 524,2554 523,2555 517,2555 515,2557 512,2557 512,2560 510,2562 508,2562 508,2571 506,2573 504,2573 504,2579 501,2582 499,2582 498,2581 498,2580 497,2579 447,2579 446,2578 445,2578 444,2577 444,2562 442,2562 440,2560 440,2555 433,2555 431,2553 431,2551 368,2551 368,2553 366,2555 363,2555 361,2557 359,2557 359,2579 358,2580 358,2581 357,2582 355,2582 355,2601 357,2601 359,2603 361,2603 362,2604 362,2605 363,2606 363,2608 366,2608 368,2610 368,2639 366,2641 363,2641 363,2658 440,2658 442,2656 444,2656 444,2641 445,2640 446,2640 447,2639 488,2639 488,2636 490,2634 497,2634 499,2632 567,2632 569,2634 699,2634 701,2632 773,2632 775,2634 957,2634 958,2633 959,2633 960,2632 962,2632 962,2603 964,2601 966,2601 966,2582 964,2582 963,2581 963,2580 962,2579 885,2579 883,2577 883,2557 876,2557 874,2555 767,2555 766,2556 765,2556 764,2557 762,2557 762,2562 760,2564 758,2564 758,2566 756,2568 754,2568 754,2573 753,2574 752,2574 751,2575 705,2575 705,2577 703,2579 670,2579 668,2577 668,2562 666,2562 664,2560 664,2555 596,2555 595,2554 594,2554 593,2553 593,2551 576,2551 575,2550 575,2548 574,2547 574,2544 573,2543 573,2540 572,2539 572,2536 571,2535 571,2532 570,2531 570,2530 571,2529 773,2529 773,2518 775,2516 778,2516 780,2518 780,2522 782,2522 783,2523 783,2524 784,2525 784,2527 786,2527 787,2528 788,2528 789,2529 909,2529 911,2531 911,2551 914,2551 916,2553 922,2553 924,2555 988,2555 990,2553 1019,2553 1021,2551 1023,2551 1023,2531 1025,2529 1111,2529 1113,2531 1114,2531 1115,2532 1115,2533 1114,2534 1114,2538 1113,2539 1113,2544 1112,2545 1112,2550 1111,2551 1111,2555 1110,2556 1110,2561 1109,2562 1109,2567 1108,2568 1108,2572 1107,2573 1107,2578 1106,2579 973,2579 973,2632 971,2634 968,2634 968,2656 984,2656 986,2658 1049,2658 1050,2657 1051,2657 1052,2656 1054,2656 1056,2658 1056,2663 1054,2665 1052,2665 1051,2666 1050,2666 1049,2667 1047,2667 1047,2671 1045,2673 1045,2674 1043,2676 1043,2680 1041,2682 955,2682 953,2680 953,2660 867,2660 867,2663 865,2665 863,2665 861,2667 859,2667 859,2674 857,2676 854,2676 854,2680 852,2682 850,2682 848,2680 848,2660 780,2660 778,2658 705,2658 703,2660 701,2660 701,2665 699,2667 697,2667 697,2669 696,2670 695,2670 694,2671 692,2671 692,2680 690,2682 683,2682 681,2680 681,2678 578,2678 578,2680 576,2682 455,2682 454,2683 454,2684 453,2685 433,2685 432,2684 432,2683 431,2682 363,2682 362,2683 362,2684 361,2685 359,2685 359,2706 366,2706 367,2707 367,2708 368,2709 368,2711 370,2711 372,2713 372,2717 374,2717 377,2720 377,2724 379,2724 381,2726 381,2731 379,2733 368,2733 368,2735 366,2737 363,2737 363,2761 366,2761 368,2763 368,2766 436,2766 436,2763 438,2761 444,2761 445,2760 446,2760 447,2759 449,2759 449,2755 450,2754 450,2753 451,2752 453,2752 453,2744 455,2742 607,2742 607,2739 609,2737 734,2737 736,2739 736,2742 808,2742 808,2739 810,2737 905,2737 907,2739 907,2742 1120,2742 1122,2744 1122,2761 1124,2761 1126,2763 1126,2766 1212,2766 1212,2763 1214,2761 1216,2761 1216,2744 1218,2742 1229,2742 1231,2744 1231,2746 1308,2746 1308,2744 1310,2742 1321,2742 1323,2744 1323,2746 1326,2746 1328,2748 1328,2770 1422,2770 1422,2750 1424,2748 1518,2748 1519,2749 1520,2749 1521,2750 1521,2770 1523,2770 1524,2771 1619,2771 1619,2755 1620,2754 1620,2753 1621,2752 1716,2752 1716,2750 1718,2748 1865,2748 1867,2750 1867,2752 2005,2752 2005,2720 2006,2719 2006,2718 2007,2717 2007,2702 2009,2700 2018,2700 2018,2671 2016,2671 2014,2669 2014,2667 1898,2667 1898,2669 1897,2670 1896,2670 1895,2671 1891,2671 1891,2682 1890,2683 1890,2684 1889,2685 1863,2685 1863,2687 1862,2688 1861,2688 1860,2689 1823,2689 1821,2691 1714,2691 1713,2690 1712,2690 1711,2689 1564,2689 1562,2691 1560,2691 1558,2689 1558,2667 1477,2667 1477,2687 1475,2689 1442,2689 1440,2687 1440,2685 1372,2685 1372,2687 1371,2688 1370,2688 1369,2689 1328,2689 1326,2687 1326,2685 1323,2685 1322,2684 1322,2683 1321,2682 1187,2682 1185,2680 1185,2665 1131,2665 1130,2664 1129,2664 1128,2663 1128,2658 1095,2658 1094,2657 1095,2656 1095,2652 1096,2651 1096,2646 1097,2645 1097,2641 1098,2640 1098,2635 1099,2634 1135,2634 1137,2636 1137,2637 1139,2639 1304,2639 1304,2636 1306,2634 1312,2634 1313,2633 1314,2633 1315,2632 1317,2632 1317,2617 1318,2616 1318,2615 1319,2614 1321,2614 1321,2592 1319,2592 1317,2590 1317,2586 1315,2586 1314,2585 1313,2585 1312,2584 1312,2582 1306,2582 1305,2581 1305,2580 1304,2579 1253,2579 1251,2577 1251,2557 1179,2557 1179,2560 1177,2562 1174,2562 1174,2566 1172,2568 1170,2568 1170,2573 1168,2575 1131,2575 1131,2577 1130,2578 1129,2578 1128,2579 1110,2579 1109,2578 1109,2573 1110,2572 1110,2567 1111,2566 1111,2562 1112,2561 1112,2556 1113,2555 1113,2551 1114,2550 1114,2545 1115,2544 1115,2539 1116,2538 1116,2534 1117,2533 1117,2532 1118,2531 1185,2531 1187,2533 1187,2553 1282,2553 1282,2533 1284,2531 1378,2531 1380,2529 1409,2529 1411,2527 1422,2527 1424,2529 1431,2529 1433,2531 1540,2531 1541,2532 1542,2532 1543,2533 1542,2534 1541,2534 1540,2535 1538,2535 1538,2555 1623,2555 1625,2557 1625,2561 1624,2562 1591,2562 1589,2564 1586,2564 1586,2566 1584,2568 1582,2568 1582,2584 1580,2586 1578,2586 1577,2585 1576,2585 1575,2584 1575,2582 1446,2582 1446,2584 1444,2586 1442,2586 1440,2588 1437,2588 1437,2590 1435,2592 1433,2592 1433,2597 1431,2599 1429,2599 1428,2598 1427,2598 1426,2597 1426,2586 1424,2586 1422,2584 1422,2582 1420,2582 1419,2581 1419,2580 1418,2579 1418,2573 1415,2573 1413,2571 1413,2564 1411,2564 1409,2562 1409,2557 1337,2557 1337,2584 1336,2585 1335,2585 1334,2586 1332,2586 1330,2588 1328,2588 1328,2632 1330,2632 1332,2634 1332,2639 1426,2639 1426,2636 1427,2635 1428,2635 1429,2634 1431,2634 1433,2632 1435,2632 1437,2634 1440,2634 1442,2636 1442,2639 1479,2639 1481,2641 1481,2643 1668,2643 1670,2645 1742,2645 1744,2643 1755,2643 1757,2645 1773,2645 1775,2647 1775,2667 1865,2667 1865,2647 1867,2645 1900,2645 1902,2647 1902,2649 2005,2649 2005,2647 2007,2645 2007,2623 2003,2623 2001,2621 2001,2617 2002,2616 2002,2615 2003,2614 2005,2614 2005,2592 2007,2590 2007,2573 2005,2571 2005,2568 1891,2568 1891,2571 1889,2573 1871,2573 1869,2575 1867,2575 1867,2586 1865,2588 1766,2588 1766,2590 1764,2592 1757,2592 1756,2593 1756,2594 1755,2595 1753,2595 1752,2594 1752,2593 1751,2592 1746,2592 1744,2590 1744,2588 1742,2586 1700,2586 1698,2584 1698,2582 1661,2582 1660,2581 1660,2580 1659,2579 1659,2562 1628,2562 1627,2561 1627,2557 1626,2556 1626,2550 1625,2549 1625,2543 1624,2542 1624,2538 1625,2537 1625,2536 1626,2535 1720,2535 1721,2536 1721,2537 1722,2538 1722,2540 1882,2540 1883,2541 1884,2541 1885,2542 1922,2542 1924,2544 1924,2553 2001,2553 2003,2551 2007,2551 2007,2516 2005,2514 2003,2514 2002,2513 2002,2512 2001,2511 1968,2511 1966,2509 1966,2500 1968,2498 2018,2498 2018,2481 2016,2481 2014,2479 2014,2476 1948,2476 1948,2479 1946,2481 1823,2481 1821,2479 1821,2465 1823,2463 1843,2463 1843,2446 1779,2446 1779,2457 1777,2459 1731,2459 1731,2479 1729,2481 1692,2481 1691,2480 1690,2480 1689,2479 1689,2476 1616,2476 1615,2475 1615,2473 1614,2472 1614,2466 1613,2465 1613,2459 1612,2458 1612,2452 1611,2451 1611,2445 1610,2444 1610,2438 1609,2437 1609,2431 1610,2430 1663,2430 1665,2432 1665,2443 1742,2443 1742,2441 1746,2437 1751,2437 1751,2432 1753,2430 1812,2430 1814,2432 1869,2432 1870,2433 1870,2434 1871,2435 1871,2437 1994,2437 1996,2435 1996,2434 1998,2432 2001,2432 2003,2430 2005,2430 2005,2428 2007,2426 2007,2386 2005,2384 2005,2378 1998,2378 1997,2377 1997,2376 1996,2375 1996,2373 1841,2373 1840,2372 1839,2372 1838,2371 1838,2369 1757,2369 1757,2371 1755,2373 1749,2373 1749,2402 1748,2403 1747,2403 1746,2404 1744,2402 1705,2402 1703,2400 1703,2397 1705,2395 1707,2395 1707,2373 1700,2373 1698,2371 1698,2369 1696,2369 1694,2367 1621,2367 1619,2369 1601,2369 1599,2367 1599,2361 1598,2360 1598,2353 1597,2352 1597,2346 1596,2345 1596,2339 1595,2338 1595,2332 1594,2331 1594,2325 1593,2324 1593,2318 1592,2317 1592,2311 1591,2310 1591,2304 1590,2303 1590,2297 1589,2296 1589,2290 1588,2289 1588,2283 1587,2282 1587,2276 1586,2275 1586,2269 1585,2268 1585,2262 1584,2261 1584,2255 1583,2254 1583,2248 1582,2247 1582,2241 1581,2240 1581,2234 1580,2233 1580,2227 1579,2226 1579,2221 1580,2220 1781,2220 1782,2219 1783,2219 1784,2218 1786,2218 1788,2220 1843,2220 1845,2222 1845,2224 1946,2224 1948,2226 1948,2231 2014,2231 2014,2180 2009,2180 2007,2178 1972,2178 1970,2176 1970,2172 1971,2171 1971,2170 1972,2169 1992,2169 1992,2167 1994,2165 1996,2165 1996,2143 1994,2143 1992,2141 1992,2139 1985,2139 1983,2137 1920,2137 1919,2138 1918,2138 1917,2139 1906,2139 1906,2141 1904,2143 1898,2143 1898,2148 1897,2149 1896,2149 1895,2150 1893,2150 1891,2152 1891,2161 1889,2163 1876,2163 1874,2161 1792,2161 1790,2163 1784,2163 1783,2162 1782,2162 1781,2161 1575,2161 1574,2160 1574,2155 1575,2154 1575,2148 1576,2147 1576,2140 1577,2139 1577,2132 1578,2131 1578,2124 1579,2123 1579,2117 1580,2116 1580,2111 1581,2110 1738,2110 1740,2112 1740,2130 1801,2130 1801,2112 1803,2110 1817,2110 1819,2112 1819,2115 1926,2115 1928,2117 1928,2119 2001,2119 2001,2117 2003,2115 2007,2115 2007,2112 2009,2110 2014,2110 2014,2060 2007,2060 2005,2058 1952,2058 1951,2057 1951,2056 1950,2055 1722,2055 1720,2053 1720,2051 1591,2051 1589,2049 1589,2040 1590,2039 1590,2032 1591,2031 1591,2024 1592,2023 1592,2017 1593,2016 1593,2009 1594,2008 1594,2006 1595,2005 1619,2005 1621,2007 1621,2023 1624,2023 1630,2029 1725,2029 1725,2027 1727,2025 1729,2025 1731,2023 1733,2023 1733,2009 1735,2007 1911,2007 1913,2009 1913,2012 2001,2012 2001,2009 2003,2007 2007,2007 2007,1985 2009,1983 2026,1983 2026,1966 2016,1966 2015,1965 2015,1964 2014,1963 2014,1961 2009,1961 2005,1957 2005,1955 2003,1955 2002,1954 2002,1953 2001,1952 1974,1952 1972,1950 1972,1931 1814,1931 1814,1933 1812,1935 1810,1935 1808,1933 1808,1928 1740,1928 1740,1933 1738,1935 1735,1935 1735,1946 1733,1948 1685,1948 1685,1950 1683,1952 1670,1952 1668,1950 1668,1948 1665,1948 1661,1944 1635,1944 1634,1943 1633,1943 1632,1942 1632,1937 1630,1937 1628,1935 1628,1931 1595,1931 1594,1930 1594,1923 1595,1922 1672,1922 1672,1904 1674,1902 1790,1902 1792,1904 1865,1904 1867,1902 1878,1902 1880,1904 2005,1904 2007,1902 2007,1900 2009,1898 2014,1898 2014,1856 2009,1856 2007,1854 2007,1852 2006,1851 2006,1850 2005,1849 1952,1849 1950,1847 1950,1845 1911,1845 1909,1843 1909,1825 1889,1825 1887,1823 1887,1821 1841,1821 1840,1820 1839,1820 1838,1819 1838,1801 1839,1800 1840,1800 1841,1799 1909,1799 1911,1801 2001,1801 2003,1799 2007,1799 2007,1751 2003,1751 2001,1749 2001,1746 1994,1746 1992,1744 1992,1742 1828,1742 1827,1741 1826,1741 1825,1740 1825,1720 1823,1718 1744,1718 1740,1722 1735,1722 1735,1727 1733,1729 1731,1729 1729,1731 1727,1731 1725,1729 1722,1729 1720,1727 1696,1727 1694,1725 1694,1718 1692,1718 1691,1717 1690,1717 1689,1716 1621,1716 1619,1718 1617,1718 1617,1744 1615,1746 1613,1746 1611,1744 1611,1742 1608,1742 1604,1738 1578,1738 1577,1737 1577,1726 1576,1725 1576,1709 1577,1708 1577,1695 1578,1694 1584,1694 1586,1696 1654,1696 1655,1695 1656,1695 1657,1694 1659,1694 1661,1696 1869,1696 1871,1698 2001,1698 2003,1696 2007,1696 2009,1694 2014,1694 2014,1663 2009,1663 2007,1661 2007,1643 1998,1643 1994,1639 1608,1639 1604,1635 1581,1635 1580,1634 1580,1616 1581,1615 1581,1592 1582,1591 1681,1591 1683,1593 1733,1593 1735,1595 1735,1615 1823,1615 1825,1613 1825,1595 1826,1594 1827,1594 1828,1593 2005,1593 2007,1591 2007,1571 2003,1567 1998,1567 1997,1566 1997,1565 1996,1564 1998,1562 2007,1562 2009,1560 2014,1560 2014,1534 2009,1534 2007,1532 2007,1529 1942,1529 1942,1532 1941,1533 1940,1533 1939,1534 1709,1534 1707,1532 1707,1529 1635,1529 1635,1532 1634,1533 1633,1533 1632,1534 1617,1534 1615,1532 1615,1529 1585,1529 1584,1528 1584,1522 1585,1521 1585,1499 1586,1498 1586,1484 1587,1483 1659,1483 1660,1484 1660,1485 1661,1486 1661,1488 1733,1488 1733,1486 1734,1485 1734,1484 1735,1483 1738,1483 1738,1481 1740,1479 1742,1479 1744,1477 1744,1452 1745,1451 1758,1451 1759,1452 1775,1452 1776,1453 1786,1453 1788,1455 1788,1477 1790,1477 1792,1479 1792,1483 1797,1483 1799,1485 1799,1486 1801,1488 2001,1488 2001,1486 2002,1485 2002,1484 2003,1483 2005,1483 2005,1481 2007,1479 2014,1479 2014,1433 2009,1433 2007,1431 2003,1431 2001,1429 2001,1426 1788,1426 1788,1429 1786,1431 1784,1431 1784,1450 1783,1451 1776,1451 1775,1450 1759,1450 1758,1449 1745,1449 1744,1448 1744,1433 1742,1431 1740,1431 1738,1429 1738,1426 1692,1426 1691,1425 1690,1425 1689,1424 1689,1407 1578,1407 1577,1408 1576,1408 1575,1409 1560,1409 1558,1407 1543,1407 1540,1404 1540,1402 1477,1402 1477,1404 1476,1405 1476,1406 1475,1407 1472,1407 1472,1424 1470,1426 1459,1426 1459,1429 1457,1431 1455,1431 1453,1433 1451,1433 1451,1435 1450,1436 1449,1436 1448,1437 1446,1437 1446,1443 1445,1444 1437,1444 1436,1445 1409,1445 1408,1446 1401,1446 1400,1445 1400,1431 1398,1431 1396,1429 1396,1426 1350,1426 1348,1424 1348,1407 1275,1407 1273,1409 1271,1409 1271,1422 1269,1424 1233,1424 1211,1402 1211,1401 1187,1377 1188,1376 1356,1376 1358,1378 1358,1380 1422,1380 1423,1381 1423,1382 1424,1383 1424,1391 1426,1391 1429,1394 1501,1394 1502,1393 1502,1392 1503,1391 1505,1391 1506,1390 1507,1390 1508,1389 1510,1389 1510,1378 1512,1376 1521,1376 1525,1380 1716,1380 1716,1378 1718,1376 1720,1376 1722,1378 1722,1380 1819,1380 1821,1382 1821,1383 1823,1385 1926,1385 1926,1383 1927,1382 1927,1381 1928,1380 1970,1380 1970,1372 1971,1371 1971,1370 1972,1369 2014,1369 2014,1339 2012,1339 2007,1334 1963,1334 1961,1332 1961,1328 1959,1328 1957,1326 1858,1326 1857,1325 1857,1324 1856,1323 1856,1306 1854,1306 1852,1304 1722,1304 1722,1326 1725,1326 1727,1328 1727,1356 1725,1358 1722,1358 1720,1356 1720,1354 1718,1354 1716,1352 1716,1328 1714,1328 1713,1327 1712,1327 1711,1326 1591,1326 1590,1325 1590,1324 1589,1323 1589,1321 1516,1321 1514,1323 1514,1324 1512,1326 1512,1345 1514,1347 1514,1348 1516,1350 1516,1356 1514,1358 1512,1358 1510,1356 1510,1352 1451,1352 1450,1351 1449,1351 1448,1350 1448,1328 1446,1328 1444,1326 1437,1326 1436,1325 1436,1324 1435,1323 1435,1321 1394,1321 1393,1320 1392,1320 1391,1319 1391,1301 1315,1301 1315,1319 1314,1320 1313,1320 1312,1321 1179,1321 1179,1323 1178,1324 1178,1325 1177,1326 1174,1326 1173,1325 1173,1324 1172,1323 1172,1321 1163,1321 1162,1320 1162,1319 1163,1318 1163,1317 1164,1316 1164,1315 1165,1314 1165,1313 1166,1312 1166,1311 1167,1310 1167,1309 1168,1308 1168,1307 1169,1306 1169,1305 1170,1304 1170,1302 1171,1301 1171,1300 1172,1299 1172,1298 1173,1297 1173,1296 1174,1295 1174,1294 1175,1293 1175,1292 1176,1291 1176,1290 1177,1289 1177,1288 1178,1287 1178,1286 1179,1285 1179,1284 1180,1283 1180,1281 1181,1280 1181,1279 1182,1278 1182,1277 1183,1276 1183,1275 1184,1274 1184,1273 1186,1271 1216,1271 1218,1273 1218,1286 1220,1286 1221,1287 1222,1287 1223,1288 1291,1288 1293,1286 1295,1286 1295,1284 1297,1282 1299,1282 1299,1277 1301,1275 1624,1275 1626,1277 1626,1284 1624,1286 1613,1286 1613,1306 1676,1306 1676,1297 1678,1295 1694,1295 1696,1293 1703,1293 1703,1291 1704,1290 1704,1289 1705,1288 1707,1288 1707,1280 1708,1279 1708,1278 1709,1277 1751,1277 1753,1275 1860,1275 1861,1276 1862,1276 1863,1277 1939,1277 1940,1276 1941,1276 1942,1275 2007,1275 2007,1249 2005,1247 2005,1229 2003,1229 2001,1227 2001,1223 1998,1223 1997,1222 1997,1221 1996,1220 1996,1218 1906,1218 1904,1216 1904,1205 1898,1205 1897,1204 1896,1204 1895,1203 1895,1201 1828,1201 1828,1203 1827,1204 1826,1204 1825,1205 1823,1205 1821,1207 1819,1207 1819,1216 1817,1218 1709,1218 1707,1216 1707,1194 1635,1194 1635,1196 1634,1197 1633,1197 1632,1198 1628,1198 1628,1212 1626,1214 1578,1214 1578,1216 1577,1217 1576,1217 1575,1218 1415,1218 1413,1216 1413,1214 1350,1214 1350,1216 1348,1218 1284,1218 1284,1220 1283,1221 1283,1222 1282,1223 1280,1223 1279,1224 1278,1224 1277,1225 1275,1225 1275,1229 1273,1231 1271,1231 1271,1244 1270,1245 1270,1246 1269,1247 1262,1247 1261,1246 1261,1245 1260,1244 1260,1223 1258,1223 1255,1220 1255,1218 1253,1218 1251,1216 1251,1214 1201,1214 1200,1213 1200,1198 1199,1197 1199,1183 1198,1182 1198,1169 1199,1168 1492,1168 1494,1170 1494,1172 1567,1172 1567,1170 1569,1168 1637,1168 1639,1170 1639,1172 1808,1172 1810,1174 1810,1192 1895,1192 1895,1174 1896,1173 1897,1173 1898,1172 2001,1172 2001,1170 2003,1168 2007,1168 2007,1163 2009,1161 2014,1161 2014,1135 2009,1135 2007,1133 2007,1115 2003,1115 2001,1113 2001,1111 1836,1111 1836,1113 1834,1115 1784,1115 1783,1114 1782,1114 1781,1113 1781,1111 1674,1111 1672,1109 1672,1091 1600,1091 1600,1093 1599,1094 1598,1094 1597,1095 1595,1095 1595,1109 1593,1111 1494,1111 1494,1113 1492,1115 1490,1115 1488,1113 1488,1111 1306,1111 1306,1113 1304,1115 1301,1115 1299,1113 1299,1111 1195,1111 1194,1110 1194,1107 1193,1106 1193,1092 1192,1091 1192,1077 1191,1076 1191,1066 1192,1065 1238,1065 1240,1063 1251,1063 1253,1065 1317,1065 1319,1063 1426,1063 1426,1060 1427,1059 1428,1059 1429,1058 1431,1058 1433,1056 1435,1056 1435,1025 1433,1025 1431,1023 1431,1008 1429,1008 1428,1007 1427,1007 1426,1006 1385,1006 1384,1005 1384,1004 1383,1003 1383,1001 1315,1001 1315,1003 1312,1006 1288,1006 1287,1005 1287,1004 1286,1003 1286,988 1284,988 1282,986 1282,984 1238,984 1237,983 1241,979 1242,979 1247,974 1248,974 1253,969 1254,969 1259,964 1260,964 1264,960 1291,960 1293,962 1293,979 1374,979 1376,977 1378,977 1378,957 1380,955 1391,955 1392,954 1393,954 1394,953 1396,953 1398,955 1404,955 1405,956 1406,956 1407,957 1407,960 1479,960 1479,957 1481,955 1562,955 1564,957 1564,960 1729,960 1731,962 1731,979 1777,979 1779,981 1778,982 1778,983 1777,984 1775,984 1775,1003 1774,1004 1774,1005 1773,1006 1718,1006 1717,1005 1717,1004 1716,1003 1716,984 1714,984 1711,981 1628,981 1627,982 1627,983 1626,984 1626,986 1624,988 1621,988 1621,990 1619,992 1617,992 1617,1003 1616,1004 1616,1005 1615,1006 1451,1006 1450,1007 1449,1007 1448,1008 1442,1008 1442,1032 1444,1032 1446,1034 1446,1060 1444,1062 1444,1063 1442,1065 1442,1082 1444,1082 1446,1084 1446,1087 1527,1087 1527,1084 1529,1082 1532,1082 1532,1065 1534,1063 1738,1063 1740,1065 1740,1076 1808,1076 1808,1067 1810,1065 1847,1065 1849,1063 1865,1063 1867,1065 2001,1065 2003,1063 2005,1063 2005,1043 2007,1041 2007,1017 2006,1016 2006,1015 2005,1014 2005,1010 2001,1006 1952,1006 1951,1005 1951,1004 1950,1003 1950,984 1889,984 1889,986 1887,988 1863,988 1863,1006 1862,1007 1861,1007 1860,1008 1858,1008 1856,1006 1856,992 1854,992 1852,990 1852,988 1849,988 1846,985 1846,984 1843,981 1828,981 1827,980 1826,980 1825,979 1825,964 1826,963 1827,963 1828,962 1972,962 1974,960 2001,960 2001,938 1994,938 1993,937 1993,936 1992,935 1992,933 1994,931 2001,931 2003,929 2005,929 2005,909 2003,909 2001,907 2001,898 1924,898 1924,900 1923,901 1923,902 1922,903 1753,903 1752,902 1752,901 1751,900 1751,898 1740,898 1738,896 1738,874 1670,874 1670,876 1668,878 1661,878 1660,879 1660,880 1659,881 1657,881 1657,883 1656,884 1655,884 1654,885 1652,885 1652,887 1650,889 1648,889 1648,896 1646,898 1591,898 1589,896 1589,881 1586,881 1585,880 1585,879 1584,878 1472,878 1472,896 1470,898 1402,898 1402,900 1401,901 1401,902 1400,903 1398,903 1396,905 1394,905 1393,904 1392,904 1391,903 1385,903 1384,902 1384,901 1383,900 1383,898 1355,898 1354,897 1356,895 1357,895 1359,893 1360,893 1362,891 1363,891 1366,888 1367,888 1369,886 1370,886 1372,884 1373,884 1375,882 1376,882 1378,880 1379,880 1381,878 1382,878 1384,876 1385,876 1387,874 1388,874 1390,872 1391,872 1394,869 1395,869 1397,867 1398,867 1400,865 1401,865 1403,863 1404,863 1406,861 1407,861 1409,859 1410,859 1412,857 1413,857 1415,855 1416,855 1418,853 1419,853 1420,852 1549,852 1549,826 1547,826 1545,824 1546,823 1546,822 1547,821 1549,821 1549,802 1547,802 1545,800 1545,797 1486,797 1485,796 1487,794 1487,793 1488,792 1488,791 1489,790 1489,789 1490,788 1490,787 1492,785 1492,784 1493,783 1493,782 1494,781 1494,780 1495,779 1495,778 1497,776 1497,775 1498,774 1498,773 1499,772 1499,771 1500,770 1500,769 1502,767 1502,766 1503,765 1503,764 1504,763 1504,762 1506,760 1506,759 1507,758 1507,757 1508,756 1508,755 1509,754 1509,753 1511,751 1511,750 1512,749 1571,749 1573,747 1584,747 1586,749 1650,749 1652,747 1659,747 1661,749 1708,749 1710,751 1710,752 1714,756 1714,757 1718,761 1718,762 1721,765 1721,766 1725,770 1725,771 1729,775 1729,776 1733,780 1733,781 1737,785 1737,786 1741,790 1741,791 1744,794 1744,795 1745,796 1744,797 1571,797 1570,798 1570,799 1569,800 1564,800 1562,802 1560,802 1560,804 1558,806 1556,806 1556,841 1558,843 1558,844 1560,846 1562,846 1564,848 1564,850 1569,850 1571,852 1626,852 1628,854 1628,857 1738,857 1740,859 1740,861 1781,861 1782,862 1783,862 1784,863 1784,874 1845,874 1847,872 1847,859 1849,857 1926,857 1928,859 1928,861 2001,861 2001,859 2003,857 2005,857 2005,824 1981,824 1980,823 1980,822 1979,821 1979,800 1972,800 1971,799 1971,798 1970,797 1963,797 1961,795 1961,793 1891,793 1891,795 1889,797 1749,797 1748,796 1748,795 1744,791 1744,790 1741,787 1741,786 1737,782 1737,781 1733,777 1733,776 1729,772 1729,771 1725,767 1725,766 1721,762 1721,761 1718,758 1718,757 1714,753 1714,752 1712,750 1713,749 1738,749 1740,747 1742,749 1808,749 1810,747 1834,747 1836,749 1996,749 1998,747 2001,747 2001,745 2003,743 2007,743 2007,725 2005,723 2005,697 2003,697 2002,696 2002,695 2001,694 1998,694 1996,692 1996,690 1946,690 1944,688 1944,672 1942,672 1941,671 1940,671 1939,670 1810,670 1808,672 1806,672 1806,686 1805,687 1804,687 1803,688 1735,688 1733,690 1683,690 1681,688 1681,670 1649,670 1645,666 1645,665 1641,661 1641,660 1637,656 1637,655 1633,651 1633,650 1629,646 1629,645 1626,642 1626,641 1627,640 1725,640 1726,639 1726,638 1727,637 1729,637 1729,635 1731,633 1733,633 1733,615 1735,613 1738,613 1740,615 1740,637 1741,638 1741,639 1742,640 1838,640 1841,637 1854,637 1855,638 1855,639 1856,640 1860,640 1861,641 1862,641 1863,642 1863,644 1988,644 1988,642 1990,640 1996,640 1997,639 1997,638 1998,637 2001,637 2001,635 2003,633 2005,633 2005,587 2003,587 2001,585 1994,585 1992,583 1992,580 1863,580 1863,583 1862,584 1861,584 1860,585 1854,585 1852,587 1849,587 1849,591 1847,593 1845,593 1845,609 1843,611 1841,611 1840,610 1839,610 1838,609 1838,587 1836,587 1834,585 1828,585 1827,584 1826,584 1825,583 1825,567 1823,567 1821,565 1821,561 1742,561 1742,583 1746,583 1747,584 1748,584 1749,585 1748,586 1747,586 1746,587 1740,587 1740,591 1738,593 1731,593 1729,591 1729,585 1648,585 1646,583 1646,573 1647,572 1648,572 1649,571 1650,571 1652,569 1653,569 1654,568 1655,568 1656,567 1657,567 1659,565 1660,565 1661,564 1662,564 1663,563 1664,563 1666,561 1667,561 1668,560 1669,560 1670,559 1671,559 1673,557 1674,557 1675,556 1676,556 1677,555 1678,555 1680,553 1681,553 1682,552 1683,552 1684,551 1685,551 1687,549 1688,549 1689,548 1690,548 1691,547 1692,547 1694,545 1695,545 1696,544 1697,544 1698,543 1699,543 1701,541 1764,541 1764,539 1766,537 1777,537 1778,536 1778,535 1779,534 1781,534 1784,537 1996,537 1997,536 1997,535 1998,534 2001,534 2005,530 2005,506 2003,504 2003,503 2001,501 2001,488 1998,488 1996,486 1996,482 1994,482 1992,480 1992,477 1858,477 1856,475 1856,458 1762,458 1761,457 1761,456 1760,455 1760,453 1685,453 1685,455 1684,456 1684,457 1683,458 1670,458 1668,460 1661,460 1661,462 1659,464 1657,464 1657,469 1656,470 1655,470 1654,471 1652,471 1652,477 1650,479 1650,480 1648,482 1648,510 1650,510 1652,512 1652,521 1654,521 1655,522 1656,522 1657,523 1657,528 1659,528 1661,530 1661,532 1663,532 1665,534 1676,534 1677,535 1677,536 1678,537 1698,537 1700,539 1697,542 1696,542 1695,543 1694,543 1693,544 1692,544 1690,546 1689,546 1688,547 1687,547 1686,548 1685,548 1683,550 1682,550 1681,551 1680,551 1679,552 1678,552 1676,554 1675,554 1674,555 1673,555 1672,556 1671,556 1669,558 1668,558 1667,559 1666,559 1665,560 1664,560 1662,562 1661,562 1660,563 1659,563 1658,564 1657,564 1655,566 1654,566 1653,567 1652,567 1651,568 1650,568 1648,570 1647,570 1646,569 1646,563 1643,563 1641,561 1560,561 1558,563 1551,563 1551,578 1550,579 1549,578 1548,578 1547,577 1546,577 1544,575 1543,575 1542,574 1541,574 1540,573 1539,573 1538,572 1537,572 1536,571 1535,571 1534,570 1533,570 1532,569 1531,569 1530,568 1529,568 1528,567 1527,567 1526,566 1525,566 1524,565 1523,565 1521,563 1520,563 1519,562 1518,562 1517,561 1516,561 1515,560 1514,560 1513,559 1512,559 1511,558 1510,558 1509,557 1508,557 1507,556 1506,556 1505,555 1504,555 1503,554 1502,554 1501,553 1500,553 1498,551 1497,551 1496,550 1495,550 1494,549 1493,549 1492,548 1491,548 1490,547 1489,547 1488,546 1487,546 1486,545 1485,545 1484,544 1483,544 1482,543 1481,543 1480,542 1479,542 1478,541 1477,541 1476,540 1475,540 1473,538 1474,537 1545,537 1547,539 1547,541 1611,541 1611,539 1613,537 1619,537 1619,508 1617,508 1615,506 1615,504 1586,504 1585,503 1585,502 1584,501 1584,484 1582,484 1580,482 1578,482 1577,481 1576,481 1575,480 1575,469 1573,469 1572,468 1572,467 1571,466 1571,464 1569,464 1567,462 1567,458 1455,458 1455,480 1457,480 1459,482 1459,493 1457,495 1433,495 1431,493 1431,484 1429,484 1428,483 1427,483 1426,482 1420,482 1418,480 1418,477 1376,477 1374,475 1374,458 1262,458 1262,475 1260,477 1179,477 1178,476 1178,446 1014,446 1014,476 1013,477 977,477 975,475 975,473 938,473 937,472 936,472 935,471 935,458 933,458 932,457 932,456 931,455 931,453 863,453 863,455 862,456 862,457 861,458 859,458 857,460 854,460 854,466 853,467 853,468 852,469 850,469 848,471 846,471 845,472 844,472 843,473 718,473 716,471 716,453 697,453 696,452 695,452 694,451 694,449 626,449 626,451 624,453 622,453 622,469 620,471 543,471 541,469 541,453 539,453 537,451 537,449 464,449 462,447 447,447 444,444"/><TextEquiv><Unicode/></TextEquiv><TextLine id="r1_l001"><Coords points="377,453 1977,453 1977,535 377,535"/><TextEquiv index="1"><Unicode>ſubordonnées à celle - là. Calme</Unicode></TextEquiv></TextLine><TextLine id="r1_l002"><Coords points="386,566 1977,566 1977,658 386,658"/><TextEquiv index="1"><Unicode>donc tes vives inquiétudes à ce</Unicode></TextEquiv></TextLine><TextLine id="r1_l003"><Coords points="381,669 1981,669 1981,765 381,765"/><TextEquiv index="1"><Unicode>ſujet, &amp; ne t'occupe plus du triſte</Unicode></TextEquiv></TextLine><TextLine id="r1_l004"><Coords points="386,775 1977,775 1977,867 386,867"/><TextEquiv index="1"><Unicode>projet de retourner au couvent.</Unicode></TextEquiv></TextLine><TextLine id="r1_l005"><Coords points="386,881 1977,881 1977,974 386,974"/><TextEquiv index="1"><Unicode>Cet azyle te fut trop odieux pour</Unicode></TextEquiv></TextLine><TextLine id="r1_l006"><Coords points="386,987 1981,987 1981,1080 386,1080"/><TextEquiv index="1"><Unicode>que jamais tu doives penſer à le</Unicode></TextEquiv></TextLine><TextLine id="r1_l007"><Coords points="386,1090 1986,1090 1986,1186 386,1186"/><TextEquiv index="1"><Unicode>choiſir. Si nous ne ramenions pas</Unicode></TextEquiv></TextLine><TextLine id="r1_l008"><Coords points="381,1196 1981,1196 1981,1299 381,1299"/><TextEquiv index="1"><Unicode>le baron à la raiſon, comme je m'en</Unicode></TextEquiv></TextLine><TextLine id="r1_l009"><Coords points="386,1303 1986,1303 1986,1388 386,1388"/><TextEquiv index="1"><Unicode>flatte, ta ſincere amie, ton Hen-</Unicode></TextEquiv></TextLine><TextLine id="r1_l010"><Coords points="381,1405 1986,1405 1986,1498 381,1498"/><TextEquiv index="1"><Unicode>riette t'offre auprès d'elle une</Unicode></TextEquiv></TextLine><TextLine id="r1_l011"><Coords points="381,1512 1986,1512 1986,1608 381,1608"/><TextEquiv index="1"><Unicode>retraite, qui ſeroit charmante pour</Unicode></TextEquiv></TextLine><TextLine id="r1_l012"><Coords points="386,1615 1986,1615 1986,1707 386,1707"/><TextEquiv index="1"><Unicode>l'une &amp; l'autre, puiſque nous nous</Unicode></TextEquiv></TextLine><TextLine id="r1_l013"><Coords points="386,1717 1981,1717 1981,1813 386,1813"/><TextEquiv index="1"><Unicode>verrions ſans ceſſe; mais j'eſpere</Unicode></TextEquiv></TextLine><TextLine id="r1_l014"><Coords points="386,1820 1986,1820 1986,1916 386,1916"/><TextEquiv index="1"><Unicode>que nous ne ſerons point pouſſées</Unicode></TextEquiv></TextLine><TextLine id="r1_l015"><Coords points="386,1927 1999,1927 1999,2022 386,2022"/><TextEquiv index="1"><Unicode>à cet extrêmité quoiqu'agréable</Unicode></TextEquiv></TextLine><TextLine id="r1_l016"><Coords points="395,2033 1986,2033 1986,2125 395,2125"/><TextEquiv index="1"><Unicode>dans un ſens. Il vaut mieux nous</Unicode></TextEquiv></TextLine><TextLine id="r1_l017"><Coords points="386,2139 1986,2139 1986,2232 386,2232"/><TextEquiv index="1"><Unicode>réunir ſous de plus heureux auſ-</Unicode></TextEquiv></TextLine><TextLine id="r1_l018"><Coords points="386,2245 847,2245 847,2334 386,2334"/><TextEquiv index="1"><Unicode>pices.</Unicode></TextEquiv></TextLine><TextLine id="r1_l019"><Coords points="509,2352 1981,2352 1981,2458 509,2458"/><TextEquiv index="1"><Unicode>Le chevalier eſt déſolant, avec</Unicode></TextEquiv></TextLine><TextLine id="r1_l020"><Coords points="390,2458 1990,2458 1990,2550 390,2550"/><TextEquiv index="1"><Unicode>ſon ton énigmatique. Cependant,</Unicode></TextEquiv></TextLine><TextLine id="r1_l021"><Coords points="386,2561 1981,2561 1981,2660 386,2660"/><TextEquiv index="1"><Unicode>je ſuis aſſez portée à croire qu'il</Unicode></TextEquiv></TextLine><TextLine id="r1_l022"><Coords points="390,2667 1990,2667 1990,2766 390,2766"/><TextEquiv index="1"><Unicode>y aura été forcé par quelque motif</Unicode></TextEquiv></TextLine></TextRegion><ImageRegion id="r2" orientation="0.0"><Coords points="775,326 775,328 773,330 727,330 727,359 734,359 736,361 736,390 734,392 727,392 727,414 935,414 938,412 997,412 999,414 1150,414 1152,412 1159,412 1161,414 1251,414 1253,416 1253,418 1354,418 1358,414 1431,414 1433,416 1433,418 1580,418 1580,416 1582,414 1584,414 1586,412 1589,412 1589,383 1591,381 1593,381 1593,344 1525,344 1525,346 1523,348 1516,348 1514,350 1433,350 1433,352 1431,355 1363,355 1361,357 1341,357 1339,355 1271,355 1269,357 1266,357 1264,355 1264,350 1166,350 1163,348 1161,348 1159,346 1159,344 1091,344 1091,355 1089,357 1087,357 1084,359 1080,355 1069,355 1067,352 1067,350 938,350 938,352 935,355 924,355 922,352 922,350 850,350 848,348 848,326"/></ImageRegion><TextRegion id="r3" orientation="0.0" type="page-number"><Coords points="1871,344 1871,346 1869,348 1867,348 1867,352 1865,355 1771,355 1771,387 1773,387 1775,390 1773,392 1771,392 1771,414 1773,414 1775,416 1775,418 1878,418 1880,420 1880,436 1957,436 1957,433 1959,431 1966,431 1972,425 1979,425 1979,423 1981,420 1988,420 1992,416 1992,403 1994,401 1996,401 1996,374 1998,372 2001,372 2003,370 2005,370 2005,344"/><TextEquiv><Unicode/></TextEquiv><TextLine id="r3_l001"><Coords points="1802,353 1977,353 1977,429 1802,429"/><TextEquiv index="1"><Unicode>.</Unicode></TextEquiv></TextLine></TextRegion></Page></PcGts>