2480 3507
487 449 2100 542 comme il te le jure, ne pourra e
491 555 2091 648 roudre au acrifice qu'on exige
491 662 793 730 de lui.
605 768 2095 836 Mais toi-mme tu fui ordonnes
495 871 2095 963 de le faire ...... non, ce n'et pas
495 967 2091 1066 ce que tu ouhaites. Tu veux eule-
495 1087 2095 1172 ment qu'il te tienne compte de cet
495 1186 2100 1275 hrome; mais au fond tu deires
500 1289 2144 1382 qu'il n'accomplie pas ce que ta
500 1395 2100 1484 bouche lui precrit: car certaine-
504 1505 2109 1587 ment ton cur n'a point contribu
500 1608 2135 1693 cette fervente & menteue priere.
614 1707 2104 1800 Tu m'as permis, chere Eliabeth,
509 1813 2122 1906 & mme engage  relever tes
504 1920 2109 2012 fautes. C'en et une trs grande,
512 2025 2112 2124 elon moi, d'avoir ollicit Luzan
516 2123 2121 2203 contre le vu de ton cur. Si
517 2232 2117 2321 l'effet rpond  tes faues intances,
526 2338 2122 2434 je vois dja par ta crainte & ta dou-
517 2448 2122 2533 leur, tous les regrets que tu te
517 2550 2122 2650 prpares pour une action digne
487 333 662 411 L
