2480 3507
310 483 1905 566 d'eſtime en elle-même, mais blâma-
310 586 1900 682 ble, puiſqu'un ſentiment factice en
301 696 1127 771 eſt le ſeul mobile.
424 806 1922 895 Qu'il eſt humiliant pour nous,
306 905 1918 998 de voir que les choſes louables
315 1015 1922 1104 nous cauſent des repentirs, lorſ-
315 1118 1926 1207 qu'elles contrarient nos penchants.
319 1224 1926 1313 L'affreuſe ſituation, que celle de ſe
323 1330 1931 1419 reprocher le bien que l'on a fait,
328 1433 1935 1525 au lieu de s'en applaudir! Souviens-
328 1539 1935 1632 toi, chere Eliſe, de ne jamais t'ex-
332 1645 1935 1735 poſer à ce tourment; que ton ame
341 1748 1935 1841 defire & veuille fortement ce que
336 1851 1935 1944 ta bouche prononce. Ne perds ja-
336 1957 1944 2040 mais de vue cette triſte vérité,
345 2060 1948 2156 que nos divers intérêts empêchent
341 2160 1944 2266 que le bien ſoit toujours tel par
345 2273 1756 2369 rapport à chaque individu...
354 2369 1953 2472 Cette propoſition demande des de-
349 2482 1948 2578 tails, dont je te laiſſe le ſoin. Tu
349 2588 1953 2677 aimes tant à réfléchir qu'il faut bien
358 2691 1953 2790 te laiſſer quelque choſe à déve-
