2480 3507
636 353 811 425 a
636 456 2227 552 qu'outre que c'eſt une foibleſſe de
601 562 2231 655 ſa part, & que par cela ſeul, je ſuis
640 669 2231 761 obligée à la diſcrétion, on trouve
636 775 2236 867 qu'il eſt meſſéant & ridicule à une
636 878 2236 953 femme d'annoncer eile-même ſes
605 977 2253 1080 conquêtes, à moins qu'elle n'y ſoit
631 1090 2245 1179 forcée par les circonſtances. Je ſuis
636 1196 2245 1268 donc bien déterminée au filence.
636 1303 2249 1392 Cela me ſera d'autant plus faciſe,
631 1409 2258 1501 ue mon oncle s'obſerve beaucoup
631 1512 2258 1608 devant le chevalier. Il n'en eſt pas
623 1618 1267 1704 toujours ainſi.
736 1721 2262 1800 Hier an ſoir, il étoit ſeuſ avec
609 1827 2271 1909 noi; fon début ordinaire, comme
614 1933 2275 2026 au ſçais, eſt ſon éloge. Après m'avoir
609 2043 2266 2136 parlé de vingt maiſons où il étoit
605 2146 2266 2235 invité & deſiré à la campagne; il
605 2249 2266 2345 ajouta qu'il ne pouvoit ſe ſéparer
609 2355 2258 2444 n inſtant de moi, il s'efforça 'en-
566 2458 2271 2554 gager la converſation ſur le redou-
614 2564 2271 2650 rable ſujet. Je fus aſſez heureuſe
609 2674 2275 2783 por l'éluder, en détoumnant ſon
