2480 3507
479 435 2090 521 des belles ames, ne convient qu'au
488 542 2094 638 printemps de nos jours; tout ce qui
488 645 2090 734 et au-de-l des bornes de cet heu-
488 754 2090 843 reux paage, n'en merite pas le
483 864 2090 950 nom...... Mais c'et trop m'arr-
483 967 2090 1049 ter  de fcheues rflexions. Un
483 1073 2090 1162 point plus important m'occupe l'e-
483 1179 2098 1268 prit. C'et le reproche que tu me
488 1282 2094 1375 fais ur ce que tu appelles une trs
483 1392 1088 1481 grande faute.
596 1477 2090 1594 Selon toi, j'ai eu tort de conjurer
483 1597 2090 1690 Luzan d'obir  a mere, puiqu'au
483 1704 2085 1796 fond je ouhaitois le contraire. Je
488 1810 2090 1903 ne penois pas que l'on ft rpr-
483 1913 2094 2002 henible, en faiant un facrifice ans
488 2026 2090 2115 la participation du cur. Je croyois,
488 2132 2090 2221 au contraire, que le dfaveu int-
483 2242 2090 2328 rieur immol aux loix de la vertu,
483 2345 2090 2430 faioit tout le mrite de l'holo-
488 2458 788 2526 caute.
596 2561 2081 2664 Tu prtends que, i l'effet et
483 2664 2090 2766 rpondu  mes menteues prieres,
