2480 3507
338 453 1942 552 aurois eu des regrets d'avoir fait
351 569 1942 670 nne action louable en elle-mme.
346 670 1986 765 Je uis force de convenir que tu
355 785 1951 878 as trop bien lu dans mon cur:
346 884 1955 974 mais quelqu'humiliants que oient
355 991 1960 1080 des reproches de cette nature, ils
346 1097 1960 1186 font doux en comparaion de l'a-
355 1203 1403 1268 mertume des remords.
456 1306 1973 1382 Tu traites de entiment factice
368 1412 1964 1505 le deir que j'ai d'augmenter
364 1519 1968 1608 l'etime de Luzan; j'epere, avec le
346 1625 1981 1707 temps, me i bien jutifier  cet
359 1728 1968 1820 gard, que tu eras force de le
359 1831 1968 1923 croire inn. C'et la feule ven-
355 1937 1973 2029 geance que je veuille tirer de tes
359 2043 1578 2132 mortifiantes qualifications.
478 2149 1973 2242 Mchante Henriette, tu as beau
359 2256 1973 2355 ophitiquer, enroreiler, pae-moi
364 2358 1981 2451 le terme, tes malignes rflexions,
364 2461 1977 2557 j'ai pntr leur vritable ens.
373 2571 1981 2663 Voila qui et fini: j'ai oulag mon
368 2681 1517 2777 cur, n'en parlons plus.
