2480 3507
555 346 734 429 aae
655 446 2149 552 Je t'envoie le fidele Lapierre
546 566 2141 658 comme tu l'as defir. Ton empre-
546 679 2141 747 ement  tre informe de tout ce
537 778 2167 874 qui me touche me prouve le vif
529 888 2145 977 intrt que tu prends  mon bon-
511 991 2145 1083 heur. Tu ne doutes pas combien
537 1097 2145 1190 je fuis reconnoiante, quoique je
542 1207 2154 1292 ne te fae jamais de remerciments.
537 1310 2154 1402 Je t'en ferois mille & plus, i je
533 1416 2158 1508 n'tois re que ton amiti rend
537 1522 2158 1591 ce entiment aui eentiel  ton
507 1628 2162 1717 cur, que l'air l'et  ton exitence.
603 1731 2158 1824 Dans le premier tranport de mon
529 1837 2162 1927 cur, j'ai oubli de t'intruire de
533 1947 2167 2036 ce qui avoit donn lieu au billet
533 2053 2162 2139 inconcevable de Luzan. Sa pro-
524 2156 2175 2253 fonde tritee, m'a-t-il dit, avoit
520 2253 2167 2348 inquit a mere, fans cependant
524 2365 2171 2458 qu'elle lui en demandt la caue;
529 2475 2180 2561 mais il s'toit apperu qu'elle ob-
524 2574 2175 2653 ervoit es moindres dmarches. I
537 2687 2210 2780 avoit craint qu'une tendre curioit
2036 2814 2180 2869 L
