2480 3507
1708 408 1861 483 a
411 2787 791 2862 Partie I.
284 518 1865 603 ne la portât à s'éclaircir elle-même
280 621 1870 710 du fujet de ſon chagrin, avant que
284 727 1865 824 de lui en parler: c'eſt ce qui l'a dé-
284 824 1865 898 terminé à m'écrire d'une maniere
280 936 900 1025 inintelligible.
398 1042 1874 1128 N'admires - tu pas cet adorable
280 1145 1883 1238 caractere, de ſi bien interpréter
275 1251 1878 1340 tous les ſentiments de la marquiſe?
275 1354 1883 1447 Il ne ſçauroit être un ſi digne fils,
271 1457 1887 1546 ſans devenir le plus excellent des
280 1567 1887 1656 maris. Adieu .... non, je ne veux
275 1666 1883 1752 plus te dire ce triſte mot, il me
275 1765 1883 1861 fait ſentir trop vivement notre ſépa-
280 1875 577 1944 ration.
