2480 3507
711 789 2143 895 LETTRE XVII.
878 1001 1950 1087 De Madame d'Alni,
769 1162 2068 1238 AT.
637 429 821 507 a
626 1323 800 1461 T
821 1392 2222 1481 u m'as cauſé une vive émotion,
624 1505 2222 1591 par les premieres lignes de ta lettre.
628 1604 2231 1676 Mon cœur a délicieuſement treſ-
624 1707 2231 1793 failli, en liſant ces mots: faveur du
619 1813 2235 1899 ciel, récompenſe de la vertu J'ai
619 1916 2235 2005 cru que tu touchois au ſceau de
619 2022 2235 2112 ton bonheur: j'ai cru, choſe in-
619 2125 2240 2218 croyable, j'ai cru que le chevalier
610 2232 2231 2335 avoit fléchi ſa mere, j'ai cru que
610 2335 2235 2434 la dévote marquiſe avoit révoqué
610 2444 2240 2533 l'arrêt de mort, prononcé contre le
540 2550 2240 2652 plus beau point de la vie ce ſon
553 2652 2248 2746 fils; j'ai cru que lui-même, preſſé
597 2759 2248 2859 par ſon amour & ſon déſeſpoir,
