2480 3507
1748 470 1954 552 .
1405 2886 1656 2986 Ni
347 583 1954 662 avoit ollicit & obtenu de cette
347 689 1959 782 crupuleue femme, la permiion
312 792 1963 884 d'aimer; j'ai cru enfin, que ton
343 902 1963 991 mariage toit arrt, & qu'il ne
338 1008 1967 1094 retoit  mon amiti, que le oin de
369 1111 1967 1183 faire clbrer vos amours & votre
373 1203 1967 1313 hymen par quelque pote fameux.
373 1316 1967 1409 Au rete, j'aurois t embarrae;
356 1426 1972 1515 les dclamateurs prtendent qu'il
373 1532 1976 1621 n'y en a plus: mais, ouci uperflu,
378 1639 1972 1724 je te vois aui loigne de lheu-
369 1741 1972 1831 reue concluion, que je t'en
1406 1841 1972 1920 ... Pauvres
351 1848 1260 1937 croyois proche ....
378 1951 1976 2036 amants, vous voila bien, toujours
378 2053 1967 2146 extrmes dans la joie ou le chagrin!
378 2160 1976 2249 Un rayon d'epoir vous ouvre les
378 2266 1976 2352 cieux, un obtacle imprvu vous
382 2369 1972 2458 accable: aini vous flottez perp-
360 2472 1972 2544 tuellement ur une mer de dlices
382 2581 1967 2660 ou de douleurs, & ne retrouvez le
382 2687 1967 2780 port qu'aprs avoir perdu votre
373 2794 830 2869 tendree.
