2480 3507
567 442 729 521 a
672 545 2139 641 En vérité, chere Eliſabeth, je
558 662 2143 751 m'étonne, qu'avec une raiſon éclai-
558 765 2147 847 rée & l'habitude de réfléchir, tu
553 871 2147 960 n'aies pas acquis plus d'empire ſur
553 980 2152 1066 ton cœur; les moindres circon-
553 1083 2152 1169 ſtances te tranſportent d'un excès
549 1186 2147 1275 à l'autre. Nen accuſe pas unique-
545 1292 2152 1375 ment l'amour; le mal vient entre-
540 1399 2147 1484 rement de ton propre caractere.
545 1501 2152 1587 Ton ardente imagination, à la-
536 1604 2152 1690 quelle tu te livres trop, faſcine ton
536 1707 2152 1796 jugement, & t'empêche de voir
531 1810 2152 1889 les choſes comme elles ſont-...
531 1909 2147 2005 Toujours des accuſations, diras-tu,
531 2019 2156 2108 un peu confuſe? Oui, charmante
527 2122 2161 2211 amie, quelque pénible que ſoit
531 2225 2156 2328 cette charge, je ne me laſſerai ja-
527 2328 2156 2420 mais de te dire les vérités qui in-
527 2437 2161 2530 téreſſent ton bonheur. N'as-tu pas
523 2540 2152 2615 confié à mon amitié le ſoin de t'é-
523 2643 2156 2739 clairer ſur tes défauts? & quoiqu'il
518 2749 2152 2842 en puiſſe couter à ton amour-
