2480 3507
1384 2763 1593 2852 Nii
361 439 1946 528 propre, ne dois-je pas te montrer
357 545 1950 641 les trop fortes ombres du tableau,
353 651 1950 737 pour te mettre en tat de les adou-
353 758 1950 854 cir? Aurment, il n'y eut jamais
353 864 1946 960 un tre mortel, qui runit plus de
348 970 1946 1056 vertus & de brillantes qualits que
348 1073 1950 1162 toi; mais je t'avoue, que ce qui
348 1179 1946 1258 excite l'mulation, & leve le cou-
344 1286 1942 1375 rage de ceux qui t'admirent, c'et
340 1392 1942 1477 que, s'il n'et pas poible de te
335 1495 1942 1584 urpaer, au moins l'et - il de t'at-
340 1601 1937 1690 teindre. Cette vrit t'afflige peut-
340 1704 1937 1793 tre, parce que tes vux tendent
335 1803 1928 1899 au mrite uprme, ur-tout depuis
335 1913 1933 2005 que Luzan t'a u inpirer le deir
335 2019 1928 2108 de lui plaire. Mais conole - toi, tu
335 2125 1928 2214 n'as preque de dfauts, que ce
331 2232 1924 2321 qu'il en faut pour faire croire  tes
326 2338 1924 2430 perfections. Bien diffrente de ces
331 2441 1915 2530 tres de raion, qui ont i orns,
322 2547 1915 2636 i urchargs de mrite & de vertus
326 2653 1915 2742 par leur crateur, qu'ils n'attirent
