2480 3507
594 343 769 422 L
594 442 2167 552 flues, n'ayant plus le mme objet:
594 566 2171 655 au lieu que, te reprentant l'il
594 669 2175 758 du monde toujours ouvert ur tes
585 775 2175 871 actions, ce entiment te outiendra
585 881 2171 950 dans toutes les circontances de la
581 980 2175 1073 vie. Ce chapitre m'intree i fort,
581 1090 2175 1179 que i le zl Lapierre n'attendoit
577 1193 2175 1286 fans doute avec impatience ma r-
524 1299 2171 1388 pone, tu ne erois pas encore
572 1405 2175 1495 quitte de mes rflexions; mais j'y
564 1512 1656 1601 reviendrai quelqua our.
664 1608 2171 1716 Tu m'apprends que Luzan va
253 1716 2175 1810 -demain voir on unique ami; tu
559 1824 2175 1916 deirerois tre aui heureue que
559 1927 2254 2022 lui: eh bienl rjouis-toi, flicite-
555 2033 2175 2125 moi; demain, oui demain je erai
550 2142 2171 2228 Paris. Ne crains plus de revers:
550 2245 2175 2334 madame d'AIbi et parfaitement
542 2352 2167 2441 rtablie. Monfieur d'Albi, qui n'a
546 2458 2171 2554 pas perdu on amour pour ce qu'il
546 2561 2175 2664 appelle le bon ordre, veut toujours
546 2664 2180 2766 que j'aille olliciter: aini prpare
