2480 3507
284 483 1861 555 modérément ton cœur à la douce
284 586 1865 682 joie dont nous allons jouir en nous
280 696 1861 765 embraſſant. Je remets à ce moment
275 795 1857 888 heureux l'explication de mon avis,
271 905 1865 994 ſur les démarches que Luzan veut
271 1011 1861 1100 faire auprès du comte. Je ſuis ravie
271 1118 1861 1207 'arriver en même temps que ſon
275 1224 1857 1316 ami, l'un m'aidera à juger l'autre,
275 1327 1861 1412 & ton charmant chevalier ſeroit
275 1433 1861 1522 trop habile, s'il continuoit d'é-
271 1536 1861 1628 chapper à ma pénétration. Quand à
266 1642 1870 1728 l'amoureux baron, j'eſpere tou-
270 1744 1904 1848 jours le ramener à la raiſon, en le
265 1847 1899 1939 faiſant paſſer, comme tu dis, méta-
271 1957 1900 2050 phoriquement par la route de la
262 2064 1857 2156 folie: ſois tranquille, je me charge
258 2166 1857 2266 u prodige. Je fais réflexion qu'il
262 2266 1865 2362 ſeroit dangereux que mon air d'aſ-
266 2379 1857 2465 ſurance te perſuadât à un certain
262 2478 1852 2578 point, parce que ſi les choſes ne
262 2588 1852 2681 tournoient pas à notre gré, tu ne
266 2691 1848 2787 ſerois pas aſſez prêparée à la pa-
1691 384 1865 453 LE
