2480 3507
533 346 760 411 a.
437 442 2119 535 tience qu'il faut oppoer aux per-
520 549 2119 638 cutions de ceux que nous devons
520 651 2123 747 repecter. Si ton oncle s'obtinoit
524 758 2123 857 vouloir t'pouer en dpit de nos
520 864 2123 960 ages projets, le eul parti qu'il y
524 967 2132 1059 auroit  prendre, ce eroit de ....
529 1073 2123 1166 Mais point d'arrangements la-de-
529 1183 2127 1280 us, les circontances pourroient
467 1280 2127 1378 les rendre inutiles. D'ailleurs, pour-
533 1395 2127 1481 quoi troubler le plus doux moment
533 1498 2132 1587 de ta vie? N'es-tu pas dans l'ep-
529 1597 2132 1697 rance que le chevalier era approu-
529 1704 2141 1796 ver on choix au corte, ou pour
533 1813 2136 1899 mieux dire, qu'il s'y prendra i
533 1913 2136 2016 adroitement, que on grand-pere
529 2019 2136 2108 lui precrira lui-mme une alliance
536 2124 2140 2220 o tendent tous vos vux? Cet
532 2217 2135 2327 epoir et charmant, faent les
537 2334 2136 2433 dieux qu'il ne oit pas du!.....
542 2433 2132 2537 Que de choes il me rete  te dire!
542 2544 2136 2636 mais le papier ne auroit contenir
542 2650 2136 2753 tout ce que je ens quand je pene
