2480 3507
387 1608 1807 1687 rs-ru, chere Eliſe,
196 1714 1811 1807 que cette ſéparation m'a mille fois
192 1817 1807 1917 plus coûté que la précédente?
192 1917 1807 2016 quelle différence! je n'ai paſſé que
196 2029 1811 2122 trois ſemaines avec toi, & la pre-
192 2136 1811 2225 miere fois il y avoit ſix années que
196 2238 1811 2324 nous vivions enfemble, ſans nous
196 2345 1811 2434 être quittées un jour tout entier:
192 2451 1807 2540 mais lorſque mon mariage nous
196 2554 1807 2646 força à nous ſéparer, je t'avoue
196 2660 1811 2756 que je ne reſſentis pas la moitié du
274 1011 1702 1111 LETTRE XVIII.
479 1217 1493 1299 De Madame d'Ale1,
374 1378 1624 1447 EET
205 446 1776 521 à toi. Demain nous nous verrons,
205 549 1776 627 chere Eliſabeth, ſois-en certaine,
205 658 1032 730 oui, très certaine.
1602 339 1780 408 5.
