2480 3507
1661 405 1832 477 L
244 501 1832 613 oppos  es intrts: elle s'et
249 613 1836 720 change en paion, j'en uis con-
244 723 1836 816 vaincue par les tourments, la dou-
249 826 1840 919 leur, les allarmes, que j'prouve
244 936 1836 1032 depuis l'intant o je t'ai quitte:
249 1039 1845 1142 j'ai les plus vives inquitudes ur
253 1148 1897 1241 ton ort,  prent que je ne te vois
249 1255 1849 1344 plus, je m'identifie par anticipa-
253 1361 1849 1450 tion, & je ouffre tous les maux
249 1467 1853 1553 que les plus fcheues circontan-
253 1570 1853 1659 ces pourroient te cauer. Il me em-
249 1676 1853 1765 ble, que i j'tois auprs de toi, ma
257 1779 1853 1872 vigilante amiti te garantiroit de
257 1889 1858 1975 tous les malheurs que ta ituation
262 1995 1858 2084 me fait craindre. Cependant, je
262 2098 1866 2194 uis un peu raure du ct de ton
266 2208 1866 2300 oncle, par le court entretien que
204 2309 1870 2402 j'ai eu avec lui. Aprs t'avoir dit
269 2392 1865 2498 adieu, il me uivit dans mon cabi-
274 2498 1870 2619 net pour m'engager  prendre des
274 2617 1865 2721 ivres, pour lequels j'avois tmoi-
265 2717 1870 2837 gn quelque curioit. Je les accep-
