2480 3507
433 2805 1645 2883 Partie .O
337 504 1917 597 une ſagacité ſurnaturelle pour une
337 607 1925 693 femme: ſa converſation a des char-
333 717 1925 802 mes pour les caracteres les plus
333 816 1921 908 oppoſés. Quel meurtre c'eût été
337 926 1925 1011 d'enſevelir tant de perfections dans
341 1028 1925 1118 le cloître, & de priver le monde,
333 1131 1925 1224 par ce ſacrifice de ſon plus bel
341 1238 1925 1327 ornement! Que je me ſçais bon
328 1344 1921 1433 gré de l'y avoir attirée! Son mérite
333 1450 1925 1539 ſublime contribue à ma gloire, &
293 1553 1925 1645 ſa compagnie fait toute ma féli-
333 1652 1925 1748 cité ...... Ici je le fixai avec une
337 1762 1925 1855 vive inquiétude; il s'en apperçut,
333 1865 1930 1957 il changea de couleur, ſes yeux
337 1971 1934 2060 ſe remplirent de larmes .... Vous
333 2077 1930 2166 avez un cœur excellent, lui dis-je,
333 2180 1930 2273 en lui preſſant le bras pénétrée de
328 2286 1930 2376 ſa ſenſibilité, & de plus, voulant
328 2393 1930 2485 lui faire croire que je la regar-
337 2496 1934 2588 dois comme un heureux préſage de
328 2605 1934 2691 a victoire qu'il devoit remporter
337 2711 1939 2797 ſur lui -- Votre opinion ne vous
