2480 3507
579 476 2184 588 trompe point, madame, & je fais
575 585 2179 674 ferment de ----.... Je crus qu'il
580 693 2180 782 alloit prononcer l'ternelle abju-
580 799 2189 888 ration de fon deein; mais aprs
576 905 2176 994 un long foupir exhal avec vio-
576 1011 2185 1097 lence ..-.. Je ne puis jurer de
580 1114 2193 1203 rien. Cependant oyez re, chere
580 1224 2193 1316 madame d'Albi, que j'ai ume ame.
584 1330 2193 1419 -- Oui, baron, je ais que vous en
576 1440 2198 1525 avez une capable des plus vertueux
576 1539 2207 1628 efforts, lorqu'elle et anime par
580 1645 2202 1735 de certains entimnts, je l'ai tou-
580 1752 2211 1844 jours dit. -- Vous m'avez rendu
576 1858 2211 1947 jutice, madame, & de toutes les
571 1968 2220 2057 peronnes qui me connoient, votre
576 2074 2220 2160 feriez la eule qui ne m'accorde-
576 2180 2220 2266 riez pas quelqu'admiration; mais
584 2280 2228 2369 oyez certaine que je ..... Nous
584 2389 2228 2475 fumes interrompus par la viite de
580 2485 2233 2578 Lnzan & de Saintr, je ne les vis
576 2595 2224 2687 'un intant, l'heure de mon d-
580 2705 2233 2797 part tant dja trop retarde. Noe
589 350 759 422 1
