2480 3507
1701 363 1901 456 e
288 487 1884 583 qu'elle en a eu dans la plus int-
301 600 1879 682 reante de ma vie. Aurment,
297 703 1884 803 chere Elie, je uis tente de croire
297 803 1884 898 que tu m'as communiqu la chaleur
292 915 1879 1008 de ton imptueue imagination.
292 1022 1879 1111 Je ne me reconnois plus. Je ne
288 1128 1919 1214 retrouve plus en moi cette heu-
288 1231 1884 1323 reue froideur de la nature, qui me
283 1337 1919 1426 faioit upporter mes peines avec
283 1447 1879 1532 une patience qui les diminuoit
283 1549 1875 1639 beaucoup. Mes plaintes, ma dou-
278 1651 1883 1753 leur, ont clat juque devant mon-
282 1751 1883 1857 ieur d'Albi. Aufi urpris qu'afflig
288 1858 1884 1954 de ce changement, il m'a offert de
279 1968 1879 2060 vendre a charge, mais comme il
279 2077 1884 2163 ne le pourroit dans ce moment fans
279 2177 1879 2273 un grand davantage, je l'ai pri
279 2283 1879 2376 de n'y point penfer,  moins qu'il
279 2389 1884 2475 ne e prentt quelque favorable
283 2492 1879 2581 occaion. Tu vois qu'heureuement
279 2602 1884 2691 je n'ai pas tout  fait perdu la rai-
279 2705 1875 2814 on, ni renonc  la jutice, pui-
