2480 3507
1615 343 1802 429 y
218 456 1807 559 que je t'ai quittée; cependant, je
222 573 1811 665 me figure déja mille choſes arrivées
222 679 1802 768 depuis mon départ. Le comte eſt-il
218 785 1811 854 à Paris? La faiſon des eaux eſt finie.
218 888 1811 989 D'ailleurs, il avoit marqué au che-
213 989 1815 1083 valier qu'il ſeroit de retour le 1o....
213 1100 1815 1176 du mois .---- & nous ſommes an
540 1207 1820 1296 . Je ſuis bien impatiente
218 1227 505 1292 ““-
213 1313 1820 1402 de ſçavoir quel ſera le réſultât de
213 1416 1824 1512 cette négociation, fur laquelle
213 1525 1824 1615 Luzan & Saintré ſe repoſent avec
213 1632 1828 1717 tant de confiance. Le dépoſitaire
213 1735 1824 1824 e votre ſecret me paroît anſſi
209 1837 1846 1930 habile que l'on puiſſe le deſirer,
209 1944 1833 2033 mais je lui voudrois un peu plus
218 2046 1833 2142 de chaleur dans l'imagination. Les
213 2156 1828 2249 eſprits méthodiques ne ſont guere
170 2262 1833 2358 propres à enflammer les gens paſi-
213 2372 583 2437 fionnés.
344 2475 1833 2564 Par le portrait que tu as fait du
205 2574 1837 2657 caractere du comte, il eſt évident
205 2687 1833 2780 eae le deſpotiſie eſt ſa paſſion
