2480 3507
577 435 2254 531 dominante. Aini il faudroit un
681 549 2241 638 gnie chaud, pour fermenter cette
677 651 2245 747 paion de laquelle dpend votre
677 758 2250 850 detine. Que n'ai-je pu moi-mme
659 856 2253 967 entreprendre cette miion; j'oe
680 962 2257 1062 me flatter que aurois rui: de
686 1073 2258 1172 quoi un zle ardent, conduit par
686 1179 2258 1272 l'amiti, ne vient - il pas  bout?
685 1281 2262 1387 Mais, vux uperflus! une trite
680 1384 2262 1483 bienance s'oppoe au plus cher
681 1505 2267 1591 des devoirs. Plaons donc notre
686 1604 2272 1700 eprance en ce qui et praticable.
680 1706 2275 1811 Monieur de P.... nous a promis
689 1809 2279 1905 ce miracle; il faut y croire. Ce qui
690 1923 2280 2019 m'y engage, c'et la certitude que
695 2029 2280 2125 le grand-pere du chevalier ne peut
695 2136 2276 2221 avoir le moindre oupon, que
695 2238 2280 2314 monieur de ...... oit li avec
695 2358 1000 2424 Luzan.
813 2451 2289 2540 Je uis toujours d'avis que votre
699 2557 2289 2653 digne ambaadeur parle de toi au
699 2660 2324 2753 comte, comme de l'hritiere unique
2184 2759 2298 2828 du
