2480 3507
461 2777 830 2845 Partie I.
334 466 1923 559 du baron. L'on peut, ans fauet,
334 573 1928 662 faire valoir cet avantage. Si ton
338 672 1923 765 oncle conent  ce mariage, je
334 782 1923 871 rponds de a gnroit. D'ailleurs,
338 884 1928 974 il et eentiel de ubjuguer d'abord
334 991 1972 1080 le comte, ds qu'il era arrive; & la
338 1094 1937 1186 ngociation faite, je te upplie de
338 1207 1278 1289 m'envoyer Lapierre.
452 1310 1963 1395 De mon ct, je vais m'occuper
343 1412 1932 1498 des moyens de atisfaire mon cur.
343 1519 1937 1597 L'offre de vendre cette maudite
343 1618 1981 1707 charge, qui nous retient ici, ne era
338 1728 1945 1817 pas vaine; il ne s'agit plus que de
338 1827 1941 1920 trouver un acqureur, dont la va-
338 1933 1945 2022 nit paye libralement l'honneur
338 2040 1880 2108 d'tre eclave ix mois de l'anne.
452 2146 1941 2225 Je veux conidrer un intant le
338 2249 1941 2338 riant tableau de l'avenir, tel que
347 2355 1950 2454 nous le deirons. Eliabeth de
347 2454 1950 2547 Chamdermant, poue de Jean-
347 2564 1954 2653 Jule - George, chevalier de Luzan;
343 2667 1950 2742 Henriette d'Erfac d'Albi, ridente
