2480 3507
417 764 1842 923 LETTRE XIX.
514 922 1750 1045 E,
1461 2814 1632 2903 i
342 1333 1939 1428 anats les tendres expreſſions
348 1450 1944 1515 de ton amitié ne furent ſi vives.
343 1556 1940 1649 Que de douceur & de peine tu me
339 1659 1949 1745 fais éprouver à la fois! Voir ta ten-
343 1762 1944 1851 dreſſe auſſi extrême que la mienne,
343 1868 1949 1951 c'eſt-à-dire, ne trouver de bonheur
339 1978 1953 2064 qu'en elle, fut le plus ardent de mes
343 2077 1953 2166 ſouhaits: mais je me le reproche,
330 2184 1953 2279 puiſque ſon accompliſſement trou-
330 2279 1958 2379 ble ton repos. Oui, la certitude
348 2396 1958 2475 d'être ſouverainement aimée de
347 2498 1957 2573 ron Henriette, ne peut-être une
347 2601 1961 2690 félicité pure pour moi, dès que ſa
348 2711 1962 2801 tranquillité en eſt altérée. Tes tendres
1747 398 1905 466 L
