2480 3507
568 411 730 494 r7
554 501 2134 610 plaintes m'ont pntre juqu'au
550 621 2134 713 fond de l'ame. Tes murmures, que
554 727 2142 828 tu as fait clater aux yeux du plus
546 828 2142 922 gnreux des maris, m'effraient
502 939 2142 1042 pour les uites. Quel doit-tre ton
550 1046 2142 1135 tourment? toi, que j'ai vue ju-
546 1145 2147 1234 qu'ici douce, modre, renfermant
546 1251 2151 1340 dicretement tes peines, coner-
546 1358 2151 1447 vant tant d'empire ur toi-mme
546 1460 2151 1549 dans les plus fcheues adverits,
541 1567 2160 1656 qu'on toit aui port  t'admirer
541 1669 2156 1765 qu' te plaindre. Ah! chere amie,
537 1779 2160 1872 par piti pour mon enible cur,
541 1882 2164 1975 qui me reprocheroit la perte de
537 1988 2169 2084 tes vertus, redeviens ce que tu
541 2091 2173 2173 tois; laie  ton Eliabeth le trou-
537 2201 2173 2280 ble, la crainte, les allarmes. L'im-
532 2304 2173 2400 patience, & l'imptuoit de on
537 2406 2182 2492 caractere, era on excue. Mais
541 2513 2182 2609 toi, chere Hgnriette, le calme et
537 2622 2191 2708 ton lment, comme l'agitation et
537 2725 2182 2804 le mien. Redeviens donc, encore
