2480 3507
1772 336 1939 415 L
1413 2763 1597 2852 Piii
359 453 1952 545 un coup ce que tu tois, i tu le
354 552 1943 641 peux ans affoiblir ta tendree:
354 658 1947 747 car, elle m'et trop prcieue, trop
354 765 1947 860 nceaire, pour que je puie me
350 867 1947 960 roudre  en acrifier la plus lgere
350 977 1947 1063 partie. C'et peut-tre demander
354 1080 1952 1166 l'impoible. J'avoue que je ne re-
354 1186 1947 1275 connus jamais plus eniblement la
350 1286 1974 1389 folie & l'inconquence des vux
350 1389 1952 1484 humains. Nous n'appercevons que
350 1498 1947 1580 le beau ct de la choe deire,
346 1608 1952 1700 & notre trompeue imagination
346 1707 1947 1796 nous duit, par les charmes ans
346 1817 1947 1907 mlange qu'elle prte  tout ce
1510 1907 1952 1992 ...Cette
346 1927 1466 2009 que nous n'avons pas...
341 2029 1952 2112 vrit, reconnue de tous ceux qui
341 2132 1952 2218 rflchient, ne rend ni plus mo-
346 2235 1947 2324 dr, ni plus impartial dans les
341 2345 1947 2427 ouhaits, & moi-mme qui aurois
337 2448 1943 2537 p me citer pour exemple,  la
346 2547 1943 2639 droite de ceux qui raionnent ur
341 2653 1943 2746 l'erreur des paions, ur les maux
