2480 3507
1726 309 1887 398 T
306 429 1900 531 amour-propre? Quelque ſoit mon
306 538 1896 617 motif, tu l'excuſeras; il eſt ſi naturel
306 641 1900 720 & ſur-tout ſi néceſſaire, de defirer
306 751 1905 840 toutes les perfections à celui en qui
306 857 1909 953 nous plaçons notre tendre con-
315 953 1909 1049 fiance, que je ne fais pas difficulté
319 1066 1913 1155 de dire que l'amour eſt un ſenti-
319 1172 1918 1251 ment criminel, s'il n'eſt fondé ſur
315 1275 1913 1368 la perſuaſion d'un mérite abſolu.
323 1382 1922 1460 Je t'aſſure, dans toute la ſincérité
328 1488 1922 1580 de mon ame, que, ſi je découvrois
332 1597 1926 1683 des défauts graves à Luzan, quoi-
328 1693 1926 1789 qu'il en pût coûter à mon cœur, je
332 1810 1926 1907 renoncerois à lui pour jamais. Mais,
332 1907 1940 2005 pourquoi cette fâcheuſe ſuppoſition,
336 2019 1931 2108 au moment où j'ai mille ſujets d'ad-
332 2129 786 2194 miration?
441 2228 1935 2317 Je trouve tant de plaiſir à te com-
332 2334 1940 2427 uniquer mes idées, qu'il ne faut
328 2441 1944 2537 pas s'étonner, ſi je te rends compte
332 2550 1944 2629 de tous mes ſentiments: d'ailleurs,
345 2657 1940 2749 il y a tant à gagner pour moi; tu
