2480 3507
567 392 2141 498 me ramenes quand je m'égare, tu
567 496 2167 601 me fortifies quand je ſuis foible,
567 600 2149 695 tu éclaires ma raiſon, tu ranimes
571 706 2149 810 mon courage, tu éleves mon ame,
576 810 2172 919 ou du moins, c'eſt ce que j'éprouve
571 920 2158 1025 quand je penſe à toi. Que ne dois-
577 1028 2158 1135 je pas attendre de ton amitié? ſans
580 1133 2189 1237 elle & l'amour, j'aurois peu de ces
577 1239 2158 1343 vertus que tu as la bonté de trouver
580 1360 935 1429 en moi.
694 1453 2167 1564 Tu es peut-être curieuſe de ſça-
580 1551 2171 1658 voir quels ſont les nouveaux motiſs
584 1661 2167 1766 que j'ai d'admirer Luzan; mais je
584 1771 2170 1867 ne crois pas devoir t'en inſtraire
589 1852 2170 1967 avant l'exécution de ta promeſſé,
589 1977 2175 2083 parce qu'il me ſemble que tu as un
589 2080 2184 2183 aſſez riche fond pour le tableau.
584 2187 2179 2277 D'ailleurs, les choſes dont il eſt
589 2293 2181 2404 queſtion n'étant que des beautés
589 2391 2189 2500 d'accident, il ſeroit peut-être im-
593 2504 2184 2611 prudent de les ajouter à ſon véri-
596 2609 2184 2723 table mérite, & ce ſeroit imiter la
1952 2719 2210 2788 futile
577 288 747 377 La
