2480 3507
1324 2780 1680 2943 Oii
305 449 1901 542 principe toit univerellement uivi,
310 559 1906 641 nous erions tous heureux: mais,
314 665 1906 758 celui qui viole ce aint trait, quel-
310 775 1906 864 qu'avantage paager qu'il y trouve,
310 878 1901 970 & quelque tort qu'il fae  ceux
310 984 1906 1073 qui en ont les victimes, et plus
314 1090 1906 1183 mirable qu'eux, s'ils ont le tmoi-
310 1200 1906 1289 gnage de leur propre cur .....-
310 1303 1906 1405 Conidere, chere amie, qu'avec
310 1412 1914 1491 la conviction de cette vrit, tu ne
314 1515 1927 1608 dois pas caindre que ton Eliabeth
310 1628 1919 1714 perde jamais le got des vertus
314 1728 1923 1817 qu'elle a acquies par les entiments
314 1837 1470 1903 de P'amiti & de l'amour.
427 1940 1919 2033 Il faut ix jours pour que je puie
314 2046 1923 2125 avoir des nouvelles du chevalier,
323 2153 1919 2245 juge de mon impatience; mais elle
314 2259 1923 2352 ne auroit tre plus vive que celle
314 2362 1923 2458 que j'ai de recevoir ta rpone. Je
314 2468 1932 2561 crains que ta ant ne oit altre
314 2578 1932 2674 par les vives agitations de ton
318 2684 1936 2773 cur. Cependant, je me plais
