2480 3507
428 697 1930 884 LETTRE XX.
424 855 1926 1051 De Madame d'Alei,
421 1036 1923 1197 .
383 1238 521 1376 F
531 1314 1975 1420 orr bien, gnreue Eliabeth!
378 1417 1975 1524 fort bien! vous iriez donc juqu'
317 1520 1980 1629 ouhaiter que je vous aimae moins?
377 1628 1984 1732 Prenez garde qu' force de vouloir
375 1733 1980 1839 montrer de la gnroit, vous ne
378 1839 1980 1924 me faiez douter de vos enti-
314 1944 1979 2048 ments. Oui, je ne aurois croire
383 2052 1983 2166 une tendree i dfintree: &
378 2160 1984 2260 toi-mme, cruelle, te flattes-tu que
352 2265 1976 2379 tes vux pour mon indiffrence,
378 2365 1984 2475 (car le calme que tu me ouhaites
378 2476 1984 2583 en et l'image:) penes-tu, dis-je,
378 2584 1984 2687 que ce ouhait vinne d'un noble
365 2690 1980 2801 facrifice de tes intrts? Non, je
1801 343 1975 432 1
