2480 3507
555 322 738 394 e
555 432 2132 528 connois a ource, c'et qu'en ami-
555 542 2136 624 ti, comme en amour, celui des
550 648 2132 744 deux qui aime ans bornes diminue
550 754 2132 843 malheureuement la portion de ten-
546 864 2127 939 dree de l'autre, en raion de ce
542 974 2132 1059 qu'il en a trop lui-mme. Mon tour
542 1076 2136 1166 et venu d'aimer plus vivement que
542 1183 2136 1272 toi: mais, malgr mon air fch,
537 1286 2132 1382 je t'aure que je ne t'en veux pas
537 1395 2136 1488 au fond du cur, parce qu'aimant
533 1501 2132 1587 le plus, je uis la plus heureue:
529 1608 2136 1693 n'en doute pas, je le uis relle-
529 1711 2136 1796 ment par le vif entiment de ma
524 1817 2189 1906 tendree. Je ne voudrois pas rede-
520 1927 2132 2016 venir tranquille, au prix de cette
520 2033 2132 2122 renaiance continuelle que j'-
520 2136 2127 2228 prouve chaque fois que je onge
524 2242 2132 2331 toi, que je t'cris, que je m'entre-
520 2352 2127 2437 tiens de tes excellentes qualits.
520 2454 2127 2544 C'et un ujet que je traite ouvent
520 2564 2123 2633 avec monieur d'AIbi. Il m'coute
520 2670 2119 2759 avec aez de plaiir; il n'y a qu'une
