2480 3507
1717 343 1931 432 .
306 470 1905 555 omte à ſa terre, me paroît comme
310 573 1900 658 à toi, un terrible obſtacle. Luzan
315 675 1905 775 eſt naturellement timide, ſur-tout
315 782 1909 874 avec ſes parents, & je crains qu'il
315 888 1909 986 n'oſe avouer! lui - même ſon pen-
315 986 1948 1083 chant. Cependant, ſi ſa paſſion eſt
319 1100 1913 1186 auſſi vive que tu as lieu de le croire,
315 1203 1913 1275 il trouvera aiſément dans ſon cœur
310 1310 1913 1399 le courage néceſſaire pour déclarer
223 1412 1918 1508 ſes ſentiments. L'amour enhardit
315 1522 1918 1611 quelquefois la plus timide & la plus
319 1628 1918 1711 modeſte: non, que cela ne ſoit
319 1731 1918 1820 très blâmable; mais puiſque cette
319 1834 1922 1930 paſſion a malheureuſement le pou-
323 1940 1922 2022 voir de nous faire ſortir des bornes
323 2050 1922 2136 de la modeſtie, vertu la plus re-
328 2153 1922 2252 commandable à notre ſexe, que
323 2259 1926 2345 ne doit-elle pas produire ſur le
328 2365 1926 2437 cœur d'un amant, dont l'inclination
332 2468 1926 2550 eſt conforme à l'honneur, & ne
336 2578 1800 2667 leſſe aucun des préjugés reçus?
441 2681 1926 2773 Voila les raiſons qui peuvent &
459 2756 830 2859 Partie I.
