2480 3507
555 343 738 425 or
546 453 2136 538 oivent te raſſurer: ainſi, attends
546 562 2145 655 ſans inquiétude la lettre de Luzan.
546 669 2136 758 Je te prie auſſi de ne pas t'impa-
546 775 2136 864 tienter ſi tu n'as pas ſon portrait,
542 881 2136 970 comme tu ſemblois l'eſpérer par te
542 980 957 1052 derniere.
660 1083 2132 1183 Pardonne, chere Eliſabeth, ſi je
546 1196 2132 1282 me retracte de ma promeffe, c'eſt
542 1299 2127 1388 la premiere & ſeule fois de ma vie:
542 1409 2127 1495 mais, après l'aveu que tu m'as fait,
537 1505 2132 1601 je ne puis me réſoudre à entre-
533 1618 2127 1707 prendre la peinture des vertus de
537 1724 2132 1813 ton héros, parce que ſi le portrait
529 1827 2127 1920 n'étoit pas auſſi ſublime que ton
528 1932 2122 2034 idolâtre cœur le repréſente à ton
528 2033 2126 2131 imagination, ma lettre ſeroit en
529 2142 2123 2242 danger; & ſi je ſçavois faire d'ingé-
524 2252 2127 2345 nieuſes alluſions comme toi, j'ajou-
529 2358 2127 2454 terois qu'elle auroit un ſort plus
524 2465 2119 2557 rigoureux que la toile, où les jolies
533 2571 2123 2663 femmes prétendent être défigurées.
524 2674 2119 2756 L'office deſtructeur de la broſſe eſt
