2480 3507
1358 2783 1558 2876 Rii
241 449 2004 564 nation que dans la nature, il a
242 554 2004 669 beoin d'tablir on caractere, pour
242 663 2004 776 dterminer es ides ur les choes
242 770 2004 884 qu'il doit lui faire faire. Mais moi,
242 882 2005 986 convaincue par mon propre exem-
243 982 2005 1094 ple, que l'homme n'et que con-
243 1087 2005 1199 tradiction, je dois & je veux renon-
243 1194 2005 1305 cer au plaiir de faire des portraits,
243 1304 2006 1409 quoiqu'on m'ait ouvent flatte d'y
244 1405 2006 1515 ruir: parce que l'homme d'au-
244 1514 2006 1644 jourd'hui n'et plus celui d'hier,
245 1622 1558 1725 quoique le mme individu.
244 1690 2006 1830 Si mes rflexions t'ennuient, il
244 1827 2007 1937 faut t'en prendre  ton penchant
245 1936 2007 2046 pour elles. C'et toi qui m'en a
245 2041 2007 2149 inpir le got, & ur-tout fait con-
245 2145 2007 2251 tracter l'habitude depuis mon der-
245 2250 2008 2358 nier voyage. Mais, revenons aux
246 2355 2008 2463 prcieux amis. J'ai remarqu, avec
246 2461 2008 2573 une atisfaction infinie, que leur
246 2567 2008 2678 amiti et aui incere, aui tendre
246 2673 2009 2781 que la ntre. Mais j'ai vu aui que
1700 344 1928 431 L7
