2480 3507
457 433 2230 546 Saintré y mettoit ſon ame toute
458 535 2231 653 entiere: en un mot, beaucoup plus
459 635 2231 760 que ſon ami. Seroit-ce parce qu'il
460 751 2232 865 eſt plus capable d'une vraie ten-
460 851 2233 970 dreſſe? non, c'eſt ſans doute parce
461 957 2234 1077 que ſon cœur n'eſt point partagé
462 1065 2234 1182 comme celui du chevalier. Qu'en
462 1169 2235 1295 penſes-tu?..... N'eſt - ce pas trop
463 1276 2236 1392 eiger, que de vouloir te faire pro-
464 1389 2236 1517 noncer dans ta propre cauſe? ....
468 1486 2237 1593 Je ſuis fâchée pour toi que le
465 1563 2238 1695 bon Saintré ne ſoit pas demeuré à
466 1695 2238 1802 Paris; mais tu étois dans l'enthou-
466 1793 2239 1917 ſiafme des ſacrifices, & tu as voulu
467 1908 2240 2017 qu'il partît avec ſon fidele. D'ail-
468 1998 2240 2117 leurs, tu m'avoues tes motifs de ſi
468 2115 2241 2231 bonne foi, que je ne dois pas me
469 2223 2242 2332 méprendre à la nature de celui-ci,
470 2332 2243 2435 & aſſurément je devine, comme tu
470 2431 2243 2539 P'as prévu, ta principale raiſon.
471 2539 2244 2646 O'eſt, qu'en laiſſant au chevalier
472 2645 2245 2757 Poccaſion de parler ſans ceſſe de
526 326 736 408 Lt
