2480 3507
849 435 2033 525 .. De quel vain eſpoir
440 435 818 531 reſte ...
444 538 2037 631 m'étois-je flattée, ſans ſoupçonner
448 645 2037 737 même le malheur qui m'accable?...
448 744 2042 840 Un mariage réſolu, arrété par le
448 857 2037 950 grand-pere du chevalier, ruine à
453 963 2046 1056 jamais nos plus cheres eſpéran-
453 1073 2046 1148 ces.... Jamais ....enriette ...-
457 1179 2050 1268 Conçois - tu combien ce mot eſt
457 1286 2050 1375 affreux, lorſqu'il eſt prononcé pour
457 1392 2059 1481 ſéparer deux cœurs unis par le plus
1380 1491 2063 1570 ..Hélas! où
457 1501 1330 1567 tendre amour...
466 1597 2063 1690 trouverai-je la force de ſupporter
466 1711 2059 1789 ce cruel revers? Mon ame, abattue
466 1813 2063 1906 par ce coup imprévu, ne conſerve
457 1920 2072 2012 que le ſentiment de mon mal-
470 2026 2072 2101 heur ...... C'en eſt donc fait?
474 2132 2076 2225 e ne puis plus eſpérer; car ce ſe-
474 2238 2081 2328 roit m'abuſer, ſi j'oſois compaer ſur
474 2348 2076 2437 les promeſſes de Luzan. En vain i
479 2454 2076 2544 me proteſte qu'il ne conſentira
483 2561 2081 2657 jamais à une alliance ſi éloignée de
483 2667 2076 2780 ſon cœur. Il eſt trop évident qu'il
453 333 627 381 e
