<PcGts xmlns="http://schema.primaresearch.org/PAGE/gts/pagecontent/2017-07-15" xmlns:xsi="http://www.w3.org/2001/XMLSchema-instance" xsi:schemaLocation="http://schema.primaresearch.org/PAGE/gts/pagecontent/2017-07-15 http://schema.primaresearch.org/PAGE/gts/pagecontent/2017-07-15/pagecontent.xsd"><Metadata><Creator/><Created>2020-09-14T11:35:15</Created><LastChange>1970-01-01T00:00:00</LastChange><Comments/></Metadata><Page imageFilename="0211.png" imageHeight="3507" imageWidth="2480"><TextRegion id="r1" type="page-number" orientation="-0.0"><Coords points="1946,337 1946,339 1944,341 1814,341 1814,346 1812,348 1810,348 1810,370 1812,370 1814,372 1812,374 1806,374 1806,396 1812,396 1814,398 1814,401 1933,401 1935,403 1935,414 1939,414 1942,416 1942,418 2018,418 2023,414 2025,414 2027,412 2029,412 2029,409 2031,407 2031,374 2034,372 2042,372 2042,350 2034,350 2029,346 2029,341 2023,341 2020,339 2020,337"/><TextEquiv><Unicode/></TextEquiv><TextLine id="r1_l001"><Coords points="1837,346 2012,346 2012,411 1837,411"/><TextEquiv index="1"><Unicode>L</Unicode></TextEquiv></TextLine></TextRegion><ImageRegion id="r2"><Coords points="1065,2180 1065,2183 1063,2185 1060,2185 1058,2187 1056,2187 1056,2194 1054,2196 1052,2196 1049,2198 1047,2198 1047,2200 1045,2202 1038,2202 1038,2231 1041,2231 1043,2233 1043,2257 1047,2262 1047,2275 1063,2275 1065,2277 1065,2297 1071,2297 1074,2299 1076,2299 1078,2301 1078,2303 1084,2303 1087,2305 1128,2305 1131,2308 1131,2310 1172,2310 1174,2312 1174,2321 1207,2321 1209,2323 1209,2358 1238,2358 1238,2327 1240,2325 1315,2325 1315,2314 1277,2314 1275,2312 1236,2312 1234,2310 1234,2251 1231,2248 1231,2246 1225,2246 1223,2244 1225,2242 1234,2242 1234,2211 1229,2211 1227,2209 1225,2209 1223,2207 1223,2198 1220,2198 1218,2196 1198,2196 1196,2194 1196,2191 1177,2191 1174,2189 1174,2187 1155,2187 1152,2185 1133,2185 1131,2183 1131,2180"/></ImageRegion><ImageRegion id="r3"><Coords points="1240,2327 1240,2432 1383,2432 1383,2327"/></ImageRegion><ImageRegion id="r4"><Coords points="819,320 819,322 817,324 793,324 793,348 795,348 797,350 797,352 800,352 802,355 802,372 800,374 797,374 797,377 795,379 793,379 793,405 995,405 995,403 997,401 1490,401 1490,398 1492,396 1497,396 1499,398 1499,401 1575,401 1578,403 1578,405 1643,405 1643,403 1646,401 1648,401 1648,396 1650,394 1652,394 1652,374 1650,374 1648,372 1646,372 1643,370 1643,368 1641,368 1639,366 1628,366 1626,363 1626,333 1556,333 1556,335 1554,337 1437,337 1437,339 1435,341 1330,341 1328,339 1328,337 1240,337 1240,339 1238,341 1234,341 1231,339 1231,333 1157,333 1157,341 1155,344 1152,341 1150,341 1148,339 1148,337 1008,337 1008,339 1006,341 918,341 916,339 916,324 909,324 907,322 907,320"/></ImageRegion><ImageRegion id="r5"><Coords points="1236,2194 1236,2310 1387,2310 1387,2194"/></ImageRegion><ImageRegion id="r6"><Coords points="1069,2323 1069,2435 1207,2435 1207,2323"/></ImageRegion><TextRegion id="r7" type="paragraph" orientation="-0.0"><Coords points="1078,440 1078,442 1076,444 1074,444 1071,447 1069,447 1069,451 1067,453 1065,453 1065,458 1063,460 1060,460 1060,462 1058,464 1017,464 1017,466 1014,469 1012,469 1010,471 1006,471 1005,470 1004,470 1003,469 903,469 902,470 901,470 900,471 898,469 896,469 895,468 895,467 894,466 894,464 815,464 815,466 814,467 814,468 813,469 466,469 465,468 465,467 464,466 464,464 398,464 398,466 397,467 397,468 396,469 394,469 394,486 396,486 398,488 398,493 401,493 403,495 401,497 398,497 398,523 401,523 402,524 402,525 403,526 403,528 558,528 559,529 560,529 561,530 561,547 644,547 644,530 646,528 784,528 784,526 785,525 785,524 786,523 900,523 903,526 903,543 905,543 907,545 907,547 977,547 977,545 979,543 981,543 981,539 982,538 983,538 984,537 986,537 986,530 988,528 990,528 990,523 992,521 993,521 995,519 995,515 996,514 996,513 997,512 999,512 999,506 1001,504 1003,504 1003,499 1004,498 1005,498 1006,497 1008,497 1008,495 1010,493 1014,493 1015,494 1016,494 1017,495 1016,496 1015,496 1014,497 1012,497 1012,523 1237,523 1238,524 1227,535 1226,535 1213,548 1212,548 1199,561 1198,561 1190,569 1074,569 1074,572 1073,573 1072,573 1071,574 1067,574 1065,572 1065,552 1063,552 1062,551 1061,551 1060,550 990,550 988,552 986,552 986,572 984,574 892,574 891,573 890,573 889,572 889,552 758,552 758,572 756,574 751,574 749,572 749,552 747,552 745,550 743,550 740,547 740,545 675,545 675,547 672,550 670,550 668,552 626,552 626,554 624,556 622,556 622,565 620,567 618,567 618,574 617,575 616,575 615,576 613,576 613,585 611,587 609,587 609,596 607,598 602,598 600,596 600,593 598,593 596,591 596,576 593,576 591,574 541,574 539,572 539,569 464,569 464,572 462,574 394,574 394,596 396,596 398,598 398,600 401,600 403,602 403,626 402,627 402,628 401,629 394,629 394,646 396,646 398,648 398,655 490,655 490,633 491,632 492,632 493,631 550,631 552,633 714,633 716,631 808,631 810,633 924,633 925,632 926,632 927,631 1191,631 1194,634 1194,635 1196,637 1196,638 1198,640 1198,641 1201,644 1201,645 1203,647 1203,648 1205,650 1205,651 1207,653 1207,654 1209,656 1209,657 1211,659 1211,660 1213,662 1213,663 1215,665 1215,666 1217,668 1217,669 1219,671 1219,672 1221,674 1221,675 1222,676 1221,677 1198,677 1196,675 1196,659 1194,659 1192,657 1192,655 1109,655 1109,657 1108,658 1107,658 1106,659 1100,659 1100,675 1098,677 981,677 979,679 957,679 955,677 824,677 823,678 822,678 821,679 819,679 819,681 817,683 806,683 804,681 804,679 786,679 784,677 784,666 782,666 780,664 778,664 775,661 775,659 692,659 692,661 691,662 691,663 690,664 688,664 686,666 683,666 683,686 681,688 679,688 677,690 675,690 675,694 672,697 670,697 670,723 672,723 673,724 674,724 675,725 675,734 681,734 683,736 810,736 811,735 812,735 813,734 815,734 815,732 816,731 816,730 817,729 818,730 818,731 819,732 819,734 826,734 828,736 909,736 911,738 911,758 918,758 920,760 918,762 916,762 916,780 914,782 878,782 876,780 876,762 870,762 869,761 868,761 867,760 867,758 793,758 793,760 791,762 784,762 784,780 782,782 775,782 775,784 773,786 767,786 767,789 766,790 765,790 764,791 762,791 762,795 760,797 758,797 758,800 756,802 754,800 754,786 751,786 749,784 749,782 716,782 714,780 714,767 712,767 711,766 711,765 710,764 710,762 635,762 635,780 633,782 537,782 536,781 537,780 537,777 538,776 538,772 539,771 539,767 540,766 540,762 541,761 541,757 542,756 542,752 543,751 543,748 544,747 544,743 545,742 545,738 547,736 580,736 581,737 582,737 583,738 583,747 657,747 657,745 659,743 661,743 664,740 666,740 666,710 664,710 661,707 602,707 600,705 600,688 598,688 596,686 596,683 593,683 591,681 591,679 589,679 587,677 508,677 506,679 480,679 479,678 478,678 477,677 403,677 401,679 398,679 398,705 401,705 403,707 403,734 405,734 407,736 543,736 544,737 543,738 543,742 542,743 542,747 541,748 541,752 540,753 540,756 539,757 539,761 538,762 538,766 537,767 537,771 536,772 536,776 535,777 535,781 534,782 394,782 394,784 392,786 390,786 390,806 392,806 394,808 394,863 482,863 484,861 486,861 486,841 488,839 521,839 522,840 522,843 521,844 521,848 520,849 520,853 519,854 519,858 518,859 518,863 517,864 517,868 516,869 516,872 515,873 515,877 514,878 514,882 513,883 513,887 511,889 420,889 420,892 418,894 416,894 414,896 407,896 407,900 406,901 406,902 405,903 403,903 403,935 405,935 406,936 406,937 407,938 407,942 409,942 410,943 411,943 412,944 427,944 429,946 429,968 471,968 472,969 472,970 473,971 473,973 471,975 469,975 469,986 468,987 467,987 466,988 398,988 398,992 397,993 397,994 396,995 390,995 390,1017 392,1017 394,1019 394,1021 396,1021 398,1023 398,1047 405,1047 407,1049 407,1052 477,1052 478,1053 478,1056 477,1057 477,1061 476,1062 476,1066 475,1067 475,1071 474,1072 474,1076 472,1078 394,1078 392,1080 390,1080 390,1100 392,1100 394,1102 394,1126 396,1126 398,1128 398,1131 396,1133 394,1133 394,1155 396,1155 398,1157 398,1159 526,1159 526,1157 528,1155 530,1155 530,1152 532,1150 534,1150 534,1133 532,1133 530,1131 530,1128 528,1128 526,1126 526,1123 527,1122 551,1122 552,1123 552,1126 558,1126 559,1127 560,1127 561,1128 561,1155 664,1155 666,1157 666,1159 711,1159 712,1160 712,1161 713,1162 713,1165 714,1166 714,1170 715,1171 715,1174 716,1175 716,1178 717,1179 717,1182 718,1183 718,1186 719,1187 719,1190 720,1191 720,1194 721,1195 721,1198 722,1199 722,1200 721,1201 699,1201 698,1200 698,1199 697,1198 697,1183 694,1183 692,1181 624,1181 622,1179 622,1177 552,1177 552,1179 550,1181 394,1181 394,1205 396,1205 398,1207 398,1209 401,1209 402,1210 402,1211 403,1212 403,1223 401,1225 398,1225 398,1236 396,1238 394,1238 394,1262 736,1262 737,1263 737,1264 738,1265 738,1268 739,1269 739,1272 740,1273 740,1276 741,1277 741,1280 742,1281 742,1284 743,1285 743,1288 744,1289 744,1292 745,1293 745,1297 746,1298 746,1301 747,1302 747,1305 748,1306 748,1309 749,1310 749,1312 748,1313 748,1314 747,1315 746,1314 746,1313 745,1312 745,1310 738,1310 736,1308 736,1306 659,1306 657,1304 657,1286 655,1286 653,1284 653,1282 583,1282 583,1284 582,1285 581,1285 580,1286 561,1286 561,1304 560,1305 559,1305 558,1306 475,1306 473,1304 398,1304 398,1308 396,1310 394,1310 394,1323 393,1324 393,1325 392,1326 390,1326 390,1345 396,1345 397,1346 397,1347 398,1348 398,1361 401,1361 403,1363 403,1365 405,1365 407,1367 556,1367 558,1365 559,1366 560,1366 561,1367 626,1367 627,1366 628,1366 629,1365 650,1365 651,1366 652,1366 653,1367 736,1367 738,1365 745,1365 745,1363 747,1361 756,1361 758,1363 758,1365 931,1365 933,1367 1006,1367 1008,1369 1008,1374 1010,1374 1012,1376 1078,1376 1080,1374 1087,1374 1087,1372 1088,1371 1088,1370 1089,1369 1091,1369 1091,1367 1093,1365 1095,1365 1095,1359 1096,1358 1097,1359 1097,1360 1099,1362 1099,1363 1102,1366 1102,1367 1104,1369 1104,1370 1106,1372 1106,1373 1109,1376 1109,1377 1111,1379 1111,1380 1113,1382 1113,1383 1116,1386 1116,1387 1117,1388 1116,1389 1074,1389 1074,1411 1073,1412 1072,1412 1071,1413 1045,1413 1043,1411 1043,1394 946,1394 944,1396 942,1396 942,1415 949,1415 950,1416 950,1417 951,1418 953,1418 955,1420 955,1440 953,1442 922,1442 920,1440 920,1424 918,1424 916,1422 916,1420 914,1420 913,1419 912,1419 911,1418 909,1418 908,1417 908,1416 907,1415 907,1413 826,1413 824,1411 824,1394 817,1394 816,1393 816,1392 815,1391 815,1389 749,1389 749,1391 748,1392 748,1393 747,1394 745,1394 743,1396 740,1396 740,1411 738,1413 712,1413 710,1411 710,1394 707,1394 706,1393 706,1392 705,1391 705,1389 631,1389 631,1391 630,1392 630,1393 629,1394 626,1394 624,1396 583,1396 583,1398 582,1399 581,1399 580,1400 578,1400 578,1407 576,1409 552,1409 552,1411 550,1413 510,1413 508,1411 508,1394 416,1394 416,1415 415,1416 415,1417 414,1418 385,1418 385,1435 387,1435 388,1436 389,1436 390,1437 390,1464 392,1464 394,1466 401,1466 403,1468 403,1470 405,1470 407,1472 499,1472 501,1470 554,1470 556,1472 740,1472 741,1471 742,1471 743,1470 826,1470 828,1472 940,1472 941,1473 941,1474 942,1475 942,1477 1017,1477 1017,1475 1018,1474 1018,1473 1019,1472 1025,1472 1027,1470 1076,1470 1078,1472 1078,1494 1152,1494 1152,1492 1153,1491 1154,1491 1155,1490 1157,1490 1157,1472 1159,1470 1178,1470 1183,1475 1183,1476 1187,1480 1187,1481 1191,1485 1191,1486 1195,1490 1195,1491 1199,1495 1199,1496 1203,1500 1203,1501 1207,1505 1207,1506 1211,1510 1211,1511 1215,1515 1215,1516 1219,1520 1218,1521 984,1521 981,1518 981,1499 979,1499 977,1497 903,1497 903,1521 902,1522 901,1522 900,1523 898,1521 839,1521 838,1520 838,1519 837,1518 837,1516 762,1516 762,1518 761,1519 761,1520 760,1521 488,1521 487,1520 487,1519 486,1518 486,1503 390,1503 390,1521 392,1521 394,1523 394,1527 396,1527 398,1529 398,1551 397,1552 397,1553 396,1554 394,1554 394,1556 392,1558 390,1558 390,1580 618,1580 618,1578 619,1577 619,1576 620,1575 690,1575 691,1576 691,1577 692,1578 692,1591 767,1591 767,1589 768,1588 768,1587 769,1586 775,1586 775,1584 776,1583 777,1583 778,1582 780,1582 782,1580 841,1580 841,1578 842,1577 842,1576 843,1575 905,1575 906,1576 906,1577 907,1578 907,1600 981,1600 984,1597 986,1597 986,1582 988,1580 990,1582 990,1591 992,1591 993,1592 994,1592 995,1593 995,1597 1001,1597 1002,1598 1002,1599 1003,1600 1087,1600 1088,1599 1088,1598 1089,1597 1095,1597 1095,1595 1096,1594 1097,1594 1098,1593 1100,1593 1100,1589 1101,1588 1101,1587 1102,1586 1104,1586 1104,1578 1105,1577 1105,1576 1106,1575 1262,1575 1267,1580 1267,1581 1271,1585 1271,1586 1275,1590 1275,1591 1279,1595 1279,1596 1280,1597 1279,1598 1279,1599 1278,1600 1278,1601 1277,1602 1277,1603 1276,1604 1276,1605 1275,1606 1275,1607 1274,1608 1274,1609 1273,1610 1273,1612 1272,1613 1272,1614 1271,1615 1271,1616 1270,1617 1270,1618 1269,1619 1269,1620 1268,1621 1268,1622 1266,1624 1216,1624 1215,1623 1215,1622 1214,1621 1214,1602 1122,1602 1122,1621 1121,1622 1121,1623 1120,1624 1115,1624 1114,1623 1114,1622 1113,1621 1113,1619 1043,1619 1043,1621 1042,1622 1042,1623 1041,1624 1014,1624 1013,1623 1013,1622 1012,1621 1012,1619 900,1619 898,1617 898,1600 810,1600 808,1602 802,1602 802,1606 800,1608 797,1608 797,1613 795,1615 793,1615 793,1621 792,1622 792,1623 791,1624 598,1624 597,1623 597,1622 596,1621 596,1606 593,1606 591,1604 591,1602 517,1602 517,1621 516,1622 516,1623 515,1624 512,1621 512,1606 510,1606 508,1604 508,1602 416,1602 416,1624 414,1626 403,1626 403,1628 401,1630 394,1630 394,1632 393,1633 393,1634 392,1635 390,1635 390,1648 389,1649 388,1649 387,1650 385,1650 385,1670 387,1670 388,1671 389,1671 390,1672 392,1672 394,1674 401,1674 403,1676 403,1678 409,1678 412,1681 412,1683 504,1683 504,1681 505,1680 505,1679 506,1678 626,1678 626,1676 627,1675 628,1675 629,1674 707,1674 708,1675 709,1675 710,1676 710,1678 789,1678 789,1676 791,1674 795,1674 797,1676 797,1678 894,1678 894,1676 896,1674 905,1674 907,1676 907,1678 1104,1678 1104,1676 1106,1674 1111,1674 1113,1676 1113,1678 1183,1678 1183,1676 1185,1674 1190,1674 1192,1676 1192,1678 1240,1678 1241,1679 1240,1680 1240,1681 1239,1682 1239,1684 1238,1685 1238,1686 1237,1687 1237,1688 1236,1689 1236,1690 1235,1691 1235,1692 1234,1693 1234,1694 1233,1695 1233,1696 1232,1697 1232,1698 1231,1699 1231,1701 1230,1702 1230,1703 1229,1704 1229,1705 1228,1706 1228,1707 1227,1708 1227,1709 1226,1710 1226,1711 1225,1712 1225,1713 1224,1714 1224,1715 1223,1716 1223,1717 1222,1718 1222,1720 1220,1722 1100,1722 1100,1725 1098,1727 992,1727 990,1725 990,1722 988,1722 986,1720 986,1718 920,1718 920,1720 918,1722 916,1722 916,1725 914,1727 909,1727 907,1725 907,1707 905,1707 903,1705 900,1705 898,1703 828,1703 828,1705 826,1707 824,1707 824,1720 823,1721 822,1721 821,1722 775,1722 775,1725 773,1727 734,1727 732,1725 732,1705 725,1705 723,1703 657,1703 655,1705 653,1705 653,1709 652,1710 651,1710 650,1711 648,1709 648,1707 578,1707 578,1725 576,1727 506,1727 504,1725 504,1707 497,1707 495,1705 403,1705 403,1727 405,1727 407,1729 407,1731 414,1731 416,1733 416,1751 414,1753 385,1753 385,1775 387,1775 388,1776 389,1776 390,1777 390,1786 392,1786 394,1788 486,1788 488,1786 547,1786 547,1784 550,1781 699,1781 700,1782 700,1783 701,1784 701,1801 703,1801 705,1803 705,1806 784,1806 784,1803 786,1801 789,1801 789,1784 790,1783 790,1782 791,1781 1172,1781 1173,1782 1162,1793 1162,1794 1151,1805 1151,1806 1149,1808 1095,1808 1093,1810 1091,1810 1091,1830 1089,1832 1082,1832 1080,1834 1078,1834 1078,1836 1076,1838 1074,1838 1074,1843 1073,1844 1072,1844 1071,1845 1069,1845 1069,1856 1067,1858 1049,1858 1047,1856 1047,1852 1045,1852 1044,1851 1044,1850 1043,1849 1043,1834 1041,1834 1040,1833 1039,1833 1038,1832 1006,1832 1005,1831 1004,1831 1003,1830 1003,1810 924,1810 924,1812 922,1814 920,1814 920,1830 918,1832 773,1832 771,1830 771,1810 688,1810 688,1863 686,1865 685,1864 684,1864 683,1863 683,1838 681,1838 679,1836 679,1834 672,1834 670,1832 543,1832 541,1834 475,1834 473,1832 473,1814 471,1814 469,1812 469,1810 394,1810 394,1812 392,1814 390,1814 390,1836 389,1837 388,1837 387,1838 385,1838 385,1856 387,1856 388,1857 389,1857 390,1858 390,1860 392,1860 393,1861 393,1862 394,1863 394,1878 392,1880 390,1880 390,1909 469,1909 469,1906 471,1904 473,1904 473,1900 475,1898 477,1898 480,1895 521,1895 521,1893 523,1891 675,1891 677,1889 679,1889 679,1887 681,1885 683,1887 683,1889 690,1889 692,1891 800,1891 802,1893 802,1909 804,1909 806,1911 806,1913 836,1913 837,1914 836,1915 832,1915 831,1916 828,1916 827,1917 823,1917 822,1918 819,1918 818,1919 814,1919 813,1920 810,1920 809,1921 805,1921 804,1922 801,1922 800,1923 796,1923 795,1924 792,1924 791,1925 787,1925 786,1926 783,1926 782,1927 779,1927 778,1928 774,1928 773,1929 770,1929 769,1930 765,1930 764,1931 740,1931 740,1933 738,1935 701,1935 699,1937 499,1937 499,1939 498,1940 498,1941 497,1942 466,1942 465,1941 465,1940 464,1939 464,1937 390,1937 390,1939 387,1942 385,1942 385,1959 383,1961 368,1961 368,1983 370,1983 372,1985 372,1988 383,1988 385,1990 385,2001 387,2001 388,2002 389,2002 390,2003 390,2004 460,2004 460,2003 462,2001 578,2001 579,2000 579,1999 580,1998 642,1998 643,1999 643,2000 644,2001 718,2001 721,1998 773,1998 774,1999 774,2000 775,2001 850,2001 851,2000 851,1999 852,1998 854,1998 854,1966 852,1966 851,1965 851,1964 850,1963 850,1961 830,1961 828,1959 828,1942 826,1942 825,1941 825,1940 824,1939 824,1937 817,1937 815,1935 808,1935 806,1933 806,1931 778,1931 777,1930 778,1929 782,1929 783,1928 786,1928 787,1927 791,1927 792,1926 795,1926 796,1925 800,1925 801,1924 804,1924 805,1923 809,1923 810,1922 813,1922 814,1921 818,1921 819,1920 822,1920 823,1919 827,1919 828,1918 831,1918 832,1917 836,1917 837,1916 840,1916 841,1915 844,1915 845,1914 849,1914 850,1913 894,1913 894,1904 895,1903 898,1903 899,1902 903,1902 904,1901 907,1901 908,1900 912,1900 913,1899 916,1899 917,1898 921,1898 922,1897 925,1897 926,1896 930,1896 931,1895 934,1895 935,1894 939,1894 940,1893 943,1893 944,1892 947,1892 948,1891 1006,1891 1008,1893 1008,1898 1010,1898 1012,1900 1012,1902 1082,1902 1082,1900 1084,1898 1087,1898 1088,1897 1088,1896 1089,1895 1095,1895 1095,1893 1096,1892 1097,1892 1098,1891 1161,1891 1163,1889 1323,1889 1323,1887 1324,1886 1325,1886 1326,1885 1330,1885 1332,1887 1332,1889 1391,1889 1392,1890 1393,1890 1394,1891 1468,1891 1470,1889 1479,1889 1481,1891 1939,1891 1940,1892 1941,1892 1942,1893 1942,1895 2029,1895 2029,1893 2031,1891 2042,1891 2043,1890 2044,1890 2045,1889 2047,1889 2047,1865 2045,1865 2044,1864 2043,1864 2042,1863 2042,1832 1968,1832 1966,1834 1944,1834 1942,1832 1878,1832 1876,1830 1876,1828 1810,1828 1810,1830 1808,1832 1806,1832 1805,1831 1804,1831 1803,1830 1803,1828 1735,1828 1735,1830 1733,1832 1720,1832 1718,1830 1718,1810 1639,1810 1639,1830 1637,1832 1580,1832 1578,1830 1578,1812 1577,1811 1576,1811 1575,1810 1486,1810 1486,1830 1488,1830 1490,1832 1488,1834 1475,1834 1474,1833 1473,1833 1472,1832 1461,1832 1459,1830 1459,1828 1345,1828 1345,1830 1343,1832 1332,1832 1330,1834 1326,1834 1325,1833 1324,1833 1323,1832 1282,1832 1280,1830 1280,1828 1190,1828 1187,1825 1187,1810 1163,1810 1161,1808 1154,1808 1153,1807 1158,1802 1158,1801 1169,1790 1169,1789 1177,1781 1231,1781 1231,1779 1232,1778 1233,1778 1234,1777 1236,1777 1240,1781 1372,1781 1372,1779 1374,1777 1391,1777 1392,1778 1393,1778 1394,1779 1394,1781 1689,1781 1692,1784 1692,1801 1779,1801 1779,1784 1780,1783 1780,1782 1781,1781 1909,1781 1910,1782 1910,1783 1911,1784 1911,1786 1952,1786 1953,1787 1954,1787 1955,1788 1955,1792 1957,1792 1958,1793 1958,1794 1959,1795 2025,1795 2026,1794 2026,1793 2027,1792 2038,1792 2038,1790 2040,1788 2042,1788 2043,1787 2044,1787 2045,1786 2047,1786 2047,1755 2045,1755 2044,1754 2043,1754 2042,1753 2042,1729 2040,1729 2038,1727 1974,1727 1972,1725 1972,1705 1966,1705 1965,1704 1964,1704 1963,1703 1891,1703 1889,1705 1885,1705 1884,1706 1883,1706 1882,1707 1876,1707 1876,1709 1874,1711 1871,1711 1871,1725 1869,1727 1742,1727 1740,1725 1740,1705 1665,1705 1665,1709 1663,1711 1661,1711 1661,1720 1659,1722 1593,1722 1591,1720 1591,1705 1589,1705 1588,1704 1587,1704 1586,1703 1503,1703 1501,1705 1499,1705 1499,1722 1505,1722 1508,1725 1507,1726 1506,1726 1505,1727 1497,1727 1496,1726 1495,1726 1494,1725 1494,1722 1466,1722 1464,1720 1464,1705 1461,1705 1459,1703 1319,1703 1317,1705 1310,1705 1310,1709 1308,1711 1306,1711 1306,1720 1304,1722 1224,1722 1223,1721 1223,1720 1224,1719 1224,1718 1225,1717 1225,1716 1226,1715 1226,1714 1227,1713 1227,1712 1228,1711 1228,1710 1229,1709 1229,1707 1230,1706 1230,1705 1231,1704 1231,1703 1232,1702 1232,1701 1233,1700 1233,1699 1234,1698 1234,1697 1235,1696 1235,1695 1236,1694 1236,1693 1237,1692 1237,1691 1238,1690 1238,1688 1239,1687 1239,1686 1240,1685 1240,1684 1241,1683 1241,1682 1242,1681 1242,1680 1244,1678 1271,1678 1271,1676 1273,1674 1356,1674 1358,1676 1358,1678 1472,1678 1472,1676 1473,1675 1474,1675 1475,1674 1505,1674 1506,1675 1507,1675 1508,1676 1508,1678 1600,1678 1602,1676 1604,1678 1687,1678 1687,1676 1689,1674 1692,1674 1694,1672 1696,1674 1703,1674 1705,1676 1705,1678 1768,1678 1771,1681 1771,1698 1858,1698 1858,1681 1859,1680 1859,1679 1860,1678 1957,1678 1958,1679 1958,1680 1959,1681 1959,1683 1966,1683 1968,1685 2031,1685 2032,1684 2033,1684 2034,1683 2042,1683 2042,1681 2045,1678 2047,1678 2047,1650 2040,1650 2038,1648 2018,1648 2016,1646 2016,1624 1974,1624 1973,1623 1973,1622 1972,1621 1972,1606 1970,1606 1968,1604 1968,1602 1970,1600 1981,1600 1982,1599 1982,1598 1983,1597 1985,1597 1985,1582 1986,1581 1987,1581 1988,1580 2038,1580 2038,1578 2039,1577 2039,1576 2040,1575 2042,1575 2043,1574 2044,1574 2045,1573 2047,1573 2047,1527 2045,1527 2044,1526 2043,1526 2042,1525 2042,1523 2034,1523 2033,1522 2032,1522 2031,1521 1988,1521 1985,1518 1985,1499 1983,1499 1981,1497 1906,1497 1904,1499 1832,1499 1832,1501 1830,1503 1823,1503 1821,1505 1819,1505 1819,1514 1817,1516 1814,1516 1814,1525 1812,1527 1810,1527 1810,1545 1808,1547 1781,1547 1779,1545 1779,1523 1773,1523 1771,1521 1768,1521 1767,1520 1767,1519 1766,1518 1766,1516 1692,1516 1692,1518 1689,1521 1637,1521 1636,1520 1636,1519 1635,1518 1635,1505 1632,1505 1630,1503 1630,1499 1628,1499 1626,1497 1556,1497 1554,1499 1551,1499 1551,1503 1549,1505 1547,1505 1547,1518 1546,1519 1546,1520 1545,1521 1457,1521 1456,1520 1456,1519 1455,1518 1455,1499 1453,1499 1451,1497 1380,1497 1378,1499 1376,1499 1376,1501 1374,1503 1372,1503 1372,1518 1369,1521 1356,1521 1355,1520 1355,1519 1354,1518 1354,1516 1280,1516 1280,1518 1277,1521 1275,1521 1273,1523 1271,1521 1223,1521 1219,1517 1219,1516 1215,1512 1215,1511 1211,1507 1211,1506 1207,1502 1207,1501 1203,1497 1203,1496 1199,1492 1199,1491 1195,1487 1195,1486 1191,1482 1191,1481 1187,1477 1187,1476 1183,1472 1183,1471 1184,1470 1729,1470 1731,1472 1801,1472 1803,1470 1808,1470 1810,1472 1880,1472 1882,1470 1889,1470 1891,1472 1957,1472 1958,1473 1958,1474 1959,1475 1959,1477 2025,1477 2025,1475 2026,1474 2026,1473 2027,1472 2038,1472 2040,1470 2047,1470 2047,1420 2040,1420 2038,1418 2031,1418 2030,1417 2030,1416 2029,1415 2029,1413 1992,1413 1990,1411 1990,1396 1902,1396 1902,1415 1901,1416 1901,1417 1900,1418 1887,1418 1886,1417 1886,1416 1885,1415 1885,1413 1799,1413 1797,1411 1797,1409 1692,1409 1692,1411 1691,1412 1690,1412 1689,1413 1685,1413 1683,1411 1683,1394 1600,1394 1600,1407 1599,1408 1598,1408 1597,1409 1567,1409 1566,1408 1565,1408 1564,1407 1564,1394 1488,1394 1487,1393 1487,1392 1486,1391 1486,1389 1420,1389 1420,1391 1419,1392 1419,1393 1418,1394 1415,1394 1413,1396 1411,1394 1332,1394 1332,1411 1330,1413 1299,1413 1297,1411 1297,1409 1251,1409 1249,1407 1249,1394 1170,1394 1170,1411 1168,1413 1159,1413 1157,1411 1157,1394 1155,1394 1152,1391 1152,1389 1121,1389 1119,1387 1119,1386 1116,1383 1116,1382 1114,1380 1114,1379 1112,1377 1112,1376 1109,1373 1109,1372 1107,1370 1107,1369 1105,1367 1105,1366 1103,1364 1103,1363 1100,1360 1100,1359 1098,1357 1098,1356 1096,1354 1096,1353 1095,1352 1095,1341 1093,1341 1091,1339 1091,1315 1089,1315 1088,1314 1088,1313 1087,1312 1087,1310 1066,1310 1063,1307 1063,1306 1061,1304 1061,1303 1058,1300 1058,1299 1056,1297 1056,1296 1054,1294 1054,1293 1052,1291 1052,1290 1049,1287 1049,1286 1047,1284 1047,1283 1045,1281 1045,1280 1042,1277 1042,1276 1040,1274 1040,1273 1038,1271 1038,1270 1035,1267 1035,1266 1033,1264 1033,1263 1034,1262 1120,1262 1122,1264 1187,1264 1188,1263 1189,1263 1190,1262 1483,1262 1484,1263 1485,1263 1486,1264 1486,1277 1556,1277 1558,1275 1569,1275 1569,1266 1571,1264 1573,1264 1573,1238 1571,1238 1569,1236 1569,1231 1510,1231 1508,1229 1508,1205 1400,1205 1398,1203 1398,1183 1396,1183 1394,1181 1218,1181 1216,1183 1214,1183 1214,1185 1212,1187 1209,1187 1209,1196 1207,1198 1205,1198 1205,1205 1203,1207 1201,1207 1201,1216 1200,1217 1199,1217 1198,1218 1196,1218 1196,1227 1194,1229 1192,1229 1190,1231 1189,1230 1188,1230 1187,1229 1137,1229 1135,1227 1135,1225 1006,1225 1005,1224 1005,1223 1003,1221 1003,1220 1001,1218 1001,1217 1000,1216 1001,1215 1001,1214 1002,1213 1002,1211 1003,1210 1003,1209 1004,1208 1004,1206 1005,1205 1005,1204 1006,1203 1006,1201 1007,1200 1007,1199 1008,1198 1008,1196 1009,1195 1009,1194 1010,1193 1010,1191 1011,1190 1011,1189 1012,1188 1012,1186 1013,1185 1013,1184 1014,1183 1014,1181 1015,1180 1015,1179 1016,1178 1016,1176 1017,1175 1017,1174 1018,1173 1018,1171 1019,1170 1019,1169 1020,1168 1020,1166 1021,1165 1021,1164 1022,1163 1022,1161 1023,1160 1023,1159 1024,1158 1024,1156 1025,1155 1041,1155 1043,1157 1043,1159 1109,1159 1109,1157 1111,1155 1253,1155 1253,1152 1255,1150 1258,1150 1258,1133 1255,1133 1253,1131 1253,1128 1247,1128 1246,1127 1245,1127 1244,1126 1245,1125 1246,1125 1247,1124 1262,1124 1262,1098 1260,1098 1259,1097 1259,1096 1258,1095 1187,1095 1186,1096 1186,1097 1185,1098 1076,1098 1075,1097 1075,1096 1074,1095 1074,1091 1079,1086 1080,1086 1088,1078 1089,1078 1097,1070 1098,1070 1106,1062 1107,1062 1115,1054 1116,1054 1118,1052 1288,1052 1288,1049 1289,1048 1290,1048 1291,1047 1295,1047 1297,1049 1297,1052 1372,1052 1372,1049 1374,1047 1380,1047 1381,1046 1382,1046 1383,1045 1385,1045 1385,1043 1387,1041 1389,1041 1389,1036 1391,1034 1394,1034 1394,1012 1391,1012 1389,1010 1389,1001 1383,1001 1382,1000 1381,1000 1380,999 1380,986 1378,984 1378,983 1376,981 1374,981 1372,979 1372,975 1293,975 1293,979 1291,981 1288,981 1288,999 1286,1001 1284,1001 1284,1003 1283,1004 1283,1005 1282,1006 1280,1006 1280,1014 1277,1017 1159,1017 1158,1016 1159,1015 1160,1015 1167,1008 1168,1008 1176,1000 1177,1000 1185,992 1186,992 1194,984 1195,984 1203,976 1204,976 1211,969 1212,969 1220,961 1221,961 1223,959 1223,956 1224,955 1224,951 1225,950 1225,947 1226,946 1226,945 1227,944 1383,944 1385,946 1385,966 1387,966 1389,968 1404,968 1407,971 1407,973 1406,974 1405,974 1404,975 1402,975 1402,997 1404,997 1407,1000 1408,1000 1411,1003 1411,1014 1410,1015 1410,1016 1409,1017 1407,1017 1407,1023 1406,1024 1405,1024 1404,1025 1402,1025 1402,1047 1488,1047 1490,1049 1490,1052 1696,1052 1698,1054 1698,1055 1701,1058 1701,1059 1704,1062 1704,1063 1707,1066 1707,1067 1710,1070 1710,1071 1713,1074 1713,1075 1716,1078 1716,1079 1719,1082 1719,1083 1722,1086 1722,1087 1725,1090 1725,1091 1728,1094 1728,1095 1730,1097 1729,1098 1676,1098 1675,1097 1675,1096 1674,1095 1674,1074 1595,1074 1595,1076 1593,1078 1564,1078 1564,1095 1563,1096 1563,1097 1562,1098 1527,1098 1526,1097 1526,1096 1525,1095 1523,1095 1521,1093 1521,1091 1455,1091 1455,1093 1453,1095 1451,1095 1448,1098 1437,1098 1437,1100 1435,1102 1429,1102 1429,1120 1431,1120 1433,1122 1433,1131 1431,1133 1429,1133 1429,1155 1731,1155 1732,1156 1732,1164 1731,1165 1731,1173 1730,1174 1730,1182 1729,1183 1729,1191 1728,1192 1727,1191 1727,1181 1725,1181 1724,1180 1723,1180 1722,1179 1722,1177 1635,1177 1635,1198 1637,1198 1638,1199 1638,1200 1639,1201 1639,1203 1637,1205 1600,1205 1599,1206 1598,1206 1597,1207 1591,1207 1591,1209 1590,1210 1590,1211 1589,1212 1586,1212 1586,1216 1584,1218 1582,1218 1582,1244 1584,1244 1585,1245 1585,1246 1586,1247 1586,1251 1589,1251 1592,1254 1592,1255 1595,1258 1597,1258 1598,1259 1599,1259 1600,1260 1600,1262 1674,1262 1675,1263 1673,1265 1672,1265 1667,1270 1666,1270 1661,1275 1660,1275 1655,1280 1654,1280 1648,1286 1647,1286 1642,1291 1641,1291 1636,1296 1635,1296 1630,1301 1629,1301 1624,1306 1623,1306 1621,1308 1619,1306 1580,1306 1578,1304 1578,1291 1575,1291 1574,1290 1574,1289 1573,1288 1573,1286 1503,1286 1503,1288 1502,1289 1502,1290 1501,1291 1499,1291 1499,1304 1497,1306 1444,1306 1442,1304 1442,1286 1363,1286 1363,1304 1361,1306 1234,1306 1233,1305 1232,1305 1231,1304 1231,1282 1131,1282 1131,1304 1130,1305 1129,1305 1128,1306 1126,1306 1126,1308 1124,1310 1117,1310 1117,1312 1116,1313 1116,1314 1115,1315 1113,1315 1113,1323 1112,1324 1112,1325 1111,1326 1109,1326 1109,1354 1111,1354 1113,1356 1115,1356 1117,1358 1117,1361 1120,1361 1122,1363 1122,1365 1422,1365 1424,1367 1497,1367 1499,1369 1499,1389 1569,1389 1569,1387 1571,1385 1573,1385 1573,1383 1574,1382 1574,1381 1575,1380 1578,1380 1578,1372 1579,1371 1579,1370 1580,1369 1582,1369 1584,1367 1626,1367 1628,1365 1795,1365 1797,1367 1915,1367 1917,1365 1961,1365 1963,1367 2047,1367 2049,1365 2051,1365 2051,1345 2049,1345 2047,1343 2047,1341 2045,1341 2044,1340 2043,1340 2042,1339 2042,1334 2043,1333 2044,1333 2045,1332 2051,1332 2051,1310 2049,1310 2047,1308 2047,1291 2040,1291 2039,1290 2039,1289 2038,1288 2038,1286 1963,1286 1963,1304 1961,1306 1852,1306 1851,1305 1850,1305 1849,1304 1849,1284 1847,1282 1762,1282 1762,1301 1764,1301 1765,1302 1765,1303 1766,1304 1764,1306 1760,1306 1759,1305 1758,1305 1757,1304 1757,1297 1755,1297 1753,1295 1753,1291 1751,1291 1746,1286 1678,1286 1678,1288 1677,1289 1677,1290 1676,1291 1674,1291 1672,1293 1670,1293 1670,1301 1669,1302 1669,1303 1668,1304 1632,1304 1631,1303 1634,1300 1635,1300 1640,1295 1641,1295 1646,1290 1647,1290 1652,1285 1653,1285 1658,1280 1659,1280 1664,1275 1665,1275 1670,1270 1671,1270 1676,1265 1677,1265 1680,1262 1803,1262 1804,1263 1805,1263 1806,1264 1871,1264 1872,1263 1873,1263 1874,1262 1880,1262 1880,1260 1882,1258 1889,1258 1889,1255 1891,1253 1893,1253 1893,1224 1894,1223 1905,1223 1906,1224 1906,1253 1909,1253 1911,1255 1911,1258 1915,1262 1968,1262 1970,1264 2047,1264 2049,1262 2051,1262 2051,1238 2045,1238 2044,1237 2043,1237 2042,1236 2043,1235 2044,1235 2045,1234 2051,1234 2051,1207 2023,1207 2022,1206 2021,1206 2020,1205 2020,1192 2018,1190 2018,1189 2016,1187 2012,1187 2011,1186 2010,1186 2009,1185 2009,1183 1937,1183 1933,1187 1924,1187 1923,1188 1923,1189 1922,1190 1920,1190 1920,1209 1917,1212 1913,1212 1911,1214 1911,1216 1909,1218 1906,1218 1906,1220 1905,1221 1894,1221 1893,1220 1893,1214 1891,1214 1889,1212 1889,1207 1887,1207 1885,1205 1838,1205 1836,1203 1836,1201 1766,1201 1766,1203 1764,1205 1730,1205 1729,1204 1729,1200 1730,1199 1730,1191 1731,1190 1731,1183 1732,1182 1732,1174 1733,1173 1733,1165 1734,1164 1734,1156 1735,1155 1887,1155 1889,1157 1889,1159 2040,1159 2042,1157 2043,1157 2045,1155 2047,1155 2047,1137 2049,1135 2051,1135 2051,1111 2049,1111 2047,1109 2047,1104 2045,1104 2044,1103 2043,1103 2042,1102 2031,1102 2029,1100 2029,1098 2012,1098 2009,1095 2009,1078 1920,1078 1919,1079 1918,1079 1917,1080 1913,1080 1913,1084 1912,1085 1912,1086 1911,1087 1911,1095 1910,1096 1910,1097 1909,1098 1734,1098 1732,1096 1732,1095 1729,1092 1729,1091 1726,1088 1726,1087 1723,1084 1723,1083 1720,1080 1720,1079 1717,1076 1717,1075 1713,1071 1713,1070 1710,1067 1710,1066 1707,1063 1707,1062 1704,1059 1704,1058 1701,1055 1701,1054 1700,1053 1701,1052 1727,1052 1727,1049 1729,1047 1731,1049 1731,1071 1751,1071 1752,1072 1752,1073 1753,1074 1753,1076 1819,1076 1819,1054 1821,1052 1961,1052 1963,1054 1963,1056 2031,1056 2031,1054 2032,1053 2033,1053 2034,1052 2047,1052 2047,1049 2049,1047 2051,1047 2051,1006 2049,1006 2048,1005 2048,1004 2047,1003 2047,999 2040,999 2038,997 2038,995 2018,995 2017,994 2017,993 2016,992 2016,975 2012,975 2011,974 2010,974 2009,973 2009,971 1856,971 1856,973 1854,975 1849,975 1849,992 1848,993 1848,994 1847,995 1733,995 1732,994 1732,993 1731,992 1731,975 1729,975 1727,973 1727,971 1652,971 1652,987 1651,988 1650,987 1650,986 1647,983 1647,982 1644,979 1644,978 1641,975 1641,974 1638,971 1638,970 1635,967 1635,966 1632,963 1632,962 1629,959 1629,958 1626,955 1626,954 1623,951 1623,950 1620,947 1620,946 1619,945 1620,944 1681,944 1683,946 1683,949 1810,949 1810,946 1812,944 1852,944 1854,946 1854,949 2054,949 2054,922 2049,922 2047,920 2049,918 2051,918 2051,898 2049,898 2047,896 2047,894 2045,894 2044,893 2043,893 2042,892 2042,889 1898,889 1898,892 1897,893 1896,893 1895,894 1817,894 1816,893 1815,893 1814,892 1814,889 1676,889 1674,887 1674,885 1654,885 1652,883 1652,865 1578,865 1578,867 1575,870 1571,870 1571,872 1569,874 1569,876 1568,877 1565,874 1565,873 1562,870 1562,869 1559,866 1559,865 1556,862 1556,861 1553,858 1553,857 1550,854 1550,853 1547,850 1547,849 1544,846 1544,845 1541,842 1541,841 1540,840 1541,839 1554,839 1556,841 1621,841 1622,840 1623,840 1624,839 1635,839 1637,837 1639,837 1639,791 1637,791 1635,789 1635,786 1632,786 1630,784 1630,782 1575,782 1573,780 1503,780 1501,782 1426,782 1424,780 1417,780 1416,779 1414,779 1413,778 1410,778 1409,777 1406,777 1405,776 1402,776 1401,775 1398,775 1397,774 1394,774 1393,773 1390,773 1389,772 1387,772 1386,771 1383,771 1382,770 1379,770 1378,769 1375,769 1374,768 1371,768 1370,767 1367,767 1366,766 1363,766 1362,765 1359,765 1358,764 1356,764 1355,763 1352,763 1351,762 1348,762 1347,761 1344,761 1343,760 1340,760 1339,759 1336,759 1335,758 1332,758 1331,757 1328,757 1327,756 1325,756 1324,755 1321,755 1320,754 1317,754 1316,753 1313,753 1312,752 1309,752 1308,751 1305,751 1304,750 1301,750 1300,749 1297,749 1296,748 1294,748 1293,747 1290,747 1289,746 1286,746 1285,745 1282,745 1281,744 1278,744 1277,743 1274,743 1273,742 1270,742 1267,739 1267,738 1265,736 1265,735 1266,734 1321,734 1323,736 1847,736 1849,738 1849,758 1931,758 1933,760 1931,762 1924,762 1922,764 1922,765 1920,767 1920,771 1919,772 1918,772 1917,773 1913,773 1913,780 1911,782 1843,782 1841,780 1841,767 1838,767 1837,766 1837,765 1836,764 1836,762 1731,762 1729,764 1729,765 1727,767 1722,767 1720,769 1718,769 1718,771 1716,773 1714,773 1714,780 1713,781 1712,781 1711,782 1665,782 1665,784 1663,786 1661,786 1661,808 1659,810 1657,810 1657,832 1659,832 1660,833 1660,834 1661,835 1661,839 1689,839 1690,840 1691,840 1692,841 2038,841 2040,839 2051,839 2051,819 2053,817 2054,817 2054,797 2053,797 2051,795 2051,791 2049,791 2047,789 2047,786 2040,786 2038,784 2038,782 2023,782 2022,781 2021,781 2020,780 2020,762 2018,762 2016,760 2016,758 1939,758 1937,756 1937,738 1939,736 2047,736 2049,734 2051,734 2051,732 2052,731 2052,730 2053,729 2054,729 2054,697 2053,697 2052,696 2052,695 2051,694 2051,679 2045,679 2044,678 2043,678 2042,677 1913,677 1911,679 1860,679 1858,677 1858,664 1856,664 1855,663 1855,662 1854,661 1854,659 1852,659 1850,657 1849,657 1847,655 1775,655 1775,657 1773,659 1766,659 1763,662 1763,663 1760,666 1757,666 1757,668 1755,670 1749,670 1748,669 1747,669 1746,668 1746,664 1674,664 1672,666 1670,666 1670,677 1668,679 1591,679 1591,681 1589,683 1588,682 1587,682 1586,681 1586,679 1575,679 1573,677 1435,677 1433,675 1433,659 1431,659 1429,657 1428,657 1426,655 1328,655 1328,657 1326,659 1323,659 1323,670 1321,672 1249,672 1249,675 1247,677 1226,677 1224,675 1224,674 1222,672 1222,671 1220,669 1220,668 1218,666 1218,665 1216,663 1216,662 1214,660 1214,659 1212,657 1212,656 1210,654 1210,653 1208,651 1208,650 1206,648 1206,647 1204,645 1204,644 1201,641 1201,640 1199,638 1199,637 1197,635 1197,634 1195,632 1196,631 1212,631 1214,633 1214,637 1216,637 1217,638 1217,639 1218,640 1288,640 1291,637 1293,637 1293,635 1295,633 1297,633 1299,631 1518,631 1519,632 1520,632 1521,633 1521,650 1523,650 1524,651 1524,652 1525,653 1525,655 1591,655 1591,653 1592,652 1592,651 1593,650 1608,650 1608,633 1609,632 1610,632 1611,631 1670,631 1670,629 1671,628 1671,627 1672,626 1694,626 1695,627 1695,628 1696,629 1696,631 1858,631 1858,629 1859,628 1859,627 1860,626 1922,626 1923,627 1923,628 1924,629 1924,631 2042,631 2042,629 2045,626 2051,626 2051,622 2053,620 2054,620 2054,585 2053,585 2051,583 2051,576 2049,576 2047,574 2040,574 2038,572 2038,569 1821,569 1819,567 1819,550 1817,550 1814,547 1814,545 1714,545 1714,547 1711,550 1700,550 1698,552 1696,552 1696,554 1694,556 1692,556 1692,567 1691,568 1690,568 1689,569 1657,569 1657,572 1656,573 1655,573 1654,574 1536,574 1534,572 1534,569 1483,569 1481,567 1376,567 1374,569 1297,569 1297,572 1295,574 1280,574 1279,575 1278,575 1277,576 1275,576 1275,578 1273,580 1271,580 1271,598 1269,600 1247,600 1246,599 1245,599 1244,598 1244,576 1238,576 1236,574 1225,574 1223,572 1223,569 1196,569 1195,568 1207,556 1208,556 1222,542 1223,542 1236,529 1237,529 1243,523 1330,523 1331,524 1331,525 1332,526 1332,534 1407,534 1409,532 1411,532 1411,530 1413,528 1415,528 1415,526 1418,523 1803,523 1804,522 1805,522 1806,521 1810,521 1810,519 1812,517 1814,519 1814,521 1821,521 1823,523 2051,523 2054,520 2054,498 2051,495 2053,493 2054,493 2054,471 2053,471 2051,469 2045,469 2042,466 2042,464 2034,464 2033,463 2032,463 2031,462 2031,460 2009,460 2007,458 2007,447 2005,447 2004,446 2004,445 2003,444 1933,444 1932,445 1932,446 1931,447 1928,447 1928,466 1927,467 1927,468 1926,469 1925,468 1925,467 1924,466 1924,447 1920,447 1917,444 1832,444 1832,464 1834,464 1836,466 1835,467 1835,468 1834,469 1819,469 1817,471 1812,471 1810,469 1803,469 1802,468 1802,467 1801,466 1801,464 1764,464 1762,462 1762,447 1760,447 1757,444 1670,444 1670,462 1668,464 1551,464 1551,466 1550,467 1550,468 1549,469 1532,469 1529,466 1529,447 1527,447 1526,446 1526,445 1525,444 1424,444 1423,445 1423,446 1422,447 1420,447 1418,449 1415,449 1415,466 1414,467 1414,468 1413,469 1411,469 1411,486 1413,486 1415,488 1418,488 1420,490 1420,495 1418,497 1409,497 1407,495 1365,495 1363,493 1363,464 1269,464 1268,463 1267,463 1266,462 1266,449 1264,449 1262,447 1260,447 1259,446 1259,445 1258,444 1190,444 1189,443 1188,443 1187,442 1187,440"/><TextEquiv><Unicode/></TextEquiv><TextLine id="r7_l001"><Coords points="425,449 2025,449 2025,542 425,542"/><TextEquiv index="1"><Unicode>ne pourra y réſiſter, il ne le doit</Unicode></TextEquiv></TextLine><TextLine id="r7_l002"><Coords points="425,555 2025,555 2025,648 425,648"/><TextEquiv index="1"><Unicode>pas. Ah Henriette, cette penſée me</Unicode></TextEquiv></TextLine><TextLine id="r7_l003"><Coords points="430,665 2025,665 2025,751 430,751"/><TextEquiv index="1"><Unicode>tue, &amp; cependant il ne m'eſt pas</Unicode></TextEquiv></TextLine><TextLine id="r7_l004"><Coords points="421,765 2025,765 2025,857 421,857"/><TextEquiv index="1"><Unicode>permis de l'écarter toute affreuſe</Unicode></TextEquiv></TextLine><TextLine id="r7_l005"><Coords points="434,874 2025,874 2025,963 434,963"/><TextEquiv index="1"><Unicode>qu'elle eſt! il faut en pénétrer mon</Unicode></TextEquiv></TextLine><TextLine id="r7_l006"><Coords points="1127,980 2021,980 2021,1070 1127,1070"/><TextEquiv index="1"><Unicode>..ô Dieu! puiſſe</Unicode></TextEquiv></TextLine><TextLine id="r7_l007"><Coords points="421,980 1096,980 1096,1046 421,1046"/><TextEquiv index="1"><Unicode>triſte cœur...</Unicode></TextEquiv></TextLine><TextLine id="r7_l008"><Coords points="421,1083 2021,1083 2021,1152 421,1152"/><TextEquiv index="1"><Unicode>la mort délivrer ta malheureuſe</Unicode></TextEquiv></TextLine><TextLine id="r7_l009"><Coords points="425,1186 2021,1186 2021,1272 425,1272"/><TextEquiv index="1"><Unicode>Eliſabeth! ..... Adieu, chere &amp;</Unicode></TextEquiv></TextLine><TextLine id="r7_l010"><Coords points="421,1292 2021,1292 2021,1382 421,1382"/><TextEquiv index="1"><Unicode>tendre amie; demain je tâcherai</Unicode></TextEquiv></TextLine><TextLine id="r7_l011"><Coords points="416,1399 2017,1399 2017,1488 416,1488"/><TextEquiv index="1"><Unicode>de t'écrire. Je joins ici la lettre de</Unicode></TextEquiv></TextLine><TextLine id="r7_l012"><Coords points="421,1505 2017,1505 2017,1594 421,1594"/><TextEquiv index="1"><Unicode>Luzan; tu jugeras toi-même, ſi je</Unicode></TextEquiv></TextLine><TextLine id="r7_l013"><Coords points="416,1604 2017,1604 2017,1693 416,1693"/><TextEquiv index="1"><Unicode>dois me flatter du moindre eſpoir.</Unicode></TextEquiv></TextLine><TextLine id="r7_l014"><Coords points="416,1711 2017,1711 2017,1800 416,1800"/><TextEquiv index="1"><Unicode>Je n'ai point encore fait de réponſe;</Unicode></TextEquiv></TextLine><TextLine id="r7_l015"><Coords points="416,1817 2017,1817 2017,1906 416,1906"/><TextEquiv index="1"><Unicode>je ne le puis, dans ce douloureux</Unicode></TextEquiv></TextLine><TextLine id="r7_l016"><Coords points="399,1940 824,1940 824,1998 399,1998"/><TextEquiv index="1"><Unicode>moment.</Unicode></TextEquiv></TextLine></TextRegion></Page></PcGts>