2480 3507
388 477 1984 566 ertain, comme je l'tois, que mon
392 579 1984 672 grand-pere ne conentiroit point
392 682 1989 775 que je fie mes vux; penant
397 792 1993 881 d'ailleurs, qu'il n'avoit form au-
401 898 1993 991 cun projet fixe pour me marier, je
397 1001 1993 1100 me flattois de lui faire agrer mon
401 1107 2002 1200 choix. Saintr devoit lui en faire
406 1214 2002 1306 les premieres ouvertures, je partis
406 1320 2006 1409 dans cette douce eprance. Mais
406 1426 2006 1515 hlas! qu'elle a t due! .....
414 1532 2006 1621 Sans daigner conulter mon got,
410 1635 2045 1724 le comte a pris des engagements
414 1735 2006 1820 avec la famille de a econde femme.
414 1848 2006 1916 Une niece de la comtee et celle
414 1951 2010 2043 qui l'on veut ... ah! jamais ...
414 2053 2010 2153 jamais je n'y conentirai .... oui,
410 2160 2015 2252 je jure ici comme je le ferois  vos
414 2266 2019 2358 pieds, comme je le ferois  ceux
419 2369 2019 2454 es autels, comme je le confirme-
414 2475 2071 2564 rois au monde entier, que jamais
419 2578 2067 2678 je ne erai  d'autre qu' mon Elia-
423 2678 2028 2780 beth, i elle daigne conerver les
