2480 3507
1748 381 1919 466 a
325 497 1919 590 moment, puique ma mere & moi,
343 600 1923 693 nous tenons tout de a gnroit.
343 706 1928 799 Mais j'ai fait valoir les dipoitions
343 812 1932 902 de la marquie, je lui ai tmoign
334 915 1932 1004 l'ardent deir qu'elle avoit que je
347 1022 1941 1090 fie mes vux...... Vaine con-
347 1128 1945 1203 idration, a-t-il dit, d'un ton em-
351 1227 1945 1320 port, j'ai donn ma parole, je ne
351 1334 1950 1423 connois rien dans l'univers qui oit
356 1443 1945 1529 capable de me la faire retracter.
356 1549 1954 1635 Ble juqu'au fond du cur d'une
351 1652 1954 1738 loi i tyrannique, & du peu d'gard
356 1755 1959 1844 qu'il tmoignoit pour les volonts
360 1858 1954 1947 de ma mere, je lui ai reprent,
364 1968 1959 2053 avec beaucoup de circonpection,
364 2070 1967 2166 qu'elle auroit d tre conulte dans
360 2177 2016 2262 une occaion de cette importance;
364 2273 1967 2369 & que, on uffrage tant d'une n-
369 2382 1967 2454 ceit abolue, il auroit t con-
373 2485 1972 2574 venable de prendre on avis, avant
378 2588 1976 2684 que de s'engager dans une choe ur
382 2698 1985 2794 laquelle elle avoit droit de dcider
