2480 3507
544 453 2139 562 ſelon ſes intentions .... Mon fils;
544 586 2170 679 ma-t-il dit, en me lançant un re-
539 689 2166 775 gard plein de courroux, voulant
535 792 2135 881 ſans doute me rappeller à la ſou-
499 897 2134 1017 miſſion par ce titre qu'il ſçait que
529 997 2130 1093 je reſpecte, & que j'ar toujours ho-
526 1104 2131 1196 noré par-deſſus tout,.... je veux
526 1207 2126 1299 être obéi, je le veux, j'entends
522 1313 2122 1402 que cela ſoit, point d'objection-
526 1419 2126 1508 Cette ordre abſolu ne m'a pas em-
522 1522 2126 1617 pêché d'ajouter, que la marquiſe
522 1617 2122 1714 ayant un pouvoir naturel & acquis
517 1728 2122 1820 de diſpoſer de mon ſort, ce ſeroit
517 1834 2113 1923 la priver de la ſeule conſolation
513 1940 2117 2033 qui lui reſtoit, ſi 'on marquoit de
509 2043 2122 2136 l'indifférence pour ſa volonté, ſur-
513 2146 2109 2232 tout connoiſſant ſon invincible ré-
504 2259 2100 2348 pugnance à me marier ...... Oui
504 2355 2100 2444 oui, s'eſt-il écrié avec colere, je
500 2465 2100 2554 connois ſa manie; elle avoit déja
491 2571 2087 2657 ſéduit votre frere par ſes careſſes
469 2674 2082 2770 artificieuſes, mais je compte qu'elle
1960 2804 2065 2852 ne
