2480 3507
683 353 862 405 Le
666 459 2264 555 comteſſe n'a pas plus de fortune
683 569 2251 658 que vous, il eſt vrai; mais la mienne,
683 672 2255 771 que je vous aſſure par ce mariage,
679 778 2259 871 vous ſuffira amplement. D'ailleurs,
679 884 2259 984 mademoiſelle de N.... eſt alliée
657 984 2259 1083 aux premieres familles du royaume,
657 1097 2264 1190 c'eſt ce qui me donne les plus
653 1203 2268 1307 grandes eſpérances pour votre avan-
679 1307 2272 1402 cement, & je puis me flatter que
679 1419 2277 1508 mes yeux ne ſe fermeront point,
679 1522 2272 1621 ſans avoir joui de la ſatisfaction de
675 1628 2281 1721 vous voir au plus haut degré de
644 1735 2285 1824 ſplendeur où vous puiſſiez aſpirer-
679 1837 2290 1930 Voila, je crois, d'aſſez puiſſants
679 1947 2290 2040 motifs pour juſtifier ma conduite
644 2053 2285 2142 envers la marquiſe; & ſi je ne lai
640 2160 2290 2252 pas conſuitée ſur tous ces points
644 2262 2285 2366 avant que de m'engager, c'eſt qu'à
631 2366 2290 2458 mon avis, une dévote a trop d'af-
627 2475 2303 2564 faire avec le ciel, pour ſe mêler de
670 2585 2303 2674 celles du monde & y rien entendre.
627 2687 2316 2783 Il m'a quitté bruſquement, en me
