2480 3507
901 2585 1942 2687 Fi de da premiere partie.
604 379 2177 479 abeth, de mes entiments: mais;
604 489 2185 586 on cur vertueux me raure. Oui,
600 606 2184 707 il lui era aiment concevoir qu'une
604 698 2189 805 mere repectable, qui decend ju-
604 811 2190 918 qu' la priere, lorqu'elle a droit
608 913 2194 1025 d'exiger, s'tablit un empire abolu
608 1024 2193 1127 ur une ame enible. Qu'il et con-
609 1131 2198 1237 olant de pouvoir e rendre ce t-
608 1236 2203 1346 moignage! Mais plus cette bont
608 1344 2203 1454 maternelle a de pouvoir fur mon
614 1446 2207 1558 cur, plus il et rvolt contre une
608 1547 2207 1658 loi rigoureue qui lui et impoe
613 1659 2211 1764 depotiquement. Je ens que jamais
614 1767 2216 1872 l'inflexibilit de mon grand - pere
617 1872 2216 1957 ne m'amenera  lui obir. Mon
617 1978 2216 2082 parti et pris, oyez-en bien re,
617 2082 2215 2175 chere Eliabeth, & receviez le er-
617 2191 2216 2294 ment de votre fidele Luzan, que
617 2296 2211 2397 mul pouvoir humain ne auroit
622 2396 2023 2507 parer a detine de la vtre.
