4266 7803
2474 700 2782 878 Ca
1189 882 3948 1185 ſolateur, mon guide & mon ap-
1181 1195 3944 1437 pui: je n'avois pas une penſée
1177 1433 3932 1662 dont vous ne fuſſiez le dépoſitaire:
1177 1691 3940 1920 vous receviez mes larmes: vous
1151 1915 3921 2147 me rendiez la joie & l'eſpérance.
1170 2170 3922 2389 Hélas! ils ne ſont plus ces jours
1163 2415 3937 2630 de confiance & de paix où je
1137 2666 3922 2870 voyois la ſageſſe, ſous les traits
1159 2900 3933 3100 d'un vénérable Miniſtre, deſcen-
1044 3148 3941 3363 dre juſqu'à nous, & ſe mêler à
1170 3396 3941 3563 nos folâtres amuſemens; où mon
1166 3626 3937 3837 digne ami jouiſſoit de la félicité
1178 3874 3933 4085 de deux amans, & partageoit les
1163 4122 3930 4304 tendres émotions de leurs cœurs.
940 4367 3937 4548 O mon bienfaiteur! vous avez
1167 4611 3919 4830 emporté mes plaiſirs avec vous!
899 4847 3936 5084 D'où vient cette triſteſſe qui m'ac-
1166 5083 3929 5314 cable, & de quoi donc ai-je à
1159 5348 3926 5563 me plaindre? On me comble ici
789 5592 3930 5808 de bontés & d'égards; Made-
