4266 7900
24 916 3268 1135 ſouvenir d'un ami que j'avois ac-
57 1168 3275 1391 quis dans mon enfance. Il étoit
19 1436 3479 1640 aſſez rare de voir un homme grave
441 1670 3268 1892 & mûr accueillir un poliçon, l'aſ-
26 1922 3422 2145 ſocier à ſes promenades, & le
430 2178 3257 2390 produire dans ſes connoiſſances.
29 2427 3272 2635 J'arrivois chez lui, chargé de la
30 2684 3603 3144 iann e e e uauuees aus ie
30 3170 3276 3391 feuilletois ſes livres & ſes eſtam-
49 3422 3502 3634 pes; je les emportois; quelque-
20 3663 3294 3897 fois je lui crayonnois de mauvais
19 3897 3287 4149 deſſins qu'il faiſoit encadrer ſoi-
30 4149 3279 4398 gneuſement. Je me rappelle avec
53 4410 3276 4655 plaiſir ces ſoirées d'hiver où, aſſis
11 4666 3253 4895 au coin de ſon feu, près de ſon
13 4895 3291 5134 vénérable pere, image des anti-
25 5167 3241 5379 ques patriarches, âgé de plus de
422 5416 3287 5620 quatre-vingt ans, nous faiſions des
11 5642 3291 5879 lectures intéreſſantes. La gouver-
2503 5925 2797 6114 LA
