4266 7856
39 929 3193 1145 tant où j'accourois chez mon voi-
36 1171 3190 1429 ſin, étoit une jouiſſance. Avec
44 1418 3182 1664 quelle vîteſſe je montois ſes dé-
33 1678 3185 1943 grés! Comme le cœur me bat-
36 1928 3192 2142 toit de joie, quand il m'ouvroit
32 2147 3186 2404 ſa porte hoſpitaliere! Dans les
29 2414 3190 2666 jours de fête ou de congé, j'ar-
29 2669 3204 2887 rivois de bonne heure; il prenoit
29 2887 3185 3140 ſon bâton, appelloit ſon chien,
25 3169 3194 3403 & nous allions dans les campa-
25 3420 3193 3671 gnes d'alentour. Souvent même
29 3652 3189 3877 pendant la froide ſaiſon & dans
20 3897 3186 4125 une belle gelée de Janvier, nous
10 4157 3181 4368 répétions ces promenades qui me
10 4367 3181 4606 ſembloient délicieuſes. Bientôt
18 4635 3183 4881 mes études finirent; je partis pour
19 4867 3197 5129 mes voyages, & je perdis de vue
19 5115 3186 5367 cet honnête homme: à mon re-
14 5363 3182 5617 tour dans ma patrie, je m'empreſſai
10 5618 3149 5853 de le chercher; mais, hélas! quel
2366 5884 2737 6078 LA
