4266 7845
2338 698 2724 882 .
1123 951 4278 1217 ravage les années font autour de
1123 1208 4278 1443 nous! Il avoit quitté ſon ancien
1127 1430 4277 1707 logement, ce lieu qui m'étoit ſi
1135 1713 3885 1930 cher! Son vieux pere étoit mort
1123 1956 3897 2165 ſa gouvernante ſeule lui reſtoit.
1120 2184 4276 2435 Je le trouvai: mais ce n'étoit plus
1123 2434 4275 2682 lui: des revers de fortune avoient
1123 2682 4275 2941 renverſé ſon cerveau; il végétoit
1127 2927 3896 3173 dans un état d'enfance: je détour-
1109 3167 4274 3419 nai les yeux pour lui cacher mes
1108 3418 4273 3664 larmes. Pauvre eſpece humaine
1107 3663 4273 3919 dont un coup de vent détruit la
1108 3900 3877 4128 raiſon! Ayez donc de l'orgueil!
1109 4164 3893 4378 Oſez-vous prévaloir des avanta-
1112 4395 4271 4636 ges de l'eſprit, vous qu'une roue
1108 4636 4270 4894 dérangée dans cette frêle machine
1112 4899 3885 5120 peut réduire à l'inſtinct des bru-
1112 5142 3886 5364 tes! Mon ami n'a pas ſurvêcu long-
1116 5392 3888 5608 temps à l'altération de ſes orga-
1127 5630 4269 5884 nes; il avoit déjà fini ſa carriere,
