4266 7900
1621 500 2081 689 i
-2 698 3226 999 leurs fruits de la ſaiſon. Nous nous
-2 997 3210 1265 ſommes placés confuſément au-
-3 1265 3218 1486 tour de la table, au bruit d'un ruiſ-
-3 1485 3210 1766 ſeau qui couloit à nos pieds & d'un
-4 1763 3206 1985 chœur d'oiſeaux qui gaſouilloient
-4 1981 3210 2258 ſous les ombrages. Madame d'Ar-
-5 2258 3327 2487 miane & ſa fille à qui l'on faiſoit
-5 2472 3226 2758 les honneurs de la fête en étoient
-6 2758 3225 3002 enchantées. Tandis qu'on buvoit
-6 3001 3214 3263 à leur bien-venue, un concert
-7 3256 3203 3501 eſt parti des boſquets d'alentour:
-8 3471 3225 3754 le ſon des inſtrumens accompa-
-8 3750 3625 4002 gnoit des voix légeres & fléxibles,
-9 3992 3222 4238 & a fait naitre l'envie d'aller en-
-9 4238 3241 4499 tendre cette muſique de plus près:
-10 4459 3320 4753 l'aſſemblée eſt accourue dans une
-10 4738 3316 5012 grande ſalle formée par des ar-
-11 4997 3316 5235 cades de feuillages & bordée
-11 5230 3384 5490 d'un amphitéatre de verdure
-12 5479 3263 5721 qui ſe rvoit de ſiege à tout un
2227 5752 2586 5910 A
-16 7713 1908 7902 L
