4266 7900
1099 870 4309 1134 peuple attiré des villages voiſins,
1013 1115 4307 1351 dont la foule a paru d'autant plus
790 1347 4306 1628 merveilleuſe, que la tranquillité
1096 1623 4304 1865 de ces bois leur donnoit un air
1096 1853 4303 2124 de ſolitude. Différentes ſcènes
936 2095 3928 2338 étoient repréſentées ſous les ar-
1099 2343 4299 2587 cades: des enfans y jouoient des
1088 2579 4298 2855 paſtorales avec toute l'ingénuité
1096 2851 4296 3104 de leur âge: ailleurs des groupes
1096 3100 4295 3353 de jeunes garçons & de jeunes
1081 3349 4293 3616 filles, au milieu deſquels étoient
881 3587 4271 3807 de bons vieillards & de vénéra-
1084 3817 4281 4092 bles matrônes, imitoient leurs veil-
1077 4087 4288 4341 lées villageoiſes. Tous les acteurs
772 4340 4286 4610 ſe ſont levés & formant deux
1072 4591 3905 4796 bandes ils ont commencé à dan-
1073 4840 4283 5104 ſer, auſſi-tôt que l'orcheſtre en a
1069 5081 3935 5331 donné le ſignal. Une jeune fille vê-
650 5330 3924 5561 tue de blanc & d'une beauté tou-
1077 5585 3921 5837 chante a paru au milieu du cer-
