4266 7900
1488 530 2043 771 i
-2 735 3154 1001 cle, amenée par un jeune homme
-2 1002 3242 1258 de la figure la plus heureuſe: ils
-3 1250 3467 1500 avoient à la main des bouquets
-3 1499 3146 1741 qu'ils ont préſentés à Madame
-3 1742 3151 2000 d'Armiane & à ſa fille: l'aimable
-4 1992 3150 2237 couple venoit ce jour même d'être
-5 2236 3158 2489 uni par l'himen, & c'étoit Ma-
-5 2489 3158 2748 demoiſelle de Saint-Cyran qui, de
-6 2714 3184 2988 ſes épargnes & de quelques gé-
-6 2988 3166 3242 néroſités faites par ſa mere, avoit
-7 3234 3169 3463 doté la jeune épouſe: elle avoit
-8 3456 3169 3731 fixé l'époque de leur union à l'arri-
-8 3726 3200 3973 vée de ſa couſine: elle vouloit,
-9 3965 3169 4224 diſoit-elle, jouir à là fois de tous
-9 4193 3192 4467 ſes plaiſirs & conſacrer ce beau
-10 4466 3203 4722 jour à faire des heureux. Les jeux
-10 4721 3173 4975 finis, nous avons paſſé dans une
-11 4962 3180 5213 allée de grands arbres où ſe trou-
-11 5211 3195 5468 voit préparé un repas ſomptueux:
-12 5421 3199 5717 les femmes ſe ſont rangées à ta-
