4266 7900
1342 671 1930 921 i
11 921 3121 1157 n'entendis d'éloge plus touchant
15 1191 3121 1402 que celui de tous ces payſans qui
11 1428 3117 1674 la chériſſent. Oui, Monſieur,
11 1681 3497 1915 j'en ai vu ſe mettre à genoux de-
11 1937 3125 2137 vant elle, d'autres baiſer ſa robe
11 2179 3125 2416 & s'en aller contens, d'autres pa-
11 2423 3128 2662 roître tout fiers d'en avoir obtenu
11 2662 3128 2895 un ſourire! Ce n'eſt pas être ai-
10 2924 3135 3162 mée; c'eſt uſurper les droits de
10 3146 3150 3409 la divinité qu'on adore. Je con-
31 3410 3147 3649 duiſois cette nuit les deux cou-
14 3651 3161 3908 ſines dans le parc au milieu de
10 3900 3146 4126 cette foule joyeuſe: nous avons
11 4154 3468 4402 marché quelques momens dans
11 4410 3170 4659 un boſquet écarté, d'où le bruit
11 4662 3249 4881 ne ſe faiſoit entendre que dans
11 4915 3147 5126 l'éloignement: Théreſe tenoit la
10 5151 3146 5382 main de ſa couſine & ſoupiroit:
10 5374 3154 5608 ſon mouchoir eſt tombé; en le
11 5657 3381 5876 relevant, je l'ai ſenti baigné de
