4266 7803
1418 717 1904 908 i
-14 905 3019 1221 face de l'horiſon: la nature, au-
-14 1218 3010 1469 tour de nous, repoſoit dans un
-13 1467 2992 1714 calme parfait: on entendoit à
-12 1708 2993 1968 peine le bruit des violons dans
-12 1968 3010 2203 le lointain. Théreſe a levé ſes
-12 2202 3010 2425 yeux humides vers le ciel, & les
-11 2462 2999 2695 a baiſſés ſur moi avec une ten-
-11 2694 2999 2935 dreſſe inexprimable. Une douce
-10 2929 3004 3185 mélancolie nous pénétroit. Nos
-10 3185 3314 3414 réfléxions ſont devenues ſérieuſes.
-9 3399 3007 3671 Théreſe m'a rappellé les premiers
-9 3671 3129 3892 temps de nos amours, ces temps
-8 3885 3014 4129 ſi doux & ſi promptement écou-
-8 4120 3192 4389 lés: nous étions heureux, a-t-elle
-7 4385 3192 4632 ajouté; mais le ſerons-nous tou-
-6 4626 3004 4886 jours? le ſerons-nous long-temps?
-6 4886 2988 5107 tout paſſe & le bonheur ſur-tout.
-5 5094 2995 5343 Nos cœurs même, nos cœurs ne
-4 5337 3019 5608 ſont-ils pas ſujets aux révolutions
-4 5602 3008 5871 de la nature? J'ai trop appris à
