4266 7751
1422 678 1874 862 .
109 920 3027 1155 nous ſont accordés. Aimons-nous,
99 1177 3026 1422 mon cher Faldoni, avec autant
98 1416 3023 1639 d'excès que ſi nous devions nous
95 1673 3023 1898 ſéparer demain; nous ſéparer!
90 1913 3019 2128 non, c'eſt mal dire, mais quitter
83 2138 3019 2381 la vie: car je me flatte, a-t-elle
87 2375 3027 2609 repris avec un ton qui me per-
80 2622 3016 2856 çoit l'ame & en me tendant la
76 2870 3016 3102 main, je me flatte que cet enga-
73 3119 3008 3332 gement eſt l'affaire de notre vie.
69 3355 3012 3531 Je couvrois cette main de baiſers
66 3590 3016 3775 & de larmes; elle s'eſt levée &
57 3827 3016 4056 détachant le bouquet qu'elle avoit
55 4076 3008 4270 à ſon ſein, conſacrons, a - t - elle
54 4306 3012 4532 dit, ce lieu où j'ai joui peut-être
51 4559 3012 4790 de mes derniers plaiſirs. A ces
43 4798 3118 5011 mots, elle a placé ſes fleurs ſur
44 5015 3049 5251 le gaſon où elle s'étoit aſſiſe.
39 5243 3352 5495 Lieu charmant! je ne m'en
28 5515 3020 5773 approcherai qu'avec vénération.
