4266 7836
57 1239 2828 1435 LETTRE XLVIII.
40 1663 2883 1952 Thérese à Faldonr.
-12 2027 454 2253 u
-12 2231 3118 2464 e ſoir eſt calme & ſerein: on
-11 2457 3074 2710 n'entend dans le vallon que le
-11 2710 3070 2957 murmure éloigné d'une caſcade.
-10 2937 3062 3200 Où êtes-vous, mon philoſophe!
-10 3167 3088 3416 les ſentiers ſecrets de la montagne
-9 3415 3088 3678 ſont abandonnés, & les bois agi-
-9 3670 3088 3922 tent vainement leurs cimes touf-
-8 3899 3088 4170 fues. Voici l'heure de nos pro-
-7 4160 3077 4393 menades, & vous ne venez pas!
-7 4386 3088 4668 Les deux couſines ſe plaignent
-6 4657 3409 4913 d'être ſeules, & Conſtance qui
-5 4906 3093 5152 dicte à ſon amie ces phraſes poéti-
-5 5150 3085 5394 ques de ſa lettre ne vous pardonne
-5 5392 3085 5658 point votre abſence. Nous ſom-
-4 5644 3081 5923 mes ſous l'arbre & dans la prairie
