4266 7703
24 999 3042 1286 Voilà tous nos entretiens. Arri-
26 1279 3061 1521 vez, mon bon ami! Venez calmer
32 1536 3047 1778 nos inquiétudes. S'il y a des ter-
43 1771 3064 2000 mes plus doux, plus touchans que
46 2009 3055 2226 ceux de l'amitié, je les emploierai
50 2248 3050 2514 pour hâter votre retour. J'ai reçu
54 2493 3053 2700 ce matin des roſes d'une pauvre
64 2704 3046 2941 femme à qui j'avois rendu quel-
76 2954 3047 3171 ques ſervices. C'étoit un tribut
68 3193 3062 3415 de reconnoiſſance digne de vous
73 3430 3054 3657 être offert: j'en avois fait pour
79 3670 3043 3877 vous une guirlande. Mais hélas!
80 3905 3051 4116 mon eſpérance & mes roſes ſe
83 4118 1442 4388 ſont flétries!
385 4596 3044 4788 P. S. Ma couſine eſt une cu-
109 4831 3051 5073 rieuſe; elle ſe ſouvient que vous
119 5103 3057 5337 lui avez parlé quelquefois d'une
119 5332 3054 5551 relation de vos voyages; elle
108 5559 3065 5805 brûle de l'entendre & me charge
600 5823 1295 5983 Tome Il.
