4266 7784
1512 641 2040 927 L.
84 926 3118 1181 encore abandonné la vertu, &
77 1180 3107 1440 je reſpectois cette voix ſecrette
76 1420 3170 1657 qu'on n'étouffe jamais impuné-
77 1658 3119 1899 ment: un moment d'erreur vint
74 1899 3115 2143 troubler mon repos & me laiſſa
70 2143 3112 2370 des remords que le temps n'a pu
70 2399 1011 2642 calmer.
450 2632 3171 2853 J'avois été paſſer quelques jours
63 2871 3126 3100 à la campagne, dans une terre à
59 3122 3167 3344 dix lieues de Paris. La famille
54 3358 3173 3587 de mon hôte étoit compoſée d'un
54 3583 3162 3851 pere & de ſes deux filles: l'aînée
50 3818 3528 4053 douce, aimable, intéreſſante,
43 4052 3162 4281 rachetoit par ſes graces ce qui
39 4267 3158 4541 lui manquoit dans les agrémens
40 4542 3112 4780 de la figure. Je n'avois jamais
37 4798 3100 5005 connu l'amour, & malheureuſe-
37 5016 3138 5259 ment elle ne m'apprit point à le
33 5259 3104 5491 connoître; mais elle fit naître en
30 5491 3100 5751 moi cette émotion qu'on ne peut
2373 5776 2661 5972 Ba
