4266 7806
1184 866 3955 1120 refuſer à la jeuneſſe parée de
1186 1120 3945 1340 tant de charmes. Pour elle, ſon
1190 1375 3948 1601 cœur dont le moment peut-être
1194 1617 3948 1825 étoit venu, ſe livra ſans défenſe
1179 1869 3933 2096 à mes premieres avances. Je trou-
1175 2115 3943 2352 vois dans cette maiſon une vie
1190 2340 3955 2573 tranquille & réglée, des vertus
1181 2595 3955 2821 domeſtiques, l'hoſpitalité, la bien-
1174 2845 3955 3058 faiſance & une bonne foi qui ne
1164 3082 3959 3312 ſoupçonnoit pas même un abus
1171 3329 3959 3555 de confiance. On paſſoit trois
1168 3574 3951 3789 ſaiſons à la campagne, & on re-
904 3799 3944 4025 tournoit dépenſer à Paris, pen-
1175 4042 3948 4251 dant l'hiver, un modique revenu
1168 4284 3940 4512 qui ſuffiſoit pour y maintenir la
1182 4525 3959 4766 famille avec décence, & y traiter
1182 4759 3966 4995 quelques amis dont le nombre
1208 4998 3959 5223 étoit borné. Les jeunes perſonnes
1209 5240 3955 5464 renfermées dans un cercle étroit
1119 5480 3941 5780 ignoroient l'uſage du monde &
