4266 7773
15 778 3064 1097 l'art perfide des ſociétés: leurs
21 1090 3065 1307 ames franches étoient telles que
21 1307 3067 1585 Dieu les avoit faites, & elles n'a-
28 1577 3078 1809 voient ni ôté ni ajouté à leurs
32 1808 3086 2035 facultés originelles. J'avois eu
32 2031 3087 2289 l'occaſion d'obliger leur pere; il
36 2300 3090 2529 me preſſa avec la chaleur de la
41 2533 3094 2769 reconnoiſſance de l'aller voir à ſa
40 2780 3094 3011 terre: après pluſieurs excuſes,
44 3017 3109 3233 je me rendis à ſes inſtances. Mal-
51 3244 3113 3478 heureux vieillard qui me ſollici-
52 3495 3113 3722 toit, ſans le ſavoir, d'aller porter
54 3742 3120 3972 chez lui le trouble & le déshon-
55 3967 3126 4216 neur! Le ſoir, après le ſouper, quand
58 4209 3127 4465 nous étions encore rangés autour
65 4459 3137 4700 de la table, on me faiſoit racon-
65 4693 3146 4945 terſou vent l'hiſtoire de mes voya-
65 4954 3145 5208 ges, & pendant ce récit, Louiſe
69 5198 3152 5432 témoignoit le plus tendre intérêt
65 5430 3174 5660 qu'elle manifeſtoit par ſes larmes.
2252 5689 2574 5904 L
