4266 7900
1262 892 4279 1144 ſes mains, & pouſſant des ſanglots;
1254 1137 4278 1387 je la conjurai de ſe calmer; je
1096 1387 4278 1623 lui repréſentai qu'il ne falloit pas
1250 1623 4277 1869 ajouter à notre malheur celui de
1246 1864 4277 2117 le faire connoître. Hélas! dit-
1254 2111 4277 2362 elle, ſi vous pouviez m'apprendre
1231 2356 4276 2611 à l'oublier! ces diſcours m'étoient
1247 2605 4275 2851 d'autant plus ſenſibles, que je
1243 2845 4275 3098 n'avois aucun moyen de me juſti-
1220 3092 4274 3342 fier. Toute l'horreur de mon
1250 3336 4274 3590 crime ſe préſentoit à moi; je
1240 3584 4273 3834 croyois entendre ſon pere infor-
1231 3828 4273 4082 tuné me dire avec des ruiſſeaux
1235 4082 4272 4343 de larmes: homme ingrat! qu'as-
1231 4318 4271 4582 tu fait? je t'ai donné l'hoſpitalité;
1231 4567 4271 4819 je t'ai reçu dans ma maiſon; je
840 4819 4270 5065 t'ai traité comme mon fils; j'ai
1231 5057 4270 5313 laiſſé à ta diſcrétion le tréſor de
1235 5307 4270 5559 ma vie, la tendre image d'une
1239 5553 4269 5819 épouſe qui n'eſt plus, les ſeuls
