4266 7773
2489 656 2972 859 o
1339 940 4075 1147 vis plus que dans l'éloignement
1339 1180 4064 1383 ce fantôme qui m'obſédoit. L'hi-
1327 1423 4079 1579 ver ramena dans la ville ma vic-
1324 1659 4064 1870 time & ſa famille: un billet que
1320 1892 4071 2117 je reçus du pere toujours tran-
1327 2146 4068 2345 quille & confiant, m'avertit de
1316 2382 4057 2600 les aller revoir; je me préſentai
1320 2629 4064 2803 chez eux; le vieillard étoit ab-
1309 2865 4071 3072 ſent: Louiſe ne me reprocha
1305 3094 4060 3312 point la maniere dont je l'avois
1313 3334 4057 3544 quittée, les ſix mois que j'avois
1298 3581 4053 3791 paſſés ſans donner chez elle un
1294 3813 4060 4020 ſigne de vie, & l'oubli où je
1305 4049 4060 4211 ſemblois l'avoir laiſſée: ſa bouche
1305 4300 4049 4499 ne s'ouvrit que pour me rendre
1309 4536 4049 4735 des actions de grace de ma viſite,
1051 4753 4053 4982 & de l'intérêt que je témoignois
1305 5023 4053 5233 pour elle. Je la trouvai prodigieu-
937 5262 4049 5484 ſement changée; ſon état de mai-
1309 5502 4034 5723 greur & de conſomption me frap-
