4266 7825
1310 622 1806 838 .
10 898 2937 1161 pa; je lui demandai ſi elle avoit
10 1157 2944 1407 été malade: non, me dit - elle
10 1400 2933 1656 avec un ſourire amer; mais j'ai
11 1657 2942 1888 eu des peines: ce peu de mots
11 1895 2941 2138 me perça le cœur; j'étois tenté
11 2138 2949 2380 de me jetter à ſes pieds, ſi la
10 2379 2952 2609 préſence de ſa ſœur ne m'eût re-
21 2638 2948 2844 tenu. Charmante fille! ne pas
26 2878 2956 3094 même ſe permettre la moindre
26 3112 2915 3343 plainte! toujours une égale ten
29 3350 2997 3574 dreſſe & ſi peu de retour! Elle
33 3578 3005 3814 vit mon émotion, & elle y fut
33 3813 2974 4059 ſenſible; ſa main que je tenois
29 4039 2978 4304 ſerra doucement la mienne, &
36 4304 2978 4544 elle ſoupira: le tribut d'eſtime
36 4542 2985 4772 que je lui payois étoit trop foi-
58 4768 2981 5007 ble pour tant d'amour; elle le
58 5004 2978 5249 ſentoit & ſon ame en étoit dé-
45 5283 3009 5507 chirée. Je la vis s'éteindre par
45 5507 3008 5764 degrés. Affligé du ſpectacle de
