4266 7900
1386 960 4266 1223 ſes maux, & tourmenté du re-
1386 1223 4267 1472 proche intérieur de les avoir
1382 1472 4267 1725 fait naître, je diminuai le nom-
1379 1726 4268 1968 bre de mes viſites: inſenſible-
1375 1962 4269 2218 ment je ne parus chez elle qu'a-
1371 2212 4269 2462 près de longs intervalles. Ce
1194 2455 4270 2961 ous uncueeje la oo
1194 2941 4270 3202 toujours tendre, affectueuſe &
1352 3198 4271 3455 prévenante: mais ſon dépériſſe-
1352 3451 4271 3699 ment s'accroiſſoit à vue d'œil;
1024 3699 4272 3935 elle paſſoit par toutes les grada-
1307 3920 4272 4170 tions de la langueur, & voyoit
1345 4167 4273 4407 la mort s'approcher pas à pas.
1346 4408 4274 4666 Un jour qu'elle étoit ſeule, je
1077 4660 4275 4907 lui témoignai la vive inquiétude
1353 4900 4275 5151 où j'étois de ſa ſanté: je la con-
1344 5145 4276 5402 jurois de ſe conſerver pour ſes
1349 5396 4276 5642 amis; je mettois dans mon lan-
1356 5643 4277 5922 gage l'émotion dont j'étois plein,
