4266 7900
9 953 2902 1247 & lui prenant la main avec une
10 1246 2924 1518 affection que je lui avois peu mar-
9 1484 2901 1734 quée juſqu'alors, je la preſſois
10 1733 2905 1955 contre mes levres; elle la retira
10 1962 2948 2232 & me dit triſtement: ah! Mon-
10 2219 2902 2475 ſieur! vous me faites boire un
10 2474 2901 2709 calice bien amer! un tendre co-
10 2697 2916 2961 loris ſe répandit ſur ſes joues pâ-
13 2949 2906 3204 les & éteintes; elle leva ſes mains
9 3191 2917 3445 vers le ciel & d'une voix atten-
10 3436 2910 3672 drie, mon Dieu, pourſuivit-elle,
9 3686 2917 3920 donnez-moi la force de ſoutenir
10 3930 2932 4157 mes réſolutions! Alors elle me
10 4144 3173 4410 fit aſſeoir à ſon côté, & me priant
9 4398 2948 4654 de ne pas l'interrompre, elle me
10 4641 2918 4898 dit avec un ton de douceur & de
10 4895 2916 5145 dignité que je ne puis vous ren-
10 5140 2939 5384 dre: il y a long-temps que je me
10 5372 2914 5624 propoſe de vous entretenir; vingt
10 5614 2917 5894 fois, les paroles ſont venues ſur
