<PcGts xmlns="http://schema.primaresearch.org/PAGE/gts/pagecontent/2017-07-15" xmlns:xsi="http://www.w3.org/2001/XMLSchema-instance" xsi:schemaLocation="http://schema.primaresearch.org/PAGE/gts/pagecontent/2017-07-15 http://schema.primaresearch.org/PAGE/gts/pagecontent/2017-07-15/pagecontent.xsd"><Metadata><Creator>User123</Creator><Created>2020-10-14T09:10:52</Created><LastChange>2020-10-14T09:10:52</LastChange></Metadata><Page imageFilename="0056.png" imageHeight="7713" imageWidth="4266"><TextRegion id="r0" type="paragraph" orientation="0.125"><Coords points="1,1 4264,1 4264,7711 1,7711"/><TextLine id="r0_l001"><Coords points="1460,612 1974,611 1975,791 1461,792"/><TextEquiv index="1"><Unicode></Unicode></TextEquiv></TextLine><TextLine id="r0_l002"><Coords points="130,875 3056,868 3056,1075 130,1082"/><TextEquiv index="1"><Unicode>peut-être occupé de nouvelles</Unicode></TextEquiv></TextLine><TextLine id="r0_l003"><Coords points="343,1107 3052,1101 3053,1314 343,1320"/><TextEquiv index="1"><Unicode>intrigues; peut-être n'avez-vous</Unicode></TextEquiv></TextLine><TextLine id="r0_l004"><Coords points="126,1347 3060,1340 3060,1560 127,1567"/><TextEquiv index="1"><Unicode>pas ſongé une ſeule fois qu'au</Unicode></TextEquiv></TextLine><TextLine id="r0_l005"><Coords points="346,1590 3061,1584 3061,1773 346,1779"/><TextEquiv index="1"><Unicode>moment où votre cœur nageoit</Unicode></TextEquiv></TextLine><TextLine id="r0_l006"><Coords points="349,1819 3060,1813 3060,2013 349,2019"/><TextEquiv index="1"><Unicode>dans la joie, il étoit une famille</Unicode></TextEquiv></TextLine><TextLine id="r0_l007"><Coords points="350,2061 3061,2055 3061,2278 350,2284"/><TextEquiv index="1"><Unicode>obſcure, mais honnête &amp; ver-</Unicode></TextEquiv></TextLine><TextLine id="r0_l008"><Coords points="345,2284 3063,2278 3064,2511 346,2517"/><TextEquiv index="1"><Unicode>tueuſe, qui vous devoit ſon op-</Unicode></TextEquiv></TextLine><TextLine id="r0_l009"><Coords points="113,2536 3061,2529 3061,2740 113,2747"/><TextEquiv index="1"><Unicode>probre, &amp; une fille malheureuſe</Unicode></TextEquiv></TextLine><TextLine id="r0_l010"><Coords points="342,2778 3060,2772 3061,2979 343,2985"/><TextEquiv index="1"><Unicode>que vous aviez rendue coupable.</Unicode></TextEquiv></TextLine><TextLine id="r0_l011"><Coords points="346,3000 3068,2994 3068,3202 346,3208"/><TextEquiv index="1"><Unicode>Ces idées ſont affreuſes, &amp; je</Unicode></TextEquiv></TextLine><TextLine id="r0_l012"><Coords points="349,3255 3060,3249 3061,3454 350,3460"/><TextEquiv index="1"><Unicode>crains de m'y livrer. Cependant,</Unicode></TextEquiv></TextLine><TextLine id="r0_l013"><Coords points="338,3460 3074,3454 3074,3674 338,3680"/><TextEquiv index="1"><Unicode>ſix mois s'écoulerent, &amp; ſans un</Unicode></TextEquiv></TextLine><TextLine id="r0_l014"><Coords points="341,3706 3067,3700 3068,3909 342,3915"/><TextEquiv index="1"><Unicode>billet de mon pere que j'avoue</Unicode></TextEquiv></TextLine><TextLine id="r0_l015"><Coords points="341,3941 3068,3935 3068,4148 341,4154"/><TextEquiv index="1"><Unicode>lui avoir fait écrire, je préſume</Unicode></TextEquiv></TextLine><TextLine id="r0_l016"><Coords points="659,4410 658,4410 658,4336 658,4335 606,4335 602,4339 585,4339 584,4338 583,4338 582,4338 582,4337 581,4335 448,4336 447,4336 447,4406 446,4408 442,4408 440,4406 440,4336 440,4336 437,4336 436,4336 436,4384 435,4386 387,4386 385,4384 385,4379 385,4379 351,4379 349,4377 349,4307 347,4306 346,4306 345,4304 345,4278 349,4274 349,4270 350,4269 351,4269 352,4268 352,4264 353,4263 353,4262 353,4262 354,4262 356,4260 356,4259 356,4259 357,4259 360,4256 360,4255 360,4255 365,4255 367,4253 367,4252 368,4251 380,4251 381,4250 381,4249 383,4247 479,4247 480,4246 480,4204 480,4204 481,4204 482,4203 483,4203 484,4202 484,4193 484,4193 493,4193 494,4192 494,4176 496,4174 497,4174 498,4173 498,4172 499,4171 501,4171 502,4171 502,4244 502,4245 592,4244 593,4245 593,4247 593,4247 792,4247 793,4246 793,4201 794,4200 799,4200 801,4201 801,4243 801,4244 865,4244 866,4244 866,4245 867,4247 1036,4246 1038,4244 1166,4244 1170,4240 1294,4240 1298,4236 1342,4236 1343,4235 1343,4194 1344,4193 1346,4193 1347,4193 1347,4194 1349,4196 1349,4197 1350,4197 1351,4197 1351,4243 1351,4244 1444,4244 1445,4244 1757,4244 1759,4245 1759,4246 1759,4247 1767,4247 1768,4248 2085,4247 2087,4246 2087,4245 2087,4244 2144,4244 2145,4243 2145,4204 2145,4204 2146,4204 2150,4200 2151,4200 2152,4199 2152,4198 2154,4196 2168,4196 2171,4198 2171,4199 2171,4200 2172,4200 2176,4204 2177,4204 2178,4204 2178,4239 2178,4240 2263,4240 2269,4245 2269,4246 2269,4247 2436,4246 2437,4246 2437,4245 2437,4244 2560,4244 2561,4244 2561,4190 2561,4189 2562,4189 2564,4188 2564,4184 2565,4182 2569,4182 2571,4181 2571,4180 2572,4178 2573,4178 2575,4180 2575,4181 2576,4182 2581,4182 2582,4183 2582,4184 2584,4186 2585,4186 2586,4187 2586,4244 2586,4244 2654,4244 2655,4244 2655,4245 2656,4247 2726,4247 2728,4248 2728,4250 2728,4251 2891,4250 2892,4250 2892,4249 2892,4248 2893,4248 2894,4247 2949,4247 2950,4247 2950,4217 2952,4214 2953,4214 2954,4214 2954,4202 2955,4200 2974,4200 2976,4202 2976,4203 2977,4204 2978,4204 2979,4205 2979,4206 2980,4207 2980,4247 2980,4247 3042,4247 3043,4248 3044,4248 3045,4249 3045,4250 3046,4251 3050,4251 3054,4255 3058,4255 3060,4256 3060,4261 3060,4262 3061,4262 3063,4263 3063,4322 3062,4324 3061,4324 3060,4324 3060,4329 3059,4331 3058,4331 3056,4332 3056,4333 3055,4335 3054,4335 3052,4336 3052,4337 3051,4339 3039,4339 3038,4340 3038,4341 3037,4342 3028,4342 3027,4342 3027,4341 3026,4339 3021,4339 3020,4340 3020,4399 3019,4400 3017,4400 3016,4400 3016,4399 3015,4397 3010,4397 3009,4397 3009,4340 3009,4339 2873,4339 2872,4338 2674,4339 2673,4339 2673,4385 2673,4386 2664,4386 2663,4385 2663,4384 2662,4383 2662,4375 2662,4375 2549,4375 2500,4375 2499,4376 2499,4385 2498,4386 2497,4386 2495,4385 2495,4336 2495,4335 2377,4335 2376,4334 2180,4335 2178,4336 2178,4341 2178,4342 2176,4342 2174,4340 2174,4339 2174,4339 2173,4339 2171,4337 2171,4331 2171,4331 1958,4331 1955,4334 1955,4335 1955,4335 1950,4335 1948,4337 1948,4338 1947,4339 1944,4339 1943,4338 1942,4338 1941,4338 1941,4337 1940,4335 1908,4335 1907,4334 1739,4335 1737,4333 1737,4332 1736,4331 1575,4331 1573,4333 1573,4334 1572,4335 1534,4335 1533,4336 1533,4342 1533,4342 1531,4342 1529,4341 1529,4340 1529,4339 1528,4339 1526,4338 1526,4332 1526,4331 1356,4332 1355,4332 1355,4365 1353,4368 1352,4368 1351,4368 1351,4406 1351,4407 1344,4407 1343,4406 1343,4344 1343,4344 1224,4344 1222,4346 1218,4346 1216,4344 1216,4343 1216,4343 1215,4342 1214,4342 1212,4341 1212,4332 1212,4331 1058,4331 1055,4334 1055,4335 1055,4335 1035,4335 1034,4336 1034,4349 1034,4349 1031,4349 1030,4349 1030,4335 1030,4334 864,4335 863,4335 863,4336 861,4339 856,4339 855,4339 855,4363 855,4364 853,4364 852,4363 852,4362 851,4361 850,4360 849,4360 848,4359 848,4335 848,4335 663,4335 662,4336 662,4410 662,4410"/><TextEquiv index="1"><Unicode>que nous ne vous aurions jamais</Unicode></TextEquiv></TextLine><TextLine id="r0_l017"><Coords points="2007,4648 2006,4647 2006,4637 2005,4636 1450,4637 1450,4637 1450,4636 1449,4635 1449,4630 1448,4629 1344,4630 1342,4628 408,4630 407,4628 407,4576 406,4576 344,4576 343,4575 342,4575 341,4573 341,4572 340,4572 339,4572 338,4570 338,4569 339,4568 338,4496 340,4495 341,4495 341,4494 341,4493 343,4492 344,4492 345,4491 352,4491 353,4489 353,4488 354,4488 359,4488 360,4486 360,4481 361,4481 363,4481 364,4480 396,4480 396,4479 396,4438 398,4437 600,4436 600,4436 600,4435 602,4433 658,4433 658,4433 658,4411 659,4410 1343,4409 1343,4408 1343,4407 1344,4407 1351,4407 1351,4407 1351,4426 1352,4427 1660,4426 1660,4427 1660,4428 1663,4430 1664,4430 1664,4431 1664,4432 1665,4432 2483,4430 2486,4433 2490,4433 2491,4435 2491,4436 2493,4437 2494,4437 2495,4439 2495,4482 2496,4482 2851,4481 2854,4484 3044,4484 3045,4486 3045,4487 3047,4488 3055,4488 3056,4489 3056,4490 3057,4491 3058,4491 3059,4492 3063,4492 3063,4492 3063,4511 3066,4514 3067,4514 3067,4514 3067,4519 3066,4520 3067,4559 3065,4561 3064,4561 3064,4561 3063,4562 3063,4563 3062,4564 3061,4564 3060,4565 3060,4566 3058,4568 3057,4568 3056,4569 3056,4570 3054,4572 3049,4572 3049,4573 3049,4574 3047,4575 2958,4575 2958,4576 2958,4593 2956,4594 2954,4594 2954,4595 2954,4597 2953,4597 2783,4598 2783,4598 2783,4624 2781,4626 2499,4626 2499,4627 2499,4628 2498,4629 2498,4630 2497,4630 2014,4631 2014,4632 2014,4644 2013,4644 2012,4644 2010,4647 2010,4648 2009,4648"/><TextEquiv index="1"><Unicode>revu: vous revîntes; mais vous</Unicode></TextEquiv></TextLine><TextLine id="r0_l018"><Coords points="327,4653 3063,4647 3064,4870 328,4876"/><TextEquiv index="1"><Unicode>n'étiez plus le même: je vous</Unicode></TextEquiv></TextLine><TextLine id="r0_l019"><Coords points="342,4890 3068,4884 3068,5122 342,5128"/><TextEquiv index="1"><Unicode>trouvois diſtrait, taciturne, char-</Unicode></TextEquiv></TextLine><TextLine id="r0_l020"><Coords points="456,5384 454,5382 454,5341 454,5341 402,5341 400,5339 400,5338 399,5337 373,5337 367,5331 367,5330 367,5330 359,5330 358,5329 357,5329 356,5328 356,5327 355,5326 351,5326 349,5324 349,5322 349,5322 339,5322 338,5321 338,5308 339,5308 342,5308 342,5307 342,5301 344,5300 348,5300 349,5298 349,5265 351,5264 352,5264 352,5263 352,5226 353,5225 353,5224 353,5224 354,5224 356,5222 356,5218 368,5206 372,5206 374,5204 374,5200 379,5195 387,5195 389,5193 389,5192 390,5191 493,5191 494,5190 494,5186 495,5185 495,5184 495,5184 496,5184 498,5182 498,5170 499,5169 500,5169 502,5167 502,5163 503,5162 504,5162 505,5161 505,5160 507,5158 508,5158 509,5157 509,5148 509,5148 510,5148 513,5145 513,5144 513,5144 514,5144 517,5141 517,5140 517,5140 716,5139 717,5139 717,5138 717,5137 718,5137 719,5136 767,5136 768,5135 768,5133 768,5133 770,5133 772,5134 772,5135 772,5136 787,5136 788,5137 1137,5136 1140,5139 1140,5140 1140,5140 1145,5140 1147,5142 1147,5147 1147,5147 1213,5147 1214,5148 1215,5148 1216,5149 1216,5150 1217,5151 1221,5151 1223,5152 1223,5197 1223,5198 1414,5198 1415,5199 1669,5198 1672,5201 1672,5202 1672,5202 1731,5202 1732,5203 2151,5202 2152,5201 2152,5200 2154,5198 2322,5198 2324,5196 2324,5195 2324,5195 2345,5195 2346,5194 2346,5162 2346,5162 2425,5161 2426,5161 2426,5153 2427,5151 2428,5151 2429,5151 2429,5146 2430,5144 2446,5144 2447,5145 2447,5146 2447,5146 2448,5147 2449,5147 2451,5149 2451,5191 2451,5191 2526,5191 2527,5192 2527,5193 2529,5195 2533,5195 2534,5196 2902,5195 2903,5195 2903,5160 2904,5158 2949,5158 2950,5158 2950,5153 2951,5151 2952,5151 2954,5150 2954,5149 2955,5147 3015,5147 3016,5147 3016,5123 3016,5122 3018,5122 3020,5124 3020,5140 3020,5140 3021,5140 3027,5146 3027,5195 3027,5195 3054,5195 3056,5196 3056,5197 3056,5198 3061,5198 3063,5199 3063,5222 3062,5223 3061,5224 3038,5224 3038,5225 3038,5281 3037,5282 3036,5282 3035,5283 3034,5284 3034,5285 3033,5286 3032,5286 3031,5287 3031,5288 3029,5290 3028,5290 3027,5291 3027,5292 3026,5293 3024,5293 3023,5294 3023,5347 3022,5348 3021,5348 3020,5349 3020,5361 3018,5363 3003,5363 3002,5363 3002,5349 3002,5348 2908,5348 2907,5348 2907,5347 2903,5343 2903,5337 2903,5336 2518,5337 2517,5338 2517,5340 2517,5340 2514,5340 2513,5341 2513,5355 2513,5355 2398,5355 2397,5355 2397,5354 2396,5353 2396,5348 2396,5347 2038,5348 2036,5350 2036,5351 2036,5351 1753,5352 1752,5352 1752,5353 1751,5355 1746,5355 1744,5353 1744,5340 1744,5340 1429,5341 1427,5339 1427,5337 1427,5337 1425,5337 1424,5336 1424,5333 1424,5333 1250,5333 1249,5332 1249,5290 1249,5290 1048,5290 1047,5289 1046,5289 1045,5289 1045,5288 1044,5286 994,5286 993,5285 527,5287 526,5287 526,5380 526,5381 460,5381 458,5382 458,5383 458,5384"/><TextEquiv index="1"><Unicode>gé d'ennuis; vous pouviez voir</Unicode></TextEquiv></TextLine><TextLine id="r0_l021"><Coords points="1689,5638 1689,5637 1689,5622 1688,5622 414,5625 414,5624 414,5618 412,5617 411,5617 411,5616 411,5614 410,5613 410,5552 409,5552 357,5552 356,5550 356,5549 355,5548 354,5548 353,5548 352,5546 352,5517 353,5516 352,5448 353,5447 353,5446 354,5446 366,5446 367,5444 367,5443 368,5443 369,5443 370,5442 378,5442 378,5441 378,5440 384,5435 520,5435 520,5434 520,5381 521,5381 844,5380 844,5379 844,5378 846,5377 2506,5373 2506,5373 2506,5364 2508,5362 2510,5364 3013,5363 3013,5364 3013,5373 3014,5373 3018,5373 3020,5376 3020,5435 3021,5435 3048,5435 3048,5436 3048,5437 3051,5439 3055,5439 3056,5440 3057,5489 3057,5490 3058,5490 3060,5491 3060,5506 3058,5508 3057,5508 3056,5509 3056,5510 3055,5511 3054,5512 3053,5512 3052,5513 3052,5514 3051,5515 3050,5515 3049,5517 3049,5521 3045,5525 3045,5530 3044,5530 3020,5530 3020,5531 3020,5572 3017,5574 3016,5574 3016,5575 3016,5610 3015,5610 2958,5610 2958,5611 2958,5622 2957,5622 2506,5623 2505,5624 1806,5626 1806,5626 1806,5627 1804,5629 1697,5629 1697,5629 1697,5634 1696,5635 1695,5635 1692,5638"/><TextEquiv index="1"><Unicode>mes craintes; je ne les cachois</Unicode></TextEquiv></TextLine></TextRegion></Page></PcGts>