4266 7741
1271 1101 3974 1333 pas, & vous m'y laiſſiez en proie
1274 1338 3975 1563 avec la froideur d'un homme qui
1272 1577 3970 1801 n'aime plus ou qui n'a jamais
1271 1827 3973 2039 aimé. Avec quelle amertume je
1267 2054 3963 2283 repaſſois ſur ces jours où je vous
1263 2290 3966 2517 avois vu ſi empreſſé! Quelle dif-
1260 2540 3948 2753 férence de vous à vous-même!
1251 2781 3955 3006 Vous me raviſſiez tout le charme
1238 3001 3952 3230 de ma vie! Celui que j'avois goûté
1254 3241 3952 3411 dans la certitude de votre amour
1252 3480 3948 3701 ne ſe retraçoit à mon eſprit que
1260 3712 3948 3919 comme un ſonge agréable dont
1231 3954 3940 4191 le réveil étoit horrible. Ma ſanté
1227 4190 3939 4434 déja plus foible acheva de s'en
1219 4432 3936 4659 altérer: je vis approcher mon
1223 4676 3921 4919 dernier moment comme le terme
1227 4914 3929 5140 de mes peines: alors je conçus le
1242 5140 4204 5393 deſſein de rompre avec vous tou-
1241 5366 4112 5633 te ſociété, & de m'abandonner
1238 5632 3914 5813 ſans réſerve à cet être ſouverain
3618 5925 3919 6089 que
