4266 7690
348 1131 3039 1350 que j'avois trop long-temps oublié.
166 1372 3054 1594 Mais, vains projets d'un cœur
42 1609 3036 1839 trop tendre! je vous voyois, &
355 1854 3054 2074 chaque jour, mes réſolutions
65 2099 3050 2318 s'affoibliſſoient: une ſeule de vos
355 2339 3065 2559 paroles me faiſoit oublier toutes
316 2568 3058 2788 vos injuſtices, & me replongeoit
311 2812 3054 3027 dans mes incertitudes. Il a fallu
340 3049 3053 3279 pourtant me réſoudre: ſi l'amour
300 3279 3060 3520 eſt pardonnable, c'eſt quand on eſt
355 3520 3064 3760 payé de retour; mais il eſt inexcu-
238 3755 3058 3976 ſable de s'obſtiner à aimer qui ne
90 3996 3056 4207 nous aime point: d'ailleurs je n'ai
293 4234 3050 4454 plus long-temps à vivre: je dois
360 4470 3377 4704 bientôt aller rendre à mon Juge
358 4715 3047 4947 un compte rigoureux; je n'ai pas
286 4952 3111 5191 trop pour m'y préparer du reſte
362 5190 3042 5395 d'une vie éteinte: il faut renoncer
122 5435 3046 5666 à mes erreurs, & je vous ai prié
126 5660 3046 5893 de m'écouter pour recevoir mon
576 5906 1288 6076 Tome II.
2504 5897 2952 6001 L
