4266 7610
1290 1193 3963 1443 éternel adieu: ce jour eſt le der-
1272 1432 3974 1675 nier où je vous verrai, & ces pa-
1239 1685 3974 1919 roles les dernieres que vous en-
1236 1906 3970 2156 tendrez de moi. Alors ſe levant
1165 2141 3965 2349 avec majeſté, elle me laiſſa con-
1236 2398 3967 2629 fus, humilié, courbant la tête &
1261 2618 3953 2865 accablé comme un criminel à qui
1229 2863 3949 3078 on vient de prononcer ſon arrêt.
1222 3064 3945 3324 Une révolution ſubite ſe fit dans
1215 3324 3938 3554 mon cœur: l'amour parut y en-
1204 3556 3948 3771 trer quand cette infortunée le
1222 3784 3960 3986 chaſſoit du ſien. Un mot, lui dis-
1218 4026 3940 4272 je en la ramenant ſur le ſiége
1218 4266 3931 4493 qu'elle avoit quitté: je me con-
1222 4493 3930 4733 damne; je reconnois mes torts;
1222 4733 3934 4971 tout ce que vous m'avez dit, je
1208 4970 3933 5205 me l'étois dit à moi-même, &
1208 5204 3922 5440 cent fois plus encore. J'avoue,
1211 5440 3930 5684 en gémiſſant, que je ſuis coupa-
1193 5667 3930 5940 ble envers vous de la plus horri-
