4266 7900
-44 914 3126 1184 douloureuſes: ne corrompez ja-
-43 1179 3139 1432 mais une ame ſimple & vertueuſe:
-42 1431 3082 1686 quelle gloire en peut - on re-
-40 1671 3158 1942 cueillir? c'eſt un triomphe ſi fa-
-38 1941 3075 2189 cile! Croyez - moi! les loix en-
-37 2188 3154 2434 voyent à l'échafaud des malfai-
-35 2433 3150 2691 teurs moins coupables qu'un
-33 2671 3080 2933 odieux ſuborneur qui porte la
-32 2932 3161 3175 mort au cœur de l'innocence.
-30 3155 3162 3425 Ici finit cet entretien dont toutes
-29 3403 3162 3674 les paroles ſont reſtées dans ma
-27 3659 3139 3923 mémoire; ce fut auſſi le dernier
-25 3909 3112 4183 jour où je la vis; je me préſentai
-24 4160 3183 4443 pluſieurs fois à ſa porte, & ne fus
-22 4409 3308 4678 jamais reçu: quelques mois après,
-20 4659 3060 4920 on me dit qu'elle étoit morte.
-19 4918 3048 5160 Le fantôme de cette fille infor-
-17 5152 3060 5409 tunée ne me quittoit plus; je
-15 5409 3112 5688 portois dans le cœur un ver qui
-14 5664 3131 5911 empoiſonnoit tous mes plaiſirs.
2140 5915 2428 6110 C
