4266 7900
1141 903 3977 1152 Je cherchai des ſecours auprès
1130 1171 3965 1399 ude nos ſophiſtes: ils diſoient que
1127 1414 3959 1612 la moralité des actions n'eſt fon-
1118 1665 4010 1895 dée que ſur l'opinion; que le bien
1126 1914 3964 2142 & le mal ſont de pures relations;
1130 2173 3961 2391 que ce qui eſt vertu chez un peu-
1118 2415 3950 2638 ple, eſt vice chez un autre; que
1117 2660 3965 2886 la probité n'eſt que l'utile mis en
1118 2903 3965 3132 pratique: ils ajoutoient que le
1013 3151 4010 3381 bonheur conſiſte à jouir de tout,
1107 3368 3973 3629 & la ſageſſe à bien uſer des jouiſ-
723 3639 4018 3887 ſances; que la pudeur eſt une
730 3872 4018 4114 vertu de préjugé; que dans une
975 4127 3969 4357 infinité de pays la corruption des
1115 4390 3957 4605 mœurs eſt autoriſée par les loix
1134 4639 3943 4858 & même conſacrée par la reli-
865 4880 3946 5107 gion.... Je rougis de pourſuivre.
1141 5130 3962 5356 O! qu'un eſprit qui veut s'égarer
1137 5370 3946 5608 trouve de portes ouvertes à l'er-
1013 5612 3958 5865 reur! Je recueillois tous les jours
