<PcGts xmlns="http://schema.primaresearch.org/PAGE/gts/pagecontent/2017-07-15" xmlns:xsi="http://www.w3.org/2001/XMLSchema-instance" xsi:schemaLocation="http://schema.primaresearch.org/PAGE/gts/pagecontent/2017-07-15 http://schema.primaresearch.org/PAGE/gts/pagecontent/2017-07-15/pagecontent.xsd"><Metadata><Creator>User123</Creator><Created>2020-10-14T09:10:55</Created><LastChange>2020-10-14T09:10:55</LastChange></Metadata><Page imageFilename="0066.png" imageHeight="7610" imageWidth="4266"><TextRegion id="r0" type="paragraph" orientation="-0.0"><Coords points="1,1 4264,1 4264,7608 1,7608"/><TextLine id="r0_l001"><Coords points="1373,608 2107,608 2107,787 1373,787"/><TextEquiv index="1"><Unicode></Unicode></TextEquiv></TextLine><TextLine id="r0_l002"><Coords points="43,865 2979,865 2979,1073 43,1073"/><TextEquiv index="1"><Unicode>dans une pénible anxiété; il fallut</Unicode></TextEquiv></TextLine><TextLine id="r0_l003"><Coords points="50,1101 3151,1101 3151,1291 50,1291"/><TextEquiv index="1"><Unicode>en ſortir; la main du ciel me</Unicode></TextEquiv></TextLine><TextLine id="r0_l004"><Coords points="315,1341 3044,1341 3044,1552 315,1552"/><TextEquiv index="1"><Unicode>frappa pour m'avertir de mon</Unicode></TextEquiv></TextLine><TextLine id="r0_l005"><Coords points="315,1577 3087,1577 3087,1760 315,1760"/><TextEquiv index="1"><Unicode>néant; des revers accumulés me</Unicode></TextEquiv></TextLine><TextLine id="r0_l006"><Coords points="311,1806 2976,1806 2976,2006 311,2006"/><TextEquiv index="1"><Unicode>réveillerent comme d'un long</Unicode></TextEquiv></TextLine><TextLine id="r0_l007"><Coords points="307,2035 3022,2035 3022,2235 307,2235"/><TextEquiv index="1"><Unicode>ſommeil; je reſtai ſeul &amp; ſans</Unicode></TextEquiv></TextLine><TextLine id="r0_l008"><Coords points="311,2278 2976,2278 2976,2450 311,2450"/><TextEquiv index="1"><Unicode>ſecours; forcé de traîner une mi-</Unicode></TextEquiv></TextLine><TextLine id="r0_l009"><Coords points="86,2507 3208,2507 3208,2661 86,2661"/><TextEquiv index="1"><Unicode>ſérable vie en bute à tous les</Unicode></TextEquiv></TextLine><TextLine id="r0_l010"><Coords points="308,2743 3051,2743 3051,2926 308,2926"/><TextEquiv index="1"><Unicode>haſards, de m'accrocher comme</Unicode></TextEquiv></TextLine><TextLine id="r0_l011"><Coords points="304,2979 2972,2979 2972,3180 304,3180"/><TextEquiv index="1"><Unicode>un reptile à tous les êtres dont</Unicode></TextEquiv></TextLine><TextLine id="r0_l012"><Coords points="300,3208 3072,3208 3072,3412 300,3412"/><TextEquiv index="1"><Unicode>j'eſpérois un appui. Une noire</Unicode></TextEquiv></TextLine><TextLine id="r0_l013"><Coords points="304,3440 3069,3440 3069,3637 304,3637"/><TextEquiv index="1"><Unicode>miſantropie me dégoûta du mon-</Unicode></TextEquiv></TextLine><TextLine id="r0_l014"><Coords points="304,3669 3062,3669 3062,3888 304,3888"/><TextEquiv index="1"><Unicode>de; je me ſauvai dans la ſolitude</Unicode></TextEquiv></TextLine><TextLine id="r0_l015"><Coords points="304,3888 3072,3888 3072,4109 304,4109"/><TextEquiv index="1"><Unicode>pour m'y nourrir de fiel &amp; d'a-</Unicode></TextEquiv></TextLine><TextLine id="r0_l016"><Coords points="304,4138 2976,4138 2976,4335 304,4335"/><TextEquiv index="1"><Unicode>mertume: la retraite où je vivois</Unicode></TextEquiv></TextLine><TextLine id="r0_l017"><Coords points="307,4377 3008,4377 3008,4585 307,4585"/><TextEquiv index="1"><Unicode>ne me parut point aſſez profonde;</Unicode></TextEquiv></TextLine><TextLine id="r0_l018"><Coords points="304,4610 3062,4610 3062,4811 304,4811"/><TextEquiv index="1"><Unicode>je réſolus de traverſer les mers</Unicode></TextEquiv></TextLine><TextLine id="r0_l019"><Coords points="307,4853 3061,4853 3061,5032 307,5032"/><TextEquiv index="1"><Unicode>&amp; de chercher ſous un nouveau</Unicode></TextEquiv></TextLine><TextLine id="r0_l020"><Coords points="325,5078 3062,5078 3062,5293 325,5293"/><TextEquiv index="1"><Unicode>ciel des déſerts inhabités où je</Unicode></TextEquiv></TextLine><TextLine id="r0_l021"><Coords points="179,5318 2976,5318 2976,5559 179,5559"/><TextEquiv index="1"><Unicode>ne fuſſe connu que de moi ſeul.</Unicode></TextEquiv></TextLine><TextLine id="r0_l022"><Coords points="2275,5576 2568,5576 2568,5772 2275,5772"/><TextEquiv index="1"><Unicode>Cs</Unicode></TextEquiv></TextLine></TextRegion></Page></PcGts>