4266 7663
1151 873 3906 1090 En arrivant à Nantes, j'eſſuyai
1148 1112 3881 1274 une maladie mortelle: dans une
1151 1346 3884 1541 ville où je n'avois aucunes liai-
1148 1585 3891 1808 ſons, je trouvai des ſoins hoſpi-
1141 1834 3895 2040 taliers dignes des premiers âges
1155 2068 3880 2271 & des vertus qui me reconcilie-
1148 2306 3895 2505 rent avec l'humanité. Un Négo-
1166 2527 3898 2718 ciant m'offrit ſa bourſe; il m'a-
1151 2779 3906 3006 vança généreuſement tous les frais
1148 3006 3895 3224 de mon voyage, & vint au-devant
1141 3252 3870 3462 de mes beſoins, ſans que j'euſſe
1141 3501 3866 3704 auprès de lui d'autre titre que
1148 3718 3899 3917 celui d'infortuné. Dès que je fus
1144 3956 3910 4162 rétabli, je m'embarquai pour l'A-
1144 4191 3902 4404 mérique, & j'allai deſcendre dans
1155 4429 3906 4624 une des Antilles: je m'étois at-
1151 4674 3895 4837 tendu à trouver des déſerts &
1170 4909 3909 5119 des ſauvages; je vis un peuple
1169 5151 3938 5342 doux, civil & bienfaiſant, des
1166 5393 3895 5599 cœurs droits, des mœurs pures,
