4266 7622
1398 574 1908 757 .
32 832 2983 1040 une terre féconde, enrichie par
36 1072 3016 1262 les ſoins du cultivateur. Je ne
283 1312 2979 1517 ſais quelle impreſſion me ſaiſit
50 1549 2983 1732 en arrivant dans ces belles con-
280 1789 2998 1993 trées, image des campagnes tant
290 2029 3044 2254 célébrées par la poéſie paſtorale.
287 2254 3040 2478 Je me ſentois renaître; mes paſ-
287 2492 3041 2678 ſions ſe calmoient; l'humeur mé-
283 2732 3030 2940 lancolique & ſombre que j'avois
287 2979 3044 3188 apportée d'Europe, étoit diſſipée
287 3216 3037 3417 par le baume & la douceur de
280 3446 3055 3654 l'air, par le tableau riant d'un prin-
287 3672 3044 3897 temps éternel & d'une nouvelle
294 3897 3033 4113 nature. Je viſitai pluſieurs habi-
118 4141 3041 4349 tations; je fus accueilli par-tout
298 4378 3044 4575 avec la même bonté: j'enviois
297 4621 3044 4815 le ſort de ces heureux Colons
305 4858 3033 5063 vivans ſans faſte au ſein de leur
315 5091 3044 5307 opulence. J'avois conſervé quel-
315 5324 3044 5543 ques livres, & je partageois mes
2406 5565 2704 5776 Ce
