4266 7647
2355 594 2848 789 o
1202 871 3979 1084 heures entre la lecture & la pro-
1210 1098 3910 1318 menade: je cultivois un coin de
1206 1343 3903 1541 terre qu'un généreux Créole m'a-
1206 1581 3896 1782 voit abandonné, ainſi que la ca-
1202 1811 3903 2027 bane qui me ſervoit d'aſyle: je
1199 2052 3899 2269 n'ai jamais coulé de jours plus
1206 2304 3892 2502 tranquilles. Libre des ſoins du
1199 2527 3903 2722 lendemain, je trouvois dans les
1195 2769 3889 2978 fruits de mon petit domaine de
1206 3006 3910 3205 quoi fournir abondamment à mes
907 3237 3900 3396 beſoins. Mon bienfaiteur ne me
1195 3463 3889 3687 laiſſoit manquer de rien; ſon at-
1192 3705 3889 3914 tentive prévoyance alloit même
1206 3939 3896 4101 au-devant de mes deſirs: un eſ-
1210 4177 3917 4382 clave qu'il m'avoit donné me ſou-
1199 4418 3899 4623 lageoit de mes travaux: ſans les
1202 4662 3889 4854 ſouvenirs qui me tourmentoient,
1202 4893 3921 5099 j'aurois été le plus heureux des
1199 5120 3900 5350 hommes. J'étois content de finir
1210 5358 3889 5588 mes jours dans cette ſolitude, &
