4266 7732
1509 525 1905 717 .
124 781 3115 993 revenu des illuſions du monde,
376 1035 3104 1273 je n'ambitionnois plus d'autre fé-
372 1267 3159 1470 licité. On va chercher la fortune
376 1507 3112 1735 dans ces contrées; j'y trouvois
379 1763 3118 1978 le repos & un ami que la fortune
379 1996 3115 2223 ne peut payer; j'y jouiſſois du
379 2242 3125 2460 plus beau ſpectacle que l'homme
386 2480 3133 2700 puiſſe contempler: la nature n'eſt
383 2721 3130 2959 nulle part auſſi majeſtueuſe que
384 2953 3137 3131 dans ces climats voiſins du ſoleil
383 3213 3174 3430 qui ſont embellis de tout ſon
386 3436 3132 3670 éclat. C'eſt bien là qu'on voit ſe
379 3654 3147 3882 réaliſer les fables de l'âge d'or
391 3909 3177 4114 & de l'antique Theſſalie. J'avois
390 4144 3133 4347 toujours vécu dans une ſorte d'a-
70 4393 3137 4610 pathie ſur toutes les idées reli-
397 4621 3185 4840 gieuſes, & il m'étoit rarement
390 4880 3184 5081 arrivé d'élever mes regards vers
397 5081 3231 5330 l'Être ſuprême. Je me bornois à
405 5351 3136 5592 recueillir quelques lambeaux du
