4266 7713
1151 503 1906 718 s.
138 769 3115 984 qui paroiſſoit comme ſillonné de
353 1009 3126 1170 mille couleurs brillantes: d'im-
350 1253 3137 1465 menſes forêts élevées en amphi-
350 1494 3127 1705 téatre formoient une draperie de
346 1734 3093 1946 verdure depuis la voûte du ciel
120 1971 3094 2183 juſqu'au fond des abîmes, & des
357 2219 3137 2423 fleuves roulans par caſcades al-
102 2467 3130 2693 loient s'enſevelir ſous un ombrage
98 2693 3130 2941 éternel: la mer, à l'extrémité de
357 2941 3145 3134 l'horiſon, terminoit ce tableau
372 3192 3137 3392 magnifique. Saiſi d'enchantement
371 3421 3152 3633 & de ſurpriſe, je me proſternai
364 3651 3152 3881 ſur la terre, & j'adorai, pour la
368 3899 3319 4114 premiere fois peut-être, avec un
379 4132 3148 4343 reſpect religieux, le ſouverain
393 4376 3148 4540 Créateur de ces merveilles: alors
382 4616 3163 4828 apoſtrophant les bois, les fleuves,
390 4857 3159 5054 les rochers & les mers, je leur
404 5101 3174 5262 criois: ſi vous vous êtes faits
404 5345 3163 5538 vous - mêmes, animez - vous, &
