4266 7690
2219 519 2720 716 q.
1144 781 3824 1010 parlez! O! quelle vaſte idée
1133 1038 3827 1202 nous donne de ſon auteur cette
1133 1271 3831 1478 profuſion de richeſſes! Comment
1133 1507 3831 1714 ſuppoſe - t - on que les élémens
1126 1750 3824 1957 aient pu ſe combiner de maniere
1126 1990 3820 2193 à produire d'eux-mêmes l'ordre
1115 2226 3831 2429 étonnnant, le concours & l'har-
1122 2462 3820 2669 monie de toutes les parties de
1126 2698 3824 2847 cet univers? Inſenſés raiſonneurs
1104 2938 3824 3134 qui n'oſeroient attribuer aux chan-
1118 3177 3813 3398 ces du haſard, aux combinaiſons
1108 3398 3856 3595 d'une matiere inanimée, le moin-
1096 3642 3813 3846 dre ouvrage ſorti de la main des
1093 3882 3817 4082 hommes, & qui oſent prêter à
1028 4118 3806 4321 ces abſurdes agens les phénome-
1100 4361 3809 4521 nes de la création! Je rentrai chez
1097 4586 3802 4808 moi frappé de ce que j'avois vu,
1104 4829 3806 5022 & dès ce moment je me livrai à
1096 5073 3806 5269 des études réfléchies ſur ces objets
1100 5316 3795 5556 ſublimes que je n'avois qu'effleu-
