4266 7816
2365 612 2848 795 6)
1177 876 3947 1088 mens d'une croyance qui faiſoit
1177 1125 3940 1337 mon bonheur: ils appellent des
1173 1374 3940 1578 noms vagues de nature, de ha-
1162 1619 3936 1823 ſard, de néceſſité, cette cauſe
1155 1853 3925 2080 ſouveraine que j'appelle Dieu.
1155 2109 3933 2321 Du moins ſont-ils forcés de re-
1158 2358 3921 2573 connoître une cauſe primitive,
1132 2599 3918 2815 & peut-être ne diſputent-t-ils que
1132 2837 3925 3056 ſur les termes. Oui, je ſuis per-
1129 3086 3907 3294 ſuadé qu'il n'eſt aucun athée de
1125 3327 3910 3543 bonne foi, & que tout homme,
1114 3583 3906 3791 dont la bouche affirme qu'il n'y
1103 3814 3903 4029 a point de Dieu, ment contre ſa
1114 4062 2076 4226 conſcience.
1314 4304 3932 4536 Il y avoit quelque temps que
1095 4536 3895 4784 je goûtois dans la retraite les
1099 4784 3884 5032 charmes de la méditation, quand
1095 5032 3884 5255 je fus diſtrait par de nouveaux
1099 5288 3877 5444 troubles. Mon bienfaiteur étoit
1099 5526 3929 5726 reſté veuf avec une fille de treize
