4266 7803
-14 892 3104 1164 ans qu'il élevoit ſous ſes yeux &
-14 1164 3106 1406 qui faiſoit la conſolation de ſa
-13 1405 3110 1648 vieilleſſe. Suſanne promettoit d'ê-
-12 1641 3104 1879 tre belle & avoit déja des graces:
-12 1872 3067 2144 ſon ame étoit ſimple & naïve:
-11 2137 3082 2388 avant qu'elle eût parlé, on ſavoit
-11 2388 3110 2618 ce qu'elle penſoit. L'aimable en-
-11 2606 3106 2873 fant s'étoit attachée à moi & ve-
-10 2866 3111 3116 noit ſouvent me chercher dans
-9 3109 3117 3359 ma cabane, ſuivie d'une eſclave
-9 3352 3304 3597 qui l'avoit nourrie. Nous nous
-9 3597 3107 3869 promenions ſur le bord de la
-8 3847 3092 4086 mer, dans des bois de palmiers
-7 4079 3088 4319 qui couvroient le rivage. Là,
-7 4312 3104 4537 tantôt j'amenois nos entretiens
-6 4530 3099 4800 ſur les beautés de la nature; tan-
-6 4793 3115 5043 tôt j'eſſayois d'imprimer dans ſon
-5 5036 3096 5288 ame tendre les premiers princi-
-5 5288 3088 5558 pes de la morale, & j'avois le
-4 5544 3077 5849 plaiſir de voir par degrés ſe dé-
