4266 7900
2087 639 2808 931 .
779 917 4309 1242 velopper ſa raiſon naiſſante. Quel-
775 1224 4307 1486 quefois nous faiſions des lectures
1175 1484 4305 1737 utiles; je lui donnois des leçons
1171 1725 4304 2002 de deſſin, & j'éprouvois une joie
1164 1978 4302 2250 ſecrette à payer ainſi à ſon géné-
821 2234 4300 2475 reux pere un tribut de reconnoiſ-
1156 2454 4299 2723 ſance. Je n'avois pas encore ré-
1151 2703 4298 2969 fléchi ſur ma ſituation, & je re-
1159 2952 4296 3212 cevois ſans m'alarmer les inno-
1152 3217 4294 3485 centes careſſes de ma pupille;
1137 3464 4293 3704 ſes bras me preſſoient avec ten-
1137 3712 4290 3961 dreſſe; elle aimoit à me ſourire;
960 3939 4289 4186 elle me quittoit rarement, & tou-
1130 4180 4288 4437 jours avec peine. Un jour qu'en
1100 4428 4286 4676 folâtrant avec elle je la tenois
1137 4666 4284 4925 contre mon cœur, une émotion
885 4903 4283 5187 violente s'y fit ſentir; ce trait de
1125 5166 4277 5397 lumiere commençant à m'éclai-
1118 5406 4279 5668 rer, je me promis bien de veiller
1126 5664 4278 5930 ſur moi - même & d'éviter des
