4266 7900
2437 855 2940 1050 i.
1164 1111 4040 1353 je me ſentois perdu: je me levai
1262 1366 4221 1590 bruſquement; je ſortis & je cou-
1258 1622 4048 1858 rus dans ma cabane: là, me frap-
1248 1874 4041 2101 pant la poitrine, & verſant un
1243 2124 4040 2319 ruiſſeau de larmes; homme dé-
1239 2366 4033 2617 naturé, me diſois - je, va donc
1232 2605 4026 2820 ſacrifier encore cette enfant; va
1224 2858 4022 3074 déſoler ton bienfaiteur; ajoute
1220 3117 4003 3324 ce crime à tous les autres. Non,
1216 3361 4014 3597 pourſuivois - je en ſanglottant,
1209 3607 4007 3828 non je ne ſuis pas digne de voir
1088 3843 4010 4089 la lumiere, & de vivre avec des
1182 4076 3984 4319 hommes! Je paſſai tout ce jour,
927 4330 3995 4585 renfermé, pleurant & rejettant
1197 4595 3992 4769 toute nourriture: mon ami me
934 4837 3985 5041 vint voir; il ne concevoit rien
862 5074 3974 5336 à mon état: je me jettai à ſes
1167 5340 3968 5578 pieds & je lui fis l'aveu de mon
1115 5574 3964 5811 horrible penſée; il me releva
1170 5828 3965 6096 gaiment, me ſerra dans ſes bras
