4266 7816
2313 895 3008 1092 .
1151 1162 3907 1374 quand je rentrois chez moi, je
1147 1411 3907 1623 me regardois avec horreur dans
1159 1660 3899 1872 ce funeſte abandon. Je pris le
1140 1897 3910 2117 parti de quitter l'Amérique; je
1147 2150 3918 2383 vendis les poſſeſſions que mon
1155 2383 3921 2581 bienfaiteur m'avoit laiſſées, &
1151 2640 3921 2859 après avoir dit un éternel adieu à
1162 2881 3929 3082 cette ſolitude où j'avois coulé
1166 3123 3932 3338 de ſi beaux jours, je revins en
1177 3379 1831 3617 Europe.
