4266 7701
1141 1177 3874 1403 imprudence. N'en parlons plus,
1141 1410 3889 1643 mon ami! le temps a paſſé ſur
1130 1661 3860 1868 les égaremens de votre jeuneſſe,
1138 1904 3874 2119 & votre raiſon s'eſt murie par
1083 2126 3878 2348 l'expérience de ſes écarts. Je fe-
1138 2377 3867 2588 rois peu de cas d'un homme qui
1137 2617 3856 2813 n'auroit jamais commis de fautes.
1137 2853 3860 3071 Rappellez-vous ce que je diſois,
1134 3089 3860 3307 il y a quelques jours, quand vous
1134 3329 3856 3525 liſiez devant ma couſine & moi,
1127 3569 3860 3776 le roman de Grandiſſon: ce per-
1136 3797 3859 4037 ſonnage m'a toujours paru peu
1144 4024 3855 4269 intéreſſant, par ce qu'il eſt trop
1126 4270 3856 4514 parfait: un être auſſi ſupérieur à
1141 4525 3849 4754 l'humanité ne peut être aimé que
1134 4764 4147 4979 des anges; il me feroit continuel-
1141 5001 4162 5204 lement rougir de l'excès de ſon
1145 5263 3838 5448 mérite, & mon amour - propre
1148 5484 4151 5688 avec lui ne ſeroit jamais ſatisfait.
1152 5720 4147 5954 Ce n'eſt pas que j'oſe excuſer
