4266 7900
-23 824 3160 1091 votre conduite & juſtifier des at-
-28 1118 3158 1363 tentats contre l'innocence. Vous
-42 1360 3346 1620 avez ſenti vous-même toute l'hor-
-40 1619 3169 1867 reur de ce crime & vous avez
-34 1861 3158 2134 prévenu mes reproches. Vous
-37 2113 3165 2354 convenez que le ſouvenir de cette
-35 2336 3474 2610 aimable fille a fait le ſupplice de
-34 2609 3169 2844 votre vie. O Faldoni! comment
-32 2824 3162 3098 un ſéducteur ne ſonge-t-il pas aux
-31 3097 3158 3347 regrets qui l'attendent? En vérité,
-29 3346 3161 3592 je plains bien vos gens à la mode,
-27 3583 3169 3845 de ſe tant tourmenter pour ſe
-6 3830 3169 4066 préparer un repentir! combien
-25 4024 3150 4334 les femmes ſont malheureuſes!
-23 4333 3158 4586 il ſemble que les uſages politi-
-21 4585 3143 4835 ques ſe ſoient attachés à détruire,
-19 4833 3361 5081 dans cette moitié du genre hu-
-18 5079 3150 5339 main, le germe de tout ce qu'il
-16 5335 3146 5559 y a de noble & de grand, pour
-14 5572 3143 5833 en faire le jouet & l'amuſement
2332 5843 2664 6070 D
