4266 7900
1100 858 4279 1103 des hommes, & pour les immo-
1096 1113 4278 1380 ler au premier corrupteur qui s'en
1112 1372 3901 1611 empare! Elles ſont douées pour-
1107 1605 4240 1836 tant d'un goût délicat, d'un ſen-
726 1850 4277 2121 timent exquis; je dirai même
1107 2120 4276 2367 qu'elles vont plus loin que vous
1111 2366 4275 2610 quand leur ame eſt exaltée par la
1107 2599 4275 2869 vertu: l'amour qui chez elles eſt
730 2868 4274 3115 ſi vif & ſi tendre leur prête une
799 3108 4274 3366 énergie que vous avez rarement
1092 3359 4274 3627 dans cette paſſion: non, vous ne
1096 3632 3890 3849 ſavez pas aimer comme nous:
1096 3842 4272 4081 vous ne penſez qu'à dérober une
1107 4069 4272 4348 volupté fugitive, & l'amour vous
1084 4348 4271 4617 échappe. Mais nous hélas! tout
1107 4605 4271 4833 entieres à l'objet de notre pen-
1107 4832 4270 5106 chant, nous ne voyons, nous
1103 5114 4269 5355 n'entendons que lui: honneur,
1043 5354 4269 5595 fortune, félicité, grandeur, nous
1096 5594 4268 5849 ne voulons rien que pour le lui
