4266 7773
1350 590 1925 815 i
18 863 3094 1070 auroit-il choiſi pour elles l'édu-
29 1103 3120 1320 cation la plus favorable à ſes prin-
30 1357 3102 1567 cipes de corruption! Sans doute
365 1593 3098 1774 il faut le croire; autrement leur
37 1840 3098 2062 laiſſeroit-il ſi peu de moyens de
369 2069 3109 2298 défenſe, quand lui-même ſe pro-
37 2327 3113 2534 duit avec tant d'avantages? Diri-
358 2570 3109 2781 geroit-il leurs premieres vues vers
358 2810 3120 3013 des objets de luxe & de frivolité,
354 3053 3124 3208 au lieu de former leur cœur &
347 3297 3112 3500 d'éclairer leur eſprit? Si elles
354 3533 3334 3747 ont peu de caractere & de ſuite
346 3769 3113 3990 dans les idées, ne devroit-il pas
339 4016 3113 4239 réunir contre ce vice eſſentiel
339 4239 3113 4414 tous les efforts de l'inſtitution?
338 4494 3240 4729 Alors ils les eût prémunies con-
338 4727 3252 4941 tre les dangers de la ſéduction;
336 4978 3109 5189 il leur eût préparé des jouiſſances
335 5221 3201 5443 pour l'avenir: une femme feroit
343 5469 3113 5687 dans tous les âges les délices de
2345 5708 2722 5919 D
