4266 7836
2298 543 2717 734 (.
1050 792 4266 1063 beaucoup, que cette ſemaine fût
1046 1063 4266 1316 écoulée; j'imagine les choſes les
1038 1307 4267 1550 plus funeſtes; je ne vois que fan-
1143 1540 4267 1802 tômes autour de moi. O mon
1139 1803 4268 2059 ami! venez me conſoler! venez
1139 2051 4268 2310 diſſiper toutes ces illuſions d'un
1124 2308 4269 2530 cœur trop ſenſible: ce n'eſt qu'au-
1124 2548 4269 2806 près de vous que je puis être heu-
1117 2816 1918 2970 reuſe.
1136 3050 4271 3251 Je vous attends demain; il fau-
1109 3300 4271 3528 droit arriver de bonne heure,
1095 3526 4272 3764 pour prévenir la chaleur & nous
934 3763 4272 4010 donner plus de temps. Apportez
1094 4004 4273 4257 vos romances: nous chanterons
1083 4256 4273 4498 celle que vous aimez, celle qui
1087 4495 4274 4741 fut l'occaſion de vos premiers
1083 4740 4274 4983 aveux, & qui depuis, m'a fait
1072 4981 4275 5229 verſer tant de larmes. Dans la
1079 5230 4276 5475 matinée, nous irons viſiter le bois
1077 5468 4276 5739 de la Saulaye que ma couſine n'a
