4266 7751
777 1122 2637 1272 E LII.
414 1596 2700 1794 Théreseau Curé.
411 2072 3045 2289 out eſt fini pour moi! ma
92 2318 3052 2535 mere, mon amie, ma bienfaitrice
103 2542 3038 2774 n'eſt plus! & je reſpire encore!
323 2784 3052 3009 & je ne deſcens pas avec elle
344 3044 3033 3275 dans le tombeau! Malheureuſe!
311 3268 3055 3488 j'ai tout perdu! je ne ſais com-
315 3514 3056 3735 ment j'exiſte! un horrible avenir
337 3760 3049 3970 s'ouvre devant moi; le poids de
305 3995 3052 4190 la douleur m'écraſe; je me ſens
308 4245 3053 4461 mourir à tous les inſtans. J'ai
69 4487 3041 4703 voulu vous écrire; mes pleurs
66 4703 3195 4927 m'aveuglent; mes ſanglots me ſuf-
330 4953 3038 5173 foquent; je n'ai pas la force de
48 5206 3034 5408 tracer deux lignes..... O mon
330 5441 3041 5661 Dieu qui me l'avez ravie! pour-
