4266 7845
2356 593 2761 781 o
1225 836 4279 1105 quoi nous ſéparer? que ne mou-
1213 1098 4279 1352 rions nous enſemble? Je la vois
1222 1346 4278 1598 encore ranimant ſes efforts pour
1209 1597 4277 1861 me conjurer de vivre, priant le
1218 1848 3983 2017 ciel de me rendre heureuſe....
1206 2065 4277 2330 O ma mere! moi! que je ſois
1206 2323 4276 2577 heureuſe quand tu n'es plus! Que
1206 2570 4275 2822 ta fille puiſſe avoir un inſtant de
1202 2815 4275 3062 bonheur ſans toi! Non, non, je
1191 3062 4274 3312 n'y dois plus compter; il faut
1191 3312 4273 3556 traîner le reſte de ma vie dans
1187 3556 4273 3791 les larmes, & je prévois qu'elle
1183 3778 4272 4051 ne ſera point longue. Oh! quand
1183 4044 4272 4297 viendra le temps où j'irai me réu-
1191 4297 4271 4565 nir à tes cendres vénérables, re-
1191 4557 4271 4804 poſer mon cœur auprès du tien,
1191 4797 4271 5047 & trouver dans ton ſein la paix
1192 5040 4270 5290 que les hommes me refuſent! Ta
1187 5283 4270 5545 vertu étoit ma ſauve - garde; je
1157 5538 4269 5802 me craignois moins quand tu m'a-
