<PcGts xmlns="http://schema.primaresearch.org/PAGE/gts/pagecontent/2017-07-15" xmlns:xsi="http://www.w3.org/2001/XMLSchema-instance" xsi:schemaLocation="http://schema.primaresearch.org/PAGE/gts/pagecontent/2017-07-15 http://schema.primaresearch.org/PAGE/gts/pagecontent/2017-07-15/pagecontent.xsd"><Metadata><Creator>User123</Creator><Created>2020-10-14T09:10:28</Created><LastChange>2020-10-14T09:10:28</LastChange></Metadata><Page imageFilename="0100.png" imageHeight="7836" imageWidth="4266"><TextRegion id="r0" type="paragraph" orientation="0.125"><Coords points="1,1 4264,1 4264,7834 1,7834"/><TextLine id="r0_l001"><Coords points="1359,584 1806,583 1807,774 1360,775"/><TextEquiv index="1"><Unicode>O</Unicode></TextEquiv></TextLine><TextLine id="r0_l002"><Coords points="-1,1098 -2,1097 -14,1097 -14,1096 -15,838 -14,838 1,838 1,838 1,904 1,905 66,905 66,905 67,949 67,949 245,949 246,949 245,932 246,931 247,931 248,930 248,926 249,925 249,924 250,923 252,923 252,924 252,925 253,926 253,927 254,927 465,927 465,926 465,890 466,890 467,890 468,888 468,880 471,878 475,878 478,875 483,875 483,874 483,869 484,868 484,867 485,867 486,867 487,865 487,864 488,864 491,864 491,864 491,865 493,867 494,867 494,867 494,868 495,869 495,930 496,931 699,930 700,929 700,928 701,927 807,927 807,926 807,925 810,923 811,923 811,922 811,921 814,919 818,919 819,917 819,916 820,916 953,916 953,915 953,875 954,875 959,875 961,872 961,871 962,871 1076,870 1076,870 1076,869 1078,867 1082,867 1084,870 1084,871 1085,871 1086,871 1087,873 1087,877 1089,878 1090,878 1091,880 1091,923 1092,923 1307,923 1307,922 1307,876 1313,871 1317,871 1318,869 1318,868 1320,867 1329,867 1329,866 1329,865 1332,863 1335,863 1339,867 1340,867 1340,867 1340,905 1341,906 1341,922 1342,923 1410,923 1412,925 1412,926 1413,927 1422,927 1423,928 1601,927 1601,927 1601,873 1603,871 1608,871 1609,870 1609,869 1611,867 1637,867 1639,870 1639,873 1640,873 1829,873 1829,872 1829,871 1830,871 1832,871 1832,871 1832,872 1833,873 1833,918 1834,919 2011,918 2013,916 2443,915 2443,915 2443,907 2446,904 2447,904 2447,904 2447,903 2449,901 2450,901 2451,900 2451,891 2452,890 2453,890 2455,888 2455,884 2457,882 2458,882 2458,882 2458,881 2461,878 2462,878 2462,878 2462,877 2468,871 2469,871 2469,871 2469,870 2472,867 2476,867 2477,866 2477,865 2478,864 2479,864 2480,863 2491,863 2492,862 2492,861 2493,860 2495,860 2496,862 2496,863 2497,863 2505,863 2511,870 2511,874 2513,875 2514,875 2514,876 2514,923 2515,923 2700,923 2701,921 2701,920 2703,919 2704,919 2704,918 2704,895 2707,893 2708,893 2708,892 2708,887 2710,886 2711,886 2711,885 2712,884 2712,883 2714,882 2715,882 2715,881 2715,880 2718,878 2719,878 2719,877 2719,876 2721,875 2725,875 2733,867 2767,867 2767,867 2767,868 2770,871 2774,871 2775,872 2775,904 2776,905 2892,904 2893,905 2894,905 2894,906 2894,907 2896,908 2897,908 2898,910 2898,919 2899,919 2923,919 2924,921 2924,923 2925,923 2968,923 2969,925 2969,926 2971,927 2976,927 2976,928 2976,929 2978,930 2979,931 2980,931 2980,932 2980,934 2982,935 2983,935 2983,936 2984,941 2985,942 2986,942 2988,944 2988,993 2991,996 2991,1000 2993,1002 2994,1002 2995,1003 2995,1012 2994,1012 2993,1012 2992,1013 2846,1013 2846,1014 2846,1015 2844,1016 2835,1016 2835,1016 2835,1015 2833,1013 2829,1013 2828,1012 2437,1013 2436,1012 2205,1013 2205,1013 2205,1063 2203,1065 2202,1065 2201,1066 2201,1066 2201,1067 2200,1068 2199,1068 2198,1069 2162,1069 2157,1063 2157,1009 2156,1009 1934,1009 1933,1011 1933,1012 1932,1012 1931,1012 1930,1013 1920,1013 1919,1012 1918,1012 1918,1012 1918,1011 1916,1009 1721,1010 1718,1013 1635,1013 1635,1014 1635,1015 1633,1016 1621,1016 1620,1015 1210,1016 1210,1017 1210,1019 1208,1020 1207,1020 1206,1022 1206,1027 1205,1027 1204,1027 1203,1029 1203,1033 1202,1034 1202,1035 1201,1035 1200,1035 1199,1037 1199,1038 1198,1038 1197,1038 1195,1041 1195,1042 1194,1042 1189,1042 1188,1044 1188,1045 1186,1046 1181,1046 1180,1045 1180,1021 1179,1020 1043,1020 1042,1019 722,1020 722,1021 722,1075 720,1076 715,1076 715,1077 715,1078 712,1080 678,1080 677,1079 677,1021 676,1020 413,1021 410,1024 384,1024 383,1022 383,1021 381,1020 283,1020 282,1019 282,1014 281,1013 280,1013 278,1011 278,1003 276,1001 275,1001 275,1001 275,977 274,976 273,976 272,975 268,975 267,974 267,969 266,968 265,968 264,967 264,963 261,960 260,960 260,960 260,954 259,953 66,954 66,954 66,962 64,964 1,964 1,964 1,1097 0,1098"/><TextEquiv index="1"><Unicode>vois parlé; la douce perſuaſion</Unicode></TextEquiv></TextLine><TextLine id="r0_l003"><Coords points="-13,1349 -14,1348 -14,1097 -14,1097 -2,1097 -1,1098 0,1098 1,1098 1,1112 1,1113 2238,1108 2239,1107 2239,1106 2239,1106 2240,1106 2242,1104 2242,1103 2243,1102 2244,1102 2246,1100 2246,1099 2247,1098 2255,1098 2257,1099 2257,1100 2258,1102 2259,1102 2261,1103 2261,1104 2262,1105 2262,1106 2263,1106 2265,1107 2265,1108 2265,1109 2303,1109 2304,1110 2497,1109 2499,1111 2499,1112 2500,1113 2509,1113 2510,1114 2510,1115 2511,1116 2511,1121 2511,1121 2677,1121 2678,1121 2678,1122 2679,1123 2680,1125 2681,1125 2682,1125 2682,1161 2682,1162 2879,1161 2880,1162 2882,1162 2883,1163 2883,1165 2883,1165 2974,1165 2976,1167 2976,1168 2978,1169 2987,1169 2987,1170 2987,1171 2990,1173 2991,1173 2991,1174 2991,1175 2997,1180 3005,1180 3006,1182 3006,1190 3009,1192 3010,1192 3010,1193 3010,1243 3010,1243 3009,1243 3006,1246 3006,1247 3006,1247 3005,1247 3003,1249 3003,1253 3001,1255 3000,1255 2999,1256 2999,1261 2998,1262 2993,1262 2992,1263 2992,1264 2990,1266 2982,1266 2980,1268 2980,1280 2979,1281 2978,1281 2977,1282 2977,1283 2975,1285 2246,1287 2233,1300 2227,1300 2226,1299 2225,1299 2224,1298 2224,1288 2224,1288 2098,1288 2097,1288 2097,1269 2097,1268 1,1273 1,1273 1,1348 1,1349"/><TextEquiv index="1"><Unicode>couloit de tes levres; j'allois te</Unicode></TextEquiv></TextLine><TextLine id="r0_l004"><Coords points="1285,1575 1285,1574 1285,1573 1283,1572 1282,1572 1281,1570 1281,1568 1280,1568 -13,1571 -13,1570 -14,1349 -13,1349 1,1349 1,1349 1,1371 1,1372 1494,1368 1495,1367 1496,1367 1497,1366 2093,1365 2093,1365 2093,1358 2097,1354 2097,1350 2099,1348 2118,1348 2123,1354 2123,1355 2124,1355 2162,1355 2163,1356 2164,1356 2164,1356 2164,1357 2166,1359 2264,1359 2265,1360 2476,1359 2477,1361 2477,1362 2479,1363 2480,1363 2481,1365 2481,1366 2483,1367 2484,1367 2484,1368 2484,1369 2485,1370 2486,1411 2486,1411 2810,1411 2811,1412 2822,1411 2823,1412 2823,1413 2832,1422 2933,1422 2935,1424 2935,1425 2936,1426 2937,1426 2939,1428 2939,1429 2940,1430 2941,1430 2943,1432 2943,1448 2943,1448 3007,1448 3008,1449 3009,1449 3010,1450 3010,1474 3009,1474 3008,1474 3007,1475 2965,1475 2965,1476 2965,1511 2963,1512 2962,1512 2962,1513 2962,1514 2959,1516 2116,1518 2116,1519 2116,1521 2115,1522 2115,1523 2114,1523 2113,1523 2112,1525 2112,1529 2104,1537 2104,1541 2102,1542 2101,1542 2101,1543 2101,1548 2099,1549 1322,1551 1322,1551 1322,1570 1321,1571 1320,1571 1318,1573 1318,1574 1317,1575"/><TextEquiv index="1"><Unicode>confier mes peines &amp; j'étois con-</Unicode></TextEquiv></TextLine><TextLine id="r0_l005"><Coords points="-12,1843 -13,1842 -13,1571 -13,1571 0,1571 1,1572 71,1571 72,1572 73,1572 74,1573 74,1574 72,1575 71,1575 70,1577 70,1578 68,1579 1,1580 1,1580 1,1614 1,1615 564,1613 566,1615 566,1616 566,1616 567,1616 569,1618 569,1619 570,1620 1760,1618 1761,1617 1761,1615 1762,1614 1762,1613 1762,1613 1763,1613 1764,1612 1775,1612 1777,1610 1777,1609 1777,1609 2610,1607 2612,1605 2635,1605 2637,1606 2637,1608 2637,1609 2684,1609 2686,1610 2686,1611 2686,1612 2687,1612 2689,1613 2689,1614 2690,1615 2690,1656 2691,1657 2800,1657 2801,1658 2964,1657 2966,1660 2966,1661 2967,1661 2976,1661 2976,1662 2976,1663 2979,1665 2987,1665 2988,1667 2988,1668 2989,1668 2990,1668 2991,1670 2991,1671 2993,1672 2998,1672 2999,1674 2999,1675 3001,1676 3002,1676 3002,1677 3002,1678 3003,1679 3003,1687 3004,1687 3005,1687 3006,1689 3006,1735 3006,1735 3005,1735 3004,1736 3000,1736 2999,1737 2999,1742 2998,1743 2997,1743 2995,1745 2995,1746 2994,1747 2989,1747 2988,1748 2988,1749 2987,1750 2975,1750 2973,1752 2973,1753 2972,1754 2802,1755 2801,1755 2801,1779 2801,1780 2800,1780 2798,1781 2798,1788 2797,1789 2797,1790 2797,1791 2793,1791 2792,1792 2791,1792 2790,1792 2790,1793 2789,1795 2788,1795 2787,1795 2787,1796 2785,1799 2781,1799 2777,1803 2737,1803 2733,1799 2725,1799 2723,1797 2723,1796 2722,1795 2721,1795 2719,1793 2719,1788 2719,1788 2718,1788 2715,1785 2715,1781 2714,1780 2713,1780 2712,1779 2712,1757 2712,1757 1699,1759 1698,1759 1698,1760 1697,1762 1341,1763 1340,1763 1340,1764 1340,1765 951,1766 948,1769 929,1769 927,1767 927,1766 926,1765 1,1767 1,1767 1,1788 1,1805 1,1806 68,1805 70,1808 70,1813 69,1814 1,1815 1,1815 1,1842 1,1843"/><TextEquiv index="1"><Unicode>ſolée. O mere adorée &amp; digne</Unicode></TextEquiv></TextLine><TextLine id="r0_l006"><Coords points="-12,1843 3014,1837 3014,2079 -12,2085"/><TextEquiv index="1"><Unicode>de l'être! ſi j'ai joui de quelque</Unicode></TextEquiv></TextLine><TextLine id="r0_l007"><Coords points="-12,2085 3006,2079 3007,2319 -11,2325"/><TextEquiv index="1"><Unicode>plaiſir, c'eſt à toi que je l'ai dû!</Unicode></TextEquiv></TextLine><TextLine id="r0_l008"><Coords points="0,2566 -10,2566 -11,2565 -11,2325 -11,2325 0,2325 1,2325 1,2344 1,2345 914,2343 916,2344 916,2345 916,2346 923,2346 924,2347 925,2347 926,2348 2719,2344 2720,2343 2725,2343 2726,2342 2726,2341 2728,2339 2740,2339 2741,2339 2741,2340 2742,2341 2742,2391 2742,2392 3015,2391 3017,2393 3017,2394 3018,2395 3018,2398 3017,2399 3017,2409 3015,2410 3014,2410 3014,2411 3014,2472 3012,2473 3011,2473 3010,2475 3010,2480 3008,2481 3003,2481 3002,2483 3002,2484 3000,2485 2992,2485 2991,2487 2991,2488 2990,2488 2477,2489 2477,2490 2477,2491 2475,2492 2105,2493 2105,2494 2105,2553 2104,2554 2104,2555 2104,2555 2065,2555 2063,2554 2063,2500 2062,2499 1,2504 1,2504 1,2566 1,2567"/><TextEquiv index="1"><Unicode>Combien de fois tu portas dans</Unicode></TextEquiv></TextLine><TextLine id="r0_l009"><Coords points="1499,2798 1498,2797 1497,2797 1497,2797 1496,2742 1496,2741 1,2745 1,2745 1,2772 0,2773 1,2784 0,2785 -10,2785 -10,2784 -11,2566 -10,2566 0,2566 1,2567 1,2587 1,2588 2646,2582 2647,2581 2658,2581 2660,2583 2660,2636 2661,2637 2796,2637 2798,2639 2798,2640 2799,2641 2804,2641 2805,2642 2912,2641 2913,2643 2913,2644 2915,2645 2916,2645 2916,2646 2917,2647 2917,2648 2918,2648 2919,2648 2920,2650 2920,2651 2921,2652 2921,2655 2924,2658 2924,2678 2925,2678 3020,2678 3021,2680 3021,2696 3020,2697 2940,2697 2939,2698 2939,2733 2938,2734 2362,2735 2361,2736 2361,2737 2361,2737 1837,2739 1836,2739 1836,2740 1835,2742 1531,2742 1530,2743 1531,2796 1528,2798"/><TextEquiv index="1"><Unicode>mon ame l'eſpérance du bon-</Unicode></TextEquiv></TextLine><TextLine id="r0_l010"><Coords points="-9,3058 -10,3057 -10,2785 -10,2785 0,2785 1,2785 1,2831 1,2832 295,2831 296,2832 2557,2827 2558,2828 2914,2827 2918,2831 2919,2831 2920,2832 2920,2844 2921,2845 2921,2879 2921,2879 2992,2879 2993,2880 2994,2880 2995,2881 2995,2882 2996,2883 3008,2883 3010,2885 3010,2886 3011,2887 3016,2887 3017,2888 3017,2890 3018,2891 3018,2958 3018,2958 3027,2958 3029,2960 3029,2975 3027,2976 3026,2976 3025,2978 3025,2979 3023,2980 3011,2980 3010,2982 3010,2983 3008,2984 1816,2987 1815,2988 1173,2989 1173,2990 1173,3039 1172,3040 1163,3040 1162,3041 1162,3042 1161,3043 1160,3043 1159,3044 1148,3044 1147,3045 1147,3046 1146,3047 1,3050 1,3050 1,3057 1,3058"/><TextEquiv index="1"><Unicode>heur! Ta préſence me rendoit la</Unicode></TextEquiv></TextLine><TextLine id="r0_l011"><Coords points="-9,3058 3030,3052 3030,3309 -9,3315"/><TextEquiv index="1"><Unicode>joie; ton regard m'avertiſſoit de</Unicode></TextEquiv></TextLine><TextLine id="r0_l012"><Coords points="-9,3315 3055,3308 3056,3539 -8,3546"/><TextEquiv index="1"><Unicode>mes devoirs. Je me rappelle en-</Unicode></TextEquiv></TextLine><TextLine id="r0_l013"><Coords points="-8,3546 3047,3540 3047,3782 -8,3788"/><TextEquiv index="1"><Unicode>core les douces idées de mon</Unicode></TextEquiv></TextLine><TextLine id="r0_l014"><Coords points="-8,3788 3073,3781 3074,4024 -7,4031"/><TextEquiv index="1"><Unicode>enfance &amp; des beaux jours que</Unicode></TextEquiv></TextLine><TextLine id="r0_l015"><Coords points="-7,4289 -7,4288 -8,4031 -7,4031 1,4031 1,4031 1,4035 1,4036 289,4035 290,4037 290,4042 291,4042 292,4042 293,4044 293,4047 294,4047 2109,4043 2110,4042 2130,4042 2131,4043 2435,4042 2436,4044 2436,4045 2438,4046 2700,4046 2701,4047 2701,4048 2702,4049 2717,4049 2718,4050 2719,4050 2719,4050 2719,4051 2721,4053 2823,4052 2824,4053 2841,4053 2842,4055 2842,4056 2843,4057 2844,4057 2845,4057 2846,4059 2846,4105 2847,4105 3016,4105 3017,4107 3017,4108 3019,4109 3024,4109 3025,4111 3025,4112 3027,4113 3028,4113 3028,4114 3028,4115 3031,4117 3032,4117 3032,4118 3032,4119 3034,4121 3035,4121 3036,4121 3036,4122 3036,4138 3035,4139 3036,4187 3035,4187 3034,4187 3026,4195 3018,4195 3017,4197 3017,4198 3015,4199 3010,4199 3010,4200 3010,4201 3008,4202 2201,4204 2201,4204 2201,4238 2199,4240 2198,4240 2198,4240 2198,4241 2196,4243 547,4246 547,4247 547,4253 544,4255 524,4256 524,4256 524,4257 523,4258 1,4259 1,4259 1,4288 0,4289"/><TextEquiv index="1"><Unicode>je paſſois avec toi. Quels ſoins</Unicode></TextEquiv></TextLine><TextLine id="r0_l016"><Coords points="-6,4523 -7,4522 -7,4289 -7,4289 1288,4286 1290,4284 1302,4284 1303,4283 1303,4282 1303,4282 1304,4281 1305,4281 1306,4280 1318,4280 1319,4281 1320,4281 1322,4282 1322,4285 1322,4286 1938,4284 1941,4287 1941,4288 1941,4288 1946,4288 1948,4290 3012,4288 3013,4289 3013,4290 3015,4292 3016,4292 3017,4293 3017,4294 3019,4296 3020,4296 3021,4297 3021,4298 3022,4299 3023,4299 3025,4301 3025,4426 3026,4426 3039,4426 3040,4428 3040,4429 3042,4430 3043,4430 3043,4431 3043,4432 3044,4433 3044,4435 3043,4436 3043,4437 3043,4437 2990,4437 2987,4440 2987,4441 2987,4441 2948,4441 2947,4442 2947,4443 2945,4445 2776,4446 2775,4446 2775,4491 2774,4493 2728,4493 2727,4492 2727,4485 2726,4484 2726,4437 2726,4437 566,4441 565,4442 565,4497 565,4497 560,4497 556,4501 537,4501 536,4502 536,4503 535,4504 1,4506 1,4506 1,4521 1,4522 -1,4522 -2,4523"/><TextEquiv index="1"><Unicode>tu prenois de me former! quel</Unicode></TextEquiv></TextLine><TextLine id="r0_l017"><Coords points="-6,4769 -6,4768 -7,4523 -6,4523 -2,4523 -1,4522 1,4522 1,4522 1,4532 1,4533 1384,4530 1385,4531 1775,4530 1778,4533 2830,4530 2831,4532 2831,4533 2833,4534 2838,4534 2838,4535 2838,4536 2839,4537 2839,4586 2840,4586 2916,4586 2917,4588 2917,4589 2919,4590 2920,4590 2920,4591 2920,4592 2923,4594 2927,4594 2928,4596 2928,4597 2929,4597 2934,4597 2935,4599 2935,4601 2936,4601 2937,4601 2938,4603 2939,4604 2940,4605 2941,4605 2943,4607 2943,4608 2943,4608 2944,4608 2947,4611 2947,4631 2947,4631 3034,4631 3036,4633 3036,4652 3034,4653 3003,4653 3003,4654 3003,4704 3000,4706 2999,4706 2999,4707 2999,4708 2997,4709 1448,4712 1448,4713 1448,4738 1447,4738 1446,4738 1442,4743 1,4746 1,4746 1,4768 0,4769"/><TextEquiv index="1"><Unicode>charme tu répandois ſur tes le-</Unicode></TextEquiv></TextLine><TextLine id="r0_l018"><Coords points="-6,4769 3044,4763 3045,5010 -5,5016"/><TextEquiv index="1"><Unicode>çons! avec quelle force ta moin-</Unicode></TextEquiv></TextLine><TextLine id="r0_l019"><Coords points="-5,5016 3044,5010 3044,5258 -5,5264"/><TextEquiv index="1"><Unicode>dre parole s'imprimoit dans mon</Unicode></TextEquiv></TextLine><TextLine id="r0_l020"><Coords points="-5,5264 3040,5258 3041,5507 -4,5513"/><TextEquiv index="1"><Unicode>cœur!.... Ah! j'étois trop heu-</Unicode></TextEquiv></TextLine><TextLine id="r0_l021"><Coords points="-4,5513 3103,5506 3104,5775 -3,5782"/><TextEquiv index="1"><Unicode>reuſe, &amp; tant de félicité n'appar-</Unicode></TextEquiv></TextLine></TextRegion></Page></PcGts>