4266 7825
1227 1068 4278 1334 il en ſent la néceſſité: d'ailleurs,
1242 1328 4278 1549 quelle eſpérance déſormais de
1239 1543 4278 1792 nous unir? il n'y faut plus penſer!
1232 1817 4277 2049 Ah malheur! malheur à moi,
1235 2043 4277 2262 d'avoir nourri cette illuſion!
1235 2279 4276 2545 Comment pouvois-je croire à la
1231 2539 4275 2759 félicité? c'eſt un vain nom; elle
1231 2759 4275 3021 n'exiſte que dans le cercueil! O
1227 3020 4274 3253 tendre & généreuſe mere! élevée
1224 3241 4273 3490 maintenant au-deſſus de nos triſ-
1220 3489 4273 3762 tes joies & de nos peines cruel-
1213 3762 4272 4018 les, ſi tu daignes jetter les yeux
1216 3994 4272 4231 ſur les miſeres de l'humanité, ſi
1220 4225 4272 4502 tu conſerves pour ta fille quel-
1217 4496 4271 4741 que étincelle de cet amour qui
1213 4734 4271 4984 brûloit dans ton ſein! veille ſur
1214 4978 4270 5232 elle du haut des cieux! ſois en-
1202 5225 4270 5467 core ſon guide & ſon appui! ô
1194 5467 4269 5729 ma mere! ne permets pas qu'elle
1183 5728 4268 5964 s'écarte des loix de l'auſtere hon-
