4266 7764
2250 711 2770 904 roo
1147 974 3881 1195 impoſés à la vertu, & maintenant
1143 1205 3876 1452 je viens te demander ma récom-
1125 1444 3880 1658 penſe: je viens t'offrir, avec les
1132 1694 3859 1898 foibleſſes attachées à l'humanité,
1121 1938 3859 2157 quelques bonnes œuvres qui les
1114 2177 3869 2413 réparent. J'étois homme, ſujet à
1110 2429 3851 2655 l'erreur, en bute aux paſſions;
1102 2659 3862 2888 mais j'ai fait le bien quand je l'ai
1102 2909 3862 3138 pu, & je m'aſſure en ta bonté.
1099 3156 3848 3380 Séchez vos pleurs, ma chere
1091 3401 3850 3627 Théreſe! cette tendre mere offre
1095 3626 3844 3854 pour vous ſes vœux à l'Eternel;
1099 3872 3848 4096 ſes regards ſont encore attachés
1084 4105 3848 4325 ſur ſon enfant; elle ne ſouffrira
1058 4344 3836 4598 pas que le malheur vous accable:
1113 4589 3840 4820 c'eſt maintenant qu'elle va puiſer
1111 4834 3840 5028 à la ſource immortelle de toute
1110 5083 3840 5267 vertu les ſecours dont vous avez
1066 5320 3840 5542 beſoin. Pourquoi gémir? pour-
1117 5543 3836 5800 quoi pleurer? O ma chere fille!
