4266 7793
1469 777 2080 960 o)
21 1039 3112 1256 nos regrets feront-ils qu'un être
373 1284 3115 1505 éphémere prolonge ſa durée au-
373 1527 3142 1737 delà d'un jour? Eh qu'eſt-ce que
362 1771 3159 1987 le monde? un lieu de paſſage où
361 2001 3157 2229 les voyageurs ſe ſuccedent avec
365 2255 3155 2470 une vîteſſe effrayante. C'eſt un
369 2501 3138 2711 amas de débris qui s'accumulent
369 2746 3152 2961 depuis la naiſſance des âges. Il
374 2991 3142 3201 faut que tous les nœuds ſe rom-
362 3225 3157 3444 pent, que toutes les amitiés ſe
366 3459 3160 3669 détruiſent; il faut s'arracher à
362 3707 3149 3926 toutes ſes affections pour aller
359 3947 3149 4159 s'engloutir dans cet abîme in-
51 4194 3146 4362 connu d'où rien ne ſort! Mais
363 4445 3138 4651 votre mere ne vous a point laiſſée
361 4672 3142 4895 pour jamais: vous la reverrez
59 4916 3133 5128 un jour; elle vous a devancée;
361 5162 3127 5381 elle vous attend; encore quel-
362 5412 3133 5646 ques années, & vous ne vous quit-
365 5657 3127 5869 terez plus. N'avez - vous jamais
2330 5909 2604 6099 E
