4266 7900
1421 690 2126 901 o
11 972 3132 1195 larmes, que la douleur abſorbe
351 1232 3136 1421 en vous tous les autres ſentimens,
335 1462 3143 1692 que vous avez ſormé le proiet de
347 1715 3136 1888 ſuivre au tombeau ma bienfai-
343 1971 3136 2133 trice! Ah! Théreſe! ne voulez-
317 2212 3147 2449 vous pas que nous la pleurions
336 2449 3151 2620 enſemble? refuſez-vous de m'aſ-
343 2710 3147 2906 ſocier à vos douleurs, ou ſi vous
347 2951 3158 3166 ſongez à mourir, ne me jugez-
343 3211 3174 3434 vous pas digne de vous ſuivre?
313 3445 3211 3656 Si les tendres ſupplications de
338 3685 3162 3920 l'amour peuvent pénétrer juſqu'à
308 3919 3580 4156 votre cœur, je vous conjure
339 4187 3151 4357 de les écouter! Nos malheurs
10 4424 3173 4681 ſont communs; il faut nous aider
10 4658 3154 4899 à les ſupporter. Que l'image de
339 4922 3151 5134 cette vertueuſe mere ſoit toujours
14 5155 3278 5406 préſente à nos regards pour nous
327 5400 3508 5630 animer! Reſpectons ſa volonté
335 5638 3166 5884 derniere; vous ſavez qu'elle fut
2408 5917 3046 6147 LE
