4266 7900
2005 690 2838 890 O
1116 922 3927 1169 de nous unir. Que ne vit - elle
1116 1213 4169 1425 encore, cette femme adorée qui
1127 1466 3935 1678 ne reſpiroit que pour faire le
976 1711 3942 1930 bien! Je n'aurois pas à redouter
1131 1952 3943 2160 les maux de l'avenir; les jours
1085 2205 4063 2367 de ma félicité s'écouleroient en-
1131 2454 3935 2669 core ſous ſes yeux: beaux jours
814 2687 3943 2910 dont je n'ai pas aſſez connu le
1138 2944 3935 3162 prix! doux & rapides momens qui
1138 3177 3935 3407 ne reviendront plus! bientôt la
1131 3441 3943 3656 voix paternelle va ſe faire enten-
1134 3679 3931 3918 dre; vous aurez à combattre une
720 3918 3939 4131 autorité qu'il eſt difficile de vain-
1130 4165 3950 4380 cre; vous êtes ſenſible & géné-
1127 4414 3961 4632 reuſe; les prieres d'un pere, ſes
1127 4666 4180 4893 larmes, ſes inſtances vous force-
1131 4893 3958 5107 ront de céder, & je tomberai du
1176 5156 3954 5396 comble de mes eſpérances dans
1130 5395 3957 5643 un abîme de miſere. O dieu!
1134 5642 3964 5883 me faudra-t-il renoncer à votre
