4266 7816
1113 904 4266 1141 vent; ils tiennent à la terte par
1117 1152 3877 1361 de fortes racines; leurs ames d'ai-
1113 1396 4268 1634 rain ne ſont altérées ni par les
1113 1648 4268 1889 peines d'autrui qu'elles ignorent,
1113 1889 4268 2115 ni par leurs propres maux qui les
1121 2124 4269 2365 éprouvent impaſſibles. Auſſi les
1117 2358 4270 2611 années roulent ſur leurs têtes, &
1014 2605 4270 2850 le ſoleil les voit fournir en paix
1105 2853 4271 3089 la révolution d'un ſiecle. Mais
1098 3092 4271 3338 l'homme ſenſible eſt l'eſclave des
1113 3348 4271 3577 élémens, des climats, des ſaiſons,
1108 3574 4272 3803 de la nature entiere; tout l'affecte
1098 3808 4273 4050 & l'ébranle; les larmes de l'étran-
1091 4043 4273 4297 ger font couler les ſiennes; dans
1079 4296 4273 4535 ſa paſſion mélancolique, il va
1087 4532 4274 4778 partageant toutes les douleurs;
1083 4779 4275 5026 il s'épuiſe de bonne heure &
1090 5038 4216 5236 tombe au milieu de ſa courſe.
1094 5272 4271 5520 Depuis que je ne vous vois plus,
1087 5518 4277 5759 je ne ſais ce que je deviens: je
