4266 7741
2294 700 2955 942 i.
1177 1034 3930 1239 douce eſpérance! amour! union
1187 1272 3941 1444 des cœurs! adieu tout! il faut
1188 1510 3944 1723 pleurer, mon bon ami, ſur nos
1188 1756 3948 1965 plaiſirs perdus & ſur les maux qui
1188 1998 3948 2148 nous menacent. Si nous avions
1199 2218 3959 2386 du moins la conſolation de nous
1198 2474 4182 2703 écrire, ſi mes lettres vous par-
1202 2703 3973 2910 venoient tous les jours, s'il m'é-
1188 2947 3970 3156 toit poſſible de vous envoyer des
1184 3182 3970 3402 preuves de ma tendreſſe & de
1195 3413 3977 3614 mon ſouvenir, votre éloigne-
1195 3651 3974 3853 ment me ſeroit moins pénible.
1199 3889 3981 4047 Mais attendre du haſard un
850 4131 3970 4333 moyen ſûr de nous entretenir,
1195 4369 4216 4571 n'oſer même prononcer votre
1202 4604 3948 4791 nom, c'eſt un tourment affreux;
1206 4835 3977 5037 je ne le ſoutiendrai jamais. O
1213 5080 3974 5293 mon ami! unique objet de mes
1217 5333 3981 5539 affections! ſe peut-il que notre
1224 5572 3988 5770 félicité ſe ſoit évanouie, que nos
