4266 7610
1395 751 1960 930 I.
290 994 2979 1209 beaux jours ſoient paſſés ſans re-
300 1237 2965 1442 tour! Il ne nous reſte donc plus
286 1470 2968 1667 que des regrets déchirans! quel
290 1702 3240 1867 état! combien vous devez ſouffrir!
272 1928 2951 2146 je ſens vos peines; je ne ſens
286 2164 2986 2375 qu'elles; les miennes ne ſont rien.
189 2392 2947 2597 Que tous les maux m'accablent;
147 2646 2951 2843 mais que vous ſoyez heureux:
279 2875 2947 3072 voilà le vœu de votre amante!
275 3111 2965 3265 O mon cher Faldoni! ne m'ou-
279 3330 3180 3544 blierez-vous pas? m'aimerez-vous
275 3565 2961 3773 toujours? Au milieu de mes ſup-
282 3791 2961 4006 plices, l'aſſurance de votre amour
283 4023 2969 4235 peut me conſoler. Je parois tran-
282 4252 2961 4482 quille; j'affecte un calme, hélas!
157 4482 2961 4689 bien éloigné de mon cœur! je
275 4728 2954 4928 ne m'afflige qu'en ſecret & dans
275 4964 2951 5136 les bras de ma couſine; elle ſe
282 5193 3126 5390 flatte d'eſſuyer mes larmes, d'en
275 5429 2961 5622 tarir la ſource: je lui laiſſe cet
