4266 7793
1351 910 4193 1095 duira.... Mais, mon cher Faldoni!
1358 1140 4122 1354 je vivrai pour t'aimer; ſouviens-
1362 1391 4130 1577 toi de tes ſermens, & ſois ſûr de
1369 1628 4123 1854 mon amour: l'univers réuni ne
1369 1858 4119 2084 m'y feroit pas renoncer. Je me
1317 2117 4123 2324 ſens un eſprit de réſiſtance ſupé-
1365 2364 4208 2590 rieur à tous les obſtacles. Homme
1369 2590 4108 2787 adoré! ton cœur eſt dans le mien:
1365 2853 4119 3031 voilà ma force! vas! nous ſerons
1373 3090 4122 3294 encore heureux. Je déſeſpérois
1369 3323 4215 3564 de te revoir jamais, & maintenant
1369 3567 4219 3775 je ſuis tranquille autant que je
1291 3804 4222 4030 puis l'être. L'hiver va bientôt
1365 4048 4215 4252 nous rapprocher; nous aurons
1373 4281 4115 4474 mille occaſions d'être enſemble;
1369 4566 4123 4740 nous pourrons nous rencontrer
1380 4773 4230 4999 par-tout; en ménageant ces inſ-
1332 5018 4230 5244 tans, il nous ſera facile de les
1329 5258 4230 5477 multiplier. Ne nous écrivons plus,
1269 5499 4119 5710 à moins qu'il ne s'offre une voie
