4266 7598
210 970 3007 1124 ſûre de nous faire tenir nos let-
332 1206 3136 1406 tres. Si notre correſpondance étoit
310 1427 3011 1620 découverte, j'en mourrois de dou-
325 1666 3011 1862 leur. Je crois auſſi qu'il eſt dan-
341 1893 3010 2097 ereux de prolonger votre ſéjour
325 2133 3015 2283 chez ma nourrice: mon frere dans
321 2362 3018 2565 ſes courſes de chaſſe peut aller
335 2586 3022 2793 de ce côté; nos gens peuvent
332 2811 3025 3018 parler; vous n'avez aucune rai-
321 3057 3018 3261 ſon à donner pour choiſir une
321 3296 3029 3493 pareille habitation dans notre voi-
321 3514 3029 3725 ſinage; elle ſeroit ſuſpecte &
317 3756 2105 3956 pourroit nous nuire.
313 3973 3024 4210 Le Chevalier vient d'arriver
327 4201 3028 4438 avec mon pere: le premier m'a
313 4438 3031 4674 ſerrée dans ſes bras avec tant
313 4673 3017 4906 d'amitié, que j'ai été obligée de
342 4907 3150 5109 détourner la tête, afin qu'il ne
328 5151 3029 5355 s'apperçût pas de mon attendriſſe-
332 5380 3025 5580 ment. Pourquoi ce qui m'eût au-
