4266 7773
1497 911 2069 1097 iai
382 1146 3150 1398 me laiſſer voir vos craintes ſur
361 1406 3205 1652 ma tendreſſe? Eſt-il une force au
361 1640 3157 1880 monde qui puiſſe me faire chan-
404 1885 3426 2136 ger? O mon cher Faldoni! eſt-ce
408 2124 3161 2363 quand on vous aime qu'on peut
36 2377 3153 2602 renoncer à vous? qu'ils ne s'en
331 2596 3149 2846 flattent pas! Le ciel & la terre
408 2861 3172 3102 ſe ſont unis pour ſerrer nos nœuds;
412 3090 3153 3340 cette généreuſe mere qui vous
47 3332 3159 3569 nommoit ſon fils, a fixé mon
405 3565 3159 3803 deſtin; il eſt de vous aimer juſ-
371 3799 3153 4042 qu'à mon dernier ſoupir. O ma
57 4056 3146 4289 mere! tu les avois prévus ces
65 4302 3135 4529 orages qui nous environnent:
400 4538 3164 4777 mais ta bonté ſe promettoit de
400 4765 3149 5003 les diſſiper. Tu avois juré dans
397 5023 3149 5255 ton ſein maternel de changer les
331 5261 3143 5516 réſolutions d'un pere. Eh! que
397 5512 3153 5749 ne pouvoit la douceur de tes pa-
398 5741 3150 5969 roles, tes larmes ſéduiſantes, tes
634 5993 1419 6169 Tome II.
