4266 7764
1111 1203 4245 1413 aimables careſſes? mon amant,
1114 1434 4245 1655 mon époux, celui que ton cœur
1114 1677 3862 1894 adopta étoit digne de ton choix;
1111 1916 3859 2141 c'eſt pour lui que je t'implore;
1107 2163 4237 2376 nous irons jurer ſur ta tombe
1107 2402 4230 2634 d'accomplir tes volontés & de
1107 2645 4227 2858 garder à jamais nos nœuds que
1107 2891 4226 3082 tu formas. Concevez-vous, mon
1103 3141 3866 3340 ami, combien ces ſouvenirs re-
879 3369 4215 3601 doublent mon courage? Ah! que
1092 3619 4212 3822 l'avarice & l'orgueil ſe déchaî-
1103 3847 4211 4078 nent contre nous: je ſuis prête
1104 4078 4204 4318 à tout ſouffrir, tout juſqu'à la
1107 4325 4204 4557 mort, plutôt que de renoncer à
1110 4564 4203 4818 ma foi: voilà mon ſerment; je
1113 4799 4200 5058 le fais devant Dieu, ou plutôt,
1113 5049 4196 5277 je le répete, & vous pouvez y
1118 5344 2240 5539 compter.
