4266 7900
1518 618 2085 808 Li.
25 895 3184 1130 pour aller retrouver ma tante,
-14 1112 3192 1360 & en arrivant auprès d'elle, mes
-14 1359 3214 1617 larmes commencerent à couler.
-13 1616 3188 1845 O Madame! lui dis-je, c'en eſt
-13 1843 3195 2137 fait, j'ai perdu ſans retour l'amitié
-12 2117 3195 2370 de mon pere. Je lui racontai ce
-11 2378 3196 2597 que j'avois vu; elle m'embraſſa,
-10 2610 3196 2867 me conſola, m'offrit de m'em-
-10 2860 3321 3126 mener avec elle à Paris, pour
-10 3124 3199 3365 me diſtraire de mes chagrins: je
-9 3332 3199 3610 baiſai la main de cette généreuſe
-9 3603 3203 3865 tante, & je lui exprimai tout le
-8 3861 3203 4112 deſir que j'avois de la ſuivre;
-8 4111 3580 4366 mais j'ajoutai qu'il étoit bien à
-7 4362 3365 4601 craindre que mon pere ne s'y
-7 4599 3199 4851 reſuſât. Elle doit le lui propoſer:
-6 4849 3203 5087 mais quel ſuccès puis-je attendre?
-6 5073 3497 5340 le paſſé ne m'a que trop appris à
-5 5339 3335 5618 redouter l'avenir! Inſenſée! eſt-
-4 5595 3342 5857 ce à moi d'eſpérer le bonheur? ..
2487 5875 2808 6080 F
