4266 7900
2185 620 2733 848 S
1793 1017 3592 1258 à a heures du matin.
1152 1369 3856 1610 Je ſuis libre, & je reprends ma
1062 1637 3844 1861 plus chere occupation. O Fal-
1054 1878 3844 2108 doni! quelle deſtinée eſt la nôtre!
1052 2128 4269 2353 Je ne ceſſe d'y rêver. C'eſt dans
1043 2367 4266 2624 le ſilence & l'obſcurité que nos
1044 2617 4264 2859 maux ſe repréſentent ſous une
689 2880 3841 3122 forme plus horrible. Je me flat-
1044 3114 4271 3347 tois d'obtenir quelque repos: la
1039 3372 3845 3604 nuit pouvoit - elle me calmer?
757 3616 3837 3852 Suis-je moins éloignée de vous?
603 3862 4272 4107 Le motif de mon affliction n'eſt-
1032 4100 3855 4337 il pas toujours le même? Hélas!
1020 4349 4267 4594 en vous voyant ſortir hier, je
1024 4590 4274 4831 diſois; c'eſt la derniere fois que
888 4844 4275 5082 cette porte s'ouvre pour lui. Mes
994 5091 4273 5333 yeux vous ſuivoient. Quelle ſo-
1043 5329 4270 5535 litude m'environne! comme tout
1051 5587 4277 5823 eſt ſombre autour de moi! que
