4266 7856
309 889 3114 1152 ciel impitoyable! & je n'ai pas
306 1139 3099 1390 le courage de me délivrer d'une
40 1377 3104 1558 vie odieuſe! Ah! ſans la crainte
145 1633 3100 1873 de vous donner la mort, vous
51 1871 3211 2078 auriez déjà reçu mes derniers
306 2122 3103 2330 adieux. Homme infortuné! liſez,
306 2369 3107 2586 & connoiſſez toute l'étendue de
328 2602 3141 2856 nos maux! M. de Saint - Cyran
332 2844 3123 3080 avoit paru aſſez gai pendant le
343 3097 3130 3333 dîner; ſon front étoit moins ſour-
332 3326 3133 3568 cilleux; il m'adreſſoit quelques
272 3567 3129 3802 paroles, & mon foible cœur s'ou-
306 3812 3340 4299 pule e no, ua eer en
18 4307 3331 4782 us ſe le rrre v ai e aii
29 4781 3148 5027 l'inſtant critique, & je ſuis reſtée
347 5021 3145 5269 dans le ſallon avec Lolotte. Une
324 5278 3231 5515 heure après, on eſt rentré; mon
14 5503 3160 5834 pere avoit les yeux rouges &
