4266 7900
1167 883 3980 1129 étincelans; Madame d'Armiane
1160 1116 3965 1350 baiſſoit les ſiens avec un air grave
1156 1373 3969 1589 & auſtere: Conſtance s'eſt miſe
731 1607 3963 1873 dans un coin pour pleurer. Je
1148 1873 3961 2110 me ſuis levée, ne ſachant quelle
1018 2108 3950 2351 contenance me donner: je reſtois
1145 2358 3947 2597 de bout, après avoir fait quel-
1122 2613 3943 2853 ques pas vers ma tante: elle m'a
1130 2864 3954 3091 fait un figne de la main d'aller
1073 3100 3946 3327 m'aſſeoir, & elle s'eſt jettée dans
1107 3347 3927 3566 un fauteuil avec un mouvement
1118 3584 3927 3829 de dépit. Toute cette ſcène muet-
1107 3841 3944 4074 te que je vous retrace, a fait ſur
1111 4093 4028 4356 moi l'impreſſion la plus terrible,
1111 4336 3913 4577 & j'attendois dans un ſilence d'ef-
1107 4586 3916 4811 froi quelle en ſeroit la ſuite. Mon
1103 4827 3912 5071 pere a dit à Lolotte de ſortir:
1099 5059 3897 5306 alors m'apoſtrophant, il m'a de-
1096 5311 3906 5537 mandé d'une voix ſévere ſi j'étois
1061 5532 3898 5830 laſſe de vivre avec lui. Je ne ré-
