4266 7690
2284 612 2825 897 s
1060 922 3885 1151 d'objets qui lui retraçoient ſa
1194 1158 3886 1387 perte, & j'imaginois que quel-
1195 1405 3893 1627 ques mois d'abſence pourroient
1187 1627 3893 1863 la diſſiper. Quoi donc, lui a dit
1187 1874 3882 2084 mon juge, vous êtes dupe de ſes
1180 2099 3882 2338 larmes? Allez, Madame, ce n'eſt
1176 2338 3878 2560 pas une mere qu'elle pleure, c'eſt
1183 2589 3875 2760 un amant. Je me ſuis écriée; mes
1184 2825 3886 3032 bras ſe ſont tendus involontaire-
1169 3054 3860 3235 ment vers le ciel. O ma mere!
1169 3286 3867 3521 venez à mon ſecours! venez juſ-
1180 3521 3874 3689 tifier votre malheureuſe fille! O
1176 3773 3871 3933 la meilleure des meres! com-
1180 4009 3867 4230 ment ne pas vous pleurer, moi
1187 4248 3867 4459 qui perds tout avec vous! Je ne
1173 4474 3871 4699 ſavois ce que je diſois; le dé-
1161 4701 3859 4942 ſeſpoir m'égaroit; je crois que je
1077 4935 3859 5178 me ſuis levée, & que j'ai frappé
1161 5168 3863 5414 la terre comme pour en faire
1140 5415 3867 5661 ſortir l'ombre de cette généreuſe
