4266 7806
1261 876 4204 1105 Mademoiſelle, a dit une voix qui
1253 1134 4003 1350 ne m'eſt que trop connue: mais
1228 1371 4007 1591 il ne m'aime pas, voulez - vous
1249 1617 4010 1803 dire? Je me taiſois.... Non; ſi
1254 1859 4003 2069 c'eſt manquer d'amitié que de ne
1239 2101 4210 2329 pas donner les mains à votre folle
1231 2347 4214 2589 paſſion, non, je ne t'aime pas,
1220 2567 4221 2831 fille ingrate, & jamais tu ne ren-
1223 2831 4221 3067 treras dans mon cœur, tant que
1212 3066 4002 3301 tu ne chaſſeras pas du tien le
1220 3323 4225 3574 téméraire qui oſe y prendre ma
1220 3564 4225 3828 place: crois que je ſuis inſtruit,
1223 3802 4229 4058 que je vois tout, que je ſais tout,
1224 4058 4230 4280 & qu'on ne m'abuſe point par
1212 4298 4233 4515 une lâche hypocriſie. Ne con-
1217 4533 4237 4774 nois-je pas l'homme qui m'offenſe
1216 4789 4237 5010 & qui te déshonore? N'a-t-il pas
1217 5030 4241 5260 eu le front, il y a deux jours,
1212 5272 4245 5503 de paroître devant moi? N'ai-je
1216 5528 4245 5772 pas vu vos regards furtifs & vos
