4266 7751
216 968 2935 1174 ſignes d'intelligence? La flamme
209 1207 2928 1402 de cette fille inſenſée n'a-t-elle
209 1442 2935 1658 pas éclaté ſous les yeux d'un pere?
216 1691 2946 1889 Me croit - on aveugle? & dans
220 1933 2942 2143 quel temps oſe-t-elle ſe livrer à
213 2146 2953 2381 ſa pourſuite amoureuſe? Vous le
205 2395 3104 2623 voyez, Madame! c'eſt quand la
205 2656 2979 2832 cendre de ſa mere eſt encore
213 2894 2986 3111 fumante! Je me ſuis approchée,
198 3133 2950 3339 les mains jointes, les genoux
205 3379 2946 3581 pliés & tremblans; grace! grace!
198 3610 3023 3826 épargnez-moi! qu'ai-je donc fait
209 3830 2957 4065 pour donner lieu à ces horribles
205 4079 3012 4300 reproches? Si j'ai marqué des
216 4325 2983 4538 attentions pour la perſonne dont
202 4553 2942 4780 on me parle, j'y étois autoriſée
212 4805 3158 5052 par ma mere; j'avois ſon aveu;
224 5048 2946 5276 elle a connu toutes mes penſées;
224 5297 2946 5514 elle a vu toutes mes démarches;
37 5536 3305 5731 je me ſerois fait un crime de les
