4266 7641
2334 884 2985 1125 a.
1283 1123 3982 1345 fléchir: en vain ma chere Conſ-
1284 1374 4011 1587 tance s'eſt précipitée à ſes pieds,
1288 1612 3964 1806 le conjurant de m'être favorable:
1277 1842 3968 2058 j'ai riſqué de me proſterner auſſi
1284 2076 3983 2288 devant lui; j'entrelaçois mes bras
1281 2320 3983 2529 autour de ſes genoux; je lui ai
1277 2561 3986 2727 dit au milieu des larmes & des
1281 2788 3961 3004 ſanglots: ſouvenez-vous que je
1284 3036 3961 3245 ſuis votre fille; ayez pitié de moi;
1270 3274 3961 3479 ne me traitez pas avec tant de
1273 3504 3954 3709 rigueur; je vous en conjure au
1277 3745 3943 3943 nom de cette tendre mere qui
1274 3975 3968 4130 m'a bénie à ſon dernier moment!
1265 4208 3942 4417 O Monſieur! ayez pitié de votre
1276 4413 3938 4647 ſang, ſi vous voulez que l'Être
871 4673 3958 4886 ſuprême vous traite un jour avec
1266 4914 3932 5123 bonté! je ne ſuis pas ſi vile que
1273 5152 3936 5360 vous le penſez; je n'ai point désho-
1104 5385 3932 5591 noré ma naiſſaince; je ne ſuis
1270 5619 3940 5857 point une fille perdue; on ne m'a
