4266 7732
1418 943 1956 1126 L
116 1183 3026 1468 point ſéduite: les ſentimens d'hon-
112 1447 3030 1655 neur que vous m'avez tranſmis
106 1682 3035 1895 me ſont encore chers. O! ſouf-
102 1895 3027 2139 frez que je vous appelle mon pere,
98 2160 3034 2394 & que je réclame auprès de vous
94 2370 3030 2621 la clémence paternelle! Ne me
94 2616 3326 2862 faites pas mourir de douleur!
83 2846 3034 3100 N'ôtez pas la vie à celle à qui
83 3117 3037 3346 vous l'avez donnée! Hélas! un
76 3341 3037 3567 jour viendra peut-être où vous
296 3594 3038 3817 gémirez de m'avoir traitée ſi
292 3821 3046 4040 cruellement, & il ne ſera plus
66 4058 3031 4297 temps. Je ſerrois tendrement ſes
62 4297 3031 4552 genoux, en lui parlant. Loin de
58 4556 3031 4760 moi, ſerpent, a-t-il dit, & en
55 4782 3038 5005 agitant ſes jambes, il m'a repouſ-
55 5005 3031 5239 ſée à dix pas de lui, ſur le par-
58 5272 3027 5473 quet: ſa fureur étoit au comble;
40 5502 3031 5718 il a fait un ſerment horrible que
36 5740 3035 5992 j'épouſerois ſon ami, ou qu'il iroit
