4266 7764
1117 1065 3894 1348 votre ame! Renoncez pour ja-
1110 1338 3857 1588 mais à cette paſſion cruelle qui
1113 1576 3850 1809 fait le ſupplice de ſes victimes!
1113 1834 3861 2078 Ah! n'aimez plus! n'aimez jamais!
1113 2070 3868 2319 que l'exemple effrayant des maux
1114 2312 3861 2558 que nous ſouffrons ſoit toujours
1114 2551 3865 2797 devant vos yeux! Je vous diſois
1113 2794 3861 3034 de m'oublier; il n'eſt pas en vous
1114 3041 3872 3281 d'y parvenir, & j'oſe croire que
1106 3274 3869 3521 vous le tenteriez vainement: mais
1117 3515 3876 3771 pardonnez-moi les douleurs que
1066 3755 3876 4005 je vous cauſe; ne me haiſſez pas!
1132 4001 3876 4241 O mon doux ami! pourrois - tu
1088 4241 3883 4498 m'en vouloir? ſerois-tu bien aſſez
952 4490 3869 4740 dur, aſſez ingrat pour haïr ton
1125 4729 3876 4987 amante? Hélas! elle n'auroit plus
1054 4972 3883 5230 le pouvoir de ſe juſtifier: ce cœur
1118 5216 3880 5470 qu'elle t'avoit donné ſera dans
1040 5465 3880 5712 le tombeau: ſes cendres où le
1110 5696 3876 5980 feu de l'amour vivra peut- être
