4266 7793
1031 950 3796 1228 mourir pour toi, & ſi tu peux vi-
1046 1214 3796 1439 ſiter le coin de terre qui l'enfer-
1017 1458 3808 1707 mera, ô mon bien aimé! n'y paſſe
1032 1705 3800 1949 jamais ſans donner une larme à
1039 1944 3811 2195 ſa mémoire! Adieu! adieu! les
1040 2191 4211 2439 ſanglots me ſuffoquent! je ne vois
1046 2432 4123 2671 plus qu'à travers un nuage de
1047 2700 3826 2922 pleurs.... ô Faldoni! adieu pour
1042 2916 1917 3143 jamais!
1076 3397 3815 3669 P. . Ma couſine vous remet-
1046 3670 3823 3901 tra vos lettres; c'eſt un ſacrifice
1046 3904 3829 4140 affreux, mais néceſſaire; il ſeroit
1046 4134 3827 4382 dangereux de les garder: reprends-
758 4378 3818 4624 les, mon ami! je n'ai pas beſoin
1042 4619 4047 4843 de ces marques de ton amour;
1039 4868 3822 5113 j'en ai qui ne s'effaceront jamais!
1046 5107 3819 5348 je les porte au fond de mon cœur:
1046 5360 4126 5579 rien ne les en arrachera. Il faut
1050 5593 3830 5806 donc ceſſer de t'écrire, & je n'a-
