4266 7900
1405 670 2051 894 ii
-45 886 3339 1186 vois plus d'autre conſolation!
-43 1180 3071 1465 Combien je ſuis malheureuſe!
-41 1464 3120 1701 ô mon cher Faldoni! adieu!....
-40 1691 3075 1957 chaque mot me fait frémir! dites
-38 1955 3082 2182 à M. le Curé de venir me voir;
-37 2181 3097 2458 faites-lui part de ma ſituation;
-35 2449 3101 2675 qu'il vous conſole: je n'ai pas
-33 2674 3090 2956 la force de lui écrire: quel état!
-32 2946 3112 3188 ô ciel! mais qu'importe? ne vais-
-30 3177 1805 3497 je pas mourir?
2358 5919 2692 6122 G
