4266 7806
1472 1144 3546 1383 RE LVII.
1412 1676 3646 1840 Le Cureà Thérese.
1156 2014 1332 2195 L
1132 2194 4211 2437 Je viens d'avoir avec M. de
1134 2455 4214 2674 Saint-Cyran la ſcène la plus vive.
1131 2652 4214 2908 Votre pere, ma chere enfant, eſt
1119 2933 3900 3141 un homme intraitable; j'ai vai-
1124 3180 3907 3397 nement eſſayé de le gagner par
1123 3409 4222 3615 tous les motifs de l'honneur, de
1120 3646 4226 3865 la juſtice & de l'humanité. Je lui
1123 3880 4230 4112 ai repréſenté que ſon épouſe avoit
1128 4137 3900 4348 donné les mains à l'union qu'il
1123 4377 4237 4607 rejettoit; il s'eſt emporté avec
1120 4629 3900 4788 fureur contre votre mere & con-
1127 4862 4240 5078 tre moi; il a traité des noms les
1105 5090 4241 5327 plus inſultans, le zele que j'avois
1134 5347 4244 5567 montré pour vous, & il m'a dé-
1142 5585 3892 5807 claré que ſi ſa fille ôſoit lui dé-
