4266 7806
260 905 3191 1143 ciété, quand il s'y produit ſous
252 1154 3028 1362 des dehors aimables: c'eſt-là que
260 1391 3046 1610 chacun, occupé de ſon propre
256 1640 3016 1855 intérêt, donne peu d'attention
256 1888 3009 2093 aux choſes qui l'environnent:
260 2129 3024 2365 c'eſt-là qu'on peut être impuné-
260 2365 3031 2586 ment vicieux, quand on ne fait
260 2623 3020 2827 tort qu'à ſoi-même. Mais vous,
260 2868 3039 3101 pere de famille, vous chargé par
256 3101 3035 3335 la providence de veiller au bon-
252 3346 3128 3566 heur de vos enfans, que répon-
260 3587 3072 3818 drez-vous à l'arbitre ſouverain,
260 3832 3094 4055 quand il vous demandera compte
256 4077 3050 4285 de ceux qu'il vous a confiés?
252 4300 3091 4519 J'ai ſacrifié ma fille, lui direz-
259 4573 3238 4815 vous, à des vues de fortune &
262 4807 3213 5049 d'ambition: j'ai fait pour elle un
260 5064 3158 5276 enfer anticipé d'une union créée
263 5305 3057 5537 pour être une félicité terreſtre,
274 5537 3124 5762 & la conſolation de l'homme
2081 5799 2438 5974 G
