4266 7741
1305 709 1803 891 i
241 946 2958 1140 bientôt vous les entendriez tonner
241 1217 2958 1430 pour le réclamer. Ne croyez pas
237 1445 2962 1662 auſſi qu'il vous ſoit facile de
242 1690 3145 1897 troubler la liberté d'un citoyen,
248 1925 2965 2091 & de faire ſervir à vos reſſenti-
245 2166 2958 2376 mens particuliers les armes de
248 2402 2973 2564 l'autorité deſtinées contre des
252 2650 2976 2810 maux extrêmes: s'il vous arrivoit
256 2884 2980 3102 de ſurprendre à ce point la reli-
259 3118 2972 3336 gion du Prince, j'irois me jetter
259 3347 3292 3575 au pied de ſon trône; j'y por-
259 3594 2979 3800 terois les plaintes de mon ami,
270 3826 2987 4040 de l'honnête homme que vous
267 4067 2986 4288 mépriſez, quoi qu'il ſoit au - deſ-
80 4304 2984 4500 ſus de vous: on m'écouteroit;
277 4551 2990 4770 on ſeroit touché de voir un pau-
275 4790 2995 4999 vre Eocléſiaſtique accablé d'an-
266 5029 3001 5242 nées, braver les fatigues & les
278 5257 2991 5488 frais d'un long voyage pour ſauver
105 5500 3031 5695 l'innocence, & vous ſeriez des-
