4266 7900
2027 670 2917 873 a
798 873 4279 1186 honoré. Je l'ai quitté en ache-
1216 1183 4278 1457 vant ces mots, bien réſolu de
1220 1435 4277 1688 ſuivre le projet que j'annonçois.
1243 1688 4277 1913 Vous voyez quel avenir on vous
1220 1913 4276 2166 prépare: M. de Saint-Cyran eſt
1228 2157 4276 2432 capable de tout: mais une vérité
1228 2426 4276 2677 conſtante, c'eſt que je ſuis à
1220 2677 4275 2945 vous, mon enfant, à la vie & à
1224 2935 4274 3174 la mort. Si l'on vous perſécute,
1214 3167 4274 3410 mon aſyle vous eſt ouvert; venez
1213 3403 4274 3663 y chercher le repos. Vous ſavez
1221 3657 4273 3908 que ma fortune eſt bornée; mais
1216 3902 4273 4156 ma tendreſſe eſt illimitée, & je
1213 4149 4272 4414 me flatte qu'elle vous conſolera
1213 4407 4271 4639 de ce que vous perdez. C'eſt vo-
1043 4632 4271 4896 tre ami, votre Mentor, votre
1216 4896 4270 5142 parrein qui vous parle; c'eſt un
1220 5138 4269 5389 homme blanchi dans les travaux
1224 5389 4269 5615 d'un miniſtere vénérable. En vous
1231 5608 4268 5900 tenant ce langage, je ſerai blâmé
