4266 7825
1273 767 1802 953 i
197 1027 2971 1232 trée de vos bontés; mon cœur,
216 1277 2975 1434 mon triſte cœur en conſervera le
219 1511 2979 1731 ſouvenir juſqu'au tombeau: je
223 1765 2994 1970 rends grace à M. de Thémine
223 2014 2993 2219 de ſes offres généreuſes; mais que
223 2260 3001 2431 devenir au milieu des contrariétés
227 2509 3001 2714 qui m'aſſiégent! Je ne vois que
234 2751 3008 2960 des maux & des regrets, ſoit que
234 2990 3012 3213 je reſte ou que je parte: il faut
238 3239 3023 3455 m'attendre à ſouffrir, ou les tour-
246 3470 3031 3690 mens qu'on me prépare, ou mes
249 3719 3306 3943 propres remords. Qui moi! moi
253 3965 3034 4181 recourir aux loix, les invoquer
74 4211 3034 4397 contre mon pere! Ah! c'eſt alors
249 4460 3035 4672 qu'elles devroient punir une fille
268 4699 3038 4892 criminelle! Non, Monſieur, vo-
223 4944 3038 5164 tre amitié vous emporte & vous
268 5190 3046 5399 ne tarderiez pas à me condamner
268 5428 3046 5596 vous - même. J'irois donc élever
48 5670 3049 5905 dans les tribunaux une voix ſédi-
