4266 7900
1123 1003 3939 1218 de celui que je frémis de nommer.
1127 1259 3890 1478 N'ai-je pas vu l'inſtant où il me
1123 1508 3901 1723 fouloit ſous ſes pieds? Ne m'a-t-il
1119 1760 3894 1975 pas maudite quand j'étois proſter-
1119 2009 3947 2231 née devant lui & privée de ſen-
1123 2254 3931 2473 timent? Sa cruauté peut-elle aller
1119 2503 3897 2721 plus loin? Non, j'oſe déſormais
1116 2755 3901 2936 le défier, & la terreur de ſes
1123 3000 3905 3234 menaces ne peut m'ébranler. Ce
1123 3245 3894 3456 n'eſt pas que je regarde comme
1123 3490 4252 3679 une erreur de me dérober aux
1127 3746 3901 3958 tortures qui m'attendent: la pre-
1127 3988 4252 4184 miere loi, ſans doute, eſt d'obéir
1134 4236 3913 4451 au cri de la nature qui nous dit
1127 4478 3916 4717 de fuir la douleur; je ſais auſſi
1134 4717 3905 4945 que votre ſublime vertu répugne-
1138 4979 3913 5194 roit à me propoſer un parti con-
1146 5213 3905 5413 traire au véritable honneur. Qui
727 5458 3905 5676 mieux que vous peut apprécier
720 5721 4252 5925 la moralité des actions? & pen-
