4266 7803
1547 673 2063 863 i
403 940 3141 1163 traitement! Mais me répondez-
407 1176 3145 1393 vous auſſi, Monſieur, que mon
-13 1427 3152 1893 voioi u n poooue
-3 1906 3144 2148 j'ai beau réfléchir ſur ma démar-
-12 2147 3147 2366 che; il m'eſt impoſſible de la
-11 2355 3147 2621 faire. Comment ne pas me re-
-9 2640 3147 2893 pentir? ſi j'allois affliger mon
-10 2877 3136 3139 pere? je le crains, je le crains!
-10 3118 3147 3347 malgré tous ſes emportemens, je
-9 3362 3274 3592 crois que mon pere m'aime. Eh!
380 3609 3393 3819 pourquoi ne m'aimeroit-il pas?
-8 3849 3148 4094 Je l'ai toujours chéri! Oui, je
-7 4087 3414 4334 me flatte qu'au fond de ſon cœur
-7 4329 3147 4558 il ne me hait pas. Jugez quel
-7 4551 3517 4792 ſeroit ſon regret d'avoir perdu
-6 4788 3140 5049 ſa fille! j'aimerois mieux verſer
-5 5049 3130 5287 mille larmes que de lui en coûter
-4 5283 3133 5534 une. Ceſſez donc de vous inté-
-4 5534 3121 5785 reſſer à mon ſort! vous m'offrez
2355 5766 2718 5985 H
