4266 7703
1110 826 4136 1063 que j'ai cru pouvoir nourrir vos
1114 1088 4136 1300 eſpérances, j'étois ardent à vous
1114 1332 3859 1551 ſervir; mon intérêt ne m'eût pas
1121 1565 3859 1773 été plus cher que le vôtre: je
1114 1809 3852 2017 parvenois à établir votre félicité
1092 2046 4158 2250 ſur une baſe inébranlable: un
1089 2283 4165 2494 coup du ciel a renverſé tous mes
1118 2523 4169 2738 travaux; il faut adorer ſa main
1106 2760 4172 2963 qui vous frappe; il faut croire
1118 2996 4176 3210 que l'accompliſſement de vos
1121 3210 4176 3433 vœux n'étoit point dans l'ordre
1092 3469 4187 3688 éternel de ſa providence. N'avez-
1132 3702 4187 3917 vous pas été pendant trois mois
1125 3957 4198 4172 le plus fortuné des hommes? le
1132 4187 4194 4394 temps de la diſgrace eſt venu;
1128 4419 3881 4635 apprenez à l'endurer. Hélas! il
1106 4660 4209 4864 y a quelqu'un plus malheureux
1150 4893 4212 5090 que vous! il m'eſt affreux de vous
1092 5118 4216 5308 en inſtruire; mais c'eſt à l'amitié
1099 5370 4220 5608 de remplir cette tâche pénible.
