4266 7900
1406 596 2032 788 .
11 839 3181 1107 ceſſez d'y prétendre; ceſſez de
313 1107 3106 1334 nourrir un penchant qui n'auroit
316 1372 3102 1583 déſormais que des ſuites cruelles!
320 1617 3136 1832 Je gémirai toute ma vie de l'avoir
313 1869 3121 2073 favoriſé. Dieu qui voit mon cœur,
309 2103 3129 2333 ſait que je voudrois vous ſervir
320 2352 3136 2571 encore: mais que produiroient
324 2608 3144 2840 contre un pere irrité les ſecours
316 2840 3140 3012 de mon zele? O combien vous
286 3098 3264 3306 adouciriez mes regrets ſi vous
312 3331 3316 3586 renonciez à des ſentimens qui
282 3570 3316 3820 ne peuvent plus vous rendre heu-
270 3814 3478 4066 reux! Je vous le demande comme
312 4062 3150 4318 une grace ineſtimable. Allons,
312 4304 3135 4566 mon ami! faites un noble effort
18 4553 3131 4797 ſur vous-même; n'achevez pas
297 4812 3339 5066 la ruine de cette infortunée, en
18 5050 3421 5318 vous obſtinant à conſerver pour
323 5310 3365 5536 elle une paſſion ſans eſpoir: re-
320 5548 3125 5793 venez à la tranquille amitié; cet
2303 5827 3049 6016 H
