4266 7754
922 706 4166 959 état eſt préférable aux troubles
1109 967 4171 1202 affreux de l'amour. Vous êtes
1145 1208 3898 1430 jeune; vous avez toute l'énergie
1149 1452 3929 1661 de votre âge; vos ſens ne ſont
1146 1694 3928 1912 point flétris par le vice; votre
1131 1936 4182 2167 ame a conſervé l'inſtinct de l'hon-
1124 2160 4182 2400 neur, & la vertu vous eſt encore
1149 2420 4190 2653 chere. Regardez autour de vous;
1128 2658 4193 2861 le monde vous ouvre ſon théâtre:
1149 2877 4197 3121 aſſez & trop long - temps vous
1150 3144 4197 3383 avez enfoui vos talens; il faut les
1116 3382 4203 3601 tirer de l'oubli: ſpectateur inſen-
1120 3588 4203 3829 ſible, ſortez enfin de cette triſte
1149 3850 4204 4082 apathie; rentrez dans la claſſe
1154 4111 4212 4325 des êtres; allez prendre un rang
1127 4337 4218 4578 dans la ſociété, & lui payer la
1149 4575 3931 4818 ſomme de travaux qu'elle impoſe
1046 4817 4222 5052 à tous ſes membres. Serez-vous
1156 5041 4226 5284 le ſeul immobile au milieu de ce
1154 5288 4230 5552 mouvement univerſel? N'eſt - il
