4266 7784
1351 587 1971 775 S
284 849 3034 1070 ſes, & de revenir ſur ſes pas quand
288 1103 3318 1310 on les a franchies. Ne jugez point
288 1340 3041 1550 de l'avenir par le préſent; vous
280 1576 3045 1801 ne ſerez point toujours affligé;
284 1816 3052 2034 vous ne ſerez point toujours
288 2070 3049 2274 amant: un temps viendra que le
291 2311 3052 2510 délire de votre imagination ſera
303 2550 3064 2757 calmé, que les illuſions de votre
310 2798 3060 2949 cœur s'évanouiront comme un
292 3038 3060 3237 ſonge, & que cette fiévre d'amour
294 3273 3062 3498 fera place au ſommeil de vos ſens:
294 3495 3066 3716 alors vous regretterez les momens
229 3754 3064 3968 trop chers perdus dans le mol-
291 3997 3071 4167 leſſe & dans l'oubli de vos de-
299 4241 3074 4444 voirs: vous regretterez d'avoir ſi
225 4484 3071 4713 peu vécu & d'être chargé d'an-
306 4732 3067 4939 nées: vous pleurerez ſur une fille
310 4975 3078 5186 imprudente dont vous avez fait
306 5219 3082 5422 le malheur, ſur un ami que vous
299 5462 3074 5684 n'avez pas écouté, & qui ne ſera
