4266 7845
2316 583 2944 796 .
1307 855 4229 1110 plus le témoin de vos regrets. Je
1270 1113 4229 1367 vous conjure de ſuivre mes avis,
1311 1375 4129 1596 tandis qu'il me reſte encore quel-
1308 1625 4046 1838 ques heures à paſſer ſur la terre:
1300 1868 4050 2078 vous ne m'aurez plus long-temps:
1296 2106 4236 2327 vous voyez que je gagne à grands
1236 2323 4240 2562 pas ma derniere demeure. Oh!
1218 2589 4237 2832 ſi je pouvois vous laiſſer paiſible
1225 2839 4241 3053 & délivré de vos chaînes, je m'en
1285 3075 4244 3299 irois plus content. O mon cher
1281 3307 4244 3550 fils! ayez pitié de ma vieilleſſe!
1278 3557 4244 3789 ne me laiſſez pas emporter au
1199 3807 4244 4049 tombeau l'affreuſe penſée d'avoir
1274 4049 4245 4267 aidé à votre illuſion! Que feriez-
1270 4289 4245 4465 vous déſormais de cette erreur?
1173 4547 4043 4771 Il faut la rejetter; îl faut ſonger
1266 4778 4245 5019 à vivre & donner à la vertu tou-
1169 5019 4245 5238 tes les forces de votre ame que
1184 5279 4244 5488 l'amour avoit uſurpées. J'attends
1162 5522 4245 5761 de vous cette victoire: mais ſi
