4266 7856
2530 657 3074 861 (i)
1431 901 4266 1175 ont étouffé la voix du ſang; ils
1427 1169 4267 1421 m'ont traitée comme la fille de
1394 1415 4268 1664 l'étrangere; ils m'ont repouſſée
1428 1658 4268 1905 de leurs bras. Les inſenſés! en
1424 1899 4269 2152 croyant vous nuire, ils vous ſer-
1428 2146 4269 2396 voient; ils m'auroient forcée de
1420 2390 4270 2646 vous aimer ſi j'avois pu balancer.
1420 2640 4270 2892 Et cette tendre mere! hélas! elle
1416 2886 4271 3134 ne vit plus; elle n'eſſuyera plus
1416 3128 4271 3378 mes larmes; ſa voix conſolante
1412 3371 4271 3627 n'ira plus chercher au fond de
-8 3622 266 3741 i
1012 3599 4272 3860 mon cœur un reſte de joie. Ah!
1001 3837 4272 4116 ſi elle ſavoit ce qu'on me fait
1409 4110 4273 4362 ſouffrir, ſi elle entendoit mes
1412 4356 4274 4604 plaintes, je la verrois ſortir de
1405 4598 4274 4847 ſon tombeau pour me défendre:
1417 4841 4275 5087 elle iroit ſecouer ſon linceuil ſur
1409 5081 4276 5331 la couche où elle me donna le
1409 5325 4276 5574 jour, & porter le remord dans
-4 5487 186 5675 L
1379 5568 4277 5833 l'ame de mon perſécuteur. On a
