4266 7856
64 1047 2816 1272 renvoyé ma pauvre Deſchamps:
78 1290 2808 1511 elle m'aimoit trop; il me faut des
71 1537 2988 1746 ſurveillans qui ne me ménagent
64 1780 2812 2001 point! on a placé près de moi
60 2038 2838 2244 une fille qui ne me quitte pas
60 2281 2816 2487 plus que mon ombre. Je prends
56 2524 2812 2737 pour t'écrire le temps de ſon ſom-
63 2775 2812 2988 meil; & pour te faire tenir ma
52 3014 2816 3205 lettre, il me faudra recourir à
56 3253 2816 3479 mille petits moyens: j'ai honte
56 3479 2805 3702 en vérité de tous ces vils myſte-
56 3732 2812 3949 res! voilà pourtant à quoi je ſuis
52 3986 2812 4196 réduite! Ma chere Lolotte qui
52 4233 2812 4401 me conſole & me ſert de toute
52 4480 2812 4689 ſon ame, eſt parvenue à gagner
56 4723 2872 4921 le vieux Concierge: ce bon-
52 4970 2816 5168 homme s'eſt chargé de mes com-
60 5209 2805 5411 miſſions. S'il faut te l'avouer,
60 5448 2808 5665 mon amie, je ſens que je n'en
64 5702 2805 5923 aurai pas long-temps beſoin: ils
