4266 7845
2440 788 2963 972 o
1367 1057 4233 1274 ont épuiſé ſur moi la coupe de
1367 1304 4121 1521 la douleur. Depuis ton départ,
1371 1543 4132 1760 j'ai vu tant de fois la mort que
1367 1790 4173 2003 j'y ſuis accoutumée. Mais ce pau-
1375 2036 4237 2257 vre délaiſſé! que devient - il?
1375 2290 4237 2507 comme il doit ſouffrir! Je ne
1375 2533 4240 2757 lui écris plus; je n'entends plus
1367 2779 4237 2996 parler de lui. O! couſine! quel
1367 3015 4241 3251 ami j'ai perdu! avec quelle ten-
1371 3251 4244 3452 dreſſe il aimoit! où trouver des
1375 3508 4244 3744 cœurs comme le ſien? Non, non;
26 3545 209 3793 L
1386 3758 4245 3979 il n'en faut pas chercher. Nous
1390 4005 4241 4214 étions ſi prés du bonheur! quels
1386 4240 4245 4472 projets nous faiſions pour l'avenir!
1393 4483 4147 4696 quel brillant horiſon s'offroit à
1393 4734 4151 4939 nos eſpérances! La mort eſt ve-
1393 4973 4245 5213 nue; elle a ſoufflé ſur ces fan-
1401 5213 4245 5410 tômes, & l'enchantement a diſ-
1397 5459 4245 5698 paru! Le monde ne m'offre plus
1404 5700 4244 5943 qu'un déſert couvert de ruines:
