4266 7900
2225 692 2865 916 i.
1102 982 4282 1233 heur ſe répandoit ſur mes lettres.
994 1228 4307 1497 Aujourd'hui je ne ſuis plus le
1099 1473 4305 1746 même; je ne ſuis plus cet amant
1099 1718 4303 1981 fortuné que vous attiriez juſqu'à
1096 1980 4302 2221 vous; mon empire eſt fini; mon
1032 2211 4300 2485 trône eſt tombé; c'eſt du ſein de
1092 2471 4298 2701 mon néant que je vous fais enten-
1084 2694 4297 2968 dre une humble voix. O Théreſe!
888 2946 4295 3200 eſt-ce vous que j'aimois! eſt-ce
964 3199 4294 3453 moi qui étois tout, & qui ne ſuis
1077 3448 4251 3663 plus rien! affreuſe révolution!
843 3678 4291 3937 je meſure avec horreur l'eſpace
662 3934 4289 4426 raaoge oe ebirep preie da
1069 4425 4286 4676 ciel. De quelle région charmante
690 4659 3904 4916 je ſuis revenu! que d'illuſions dé-
707 4902 4283 5162 truites! je les ai revus tous ces
1085 5151 4281 5413 lieux que vous embelliſſiez; je
1088 5414 4279 5655 leur ai dit mes derniers adieux;
1099 5652 4278 5907 je me ſuis proſterné ſur la terre
