4266 7836
339 917 3100 1129 roberois ſeroit pris ſur leurs plai-
339 1155 3082 1371 ſirs, & ils ſont preſſés de les
331 1394 3104 1629 goûter. A quelle porte irai-je frap-
335 1651 3100 1886 per pour trouver le bonheur? faut-
328 1889 3097 2106 il encore le mendier pour quel-
332 2146 3100 2359 ques miſérables jours, & faire
328 2396 3097 2553 baſſement ma cour à la deſtinée?
320 2634 3101 2836 Non, mon amie! je l'ai réſolu;
320 2877 3097 3089 je veux mourir. Je veux ſortir de
332 3134 3097 3287 ce monde odieux où les diſtinc-
328 3383 3481 3596 tions, les honneurs, les rangs,
317 3626 3104 3823 les richeſſes, l'eſtime, la renom-
313 3872 3086 4084 mée ſont pour le vice; où l'hon-
37 4121 3104 4274 nête homme ſe traîne dans la boue
309 4360 3093 4524 & cache ſous des haillons une
313 4602 3089 4818 ame immortelle. Quand le génie
309 4852 3086 5068 de Brutus ou de Caton reſpireroit
309 5101 3093 5333 dans un corps vulgaire, ſi la for-
301 5342 3081 5571 tune ne le porte ſur ſa roue, il
301 5570 3438 5809 vivra mépriſé, pauvre, obſcur,
