4266 7825
1318 726 1955 935 io
275 968 3057 1199 qu'eſt-ce qu'un quidam? c'eſt un
272 1229 3038 1452 lâche inconnu à la vertu & qui n'a
275 1459 3046 1679 d'autre enſeigne à ſa porte que
272 1713 3042 1877 les armoiries de ſes ancêtres. Ce
268 1951 3045 2160 qui me conſole, c'eſt que leurs
272 2200 3046 2405 titres ne les ſuivront pas au tom-
272 2439 3046 2647 beau; ils y deſcendront nuds &
272 2684 3046 2897 pauvres comme moi, & c'eſt alors
268 2919 3042 3135 que j'aurai le plaiſir de me placer
268 3161 3038 3370 au-deſſus d'eux. Le monſtre qu'il
268 3399 3042 3612 eſt! n'oſe-t-il pas dire que je vous
264 3652 3042 3861 déshonore! Ah! tout mon ſang
271 3875 3033 4117 bouillonne; je frémis; je brûle
256 4109 3034 4329 de rage & je ſerois tenté d'aller
257 4367 3034 4535 lui déchirer le cœur! mais ce
257 4613 3034 4836 monſtre eſt ton pere.... O Thé-
264 4851 3232 5067 reſe! pourquoi faut - il qu'il ſoit
260 5112 3023 5320 ton pere?.... & vous voulez que
261 5324 3031 5555 je vive! vous voulez que je reſ-
47 5572 3033 5870 pire le même air que lui! Reſ-
2308 5838 2550 6046 I
