4266 7900
2110 694 2804 905 (0
908 972 3897 1218 terai-je ſur une terre qui le ſup-
611 1225 3894 1696 re deſon aa ean poun e
1039 1718 3896 1953 heureux? Vain eſpoir! il vieillira
1047 1952 3889 2185 le barbare, & vous languirez en-
1044 2216 3897 2427 core dans les fers de ce tyran,
1048 2465 3901 2684 quand un lit de pierre péſera de-
1055 2714 3901 2932 puis long-temps ſur le corps de
1052 2959 3924 3174 votre ami. Que puis-je faire au
957 3207 3905 3411 monde? Je ne ſuis ni intrigant,
1063 3449 3920 3645 ni flatteur, ni fourbe, ni méchant;
1059 3698 3901 3879 mon cœur eſt ſur mes levres; mon
1070 3942 3909 4165 pied tremble d'écraſer un inſecte;
720 4191 3905 4399 un atôme ſouffrant me fait gémir;
1063 4414 4248 4651 je ne rencontre pas un infortuné
1063 4674 3912 4900 que le ſentiment de ſes maux
1070 4930 3909 5141 ne vienne fondre ſur mon ame;
1070 5175 3916 5394 je me crois le plus petit des hom-
1048 5420 3924 5643 mes, & j'oſe à peine commander
1067 5676 3916 5895 au valet qui me ſert. Avec ce ca-
