4266 7773
1272 630 1874 826 (o
232 896 2987 1121 “pir....“ & vous ajoutez: „ne
240 1147 2984 1357 “ſoyons plus rien l'un à l'autre!“
236 1379 2983 1597 Ah! vous ne pouvez ceſſer de
240 1623 2983 1833 m'aimer qu'en ceſſant de vivre.
236 1866 2976 2076 Il vous ſeroit impoſſible de porter
240 2109 2983 2320 à d'autres une foi qui m'appar-
240 2353 2980 2541 tient. Le ciel, la terre, toute la
251 2596 3098 2803 nature s'écrouleroit plutôt que de
240 2836 3102 3039 vous voir changer. Je connois bien
243 3076 3190 3234 votre ame: l'inconſtance & la
247 3315 2991 3518 perfidie n'y peuvent entrer: elle
247 3555 2995 3717 eſt au-deſſus des variations de l'hu-
247 3787 3050 3972 manité; elle eſt immuable comme
254 4023 3009 4204 Dieu même; elle n'a comme lui
254 4274 3005 4481 qu'une penſée qui embraſſe tous
254 4495 3020 4709 les temps, & je me flatte d'en
66 4735 3024 4953 être l'objet. Oh! mourons, ma
265 4986 3006 5163 chere Théreſe! mourons enſem-
265 5225 3028 5436 ble! il me ſera doux, en quittant
253 5464 3019 5693 la terre, de ne pas vous y laiſſer.
