4266 7764
1317 691 1843 887 o
213 949 2943 1185 verriez errer autour de vous dans
220 1206 2943 1413 les ſombres vapeurs de l'automne,
221 1449 2946 1663 aux clartés de la lune, & près
221 1692 2946 1913 de votre couche nuptiale: la
217 1931 2946 2130 frayeur vous arracheroit des bras
213 2155 2946 2376 de votre vil époux.... de ce lâche
217 2402 2954 2612 qui s'obſtine à pourſuivre un cœur
210 2641 2950 2843 qu'on lui refuſe..... Ah! ce nom
213 2887 2943 3090 ſeul réveille toute ma rage....
217 3123 2946 3318 adieu! je veux mourir! mais toi!
213 3373 2961 3572 vis! vis pour le bonheur du mon-
213 3604 2957 3811 de! vis pour conſerver ſur la terre
206 3843 2950 4046 l'image de la vertu: ſi tu meurs,
213 4083 2957 4252 où ſera - t - elle? O mon amie!
217 4329 2965 4535 quelle barbarie à moi d'oſer vous
206 4568 2961 4782 propoſer de me ſuivre! c'étoit
206 4800 2965 5017 l'amour, la jalouſie, le déſeſpoir
213 5046 2961 5260 qui me faiſoit parler: vous, parée
217 5289 2950 5481 de tous les dons de la nature,
221 5532 2954 5771 chere à toute une ville, l'idole
