4266 7836
1303 825 1826 1016 aoo
543 1329 2633 1480 E LXII.
424 1786 2851 1959 Thérese à FAldonr.
293 2246 3018 2481 ous croyez donc que nous
210 2505 3022 2676 nous réunirons dans cette nuit
211 2748 3018 2952 obſcure & terrible!.... Eh bien,
201 2994 3026 3196 mon ami! venez, & nous mour-
200 3230 3037 3453 rons enſemble. Comment pour-
205 3463 3026 3680 rois - je conſentir à vous laiſſer
204 3716 3034 3937 aller ſeul, moi qui ne chériſſois
204 3963 3026 4189 la vie que pour vous! Hélas! tu
208 4205 3037 4433 ſais que j'aurois voulu l'employer
208 4445 3041 4629 à faire ton bonheur! O mon bien
211 4677 3030 4904 aimé! viens, je t'attends, & je
219 4933 3018 5156 ſuis prête à te ſuivre: avec toi,
215 5171 3026 5393 je conſens d'être à jamais mal-
219 5421 3030 5639 heureuſe ou fortunée. Que m'im-
225 5663 3022 5894 porte mon ſort dès que je parta-
