4266 7900
2325 806 2899 1018 i)
1176 1032 3962 1274 gerai le tien? pourrions-nous être
1176 1315 3958 1541 ailleurs plus miſérables que nous
1168 1541 3965 1760 le ſommes? Si nous ſouffrons, du
1164 1809 3950 2013 moins nous ne nous quitterons
1161 2013 3943 2258 plus. Mais penſez-y mûrement!
1149 2280 3950 2519 je n'examine point ſi nous com-
1146 2519 3946 2760 mettons un crime, ſi ce crime
912 2760 3950 2985 outrage la nature & les loix, s'il
1134 3023 3950 3238 nous expoſe à d'éternelles dou-
1119 3249 3946 3453 leurs: ſuis-je en état de rien voir?
1142 3494 3942 3743 Ma foible raiſon m'a quittée; elle
1131 3743 3935 3965 me quitta quand j'ouvris mon
1123 3988 3931 4228 cœur à l'amour: il me reſtoit
1119 4228 3924 4459 encore un peu de ſens & de lu-
1119 4478 3920 4666 miere; mais les maux ont achevé
1116 4719 3909 4953 de me l'ôter. Je ne vois plus qu'un
1119 4971 3912 5190 pere menaçant, & l'affreuſe union
1116 5224 3905 5447 qu'il me deſtine, & vous, mon
1119 5473 3894 5665 ami, & l'excès de votre infortune,
1116 5714 3890 5937 & la foi que je vous ai promiſe:
