4266 7900
1220 995 4266 1262 pérer. Qu'ils vivent donc ces
1223 1259 4267 1523 hommes cruels dont nous ſom-
1209 1529 4267 1767 mes les victimes! qu'ils vivent,
1224 1763 4268 2003 & puiſſent - ils jouir de tous les
1220 2004 4269 2258 biens qu'ils nous raviſſent! Ce
1217 2252 4269 2499 ſont les vœux que je fais en les
1220 2493 4270 2751 quittant! Veuille auſſi ce Dieu de
1216 2744 4270 2981 bonté que nous offenſons peut-
1118 2971 4270 3226 être, avoir pitié de nous! Je le
1201 3227 4271 3478 conjure de nous faire grace! je
1194 3470 4272 3718 lui demande à genoux de laiſſer
1205 3717 4272 3980 arriver juſqu'à nos levres ce calice
1201 3980 4273 4230 d'amertume qu'il a bu lui - même,
1205 4224 4273 4447 & de pardonner à la fragilité hu-
1201 4440 4274 4710 maine de rejetter loin d'elle un
1213 4706 4274 4950 fardeau qui l'accable.... Adieu,
1088 4950 4275 5208 mon ami.... adieu! je vous rever-
1213 5210 4276 5426 rai donc une derniere fois!....
1220 5419 4276 5692 Ce ſera Dimanche. Mon pere eſt
1216 5686 4277 5962 abſent: mais il va revenir, & l'oc-
