4266 7816
1381 780 1990 977 .
278 1062 3041 1293 caſion pourroit ne plus s'offrir.
271 1303 3127 1493 Venez à huit heures, à la meſſe
267 1548 3038 1760 de la Chapelle: ayez ſoin de vous
267 1793 3030 2009 déguiſer pour n'être pas reconnu,
100 2042 3056 2198 & de vous cacher dans la foule
56 2280 3053 2492 des villageois: je ſerai dans la
264 2525 3034 2726 tribune; je laiſſerai ſortir tout le
78 2766 3034 2978 monde; j'éloignerai nos gens;
267 3011 3030 3171 & alors.... ô mon cher Faldoni!....
44 3260 3038 3468 ſonge à cette ſéparation redouta-
256 3505 3041 3713 ble qu'un avenir plus affreux peut
260 3747 3038 3907 ſuivre encore! O mon dieu! ſi
40 3988 3027 4200 nous ne devions plus nous voir!
37 4200 3402 4423 ſi un ſilence éternel, une nuit
264 4471 3038 4690 immenſe alloit nous envelopper
41 4719 3041 4928 ſans retour! ſi l'adieu que je te
33 4965 3038 5177 dirai en recevant de toi le coup
37 5213 3023 5396 de la mort, étoit le dernier!
282 5455 3030 5659 Cette penſée me glace d'effroi!...
286 5693 3042 5904 Allons! ſoutenons notre courage!
