4266 7576
1468 779 1991 949 i
42 1028 2997 1234 d'hui qu'elle lui avoit remis alors
359 1269 3005 1469 une ſomme de vingt-cinq louis
359 1500 3005 1714 pour la diſtribuer dans la paroiſſe.
363 1735 3022 1934 En viſitant ſon bureau qu'elle a
75 1984 3033 2158 laiſſé ouvert, nous avons reconnu
370 2204 3186 2411 que c'étoit tout l'argent qui lui
370 2439 3047 2656 reſtoit. Pendant le dîner, on ob-
373 2667 3044 2876 ſerva qu'elle changeoit ſouvent
384 2901 3051 3108 de couleur. M. le Chapelain la
380 3125 3051 3359 trouva diſtraite: elle rêvoit pro-
391 3359 3040 3584 fondément; puis, tout-à-coup,
394 3601 3064 3822 elle s'agitoit comme pour rap-
390 3814 3053 4057 peller ſes eſprits. Elle ne mangea
395 4058 3065 4285 qu'un peu de crême. Quelqu'un
370 4302 3378 4505 ayant parlé d'un homme qu'on
395 4533 3054 4704 avoit tué ſur le chemin de la
402 4768 3068 4967 forêt, elle pâlit & friſſonna: mais
409 5006 3051 5213 cette émotion ne parut point
405 5234 3054 5429 étrange, parce qu'on l'avoit vu
412 5458 3047 5668 s'affecter ſouvent juſqu'aux larmes
547 5696 1412 5856 Tome II.
