4266 7900
-25 836 3199 1109 commençoit à ſe former un orage
-20 1091 3207 1352 épouvantable qui a duré toute la
-25 1337 3403 1599 nuit. Le vent ſiffloit dans les voû-
-21 1597 3218 1845 tes du château avec un bruit qui
-32 1835 3210 2091 inſpiroit la terreur; la grêle frap-
-28 2076 3210 2362 poit contre les fenêtres; on en-
-29 2324 3418 2578 tendoit le mugiſſement des mon-
-25 2573 3210 2828 tagnes éloignées. Nous étions
-28 2826 3210 3082 tous rangés auprès du feu: on
-31 3071 3463 3364 propoſa des jeux; on folâtra: on
-29 3319 3222 3596 rit, & on oublia l'orage. Made-
-27 3558 3203 3819 moiſelle étoit de notre partie:
-26 3809 3229 4063 elle eut un gage à payer, & on
-24 4032 3440 4311 lui commanda de déclarer à quoi
-23 4299 3316 4555 elle penſoit: elle répondit, à de-
-21 4546 3308 4801 main. Nous ne fîmes pas d'atten-
-19 4793 3218 5050 tion a ce mot, & le jeu continua
-18 5015 3339 5340 gaiment. Elle ne voulut pas ſou-
-5 5285 3214 5550 per, & ſe retira de bonne heure
-14 5540 3218 5812 dans ſa chambre. Quand je mon-
2128 5810 3142 6038 R
