4266 7806
2162 697 2783 882 ()
908 938 3866 1166 tai, elle liſoit; je lui demandai
1113 1196 3870 1369 ſi elle vouloit ſe coucher: elle
1116 1441 3873 1672 me répondit qu'elle ne s'en ſou-
1104 1691 3880 1926 cioit pas, que l'orage l'empêche-
1116 1924 3880 2144 roit de dormir, & qu'elle aimoit
1097 2169 3881 2387 mieux reſter levée juſqu'à ce qu'il
1119 2417 3881 2586 eût ceſſé. Mademoiſelle Lolotte
1116 2641 3885 2891 vint frapper à ſa porte, diſant
1127 2908 3891 3141 qu'elle avoit peur d'être ſeule.
1130 3134 3887 3372 Quand elle fut aſſiſe, elle conta
1119 3386 3888 3621 à Mademoiſelle qu'en traverſant
1116 3639 3892 3876 la cour ſans lumiere, elle avoit
1116 3869 3895 4121 vu un revenant, qu'il étoit cou-
1119 4114 3899 4365 vertd'un longvoile, qu'elle croyoit
1123 4356 3891 4597 avoir reconnu ſa bonne maman,
1078 4588 3907 4836 que le fantôme s'étoit élevé en
819 4833 4188 5080 l'air comme une vapeur, & avoit
1119 5078 3902 5327 été ſe perdre du côté du cime-
1138 5312 3906 5572 tiere. Mademoiſelle ſourit de ſa
756 5567 3917 5805 frayeur, & elle pleuroit en même
