4266 7784
2188 528 3089 720 )
1089 805 3846 1030 qui me roule dans la tête depuis
1085 1044 3850 1251 une heure; il faut que je le chante.
1081 1292 3857 1499 Elle prit ſa harpe, & chanta une
1081 1535 3861 1746 romance fort triſte; elle répéta
1081 1783 3853 2001 pluſieurs fois le couplet ſuivant:
1307 2200 3481 2351 Vivons, mourons l'un pour l'autre;
1307 2410 3097 2600 Il ne faut plus nous quitter:
1314 2600 3296 2783 Qu'un ſeul trépas ſoit le nôtre:
1284 2812 3403 3001 Qu'aurons - nous à regretter?
1074 3174 3846 3381 Elle laiſſoit tomber quelques lar-
1070 3425 3846 3632 mes en chantant ces paroles, &
834 3669 3835 3879 ſa ſœur s'empreſſa de les eſſuyer.
1070 3908 3842 4108 La vilaine chanſon que voilà, lui
1070 4152 3842 4307 dit-elle! vous êtes bien en train
1070 4392 3838 4595 de pleurer, ma ſœur! vous ne
1066 4627 3841 4834 vous plaiſez que dans des idées
1062 4829 3834 5067 affligeantes! Mademoiſelle l'in-
1063 5108 3835 5319 terrompit: veux-tu paſſer la nuit
1063 5348 3828 5559 avec moi? tu te leveras plus tard.
