4266 7900
-44 916 3512 1224 confirmois dans ce projet: mais
-43 1193 3570 1481 je n'aurois jamais penſé que j'en
-41 1435 3335 1719 euſſe un beſoin ſi preſſant. Au
-40 1687 3519 1966 dernier ſon de la cloche, je l'ai
-38 1940 3572 2210 conduite à la Chapelle: elle a
-36 2200 3158 2429 d'abord jetté un coup-d'œil ſur
-35 2424 3410 2714 l'aſſemblée, & n'a plus levé les
-29 2669 3165 2952 yeux de deſſus ſon livre. Après la
-32 2934 3572 3199 meſſe, elle m'a dit qu'elle avoit
-30 3184 3158 3429 encore quelques prieres à finir,
-29 3415 3169 3667 & m'a chargée de ramener ſa
-27 3663 3467 3926 ſœur, ajoutant qu'elle prendroit
-25 3891 3165 4178 le bras d'un domeſtique pour s'en
-24 4176 3161 4408 aller. Tout le monde étoit ſorti,
-22 4405 3173 4663 & je m'inquiétois de ne pas la
-20 4662 3331 4905 voir revenir: j'avois recommandé
-19 4906 3602 5145 qu'on ne s'éloignât point, & les
-17 5145 3158 5416 gens cauſoient, en l'attendant,
-15 5398 3169 5621 avec des fermiers du village raſ-
-14 5610 3173 5903 ſemblés devant la porte de l'Egliſe-
