4266 7900
1150 876 3954 1147 vue! ſi vous aviez vu cette pauvrs
1175 1146 3964 1398 enfant! elle a ouvert les bras, &
1175 1389 3972 1643 elle eſt tombée ſans mouvement
1118 1642 3960 1888 ſur le corps de Mademoiſelle.
1099 1876 3957 2134 On s'eſt empreſſé de la ſecourir
1114 2133 4187 2377 quand elle a repris ſes ſens elle
1115 2374 3979 2625 a jetté des clameurs épouvanta-
1088 2620 3968 2868 bles; elle crioit, on a tué ma
1085 2848 3968 3115 ſœur! on a tué ma ſœur! elle
1005 3108 3964 3359 colloit ſa bouche ſur la ſienne,
738 3346 3972 3605 & elle verſoit un déluge de lar-
1092 3605 3964 3856 mes. On a voulu l'éloigner de ce
1088 3825 3960 4107 corps ſanglant; il a été impoſſible
1084 4096 3964 4355 de l'en arracher; elle l'avoit en-
1084 4342 3964 4597 trelacé dans ſes bras; elle nous
1081 4580 3964 4836 repouſſoit avec ſes pieds, & di-
1081 4829 3957 5078 ſoit qu'elle vouloit mourir avec
738 5056 3998 5327 ſa ſœur. Ma maîtreſſe donnoit
1081 5289 3949 5573 quelques ſignes de vie: le Chi-
1085 5566 3945 5839 rurgien eſt accouru; mais ſes ſoins
