4266 7784
1554 668 2093 853 .
439 926 3182 1126 ont été vains: elle a entr'ouvert
85 1148 3182 1384 les yeux; on voyoit qu'elle s'ef-
434 1413 3184 1627 forçoit de parler; elle a même
431 1619 3192 1871 ſoulevé une main qu'elle a laiſſé
435 1908 3189 2126 retomber ſur le champ: il lui eſt
435 2141 3193 2359 échappé un foible murmure, &
435 2373 3193 2606 elle a rendu le dernier ſoupir ſur
427 2605 3195 2843 les lèvres de ſa ſœur. On ne pou-
427 2841 3195 3089 voit parvenir à repouſſer la foule;
427 3085 3439 3333 elle groſſiſſoit à tout moment.
423 3330 3195 3557 Un jeune homme a pénétré juſ-
428 3580 3193 3815 qu'à nous: c'étoit celui que ma
405 3814 3192 4056 maîtreſſe avoit marié vers la fin
401 4055 3195 4299 de l'été: il s'eſt mis à genoux
43 4287 3192 4527 devant elle, a baiſé une de ſes
423 4527 3184 4769 mains, l'a portée contre ſon cœur,
427 4766 3184 5000 & s'eſt retiré en ſanglottant. Nous
428 5027 3178 5249 étions dans le plus grand embar-
424 5274 3414 5494 ras, quand M. le Chevalier eſt
85 5494 3418 5751 arrivé: il a fait ſortir tout le
