<PcGts xmlns="http://schema.primaresearch.org/PAGE/gts/pagecontent/2017-07-15" xmlns:xsi="http://www.w3.org/2001/XMLSchema-instance" xsi:schemaLocation="http://schema.primaresearch.org/PAGE/gts/pagecontent/2017-07-15 http://schema.primaresearch.org/PAGE/gts/pagecontent/2017-07-15/pagecontent.xsd"><Metadata><Creator>User123</Creator><Created>2020-10-14T09:11:02</Created><LastChange>2020-10-14T09:11:02</LastChange></Metadata><Page imageFilename="0247.png" imageHeight="7900" imageWidth="4266"><TextRegion id="r0" type="paragraph" orientation="-0.0"><Coords points="1,1 4264,1 4264,7898 1,7898"/><TextLine id="r0_l001"><Coords points="2220,716 2789,716 2789,1032 2220,1032"/><TextEquiv index="1"><Unicode>.</Unicode></TextEquiv></TextLine><TextLine id="r0_l002"><Coords points="3464,1301 3463,1301 3463,1229 3463,1228 3076,1228 3075,1229 3075,1257 3074,1258 3073,1258 3071,1260 3071,1261 3070,1262 2945,1262 2944,1263 2944,1299 2944,1299 2940,1299 2939,1299 2939,1293 2939,1292 2873,1292 2871,1291 2871,1278 2871,1277 2790,1277 2788,1276 2788,1259 2788,1258 1485,1258 1484,1259 1484,1272 1483,1273 1482,1273 1480,1275 1480,1276 1479,1277 1382,1277 1381,1278 1381,1296 1381,1296 1244,1296 1243,1296 1243,1255 1243,1254 1184,1254 1182,1253 1182,1221 1182,1220 1139,1220 1137,1219 1137,1218 1136,1216 1135,1216 1134,1215 1133,1215 1133,1214 1133,1213 1132,1213 1130,1212 1130,1211 1129,1209 1128,1209 1126,1208 1126,1199 1126,1198 1125,1198 1122,1196 1122,1153 1122,1152 1116,1152 1115,1152 1115,1123 1115,1122 773,1122 772,1122 772,1120 774,1118 775,1118 775,1118 775,1117 777,1115 1393,1115 1393,1115 1393,1107 1394,1106 1394,1105 1396,1103 1400,1103 1401,1102 1401,1101 1402,1100 1691,1100 1691,1100 1691,1068 1694,1065 1695,1065 1695,1065 1695,1063 1696,1062 1887,1062 1887,1062 1887,1037 1889,1035 1890,1035 1891,1037 1891,1038 1893,1039 1894,1039 1895,1041 1895,1066 1896,1066 2484,1066 2484,1066 2484,1032 2485,1031 2486,1031 2486,1032 2486,1066 2487,1066 3240,1066 3240,1066 3240,1049 3242,1047 3244,1047 3244,1048 3244,1049 3247,1051 3248,1051 3248,1052 3248,1069 3249,1069 3280,1069 3281,1070 3282,1070 3282,1071 3282,1072 3286,1076 3286,1077 3287,1077 3598,1077 3598,1078 3598,1079 3601,1081 3602,1081 3602,1082 3602,1122 3603,1122 3907,1122 3908,1124 3908,1133 3910,1134 3911,1134 3911,1135 3911,1215 3914,1217 3915,1217 3915,1218 3915,1223 3914,1224 3913,1224 3912,1225 3912,1226 3910,1228 3468,1228 3467,1229 3467,1301 3467,1301"/><TextEquiv index="1"><Unicode>temps; il eſt aſſis auprès des deux</Unicode></TextEquiv></TextLine><TextLine id="r0_l003"><Coords points="11,1048 230,1048 230,1315 11,1315"/><TextEquiv index="1"><Unicode></Unicode></TextEquiv></TextLine><TextLine id="r0_l004"><Coords points="1146,1547 1145,1547 1145,1466 1145,1465 1143,1465 1141,1464 1141,1463 1141,1462 1140,1462 1137,1460 1137,1459 1137,1458 1136,1458 1133,1456 1133,1455 1133,1454 1128,1454 1126,1453 1126,1448 1126,1447 1125,1447 1122,1445 1122,1414 1123,1413 1124,1413 1126,1411 1126,1407 1128,1405 1129,1405 1130,1404 1130,1399 1132,1397 1133,1397 1134,1396 1134,1395 1135,1394 1136,1394 1137,1393 1137,1392 1139,1390 1140,1390 1140,1390 1141,1389 1141,1388 1143,1386 1148,1386 1148,1386 1148,1385 1151,1382 1152,1382 1152,1382 1152,1381 1155,1378 1163,1378 1164,1377 1164,1376 1165,1375 1239,1375 1239,1375 1239,1354 1241,1352 1242,1352 1243,1351 1243,1297 1244,1296 1382,1296 1382,1297 1382,1352 1383,1352 1385,1352 1386,1354 1386,1355 1388,1356 1389,1356 1390,1358 1390,1371 1391,1371 1563,1371 1563,1372 1563,1375 1564,1375 1812,1375 1812,1375 1812,1361 1813,1360 1814,1360 1818,1356 1865,1356 1865,1356 1865,1300 1866,1299 1868,1299 1868,1300 1868,1301 1869,1302 1869,1303 1870,1303 1872,1303 1872,1304 1872,1356 1873,1356 1883,1356 1883,1356 1883,1325 1884,1324 1884,1323 1885,1322 1886,1322 1890,1318 1970,1318 1970,1318 1970,1316 1972,1314 2012,1314 2012,1314 2012,1312 2013,1311 2014,1311 2016,1309 2016,1308 2017,1307 2026,1307 2026,1308 2027,1309 2027,1310 2026,1311 2025,1311 2023,1313 2023,1314 2024,1314 2112,1314 2114,1317 2114,1318 2115,1318 2120,1318 2121,1320 2121,1321 2123,1322 2124,1322 2125,1324 2125,1359 2126,1359 2358,1359 2358,1359 2358,1335 2360,1333 2502,1333 2502,1333 2502,1327 2503,1326 2508,1326 2509,1325 2509,1324 2511,1322 2535,1322 2535,1322 2535,1321 2538,1318 2546,1318 2547,1320 2547,1321 2549,1322 2554,1322 2554,1323 2554,1324 2555,1325 2555,1329 2557,1330 2558,1330 2558,1331 2558,1375 2559,1375 2855,1375 2856,1374 2857,1375 2859,1375 2860,1377 2860,1378 2861,1378 2939,1378 2939,1378 2939,1300 2940,1299 2945,1299 2946,1301 2946,1378 2947,1378 3093,1378 3093,1378 3093,1332 3096,1329 3097,1329 3097,1329 3097,1328 3099,1326 3104,1326 3104,1326 3104,1325 3107,1322 3108,1322 3108,1322 3108,1321 3111,1318 3350,1318 3350,1318 3350,1316 3352,1314 3459,1314 3459,1314 3459,1312 3460,1311 3463,1311 3463,1311 3463,1302 3464,1301 3467,1301 3467,1302 3467,1303 3468,1303 3530,1303 3531,1305 3531,1306 3533,1307 3647,1307 3648,1309 3648,1314 3649,1314 3654,1314 3655,1316 3655,1318 3656,1318 3666,1318 3666,1319 3666,1326 3667,1326 3794,1326 3795,1328 3795,1329 3796,1329 3808,1329 3810,1332 3810,1333 3811,1333 3812,1333 3813,1335 3813,1390 3814,1390 3899,1390 3900,1392 3900,1393 3901,1393 3902,1393 3904,1396 3904,1400 3906,1401 3907,1401 3908,1403 3908,1446 3909,1446 3936,1446 3937,1447 3938,1447 3938,1448 3938,1460 3936,1462 3931,1462 3930,1463 3930,1502 3925,1507 3922,1505 3922,1504 3922,1503 3906,1503 3904,1502 3904,1501 3904,1500 3903,1499 3902,1499 3900,1498 3900,1482 3899,1480 3777,1480 3776,1480 3776,1479 3775,1477 3662,1477 3661,1476 3660,1476 3659,1476 3659,1475 3658,1473 3657,1473 3655,1472 3655,1470 3655,1469 2925,1469 2924,1470 2924,1506 2924,1506 2923,1506 2920,1509 2920,1510 2920,1510 2917,1510 2916,1510 2916,1470 2916,1469 2643,1469 2641,1468 2641,1467 2640,1465 2036,1465 2034,1464 2034,1463 2034,1462 1768,1462 1767,1463 1767,1517 1766,1518 1719,1518 1718,1518 1718,1466 1718,1465 1541,1465 1540,1466 1540,1542 1540,1542 1534,1542 1533,1542 1533,1466 1533,1465 1447,1465 1446,1466 1446,1521 1445,1522 1444,1522 1443,1523 1443,1524 1442,1525 1423,1525 1422,1526 1404,1526 1397,1520 1397,1466 1397,1465 1185,1465 1182,1468 1182,1469 1182,1469 1165,1469 1164,1470 1164,1547 1164,1547"/><TextEquiv index="1"><Unicode>corps qui ſont ſur un lit élevé:</Unicode></TextEquiv></TextLine><TextLine id="r0_l005"><Coords points="3287,1796 3286,1796 3286,1794 3286,1793 3110,1793 3108,1792 3108,1791 3107,1789 3106,1789 3105,1789 3105,1788 3104,1787 3104,1786 3103,1786 3101,1785 3101,1779 3101,1778 2480,1778 2479,1779 2479,1793 2479,1793 2478,1793 2477,1794 2472,1794 2471,1794 2471,1779 2471,1778 2171,1778 2170,1779 2170,1785 2169,1786 2168,1786 2166,1785 2166,1783 2166,1782 2164,1782 2162,1781 2162,1715 2162,1714 1266,1714 1265,1715 1265,1778 1265,1778 1264,1778 1262,1780 1262,1781 1261,1782 1154,1782 1153,1782 1153,1781 1152,1780 1152,1715 1152,1714 1143,1714 1141,1713 1141,1712 1140,1710 1131,1710 1130,1710 1130,1705 1128,1702 1127,1702 1126,1702 1126,1697 1125,1695 1124,1695 1122,1694 1122,1689 1122,1688 1121,1688 1118,1686 1118,1685 1118,1684 1117,1684 1115,1683 1115,1681 1116,1680 1117,1680 1118,1679 1118,1664 1121,1661 1122,1661 1122,1661 1122,1652 1124,1650 1125,1650 1126,1649 1126,1644 1127,1643 1128,1643 1130,1641 1130,1640 1131,1639 1132,1639 1134,1637 1134,1636 1135,1635 1136,1635 1137,1634 1137,1633 1139,1631 1144,1631 1145,1630 1145,1548 1146,1547 1529,1547 1529,1547 1529,1546 1531,1544 1533,1544 1533,1544 1533,1543 1534,1542 1541,1542 1541,1543 1541,1559 1542,1559 2059,1559 2063,1563 2747,1563 2747,1563 2747,1549 2748,1548 3247,1548 3248,1550 3248,1563 3249,1563 3330,1563 3331,1565 3331,1567 3332,1567 3425,1567 3425,1568 3425,1569 3426,1570 3426,1571 3427,1571 3892,1571 3892,1572 3892,1573 3894,1574 3898,1574 3899,1575 3900,1575 3900,1576 3900,1626 3903,1628 3904,1628 3904,1629 3904,1706 3905,1706 3914,1706 3915,1708 3915,1713 3917,1714 3918,1714 3919,1716 3919,1717 3918,1718 3909,1718 3908,1719 3908,1720 3906,1722 3894,1722 3893,1723 3893,1781 3892,1782 3890,1782 3889,1783 3889,1785 3888,1786 3887,1786 3885,1785 3885,1723 3885,1722 3884,1722 3883,1721 3881,1720 3881,1719 3881,1718 3298,1718 3297,1719 3297,1796 3297,1796"/><TextEquiv index="1"><Unicode>on leur a laiſſé leurs habits. Il</Unicode></TextEquiv></TextLine><TextLine id="r0_l006"><Coords points="1501,2031 1499,2030 1499,2029 1498,2027 1497,2027 1495,2026 1495,2020 1495,2019 1308,2019 1307,2019 1307,2018 1306,2016 1302,2016 1299,2014 1299,2013 1299,2012 1298,2012 1295,2010 1295,2009 1295,2008 1294,2008 1292,2007 1292,2006 1291,2004 1290,2004 1288,2003 1288,1999 1287,1997 1286,1997 1284,1996 1284,1968 1284,1967 1114,1967 1113,1966 1112,1966 1111,1966 1111,1965 1109,1962 1108,1962 1107,1962 1107,1961 1106,1959 1105,1959 1103,1958 1103,1957 1104,1956 1105,1955 1106,1955 1107,1954 1107,1882 1109,1880 1114,1880 1114,1880 1114,1879 1117,1876 1121,1876 1123,1874 1123,1873 1124,1872 1129,1872 1130,1871 1130,1870 1131,1869 1171,1869 1171,1869 1171,1859 1173,1857 1174,1857 1175,1856 1175,1855 1176,1854 1177,1854 1179,1852 1179,1851 1180,1850 1182,1850 1182,1850 1182,1818 1184,1816 1750,1816 1752,1814 1752,1813 1753,1812 2471,1812 2471,1812 2471,1795 2472,1794 2476,1794 2476,1795 2476,1796 2477,1796 3296,1796 3296,1797 3296,1812 3297,1812 3485,1812 3485,1813 3485,1814 3486,1815 3486,1819 3487,1819 3880,1819 3881,1821 3881,1872 3882,1872 3895,1872 3896,1874 3896,1875 3898,1876 3899,1876 3899,1877 3900,1878 3900,1879 3902,1880 3903,1880 3904,1882 3904,1887 3905,1887 3906,1887 3908,1890 3908,1894 3910,1895 3911,1895 3911,1896 3911,1906 3911,1906 3909,1906 3908,1907 3908,1946 3899,1955 3895,1955 3892,1958 3892,1959 3892,1959 3887,1959 3885,1961 3885,1962 3884,1963 3559,1963 3557,1965 3557,1966 3557,1966 3221,1966 3220,1967 2243,1967 2242,1968 2242,1977 2241,1978 2239,1978 2238,1979 2238,1996 2237,1997 1504,1997 1503,1998 1503,2030 1502,2031"/><TextEquiv index="1"><Unicode>regne dans la maiſon un ſilence</Unicode></TextEquiv></TextLine><TextLine id="r0_l007"><Coords points="2745,2284 2744,2284 2744,2283 2744,2282 2167,2282 2166,2282 2166,2281 2166,2280 1133,2280 1132,2279 1131,2279 1130,2279 1130,2209 1130,2208 1106,2208 1103,2206 1103,2195 1105,2193 1107,2193 1107,2193 1107,2119 1109,2117 1243,2117 1243,2117 1243,2100 1245,2098 1408,2098 1408,2098 1408,2090 1409,2089 1409,2088 1410,2087 1491,2087 1491,2087 1491,2059 1493,2057 1499,2057 1499,2057 1499,2055 1501,2053 3711,2053 3711,2054 3711,2055 3712,2056 3712,2110 3713,2110 3801,2110 3821,2131 3821,2144 3822,2144 3915,2144 3915,2145 3915,2166 3915,2166 3826,2166 3825,2167 3825,2180 3823,2182 3822,2182 3821,2183 3821,2188 3820,2189 3819,2189 3817,2191 3817,2192 3816,2193 3811,2193 3810,2194 3810,2195 3808,2197 3807,2197 3806,2198 3806,2199 3805,2200 3797,2200 3794,2203 3794,2204 3794,2204 3352,2204 3348,2208 3012,2208 3011,2209 3011,2223 3012,2223 3199,2223 3199,2224 3199,2226 3198,2227 3197,2227 3195,2229 3195,2230 3195,2230 3012,2230 3011,2231 3011,2278 3009,2280 3008,2280 3007,2281 3007,2282 3006,2283 2756,2283 2755,2284"/><TextEquiv index="1"><Unicode>morne: on n'entend que le ſiffle-</Unicode></TextEquiv></TextLine><TextLine id="r0_l008"><Coords points="2409,2530 2408,2530 2408,2529 2408,2528 1990,2528 1989,2528 1989,2526 1989,2525 1988,2525 1985,2523 1985,2499 1985,2498 1380,2498 1378,2497 1378,2458 1378,2457 1302,2457 1299,2455 1299,2454 1299,2453 1102,2453 1100,2452 1100,2375 1100,2374 1083,2374 1081,2373 1081,2371 1082,2370 1083,2370 1083,2370 1084,2369 1084,2368 1086,2366 1096,2366 1096,2366 1096,2333 1097,2332 1205,2332 1205,2332 1205,2330 1207,2328 1269,2328 1269,2328 1269,2303 1270,2302 1710,2302 1710,2302 1710,2292 1711,2291 2167,2291 2167,2291 2167,2283 2168,2282 2173,2282 2174,2283 2999,2283 2999,2284 2999,2287 3000,2287 3278,2287 3278,2288 3278,2289 3281,2291 3282,2291 3282,2292 3282,2317 3283,2317 3285,2317 3286,2319 3286,2347 3287,2347 3616,2347 3617,2349 3617,2355 3618,2355 3711,2355 3712,2357 3712,2358 3713,2358 3853,2358 3855,2361 3855,2396 3856,2396 3914,2396 3915,2398 3915,2418 3914,2419 3863,2419 3862,2420 3862,2426 3863,2426 4125,2426 4126,2428 4126,2429 4128,2430 4129,2430 4130,2432 4130,2433 4129,2434 4128,2434 4126,2436 4126,2437 4125,2438 3863,2438 3862,2439 3862,2445 3862,2445 3849,2445 3848,2446 3848,2447 3846,2449 3502,2449 3501,2450 3501,2451 3500,2452 3500,2453 3500,2453 3475,2453 3474,2454 3474,2529 3474,2529 2427,2529 2426,2530"/><TextEquiv index="1"><Unicode>ment du vent qui court dans tou-</Unicode></TextEquiv></TextLine><TextLine id="r0_l009"><Coords points="2628,2781 2627,2781 2626,2780 2626,2779 2625,2777 1143,2777 1141,2776 1141,2703 1141,2702 1121,2702 1118,2700 1118,2699 1118,2698 1117,2698 1115,2697 1115,2693 1113,2690 1112,2690 1111,2690 1111,2635 1111,2634 1102,2634 1100,2633 1100,2627 1099,2626 1100,2625 1100,2624 1102,2622 1103,2622 1103,2622 1103,2621 1105,2619 1109,2619 1113,2615 1117,2615 1119,2613 1119,2612 1120,2611 1121,2611 1122,2610 1122,2606 1128,2600 1137,2600 1137,2600 1137,2553 1138,2552 1138,2551 905,2551 904,2551 904,2550 903,2549 905,2547 906,2547 907,2546 907,2545 909,2543 2407,2543 2407,2543 2407,2531 2408,2530 2799,2530 2801,2528 3108,2528 3109,2527 3116,2527 3116,2528 3116,2529 3117,2529 3474,2529 3474,2530 3474,2551 3475,2551 3874,2551 3874,2552 3874,2562 3875,2562 3877,2562 3877,2563 3877,2607 3878,2607 3880,2607 3881,2609 3881,2610 3883,2611 3888,2611 3889,2613 3889,2614 3891,2615 3892,2615 3892,2616 3892,2617 3895,2619 3896,2619 3896,2620 3896,2625 3897,2625 3898,2626 3903,2626 3904,2628 3904,2674 3903,2675 3902,2675 3900,2677 3900,2682 3900,2682 3899,2682 3896,2685 3896,2690 3896,2690 3895,2690 3892,2693 3892,2694 3892,2694 3887,2694 3885,2696 3885,2697 3884,2698 3879,2698 3877,2700 3877,2701 3876,2702 3694,2702 3693,2703 3693,2749 3691,2751 3679,2751 3678,2752 3678,2753 3677,2754 3004,2754 3003,2755 3003,2777 3003,2777 2993,2777 2992,2778 2992,2779 2992,2779 2631,2779 2629,2781"/><TextEquiv index="1"><Unicode>tes les chambres. On diroit que</Unicode></TextEquiv></TextLine><TextLine id="r0_l010"><Coords points="2522,3029 2521,3029 2521,3027 2521,3026 1855,3026 1853,3025 1853,3023 1853,3022 1256,3022 1254,3021 1254,3020 1253,3019 1253,3018 1252,3018 1250,3017 1250,2951 1250,2950 1109,2950 1107,2949 1107,2948 1107,2947 1099,2947 1098,2946 1097,2946 1096,2946 1096,2945 1095,2944 1095,2943 1094,2943 1092,2942 1092,2933 1093,2932 1094,2932 1096,2930 1096,2805 1098,2803 1107,2803 1107,2803 1107,2802 1110,2799 1114,2799 1115,2798 1115,2797 1116,2796 1141,2796 1141,2796 1141,2783 1143,2781 1152,2781 1152,2782 1152,2784 1153,2785 1153,2814 1155,2815 1156,2815 1156,2816 1156,2818 1157,2818 2125,2818 2125,2818 2125,2805 2127,2803 2456,2803 2456,2803 2456,2790 2458,2788 2460,2788 2460,2788 2460,2786 2462,2784 2878,2784 2879,2783 2879,2782 2880,2781 2885,2781 2887,2779 2991,2779 2992,2780 3371,2780 3372,2781 3470,2781 3471,2783 3471,2784 3472,2784 3473,2784 3474,2786 3474,2796 3475,2796 3832,2796 3832,2797 3832,2890 3833,2890 3899,2890 3900,2892 3900,2912 3899,2913 3830,2913 3829,2914 3829,2929 3828,2930 3828,2931 3828,2931 3823,2931 3821,2933 3821,2938 3820,2939 3815,2939 3814,2940 3814,2941 3812,2943 3807,2943 3806,2944 3806,2945 3804,2947 3577,2947 3576,2948 3576,2949 3575,2950 3452,2950 3451,2951 3451,3007 3451,3007 3423,3007 3421,3009 3421,3010 3420,3011 3399,3011 3398,3012 3398,3027 3398,3027 3393,3027 3392,3027 3392,3012 3392,3011 3303,3011 3301,3010 3301,2955 3301,2954 2533,2954 2532,2955 2532,3029 2532,3029"/><TextEquiv index="1"><Unicode>la mort a traverſé les apparte-</Unicode></TextEquiv></TextLine><TextLine id="r0_l011"><Coords points="1143,3256 1141,3255 1141,3253 1141,3252 1139,3252 1137,3251 1137,3196 1137,3195 1097,3195 1096,3195 1096,3194 1091,3188 1090,3188 1088,3187 1088,3111 1091,3108 1092,3108 1092,3108 1092,3107 1094,3105 1137,3105 1137,3105 1137,3065 1139,3063 1175,3063 1175,3063 1175,3046 1177,3044 1178,3044 1179,3043 1179,3042 1180,3041 1181,3041 1182,3040 1182,3039 1184,3037 1193,3037 1194,3036 1194,3034 1195,3033 2000,3033 2000,3033 2000,3027 2001,3026 2004,3026 2005,3027 3399,3027 3399,3028 3399,3033 3400,3033 3759,3033 3763,3037 3764,3037 3764,3038 3764,3066 3765,3067 3765,3097 3766,3097 3876,3097 3878,3100 3878,3101 3879,3101 3884,3101 3885,3103 3885,3104 3887,3105 3892,3105 3892,3106 3892,3107 3893,3107 3894,3108 3895,3108 3896,3110 3896,3198 3895,3199 3894,3199 3893,3200 3893,3205 3891,3207 3890,3207 3889,3208 3889,3209 3887,3211 3886,3211 3885,3212 3885,3213 3884,3214 3883,3214 3881,3216 3881,3217 3880,3218 3875,3218 3874,3219 3874,3220 3872,3222 3864,3222 3862,3224 3862,3225 3862,3225 3861,3225 3860,3226 3858,3226 3857,3225 3856,3225 3855,3225 3855,3224 3855,3223 3854,3222 3853,3222 3851,3221 3851,3215 3851,3214 1599,3214 1597,3216 1597,3221 1596,3222 1591,3222 1590,3223 1590,3224 1589,3225 1588,3225 1587,3226 1580,3226 1578,3228 1578,3229 1578,3229 1150,3229 1149,3230 1149,3254 1147,3256"/><TextEquiv index="1"><Unicode>mens; c'eſt une ſolitude affreuſe;</Unicode></TextEquiv></TextLine><TextLine id="r0_l012"><Coords points="675,3275 4007,3275 4007,3526 675,3526"/><TextEquiv index="1"><Unicode>hors la ſalle baſſe où il y a une</Unicode></TextEquiv></TextLine><TextLine id="r0_l013"><Coords points="3596,3779 3595,3779 3595,3778 3595,3777 2141,3777 2140,3777 2140,3775 2140,3774 1195,3774 1194,3773 1131,3773 1130,3773 1130,3770 1130,3769 1129,3769 1128,3768 1127,3768 1126,3768 1126,3694 1126,3693 1117,3693 1114,3691 1114,3690 1114,3689 1113,3689 1111,3688 1111,3687 1110,3685 1109,3685 1107,3684 1107,3683 1107,3682 1103,3682 1102,3681 1101,3681 1100,3681 1100,3673 1096,3669 1096,3661 1095,3659 1094,3659 1092,3658 1092,3642 1094,3640 1095,3640 1096,3639 1096,3623 1098,3621 1099,3621 1099,3621 1099,3620 1102,3617 1103,3617 1103,3617 1103,3616 1105,3614 1106,3614 1107,3613 1107,3612 1109,3610 1114,3610 1114,3610 1114,3609 1117,3606 1121,3606 1125,3602 1133,3602 1133,3602 1133,3573 1133,3572 841,3572 839,3571 839,3570 839,3569 838,3569 836,3568 836,3566 838,3564 1133,3564 1133,3564 1133,3556 1140,3549 1141,3549 1141,3549 1141,3547 1142,3546 1672,3546 1672,3547 1672,3548 1674,3549 3410,3549 3410,3549 3410,3526 3411,3525 3414,3525 3414,3526 3414,3534 3415,3534 3733,3534 3734,3536 3734,3537 3735,3537 3736,3538 3737,3538 3738,3540 3738,3595 3739,3595 3802,3595 3802,3596 3802,3605 3804,3606 3812,3606 3814,3609 3814,3610 3815,3610 3820,3610 3821,3612 3821,3613 3822,3613 3823,3613 3825,3616 3825,3617 3826,3617 3827,3617 3828,3619 3828,3620 3829,3621 3829,3655 3830,3655 3869,3655 3870,3657 3870,3658 3872,3659 3877,3659 3877,3660 3877,3661 3879,3663 3880,3663 3881,3663 3881,3664 3881,3665 3884,3667 3885,3667 3885,3668 3885,3673 3887,3674 3888,3674 3889,3676 3889,3699 3888,3700 3884,3700 3883,3701 3882,3701 3881,3702 3881,3707 3880,3708 3879,3708 3878,3709 3878,3713 3877,3714 3877,3715 3877,3715 3876,3715 3874,3717 3874,3722 3873,3723 3872,3723 3870,3725 3870,3726 3870,3726 3869,3726 3866,3729 3866,3730 3866,3730 3865,3730 3864,3731 3860,3731 3859,3732 3859,3733 3858,3734 3853,3734 3851,3736 3851,3737 3850,3738 3600,3738 3599,3739 3599,3778 3598,3779"/><TextEquiv index="1"><Unicode>circulation de monde perpétuelle,</Unicode></TextEquiv></TextLine><TextLine id="r0_l014"><Coords points="1356,4021 1356,4020 1093,4020 1092,4020 1092,4011 1092,4010 1091,4010 1090,4009 1089,4009 1088,4009 1088,3872 1084,3868 1084,3862 1085,3861 1085,3860 1086,3859 1098,3859 1100,3857 1100,3856 1101,3855 1102,3855 1104,3853 1104,3852 1105,3851 1106,3851 1107,3850 1107,3849 1108,3848 1109,3848 1111,3846 1111,3842 1117,3836 1130,3836 1130,3836 1130,3774 1131,3773 1350,3773 1350,3773 1350,3755 1351,3754 1684,3754 1684,3755 1684,3768 1685,3768 1834,3768 1835,3770 1835,3776 1836,3776 2411,3776 2411,3777 2411,3783 2412,3783 3530,3783 3531,3785 3531,3791 3532,3791 3598,3791 3599,3793 3599,3795 3600,3795 3775,3795 3776,3797 3776,3798 3777,3798 3786,3798 3787,3800 3787,3801 3788,3801 3789,3802 3790,3802 3791,3804 3791,3847 3792,3847 3865,3847 3866,3849 3866,3850 3868,3851 3869,3851 3870,3853 3870,3854 3872,3855 3877,3855 3877,3856 3877,3857 3880,3859 3881,3859 3881,3860 3881,3925 3884,3927 3885,3927 3885,3928 3885,3929 3887,3930 3888,3930 3889,3932 3889,4047 3890,4047 3910,4047 3910,4048 3910,4048 1644,4048 1643,4049"/><TextEquiv index="1"><Unicode>tout eſt déſert. On n'a point dîné;</Unicode></TextEquiv></TextLine><TextLine id="r0_l015"><Coords points="1885,4292 1883,4291 1883,4288 1883,4287 1203,4287 1202,4287 1202,4255 1202,4254 1109,4254 1107,4253 1107,4252 1107,4251 1091,4251 1088,4249 1088,4248 1088,4247 1083,4247 1081,4246 1081,4245 1080,4243 1079,4243 1077,4242 1077,4230 1079,4228 1081,4228 1081,4228 1081,4101 1082,4100 1093,4100 1093,4100 1093,4021 1094,4020 1095,4020 1096,4021 1137,4021 1137,4022 1137,4024 1138,4024 1449,4024 1450,4025 1842,4025 1842,4026 1842,4042 1844,4043 1995,4043 1997,4046 1997,4047 1998,4047 2799,4047 2799,4048 2799,4049 2802,4051 2803,4051 2803,4052 2803,4066 2804,4066 3270,4066 3271,4068 3271,4069 3270,4070 3268,4070 3267,4071 3267,4080 3266,4081 2932,4081 2931,4082 2931,4190 2931,4190 2930,4190 2928,4192 2928,4196 2922,4202 2914,4202 2913,4203 2913,4204 2912,4205 2912,4205 2911,4205 2910,4206 2544,4206 2543,4207 2543,4227 2542,4228 2541,4228 2540,4229 2540,4230 2539,4231 2539,4235 2538,4236 2537,4236 2536,4237 2536,4238 2535,4239 2534,4239 2533,4240 2532,4241 2532,4242 2531,4243 2530,4243 2528,4245 2528,4246 2527,4247 2522,4247 2521,4248 2521,4249 2519,4251 2515,4251 2513,4253 2513,4254 2513,4254 2508,4254 2505,4257 2505,4258 2505,4258 1892,4258 1891,4259 1891,4288 1891,4288 1890,4288 1889,4289 1887,4291 1887,4292 1887,4292"/><TextEquiv index="1"><Unicode>perſonne n'y ſongeoit.</Unicode></TextEquiv></TextLine><TextLine id="r0_l016"><Coords points="2635,4432 3513,4432 3513,4606 2635,4606"/><TextEquiv index="1"><Unicode>Le ſoir.</Unicode></TextEquiv></TextLine><TextLine id="r0_l017"><Coords points="1082,4681 3871,4681 3871,4934 1082,4934"/><TextEquiv index="1"><Unicode>Il eſt venu de l'Oſficialité une</Unicode></TextEquiv></TextLine><TextLine id="r0_l018"><Coords points="1067,4956 3875,4956 3875,5183 1067,5183"/><TextEquiv index="1"><Unicode>défenſe de les inhumer en terre</Unicode></TextEquiv></TextLine><TextLine id="r0_l019"><Coords points="1059,5190 3879,5190 3879,5424 1059,5424"/><TextEquiv index="1"><Unicode>ſainte: on murmure beaucoup de</Unicode></TextEquiv></TextLine><TextLine id="r0_l020"><Coords points="2281,5683 2279,5681 1504,5681 1503,5681 1503,5605 1503,5604 1464,5604 1461,5602 1461,5601 1461,5600 1098,5600 1096,5599 1096,5598 1095,5596 1086,5596 1085,5596 1085,5595 1083,5592 1078,5592 1077,5592 1077,5591 1064,5577 1063,5577 1062,5577 1062,5541 1063,5540 1064,5540 1066,5538 1066,5534 1068,5532 1069,5532 1069,5532 1069,5527 1072,5524 1073,5524 1073,5524 1073,5519 1075,5517 1076,5517 1077,5516 1077,5515 1079,5513 1084,5513 1084,5513 1084,5512 1087,5509 1088,5509 1088,5509 1088,5508 1090,5506 1092,5506 1092,5506 1092,5493 1096,5489 1096,5488 1097,5487 1099,5487 1099,5487 1099,5485 1100,5484 1100,5477 1101,5476 1102,5476 1103,5475 1736,5475 1736,5475 1736,5456 1737,5455 1737,5454 1738,5453 1739,5453 1741,5451 1741,5450 1742,5449 1751,5449 1751,5450 1751,5451 1754,5453 3164,5453 3169,5459 3169,5460 3170,5460 3423,5460 3424,5461 3425,5461 3425,5462 3425,5463 3427,5464 3428,5464 3429,5466 3429,5471 3431,5472 3432,5472 3433,5474 3433,5498 3434,5498 3873,5498 3874,5500 3874,5509 3875,5509 3876,5509 3878,5512 3878,5513 3879,5513 3880,5513 3881,5515 3881,5517 3881,5517 3871,5517 3870,5518 3870,5520 3869,5521 3867,5521 3866,5522 3866,5543 3866,5543 3865,5543 3862,5546 3862,5607 3862,5607 3861,5607 3859,5609 3859,5610 3858,5611 3857,5611 3855,5613 3855,5614 3854,5615 3782,5615 3779,5618 3779,5619 3779,5619 3577,5619 3576,5620 3576,5656 3575,5657 3573,5657 3572,5658 3572,5660 3572,5660 3571,5660 3568,5663 3568,5664 3568,5664 3566,5664 3565,5664 3565,5663 3564,5662 3564,5658 3564,5657 2865,5657 2864,5658 2864,5666 2863,5667 2863,5668 2863,5668 2862,5668 2860,5670 2860,5671 2860,5671 2859,5671 2858,5672 2288,5672 2287,5673 2287,5678 2286,5679 2285,5679 2283,5681 2283,5682 2282,5683"/><TextEquiv index="1"><Unicode>cet excès de rigueur. Ils ſeront</Unicode></TextEquiv></TextLine><TextLine id="r0_l021"><Coords points="711,5983 711,5982 711,5981 710,5981 707,5979 709,5977 711,5977 711,5978 711,5979 714,5981 714,5981 714,5688 715,5687 751,5687 752,5686 788,5686 789,5685 825,5685 826,5684 862,5684 863,5683 899,5683 900,5682 936,5682 937,5681 1507,5681 1509,5683 1510,5683 1511,5685 1511,5694 1512,5694 2780,5694 2781,5696 2781,5705 2782,5705 3355,5705 3356,5706 3357,5706 3357,5707 3357,5708 3359,5709 3360,5709 3361,5711 3361,5717 3362,5717 3843,5717 3843,5718 3843,5719 3846,5721 3877,5721 3878,5723 3878,5724 3879,5724 3880,5724 3881,5726 3881,5731 3880,5732 3875,5732 3874,5733 3874,5787 3873,5788 3872,5788 3870,5790 3870,5799 3869,5800 3867,5800 3866,5801 3866,5810 3865,5811 3864,5811 3863,5812 3863,5813 3861,5815 3860,5815 3859,5816 3859,5817 3858,5818 3858,5819 3858,5819 3856,5819 3855,5820 3855,5863 3854,5864 3849,5864 3847,5866 3847,5867 3846,5868 3701,5868 3700,5869 3700,5909 3700,5909 3699,5909 3693,5915 3693,5916 3693,5916 3692,5916 3691,5917 1009,5917 1007,5915 1006,5915 1003,5912 1002,5912 998,5908 997,5908 994,5905 993,5905 990,5902 989,5902 985,5898 984,5898 981,5895 980,5895 976,5891 975,5891 972,5888 971,5888 968,5885 967,5885 963,5881 962,5881 959,5878 958,5878 954,5874 953,5874 950,5871 949,5871 946,5868 945,5868 941,5864 940,5864 937,5861 936,5861 932,5857 931,5857 928,5854 927,5854 924,5851 923,5851 919,5847 918,5847 915,5844 914,5844 910,5840 909,5840 906,5837 905,5837 902,5834 901,5834 897,5830 896,5830 893,5827 892,5827 888,5823 887,5823 884,5820 883,5820 880,5817 879,5817 875,5813 874,5813 871,5810 870,5810 866,5806 865,5806 862,5803 861,5803 858,5800 857,5800 853,5796 852,5796 849,5793 848,5793 844,5789 843,5789 840,5786 839,5786 836,5783 835,5783 831,5779 830,5779 827,5776 826,5776 822,5772 821,5772 818,5769 817,5769 814,5766 813,5766 809,5762 808,5762 805,5759 804,5759 800,5755 799,5755 796,5752 795,5752 792,5749 791,5749 787,5745 786,5745 783,5742 782,5742 778,5738 777,5738 774,5735 773,5735 769,5731 768,5731 765,5728 764,5728 761,5725 760,5725 756,5721 755,5721 752,5718 751,5718 747,5714 746,5714 743,5711 742,5711 739,5708 738,5708 734,5704 733,5704 730,5701 729,5701 725,5697 724,5697 721,5694 720,5694 717,5691 716,5691 715,5692 715,5984 714,5985"/><TextEquiv index="1"><Unicode>portés dans un bois de ſaules qui</Unicode></TextEquiv></TextLine></TextRegion></Page></PcGts>