4266 7900
1499 656 2103 863 i
-6 934 3203 1164 rés par le bruit de notre malheur,
-14 1159 3203 1409 & des payſans de tous les villages
-6 1431 3199 1661 voiſins, rempliſſoient la ſalle &
-13 1632 3203 1904 les avenues. On a ſuſpendu les
391 1916 3200 2157 plaintes pour écouter le vénérable
-12 2140 3218 2415 Paſteur qui a commencé d'élever
-11 2377 3211 2656 ſa voix. Il a dit en parlant de ſon
-11 2656 3210 2909 ami, qu'il avoit mérité l'amour
-10 2911 3223 3148 de ſa compagne, & forcé l'eſtime
-10 3168 3188 3388 de ceux même qui ne pouvoient
-9 3367 3199 3644 l'aimer: il s'eſt étendu avec un
319 3656 3188 3875 plaiſir douloureux ſur l'éloge de
-8 3858 3384 4146 ſa pupille, & il a fait paſſer dans
-8 4133 3256 4376 tous les cœurs l'admiration dont
-7 4376 3188 4620 il étoit plein. Il a rappellé la
-7 4620 3180 4857 douceur de ſon eſprit, ſa géné-
-6 4857 3180 5095 roſité, ſa candeur, ſa piété ſu-
-6 5072 3165 5355 blime, ſa paſſion pour la vertu
-5 5353 3165 5574 qui lui avoit fait ſacrifier ſon bon-
-4 5559 3161 5871 heur à ſes principes. Il a juſtifié
583 5868 1469 6082 Tome II.
