4266 7816
1125 925 3940 1133 ſon penchant pour M. Faldoni,
1169 1166 3933 1378 en diſant qu'elle y avoit été au-
1103 1411 3947 1644 toriſée par ſa mere: il a nette-
1080 1644 3951 1872 ment ajouté que l'hymen auquel
1106 1901 3947 2132 on l'avoit voulu forcer, n'étoit
1099 2143 3940 2354 point fait pour elle, & qu'un jour
1103 2380 3947 2612 peut-être ſa famille en ſeroit con-
1099 2612 3947 2815 vaineue. Vers la fin de ſon diſ-
1106 2878 3944 3060 cours, ſa voix s'eſt animée; ſes
1088 3123 3940 3331 larmes tomboient; il appelloit ſa
1114 3361 3929 3584 fille avec l'accent de la douleur;
1055 3609 3925 3825 il lui reprochoit tendrement de
1103 3851 3940 4074 l'avoir laiſſé ſeul, & poſant la
1088 4092 3936 4278 main ſur ſon cercueil, il s'eſt
1051 4333 3940 4516 écrié: vous avez vu cette fille
1151 4564 3932 4764 du ciel, cet ange ſur la terre:
1088 4801 3940 5013 vous l'avez vu répandre ſes bien-
1110 5035 3936 5258 faits. Qui de vous en fut jamais
1192 5295 3940 5500 rebuté? Qui de vous eut à s'en
1203 5529 3940 5789 plaindre? S'il en eſt un ſeul, qu'il
