4266 7773
468 914 3275 1121 ſe leve & qu'il parle! Il s'eſt fait
442 1158 3264 1364 un mouvement dans tout l'audi-
446 1401 3264 1608 toiré: on crioit, perſonne, per-
494 1645 3260 1851 ſonne! Il a pourſuivi: n'avez-
500 1876 3642 2107 vous pas tous éprouvé ſes bontés,
467 2102 3270 2329 vous, vieillards, femmes, enfans,
468 2328 3255 2556 pauvres, infirmes, affligés? Ré-
483 2585 3260 2806 pondez-moi: ne vous a-t-elle pas
85 2832 3253 3061 nourris, conſolés, ſecourus?....
483 3061 3653 3301 Oui, oui! crioient toutes les voix.
472 3301 3238 3522 -- Eh bien! mêlez vos larmes aux
465 3562 3241 3754 nôtres; uniſſons nos douleurs;
476 3806 3249 4023 conjurons la ſuprême bonté de
464 4053 3404 4274 pardonner à ces deux victimes un
461 4285 3635 4502 moment d'erreur, en faveur d'une
70 4502 3481 4720 vie entiere conſacrée par la vertu.
446 4746 3611 4979 A ces mots, il s'eſt proſterné, &
74 4993 3212 5193 tout le monde l'imitant, il a com-
74 5239 3204 5463 mencé les prieres des morts: on
92 5461 3197 5709 n'entendoit plus que des gémiſſe-
2537 5709 3105 5897 La
