4266 7793
388 988 3164 1229 ſcène la plus triſte. On eſt arrivé
403 1247 3316 1469 à minuit dans le bois des ſaules:
411 1491 3183 1702 nous pouvions l'appercevoir aiſé-
407 1736 3168 1928 ment de nos fenêtres, à la faveur
407 1983 3183 2212 de ce groupe de lumieres qui,
403 2212 3179 2435 dans l'éloignement, faiſoit paroî-
403 2464 3194 2624 tre le bois comme enflammé.
366 2712 3297 2920 Les corps ont été placés dans la
414 2945 3183 3145 même foſſe, & M. le Curé l'a
411 3186 3186 3375 bénie ſans s'arrêter aux défenſes
400 3430 2228 3623 de M. le Promoteur.
618 3671 3208 3882 Voilà le récit fidele de ce qui
418 3904 3279 4126 s'eſt paſſé ici depuis deux jours:
414 4159 3223 4359 toute la maiſon a pris le deuil;
407 4393 3216 4596 mais celui que nous avons dans
407 4633 3208 4866 nos cœurs ſera long-temps porté.
2205 5843 2542 6062 L
