4266 7629
1041 1030 3736 1249 la vertueuſe compagne à qui vous
1037 1277 3757 1489 vouliez m'unir! que nos corps
1030 1518 3703 1723 ſoient couverts du même gazon &
1012 1755 3746 1963 protégés par le même arbre! voilà
1026 1984 3728 2203 mes vœux; daignez les remplir!
1016 2214 3703 2422 je n'oſe eſpérer que nous ſerons
1015 2454 3772 2648 mis dans le même cercueil; je
1026 2691 3714 2896 connois trop la haine de ſa fa-
1012 2924 3714 3126 mille: mais ne ſouffrez pas qu'on
1008 3161 3725 3370 nous ſépare! Quand la roſée du
1019 3395 3700 3542 ciel tombera ſur nous dans une
1008 3624 3678 3848 belle nuit d'été, ô mon ami! ve-
1008 3848 3696 4066 nez reſpirer la fraîcheur de notre
1005 4098 3707 4306 aſyle: que vos penſées ſolitaires
1005 4331 3754 4529 s'égarent ſur ces heureux temps
829 4546 3700 4755 où nous vivions ſous vos yeux!
1005 4794 3700 5002 qu'alors de pieuſes larmes coulent
987 5024 3721 5232 de vos joues & que vos ſaintes
997 5250 3696 5706 e leoure i ee eiàe
