4266 7511
495 871 3133 1113 plaiſir délicieux à ſonger que je
509 1116 3178 1342 ſerai pendant toute une éternité
506 1349 3133 1559 auprès de mon amante! Hélas!
506 1569 3136 1798 nos bras ne pourront s'étendre
509 1812 3143 2033 pour s'enlâcer; nos ſoupirs ne
421 2033 3147 2251 pourront ſe répondre: mais nous
516 2265 3146 2465 ſerons enſemble! J'ai remarqué
520 2497 3154 2701 dans mes promenades un lieu ſau-
509 2725 3161 2932 vage qui nous convient: il eſt
513 2960 3164 3171 planté de ſaules, coupé par des
516 3188 3164 3385 ruiſſeaux, & entouré de collines
155 3420 3168 3621 qui lui forment un abri. J'ai viſité
530 3655 3171 3846 ce déſert comme on va voir une
534 3884 3174 4081 terre où l'on doit habiter: il m'a
530 4112 3178 4316 paru propre aux méditations reli-
537 4340 3182 4537 gieuſes; il attirera peut-être des
530 4565 3178 4783 ames ſenſibles qui viendront y
541 4804 3185 5011 ſoupirer leurs peines, y pleurer
249 5036 3185 5246 leurs amours, y regretter leurs
547 5256 3184 5495 félicités paſſées, & l'aſpect de
2415 5491 2787 5723 L5
