4266 7499
1142 883 3790 1100 nos tombeaux nourrira leur mé-
1138 1128 3755 1342 lancolie. Peut-être, ſi la pitié nous
1135 1366 3780 1569 accorde une pierre ruſtique &
1138 1601 3780 1797 qu'elle y grave notre hiſtoire, on
1131 1835 3556 2042 nous plaindra d'avoir aimé.
2746 2200 3191 2309 A midi.
1324 2483 3748 2662 Je viens de revoir ma derniere
1121 2715 3748 2918 demeure; je m'y ſuis promené
1117 2942 3745 3156 long-temps: j'ai choiſi l'endroit
1121 3170 3738 3377 où je deſire d'être placé; j'en ai
1117 3408 3741 3559 même creuſé la terre avec un
1110 3639 3738 3836 bâton: c'eſt un ouvrage à moitié
1110 3871 3734 4078 fait. Je me trouve à préſent dans
1100 4105 3738 4298 une diſpoſition aſſez calme, &
1100 4323 3727 4530 je puis raiſonner avec vous. En
1107 4543 3727 4743 rêvant dans mon boſquet, j'avois
1103 4771 3724 4985 raſſemblé les argumens les plus
1110 5016 3731 5216 victorieux en faveur de mon pro-
1107 5233 3717 5437 jet; mais je viens de les oublier;
