<PcGts xmlns="http://schema.primaresearch.org/PAGE/gts/pagecontent/2017-07-15" xmlns:xsi="http://www.w3.org/2001/XMLSchema-instance" xsi:schemaLocation="http://schema.primaresearch.org/PAGE/gts/pagecontent/2017-07-15 http://schema.primaresearch.org/PAGE/gts/pagecontent/2017-07-15/pagecontent.xsd"><Metadata><Creator>User123</Creator><Created>2020-10-14T09:10:33</Created><LastChange>2020-10-14T09:10:33</LastChange></Metadata><Page imageFilename="0260.png" imageHeight="7659" imageWidth="4266"><TextRegion id="r0" type="paragraph" orientation="-0.0"><Coords points="1,1 4264,1 4264,7657 1,7657"/><TextLine id="r0_l001"><Coords points="1483,650 2166,650 2166,866 1483,866"/><TextEquiv index="1"><Unicode>i</Unicode></TextEquiv></TextLine><TextLine id="r0_l002"><Coords points="217,902 3166,902 3166,1115 217,1115"/><TextEquiv index="1"><Unicode>la mémoire m'échappe: hélas!</Unicode></TextEquiv></TextLine><TextLine id="r0_l003"><Coords points="458,1137 3123,1137 3123,1357 458,1357"/><TextEquiv index="1"><Unicode>j'ai tout perdu! je n'ai point lu</Unicode></TextEquiv></TextLine><TextLine id="r0_l004"><Coords points="462,1382 3126,1382 3126,1596 462,1596"/><TextEquiv index="1"><Unicode>vos ſophiſtes qui ont écrit ſur la</Unicode></TextEquiv></TextLine><TextLine id="r0_l005"><Coords points="466,1628 3133,1628 3133,1783 466,1783"/><TextEquiv index="1"><Unicode>mort volontaire: leurs livres en-</Unicode></TextEquiv></TextLine><TextLine id="r0_l006"><Coords points="469,1859 3173,1859 3173,2076 469,2076"/><TextEquiv index="1"><Unicode>nuient &amp; n'apprennent point à</Unicode></TextEquiv></TextLine><TextLine id="r0_l007"><Coords points="476,2101 3144,2101 3144,2285 476,2285"/><TextEquiv index="1"><Unicode>mourir. Ce ſont des ames ſéches</Unicode></TextEquiv></TextLine><TextLine id="r0_l008"><Coords points="75,2335 3173,2335 3173,2534 75,2534"/><TextEquiv index="1"><Unicode>qui diſſertent froidement ſur un</Unicode></TextEquiv></TextLine><TextLine id="r0_l009"><Coords points="484,2566 3155,2566 3155,2776 484,2776"/><TextEquiv index="1"><Unicode>mouvement de déſeſpoir: d'ail-</Unicode></TextEquiv></TextLine><TextLine id="r0_l010"><Coords points="480,2808 3177,2808 3177,3018 480,3018"/><TextEquiv index="1"><Unicode>leurs, toutes ces philoſophies,</Unicode></TextEquiv></TextLine><TextLine id="r0_l011"><Coords points="476,3046 3180,3046 3180,3256 476,3256"/><TextEquiv index="1"><Unicode>comme dit une femme d'eſprit,</Unicode></TextEquiv></TextLine><TextLine id="r0_l012"><Coords points="480,3285 3170,3285 3170,3491 480,3491"/><TextEquiv index="1"><Unicode>ne ſont bonnes que quand on n'en</Unicode></TextEquiv></TextLine><TextLine id="r0_l013"><Coords points="484,3519 3177,3519 3177,3733 484,3733"/><TextEquiv index="1"><Unicode>a que faire. Je me borne à penſer</Unicode></TextEquiv></TextLine><TextLine id="r0_l014"><Coords points="491,3750 3188,3750 3188,3960 491,3960"/><TextEquiv index="1"><Unicode>que Dieu eſt clément, &amp; que</Unicode></TextEquiv></TextLine><TextLine id="r0_l015"><Coords points="487,3999 3184,3999 3184,4209 487,4209"/><TextEquiv index="1"><Unicode>mon ame eſt immortelle; voilà</Unicode></TextEquiv></TextLine><TextLine id="r0_l016"><Coords points="491,4227 3195,4227 3195,4429 491,4429"/><TextEquiv index="1"><Unicode>tout ce qu'il m'importoit de ſa-</Unicode></TextEquiv></TextLine><TextLine id="r0_l017"><Coords points="130,4451 3202,4451 3202,4660 130,4660"/><TextEquiv index="1"><Unicode>voir. Je ne cherche point ſi j'ai</Unicode></TextEquiv></TextLine><TextLine id="r0_l018"><Coords points="473,4674 3195,4674 3195,4895 473,4895"/><TextEquiv index="1"><Unicode>le droit de jetter un fardeau quand</Unicode></TextEquiv></TextLine><TextLine id="r0_l019"><Coords points="502,4920 3581,4920 3581,5126 502,5126"/><TextEquiv index="1"><Unicode>il me péſe, &amp; ſi ma vie étant à</Unicode></TextEquiv></TextLine><TextLine id="r0_l020"><Coords points="512,5147 3205,5147 3205,5371 512,5371"/><TextEquiv index="1"><Unicode>moi, je puis en diſpoſer: à quoi</Unicode></TextEquiv></TextLine><TextLine id="r0_l021"><Coords points="137,5389 3209,5389 3209,5612 137,5612"/><TextEquiv index="1"><Unicode>bon ces diſcutions rebattues, dès</Unicode></TextEquiv></TextLine><TextLine id="r0_l022"><Coords points="2278,5612 2909,5612 2909,5808 2278,5808"/><TextEquiv index="1"><Unicode>Le</Unicode></TextEquiv></TextLine></TextRegion></Page></PcGts>