4266 7764
1504 592 2454 868 .
445 879 3230 1328 raocnumee ee cel i ſeee
448 1363 3232 1593 cruel & deſtructeur de toute féli-
194 1592 3221 1820 cité. Le premier qui l'imagina
449 1850 3215 2064 dut reculer d'effroi: le premier
449 2093 3226 2310 qui le publia dut faire crier au
449 2343 3222 2556 blaſphême. Cependant une opi-
438 2567 3222 2792 nion qui favoriſoit les paſſions
430 2810 3351 3038 déſordonnées, qui ſappoit toute
441 3067 3222 3274 vertu, qui n'offroit après cette
445 3306 3310 3520 vie ni châtiment ni tribunal à
452 3538 3226 3763 craindre, une telle opinion, je
70 3788 3229 4002 le conçois, pouvoit avoir des
70 4031 3307 4267 proſélytes. Alors le meurtrier ſan-
456 4267 3240 4484 glant s'eſt aſſis tranquillement ſur
445 4498 3233 4705 le tombeau d'un ami qu'il avoit
449 4730 3218 4955 poignardé; & il a dit, je mourrai
63 4973 3229 5201 tout entier. Alors le vil corrup-
445 5219 3414 5403 teur ſortant des bras d'une fille
43 5454 3211 5676 ſéduite qu'il dévouoit aux larmes,
