4266 7806
1050 775 3863 1010 a bravé les remords, & le crimi-
1054 1010 3859 1236 nel obſcur qui échappoit à la
1050 1265 3825 1491 vigilance des loix a marché le
1050 1491 3851 1722 front levé. Mais pour cette claſſe
1046 1751 3863 1959 d'hommes qui ont beſoin du
1046 1996 3844 2211 néant, combien en eſt - il à qui
1050 2237 3836 2438 une autre vie eſt néceſſaire, &
1050 2463 3859 2690 quel eſt donc le projet de ces
679 2723 3859 2935 impitoyables raiſonneurs qui vien-
1046 2964 3822 3128 nent murmurer à l'oreille de
1050 3209 3836 3362 l'honnête homme infortuné: vous
1050 3450 3829 3666 voyez le vice triomphant & la
1050 3699 3833 3881 vertu ſouffrante; vous en con-
1054 3944 3833 4162 cluez qu'il eſt pour l'un & pour
1042 4162 3833 4389 l'autre une juſtice diſtributive ré-
1042 4422 3836 4635 ſervée après la mort: c'eſt une
1057 4635 3836 4853 erreur de ſentiment que la ré-
1057 4886 3825 5105 flexion détruit; c'eſt un préjugé
1068 5138 3836 5354 né de l'orgueil humain qui croit
1068 5380 3848 5595 la Divinité aſſez occupée de
