4266 7663
168 867 3184 1113 cette petite portion des mondes,
472 1116 3169 1349 pour punir ou récompenſer les
468 1364 3151 1575 atômes qui l'habitent d'avoir bien
161 1601 3144 1780 ou mal obſervé leurs loix. Les
468 1841 3144 2056 barbares! en prétendant ſoulager
465 2079 3155 2287 nos maux, ils y mettent le com-
129 2314 3159 2491 ble: ils nous ôtent le ſeul bien
476 2544 3155 2755 qui nous conſoloit de la priva-
464 2786 3159 2954 tion de tous les autres. Les hom-
472 3023 3155 3241 mes ne ſont - ils pas aſſez mal-
118 3259 3148 3469 heureux, & faut-il augmenter leur
472 3497 3155 3706 miſere en dégradant leur condi-
107 3731 3155 3940 tion? Que deviendroit l'équité du
484 3965 3159 4171 Créateur? Que deviendroit cette
472 4203 3162 4410 providence qui ſe manifeſte à
97 4434 3166 4645 toute la nature? Quoi! l'eſprit
82 4665 3155 4875 & le corps ne ſeroient que la
78 4909 3150 5067 même matiere différemment mo-
486 5139 3148 5361 difiée! Il n'y auroit dans l'univers
482 5372 3215 5592 qu'une ſeule ſubſtance, & mon
