4266 7845
1123 929 4278 1215 tantôt triſte; il paſſe ſubitement
1127 1201 3892 1422 de la crainte à l'eſpoir, de l'a-
1116 1436 3897 1646 mour à la haine, & de la tran-
1123 1682 4277 1936 quille modération aux excès de
1120 1934 4276 2190 la colere: l'harmonie l'enchante;
1116 2170 4276 2407 l'éloquence le perſuade & l'en-
1127 2407 4275 2685 traîne; la magie des arts le ſéduit;
1123 2648 4275 2912 le récit des vertus l'enflamme;
1120 2906 4274 3143 la beauté embellie par une ame
1120 3142 4274 3395 ſenſible eſt pour lui l'image de
1120 3384 4273 3623 la divinité. Cette ardeur de con-
1124 3632 4273 3862 noître & de jouir, ces élans im-
1127 3892 4272 4140 pétueux vers la félicité ſuprême,
1120 4124 4272 4360 indépendans d'une volonté paſſa-
1123 4349 4271 4610 gere, cet aſſemblage étonnant de
1124 4602 4271 4834 grandeur & de baſſeſſe, de foi-
1127 4833 4270 5083 bleſſe & de force, de vice & de
1135 5083 4269 5305 vertu qui compoſe l'élément de
1135 5305 4269 5576 notre ame, ce combat perpétuel
1142 5569 4269 5827 entre les ſens qui nous font péſer
