4266 7793
2202 633 2827 829 o
1099 899 3926 1136 loin. Mais qu'ai - je beſoin de
1088 1151 3841 1340 franchir les limites de ma raiſon?
1095 1395 3911 1602 Le dogme d'une autre vie a exiſté
1099 1639 3915 1850 chez tous les peuples de la terre;
1095 1883 3908 2102 toutes les bouches l'ont publié;
1095 2128 3900 2313 tous les cultes l'ont admis; l'an-
1095 2361 3904 2576 tiquité en faiſoit l'objet de ſes
1099 2616 3908 2824 myſteres, de ſes ſymboles, & de
1095 2857 3860 3064 ſes fêtes religieuſes: les images
1084 3101 3856 3290 d'Iſis, de Cérès & d'Adonis n'é-
1092 3345 3904 3553 toient qu'une repréſentation de
1095 3578 3915 3793 la vie future, & leurs cérémonies
1095 3823 3867 4034 ſe rapportoient à la réſurrection
1095 4063 1928 4226 des êtres.
1155 4307 3915 4515 Cette voix qui s'éleve de tous
1095 4537 3938 4741 les coins de l'univers eſt celle de
1103 4774 3911 4940 la conſcience: elle crie à tous
1114 5018 3911 5233 les hommes qu'étrangers dans ce
1114 5262 4211 5473 lieu de paſſage, ils ſont créés
1125 5506 3871 5725 pour une fin plus noble & pour
