4266 7900
1378 685 2270 941 i
14 959 3180 1219 un autre ſéjour: elle dit au mal-
14 1215 3173 1431 heureux, attends & tu ſeras con-
13 1464 3174 1695 ſolé; au criminel, frémis, car tu
297 1732 3178 1964 vivras; à l'homme de bien, ta
353 1975 3178 2211 récompenſe eſt prête. Voix di-
293 2227 3181 2406 vine! oracle ſacré! comment ne
29 2465 3181 2720 te croirois-je pas? tu ne m'as
293 2707 3348 2952 jamais trompé! quand l'erreur m'a
10 2945 3185 3194 ſéduit, quand la foibleſſe humaine
18 3203 3426 3463 m'entraînoit vers le vice, tu ton-
33 3448 3480 3689 nois dans mon ſein; tu m'accu-
10 3678 3197 3918 ſois; j'entendois tes accens terri-
20 3958 3189 4189 bles prononcer ma ſentence:
14 4198 3207 4441 quand je ſortois de mon abjec-
10 4441 3557 4676 tion & que je renaiſſois au plaiſir
18 4673 3485 4913 de faire le bien, tu m'approu-
10 4900 3585 5141 vois; tu me rendois content de
10 5155 3204 5362 moi - même: maintenant tu me
13 5402 3204 5650 déclares que je ſuis immortel, &
10 5643 1527 5878 je le crois.
