4266 7825
1504 696 2052 886 aa.
286 957 3154 1169 altérer les idées primitives de la
279 1199 3150 1411 morale, & remplacer par des
18 1448 3153 1650 loix arbitraires les ſaintes loix
380 1683 3154 1884 de la raiſon; j'ai vu l'infortuné
383 1928 3165 2100 courbé ſous le fardeau des be-
372 2178 3168 2368 ſoins, élever ſes mains vers le
331 2416 3176 2625 ciel pour réclamer l'héritage qui
357 2658 3180 2871 appartient à tous les enfans de la
387 2897 3180 3105 femme, & que les riches de la
391 3135 3183 3355 terre ont uſurpé; j'ai vu les ſuc-
387 3380 3176 3574 cès du crime & les ſouffrances
391 3626 3183 3805 de la vertu: ſi tout devoit mourir
298 3879 3195 4088 avec nous, où ſeroit l'économie
394 4114 3202 4345 de ta providence & la diſtribution
421 4360 3202 4580 de ta juſtice? Cependant quelque
357 4587 3213 4788 ſoit mon ſort, ô ſuprême Ordon-
49 4821 3206 5053 nateur des mondes! je ne de-
48 5053 3206 5276 mande point à pénétrer tes voies
331 5309 3209 5518 auguſtes; je m'humilie devant ton
48 5559 3217 5801 trône, & ma confiance dans tes
