4266 7610
461 1134 3130 1338 pourſuivre leurs chimeres! que
472 1359 3122 1563 de bien ils auroient pu faire, tan-
472 1595 3129 1799 dis qu'ils ſe dévouoient à de vai-
82 1827 3129 2021 nes études! j'ai fermé leurs livres
444 2049 3183 2271 qui m'égaroient, & j'ai médité
479 2292 3147 2511 ſur le livre du monde, où j'appre-
465 2521 3151 2743 nois à ſentir le prix de tes bien-
486 2757 3147 2951 faits. Maintenant je retourne à
486 2997 3147 3205 toi, & mes jours n'auront pas
490 3230 3147 3437 été perdus ſi j'ai laiſſé quelques
490 3473 2786 3677 traces de vertu ſur la terre.
583 3709 3151 3920 O mon ami! que de plaiſirs
501 3948 3151 4149 découlent pour moi de la con-
497 4184 3144 4381 viction de mon immortalité!
504 4399 3158 4585 Comme je me ſouris avec or-
501 4628 3151 4843 gueil! comme je ſuis fier de moi-
501 4871 3348 5079 même! A peine mes pieds tou-
510 5099 3143 5330 chent la terre: je crois avoir des
492 5328 3139 5556 aîles: je ſuis prêt à m'élancer:
515 5557 3147 5794 je foule avec dédain cette argile
736 5811 1440 5964 Tome Il.
2478 5815 3004 5980 M
