<PcGts xmlns="http://schema.primaresearch.org/PAGE/gts/pagecontent/2017-07-15" xmlns:xsi="http://www.w3.org/2001/XMLSchema-instance" xsi:schemaLocation="http://schema.primaresearch.org/PAGE/gts/pagecontent/2017-07-15 http://schema.primaresearch.org/PAGE/gts/pagecontent/2017-07-15/pagecontent.xsd"><Metadata><Creator>User123</Creator><Created>2020-10-14T09:11:05</Created><LastChange>2020-10-14T09:11:05</LastChange></Metadata><Page imageFilename="0275.png" imageHeight="7856" imageWidth="4266"><TextRegion id="r0" type="paragraph" orientation="0.125"><Coords points="1,1 4264,1 4264,7854 1,7854"/><TextLine id="r0_l001"><Coords points="2138,825 2752,824 2752,1064 2138,1065"/><TextEquiv index="1"><Unicode></Unicode></TextEquiv></TextLine><TextLine id="r0_l002"><Coords points="1080,1085 3836,1079 3837,1308 1081,1314"/><TextEquiv index="1"><Unicode>qui n'a plus rien de commun avec</Unicode></TextEquiv></TextLine><TextLine id="r0_l003"><Coords points="1076,1343 3847,1337 3847,1552 1076,1558"/><TextEquiv index="1"><Unicode>moi: je regarde le ciel avec at-</Unicode></TextEquiv></TextLine><TextLine id="r0_l004"><Coords points="1064,1598 4264,1591 4265,1783 1065,1790"/><TextEquiv index="1"><Unicode>tendriſſement, comme un lieu de</Unicode></TextEquiv></TextLine><TextLine id="r0_l005"><Coords points="1072,1830 3847,1824 3847,2051 1072,2057"/><TextEquiv index="1"><Unicode>délices que je vais occuper. Pour-</Unicode></TextEquiv></TextLine><TextLine id="r0_l006"><Coords points="1080,2089 3854,2083 3855,2290 1081,2296"/><TextEquiv index="1"><Unicode>quoi me ſeroit-il ſermé? L'amour</Unicode></TextEquiv></TextLine><TextLine id="r0_l007"><Coords points="1068,2335 4269,2328 4269,2534 1068,2541"/><TextEquiv index="1"><Unicode>vertueux doit trouver grace aux</Unicode></TextEquiv></TextLine><TextLine id="r0_l008"><Coords points="1077,2574 4270,2567 4270,2779 1077,2786"/><TextEquiv index="1"><Unicode>yeux du conſervateur de l'uni-</Unicode></TextEquiv></TextLine><TextLine id="r0_l009"><Coords points="1080,2812 4270,2805 4271,3023 1081,3030"/><TextEquiv index="1"><Unicode>vers: il mit en nous le germe</Unicode></TextEquiv></TextLine><TextLine id="r0_l010"><Coords points="1088,3069 4271,3062 4271,3274 1088,3281"/><TextEquiv index="1"><Unicode>des penchans honnêtes &amp; ne pu-</Unicode></TextEquiv></TextLine><TextLine id="r0_l011"><Coords points="1083,3300 4271,3293 4272,3509 1084,3516"/><TextEquiv index="1"><Unicode>nit que l'abus de ſes bienfaits. Si</Unicode></TextEquiv></TextLine><TextLine id="r0_l012"><Coords points="1084,3541 4272,3534 4272,3759 1084,3766"/><TextEquiv index="1"><Unicode>je quitte la terre, ce n'eſt pas pour</Unicode></TextEquiv></TextLine><TextLine id="r0_l013"><Coords points="1083,3774 4272,3767 4273,4012 1084,4019"/><TextEquiv index="1"><Unicode>fuir ſes regards que je n'ai jamais</Unicode></TextEquiv></TextLine><TextLine id="r0_l014"><Coords points="1088,4025 4273,4018 4273,4264 1088,4271"/><TextEquiv index="1"><Unicode>craints; c'eſt pour échapper au</Unicode></TextEquiv></TextLine><TextLine id="r0_l015"><Coords points="893,4286 4273,4279 4274,4494 894,4501"/><TextEquiv index="1"><Unicode>malheur qui m'accable; c'eſt pour</Unicode></TextEquiv></TextLine><TextLine id="r0_l016"><Coords points="4267,4743 4266,4742 4263,4742 4263,4742 4263,4708 4262,4707 1667,4713 1667,4714 1667,4740 1665,4741 1663,4741 1663,4742 1663,4744 1662,4744 1661,4744 1660,4745 1658,4745 1657,4744 1656,4744 1656,4744 1656,4681 1655,4680 1365,4681 1364,4679 1364,4678 1362,4677 1118,4677 1117,4676 1117,4675 1115,4673 1106,4673 1106,4673 1106,4672 1104,4670 1100,4670 1098,4668 1097,4607 1097,4606 1089,4606 1087,4605 1087,4601 1097,4591 1101,4591 1102,4590 1102,4589 1104,4587 1143,4587 1143,4587 1143,4586 1146,4583 1192,4583 1192,4583 1192,4537 1194,4535 1195,4535 1195,4535 1195,4534 1198,4531 1214,4531 1214,4531 1214,4530 1217,4527 1220,4527 1222,4529 1222,4530 1223,4531 1300,4531 1300,4531 1300,4535 1301,4536 3190,4532 3191,4531 3765,4529 3767,4527 4263,4526 4263,4526 4263,4497 4264,4496 4265,4497 4268,4497 4269,4498 4270,4498 4271,4499 4273,4499 4273,4500 4274,4743 4273,4743"/><TextEquiv index="1"><Unicode>aller dans ſon ſein, réclamer la</Unicode></TextEquiv></TextLine><TextLine id="r0_l017"><Coords points="4264,4985 4263,4985 4263,4953 4263,4952 2202,4957 2201,4957 2201,4964 2201,4965 2181,4965 2179,4966 2179,4967 2178,4969 1743,4970 1741,4972 1740,4972 1739,4973 1694,4973 1693,4973 1693,4978 1692,4980 1493,4980 1491,4979 1491,4978 1490,4976 1489,4976 1487,4975 1487,4924 1487,4923 1142,4924 1134,4916 1130,4916 1128,4915 1128,4914 1128,4913 1127,4913 1125,4912 1125,4908 1117,4900 1117,4847 1119,4845 1128,4845 1128,4845 1128,4844 1130,4841 1134,4841 1136,4840 1136,4839 1136,4838 1142,4838 1143,4838 1143,4836 1144,4834 1145,4834 1147,4833 1147,4832 1148,4830 1168,4830 1169,4830 1169,4829 1170,4827 1281,4827 1282,4826 1352,4826 1353,4825 1353,4823 1353,4823 2100,4821 2101,4821 2101,4790 2101,4789 2102,4789 2106,4785 2313,4785 2314,4784 2314,4763 2314,4763 3001,4761 3003,4759 4262,4756 4263,4756 4263,4743 4263,4742 4266,4742 4267,4743 4273,4743 4274,4744 4274,4985 4274,4985"/><TextEquiv index="1"><Unicode>compagne qu'il m'a donnée, &amp;</Unicode></TextEquiv></TextLine><TextLine id="r0_l018"><Coords points="1110,4993 4275,4986 4275,5244 1110,5251"/><TextEquiv index="1"><Unicode>que les hommes me refuſent: &amp;</Unicode></TextEquiv></TextLine><TextLine id="r0_l019"><Coords points="1121,5259 4266,5252 4267,5471 1122,5478"/><TextEquiv index="1"><Unicode>pourquoi, dans ces heureuſes con-</Unicode></TextEquiv></TextLine><TextLine id="r0_l020"><Coords points="4263,5721 4263,5721 4263,5711 4262,5710 2999,5713 2998,5712 2998,5696 2997,5695 1597,5698 1596,5697 1596,5696 1594,5694 1589,5694 1588,5693 1588,5679 1587,5678 1409,5679 1409,5678 1409,5677 1406,5675 1405,5675 1405,5674 1405,5668 1404,5668 1338,5668 1338,5667 1338,5666 1337,5665 1337,5664 1336,5664 1331,5664 1330,5662 1330,5661 1329,5661 1325,5661 1324,5660 1166,5660 1166,5660 1166,5659 1164,5657 1148,5657 1147,5656 1147,5644 1144,5641 1143,5641 1143,5641 1143,5617 1142,5616 1141,5616 1139,5614 1139,5591 1138,5590 1134,5590 1128,5584 1128,5577 1130,5574 1135,5574 1136,5574 1136,5557 1136,5556 1137,5556 1140,5554 1140,5553 1140,5552 1146,5552 1147,5552 1147,5550 1148,5548 1254,5548 1255,5547 1255,5546 1257,5544 1329,5544 1330,5543 1329,5531 1331,5530 1332,5530 1333,5529 1334,5529 1334,5528 1334,5527 1336,5526 1337,5526 1337,5525 1337,5524 1340,5522 1341,5522 1341,5521 1341,5520 1344,5518 1809,5517 1809,5516 1809,5508 1811,5507 3330,5503 3331,5502 3331,5501 3332,5500 4263,5498 4263,5498 4263,5476 4264,5475 4267,5478 4268,5478 4272,5482 4273,5482 4275,5485 4276,5719 4275,5719 4271,5719 4270,5720 4265,5720 4264,5721"/><TextEquiv index="1"><Unicode>trées, n'aurions-nous pas l'eſpoir</Unicode></TextEquiv></TextLine><TextLine id="r0_l021"><Coords points="4263,5990 4262,5982 4263,5981 4263,5970 4263,5969 3377,5971 3376,5971 3376,5968 3377,5967 3379,5967 3379,5967 3379,5965 3381,5963 4263,5961 4263,5961 4263,5955 4263,5954 3497,5956 3496,5956 3496,5955 3494,5952 3478,5952 3477,5952 3477,5951 3475,5948 3471,5948 3469,5947 3469,5943 3468,5941 3467,5941 3466,5941 3466,5940 3464,5937 3463,5937 3462,5937 3462,5910 3462,5909 1657,5913 1656,5914 1656,5969 1655,5970 1655,5971 1655,5971 1646,5971 1644,5970 1644,5916 1644,5915 1455,5915 1454,5915 1454,5911 1454,5910 1392,5911 1390,5909 1390,5908 1389,5907 1212,5907 1210,5906 1210,5905 1210,5904 1161,5904 1158,5902 1158,5894 1157,5892 1152,5892 1151,5892 1151,5887 1150,5885 1149,5885 1147,5884 1147,5878 1147,5877 1145,5877 1143,5876 1143,5871 1143,5870 1142,5870 1139,5868 1139,5847 1140,5846 1140,5845 1141,5844 1142,5844 1143,5843 1143,5842 1145,5840 1146,5840 1147,5839 1147,5834 1148,5833 1149,5833 1151,5831 1151,5827 1153,5825 1154,5825 1154,5825 1154,5824 1157,5821 1158,5821 1158,5821 1158,5820 1161,5817 1173,5817 1173,5817 1173,5816 1175,5814 1184,5814 1184,5814 1184,5764 1186,5761 1190,5761 1192,5760 1192,5759 1192,5758 2463,5755 2464,5754 3289,5752 3291,5750 3304,5750 3305,5750 3305,5740 3305,5739 4262,5737 4263,5737 4263,5722 4263,5721 4264,5721 4265,5720 4270,5720 4271,5719 4275,5719 4276,5720 4276,5985 4276,5985 4275,5985 4274,5986 4273,5986 4272,5987 4270,5987 4269,5988 4268,5988 4267,5989 4264,5989 4263,5990"/><TextEquiv index="1"><Unicode>de nous réunir? Il ſeroit affligeant</Unicode></TextEquiv></TextLine><TextLine id="r0_l022"><Coords points="2943,7618 3654,7616 3654,7778 2943,7780"/><TextEquiv index="1"><Unicode></Unicode></TextEquiv></TextLine></TextRegion></Page></PcGts>