4266 7845
605 904 3381 1129 pour jouir de ma derniere ſoirée.
598 1151 3393 1356 J'errois ſur les bruyeres & dans
598 1394 3393 1607 les ruiſſeaux gonflés par le déluge
605 1636 3393 1857 qui tomboit du ciel; je reſpirois
590 1883 3385 2100 l'orage; j'élevois mes bras, &je
598 2141 3374 2347 criois: vents! tempête! ouragan!
586 2387 3393 2597 tonnez ſur moi! Je n'ai plus rien
586 2630 3389 2843 à perdre. Des fantômes paroiſ-
583 2869 3378 3105 ſoient marcher ſur la plaine; je
583 3116 3374 3325 diſtinguois les ombres de Louiſe,
575 3366 3561 3594 de Suſanne & de ſon pere; elles
568 3609 3378 3807 ſembloient monter ſur les mé-
542 3852 3370 4050 téores enflammés, & mêler leurs
527 4102 3475 4297 voix au ſifflement des vents. Je
568 4352 3378 4558 couroisvers ces eſprits ténébreux;
560 4573 3374 4793 je brûlois de me perdre avec eux
560 4827 3370 5007 dans le cahos des élémens. Mon
568 5070 3363 5279 chien hurloit en me ſuivant. Cher
560 5313 3355 5526 & fidele compagnon de tous mes
557 5559 3352 5769 pas! bientôt tu chercheras ton
2559 5817 2929 6004 ;
