4266 7803
1989 648 2626 848 ao
937 922 3667 1145 maître, & tu ne le verras plus.
933 1174 3681 1333 Peut-être l'amitié te conduira ſur
930 1422 3681 1578 mon tombeau: tu fouilleras la
933 1663 3678 1867 terre où je dormirai: tes larmes
941 1911 3678 2130 couleront & tu frapperas le vallon
933 2155 2871 2367 de tes cris plaintifs.
1144 2400 3685 2611 La tempête redouble! le ciel
930 2644 3674 2797 eſt comme une mer en fureur.
926 2878 3681 3052 J'entends le bruit des arbres fra-
933 3126 3678 3341 caſſés & le mugiſſement lugubre
922 3374 3674 3585 qui ſort des montagnes. Quelques
918 3611 3678 3778 étoiles brillent dans l'obſcurité
915 3863 3689 4074 des nuées & s'éteignent ſubite-
907 4111 3682 4267 ment. Hélas! la nature ſe couvre
911 4352 3682 4563 de deuil pour le départ de deux
915 4585 3685 4741 de ſes enfans! La voilà cette lune
918 4818 3682 5033 que j'ai tant aimée! ſa lumiere
911 5074 3678 5256 brille ſur le château des Ormes,
926 5318 3689 5526 ſur cette cage infernale où gémit
930 5559 3674 5774 un cœur auſſi navré que le mien...
