4266 7672
1987 629 2548 822 a
988 869 3999 1115 verdir les ſaules qui m'ombrage-
1001 1132 4098 1382 ront; il fleurira juſqu'à l'herbe
1006 1372 3699 1567 dont je ſerai couvert, & je reſte-
1006 1618 3695 1770 rai ſeul inanimé!.... O néant!
1002 1816 4113 2063 penſée terrible! l'eſprit ſe perd
1010 2088 3702 2294 dans ton abîme! il recule épou-
1006 2330 3702 2533 vanté! être & n'être plus! s'en-
1010 2566 3710 2772 gloutir dans le paſſé! s'évanouir
1020 2804 3699 3000 comme les ombres de ces nuages!
1017 3040 3713 3192 s'effacer de la mémoire des hom-
1009 3275 3713 3481 mes comme l'idée fugitive qui
1013 3521 3702 3666 ſort de mon cerveau! Eh bien!
1020 3753 3709 3956 quel malheur de n'être plus rien
1017 3988 3720 4205 ſur une terre maudite? J'y laiſſe-
995 4223 3724 4433 rai ma dépouille comme en ſe
1010 4466 3731 4658 hâtant de fuir un hoſpice incom-
1028 4694 3727 4911 mode on y laiſſe un meuble inu-
1031 4929 4053 5128 tile; mais mon ame ſera quelque
1039 5175 3724 5389 part.... Oui, oui, raſſurons-nous!
1039 5410 3738 5595 Théreſe & moi, nous allons cher-
