4266 7806
994 757 3762 980 rons ces inſtrumens de mort qui
993 1004 3765 1241 doivent nous faire paſſer dans un
990 1230 3754 1476 meilleur monde! O Dieu que
986 1475 3754 1695 j'invoque en tremblant! Puiſſance
979 1722 3807 1952 inconnue & terrible! je me proſ-
978 1973 3754 2209 terne devant toi; entends ma der-
975 2208 3750 2453 niere priere! je ne ſuis pas un
978 2444 3754 2682 méchant; ma main n'eſt pas ſouil-
972 2708 3740 2947 lée de crimes: cependant, ſur le
961 2947 3743 3176 point de paroître à tes yeux, je
961 3198 3744 3436 frémis! ſerois-tu un Dieu de ven-
950 3461 3744 3931 en areel uréeeeaſnnee
794 3931 3725 4163 pour un infortuné qui ſort de la
945 4184 3739 4399 vie ſans y avoir connu le bon-
934 4396 3765 4648 heur? Près de me jetter dans l'a-
938 4629 3765 4885 bîme effrayant de l'éternité, je
931 4894 3718 5131 t'appelle à mon ſecours: mais ce
935 5131 3707 5373 n'eſt pas pour moi que je t'im-
931 5387 3710 5636 plore; c'eſt pour une douce &
