4266 7641
1471 514 1983 723 a
403 773 3054 993 vertueuſe compagne dont la ſeule
399 993 3058 1240 faute eſt de m'avoir aimé. Ne la
396 1240 3062 1461 punis pas de ſon amour, & ſi
406 1482 3065 1695 c'eſt un crime d'avoir prévenu le
399 1723 3069 1921 moment de revoler vers toi, que
403 1953 3080 2151 le châtiment ne tombe que ſur
68 2194 3072 2407 ma tête! .... l'heure ſonne....
403 2428 3065 2633 allons! c'eſt trop tarder.....
403 2666 3080 2871 viens ſur mon cœur, cher & pré-
414 2903 3083 3101 cieux ruban qui couvrois un ſein
407 3144 3090 3346 pur & virginal! gage adoré que
115 3367 3090 3580 j'ai mille fois preſſé de mes lèvres!
414 3615 3087 3763 tu me ſuivras dans le tombeau.
115 3842 3101 4051 Adieu! généreux ami! adieu, mon
119 4083 3105 4501 ee oe re ls o llieaiis e
421 4533 3112 4738 je ne regrette que vous ſeul au
424 4777 3108 4961 monde! Adieu, ma chere cabane
144 5008 3112 5220 où j'ai paſſé des jours ſi doux!
144 5241 3108 5461 adieu campagnes que Théreſe
