4266 7751
2330 601 2873 804 aa.
1244 855 4230 1086 diſcours, de vos projets, de vos
1229 1115 4227 1328 ſoins, de vos démarches: quoi-
1236 1346 4223 1583 qu'abſent, il rempliſſoit la maiſon
1229 1583 4223 1823 paternelle de ſon influence, &
1232 1830 3947 2065 j'étois oubliée: je puis atteſter
1224 2064 3943 2277 le ciel que je n'ai jamais été ja-
1218 2315 3944 2521 louſe des préférences que vous
1214 2550 4219 2778 accordiez à mon frere. Hélas!
1221 2778 4219 3005 j'avois ſi peu d'ambition, qu'un
1211 3034 4216 3243 ſeul de vos regards plus doux que
1211 3265 4212 3499 de coutume rempliſſoit de joie
1202 3498 4207 3756 toute ma journée. J'étois heureuſe
1195 3745 4207 3983 quand vous m'aviez dit un mot,
1195 3979 4204 4220 quand vous m'aviez ſouri, & je
1196 4221 4201 4464 me félicitois de cette jouiſſance.
1188 4464 4197 4678 O Monſieur! ſi vous ſaviez com-
1191 4691 4193 4938 bienvous auriez embelli mes jours
1166 4933 4189 5157 par les moindres faveurs, com-
1184 5135 4185 5407 bien il vous en eût peu coûté
1192 5408 4183 5668 d'être aimé, je dis plus, d'être
