4266 7900
1054 3 2039 117 - -
2063 643 3030 925 a
1277 903 4093 1175 pleurs & ſes prieres! Avois - je
1269 1190 4092 1447 mérité d'être l'objet de vos ven-
1269 1433 4089 1674 geances? Etois-je coupable enfin
1265 1702 4086 1944 de ne point accepter l'engage-
1262 1932 4082 2164 ment auquel vous vouliez me
1265 2166 4090 2433 contraindre? O Monſieur! Mon-
1254 2423 4063 2667 ſieur! que de reproches vous avez
1258 2678 4074 2896 à vous faire? Un jour vous ſaurez
1254 2922 4067 3170 peut-être quel eſt le mépriſable
1254 3173 4066 3421 époux que vous m'aviez choiſi;
1216 3416 4047 3633 vous connoîtrez ſa vie, & vous
1246 3666 4040 3929 gémirez, mais trop tard, de vos
1235 3922 4051 4169 violences. Je ne vous révele point
1235 4160 4203 4405 des turpitudes dont je rougirois
1220 4413 4029 4655 de ſouiller ma plume, parce que
1228 4654 4040 4893 vous ne les croiriez pas, & qu'il
1205 4892 4153 5150 m'eſt déſormais indifférent que
1216 5137 4017 5381 vous les appreniez. Mais le temps
1149 5372 4018 5628 me juſtifiera, & c'eſt alors que
1216 5641 3995 5875 vous ſerez déſeſpéré de m'avoir
