4266 7900
260 1062 3121 1327 mere me vittomber à vos pieds ſans
218 1327 3257 1553 connoiſſance, & cette image lui
264 1553 3095 1813 a toujours été préſente. Hélas!
271 1854 3068 2079 ſi elle vivoit encore, comment
139 2079 3076 2314 pourrois-je me réſoudre à quitter
267 2340 3079 2552 la vie? Mais elle n'eſt plus, &
274 2585 3079 2822 je vais l'aller rejoindre. Pour
289 2818 3082 3072 vous, Monſieur, je ne me flatte
19 3073 3091 3306 pas de vous revoir: vous m'avez
290 3351 3117 3554 tant haïe, vous m'avez fait tant
309 3584 3114 3830 de mal, que ma vue vous ſeroit
313 3830 3098 4074 importune. Si cependant votre
19 4074 3426 4304 cœur alloit changer, ſi dans un
15 4342 3113 4546 autre monde vous repreniez les
10 4575 3109 4799 ſentimens d'un pere, ô! quelle
14 4786 3433 5031 félicité pour moi! avec quelle
10 5050 3112 5299 ardeur j'irois me jetter dans vos
10 5272 3120 5526 bras & vous demander le prix de
23 5552 3230 5786 tant d'années de tendreſſe inuti-
335 5804 3287 6031 lement écoulées! Daignez con-
