4266 7622
1465 862 2291 1087 (8)
723 1351 2781 1491 LEv
1154 1659 2043 1814 & demiere.
437 2044 3112 2261 Thdrese à Constance
415 2453 3252 2738 faut nous quitter, ma chere
426 2756 3119 2976 Conſtance, & nous quitter pour
423 2992 3130 3212 toujours. Je vais paſſer dans un
422 3233 3298 3445 pays inconnu: je ne ſais pas trop
423 3465 3140 3681 où j'irai; mais peu m'importe.
426 3697 3137 3916 J'irai loin des cruels qui me per-
426 3925 3143 4135 ſécutent: c'eſt tout ce que je
426 4161 3152 4373 veux. Vous jugez bien que je ne
427 4401 3134 4618 pars point ſeule; il eſt vrai qu'un
426 4627 3209 4842 autre m'accompagne; il eſt encore
430 4865 3126 5073 vrai que ſans lui la vie, la mort,
156 5099 3126 5313 tout me ſeroit égal. Ne croyez
165 5330 3129 5543 pas pour cela que vous m'en ſoyez
443 5566 3127 5756 moins chere. O ma tendre &
655 5799 1347 5964 Tome II
2552 5804 2721 5970 N
