4266 7672
1584 849 2268 1035 .
481 1105 3210 1313 mon ame ſuivra tes pas; elle ſera
480 1334 3507 1560 ta gardienne aſſidue; elle détour-
488 1570 3210 1777 nera de tes jours les dangers qui
484 1816 3214 2038 pourroient les menacer. Au mi-
481 2051 3210 2260 lieu de tes nuits paiſibles, ſouvent
477 2288 3555 2517 je me préſenterai devant toi pour
481 2511 3203 2750 récréer ton ſommeil & te rappel-
484 2764 3268 2980 ler nos tendreſſes. Comment pour-
481 2990 3264 3214 rois-je ceſſer de t'aimer, moi qui
484 3220 3199 3443 reſpirois dans ton cœur, qui pleu-
481 3461 3213 3691 rois de tes larmes, qui me réjouiſ-
473 3684 3550 3925 ſois de ta joie, qui t'aſſociois à
470 3919 3210 4098 tous mes ſentimens? Il m'eût été
477 4163 3203 4383 plus doux de t'avoir auprès de
480 4410 3206 4602 moi pour fermer mes yeux, &
476 4620 3209 4852 recevoir mon dernier ſoupir. J'au-
477 4851 3734 5065 rois encore vivement ſouhaité
462 5107 3188 5323 d'être enſevelie aux pieds de ma
476 5346 3550 5569 mere: mais tant de bonheur ne
480 5563 3192 5806 m'eſt pas réſervé: il faudra que
2344 5832 2655 5982 Na
