4266 7499
1096 1103 3727 1317 je meure comme j'ai vécu, dans
1096 1342 3727 1499 la douleur & le délaiſſement!
1103 1569 3717 1759 Que le ciel béniſſe ma chere
1096 1800 3717 1993 Conſtance, & puiſſent toutes les
1100 2025 3699 2175 félicités ſe raſſembler ſur elle!
1093 2249 3713 2442 C'eſt le ſeul vœu qui me reſte à
1079 2470 3703 2669 faire, & je m'aſſure qu'il s'accom-
1072 2697 3703 2908 plira: il faut bien que de temps
1072 2935 3692 3135 en temps, la Providence, pour
1068 3167 3685 3360 ſe manifeſter, accorde un prix à
1061 3398 3678 3594 la vertu. Séche tes pleurs, ma
1058 3629 3678 3822 bien aimée! la vie ne mérite pas
1054 3850 3668 4046 qu'on regrette ceux qui l'aban-
1051 4074 3675 4270 donnent. Qu'aurois - je fait dans
1040 4309 3675 4477 le monde, livrée au tourment d'un
1040 4522 3668 4729 amour que je ne pouvois dompter
1040 4750 3668 4950 ni ſatisfaire, condamnée à paſſer
1047 4978 3657 5174 dans les bras du plus odieux des
1026 5209 3657 5388 hommes & à lutter contre l'hor-
1030 5433 3640 5637 reur de ſa vue? J'aurois ſuccombé
