4266 7793
1591 736 2120 947 a
474 1014 3260 1251 peut-être à la douleur, après deux
455 1277 3268 1425 ou trois ans de tortures: ne vaut-
470 1510 3268 1725 il pas mieux que je meure au-
474 1743 3268 1943 jourd'hui? Si j'oſois élever ma
470 1994 3264 2198 voix devant le Créateur, ſi l'argile
477 2235 3264 2387 oſoit murmurer ſous la main du
474 2464 3260 2664 Potier, je demanderois à Dieu
474 2712 3253 2927 d'où vient qu'il a répandu ſur
477 2953 3260 3142 moi tant d'amertume, d'où vient
422 3182 3249 3401 qu'en ouvrant les yeux à la lu-
466 3438 3245 3623 miere, mes larmes ont coulé &
459 3678 3246 3902 ne ſe ſont plus taries? Dans la
462 3902 3238 4123 diſtribution des maux & des biens
450 4151 3237 4365 avois-je mérité ce partage inégal?
54 4358 3233 4614 Etois-je plus faite qu'une autre
455 4622 3227 4844 pour être malheureuſe? En vérité
370 4870 3357 5066 je ſerois tentée de croire à la
451 5118 3623 5333 deſtinée! Il y a des momens où
437 5344 3216 5566 je me perſuade qu'une aveugle
440 5591 3201 5802 fatalité préſide à notre ſort! Le
