4266 7663
1025 913 3816 1126 ciel m'avoit favoriſée de quel-
1025 1159 3732 1368 ques agrémens; l'éducation y
1021 1386 3714 1574 avoit ajouté des talens aimables
967 1624 3732 1783 & d'utiles connoiſſances: la for-
1014 1859 3729 2018 tune ne m'avoit rien laiſſé à dé-
1011 2097 3718 2296 ſirer: cependant tu vois ce que
1014 2321 3714 2531 tout cela eſt devenu! j'ai paſſé
1011 2552 3718 2765 mes jours à pleurer, & je finis
1000 2783 3704 2996 par rejetter loin de moi cette vie
996 3032 3711 3238 inſupportable..... Adieu, mon
985 3270 3714 3473 amie! on ne doit pas ſe plaindre
1007 3505 3707 3700 quand on va ceſſer de ſouffrir!
971 3743 3733 3942 conſerve précieuſement tous les
970 3966 3710 4209 gages de ma tendreſſe! qu'ils
851 4201 3699 4399 ſoient pour toi les monumens de
985 4433 3707 4628 l'amitié la plus parfaite! chéris
985 4660 3697 4833 mon ſouvenir; relis ſouvent mes
985 4887 3700 5097 lettres; les pleurs qu'elles te ſe-
993 5133 3696 5328 ront verſer ne ſeront pas ſans un
993 5353 3707 5570 mélange de plaiſir: que je ſois
