4266 7703
458 992 3215 1238 quelquefois l'objet de tes entre-
447 1238 3199 1454 tiens: je me flatte que tu ne par-
432 1488 3207 1708 leras jamais de ton amie ſans une
450 1707 3465 1925 douce émotion. Dis à ta mere que
454 1955 3226 2165 je l'adorois comme la mienne;
476 2204 3210 2420 conjure-la de ne pas m'ôter ſon
487 2447 3215 2605 eſtime! Si de vils calomniateurs
476 2688 3214 2891 attaquoient ma mémoire, ſoyez
494 2917 3215 3135 mes protectrices; élevez la voix
450 3154 3211 3398 pour me défendre: racontez les
499 3393 3215 3615 ſupplices que j'ai ſoufferts & les
490 3627 3217 3849 ſacrifices que j'ai faits: oſez dire
459 3881 3218 4094 hautement ce que ma fierté ne
465 4111 3229 4331 m'a jamais permis de révéler;
498 4342 3236 4578 quel étoit l'homme auquel j'ai
465 4572 3217 4794 préféré le tombeau: publiez ſa
499 4808 3215 5024 vie pour juſtifier ma mort. On
509 5050 3211 5276 ſaura qu'il s'étoit réfugié dans les
487 5288 3199 5529 Indes pour ſe dérober en France
505 5529 3338 5726 au châtiment de ſes déſordres;
