<PcGts xmlns="http://schema.primaresearch.org/PAGE/gts/pagecontent/2017-07-15" xmlns:xsi="http://www.w3.org/2001/XMLSchema-instance" xsi:schemaLocation="http://schema.primaresearch.org/PAGE/gts/pagecontent/2017-07-15 http://schema.primaresearch.org/PAGE/gts/pagecontent/2017-07-15/pagecontent.xsd"><Metadata><Creator>User123</Creator><Created>2020-10-14T09:10:54</Created><LastChange>2020-10-14T09:10:54</LastChange></Metadata><Page imageFilename="0307.png" imageHeight="7803" imageWidth="4266"><TextRegion id="r0" type="paragraph" orientation="-0.0"><Coords points="1,1 4264,1 4264,7801 1,7801"/><TextLine id="r0_l001"><Coords points="2979,100 3719,100 3719,214 2979,214"/><TextEquiv index="1"><Unicode></Unicode></TextEquiv></TextLine><TextLine id="r0_l002"><Coords points="91,633 90,632 89,632 88,632 88,619 88,618 83,618 81,617 81,517 80,516 80,468 83,465 106,465 106,465 106,461 107,460 107,459 108,458 277,458 277,458 277,456 278,455 373,455 373,455 373,367 374,366 473,366 473,366 473,356 475,354 514,354 514,354 514,330 516,328 547,328 547,328 547,304 548,303 564,303 565,302 588,302 588,302 588,267 589,266 590,266 591,265 602,265 604,263 606,263 607,265 607,269 608,269 632,269 632,270 632,273 632,273 630,273 629,274 629,275 628,276 628,277 628,277 615,277 614,278 614,291 613,292 611,292 610,293 610,347 610,347 605,347 603,349 603,353 601,355 600,355 599,356 599,365 598,366 597,366 595,368 595,369 595,369 594,369 592,371 592,379 591,380 585,380 584,381 584,391 583,392 582,392 580,394 580,395 580,395 579,395 577,397 577,398 576,399 576,399 575,399 573,401 573,402 572,403 571,403 569,405 569,406 569,406 568,406 566,408 566,412 562,416 562,417 562,417 561,417 558,420 558,421 558,421 557,421 554,424 554,425 554,425 553,425 551,427 551,431 542,440 541,440 540,441 540,445 536,449 536,454 536,454 535,454 534,455 530,455 529,456 529,461 528,462 527,462 525,464 525,472 524,473 520,473 512,481 508,481 506,483 506,484 506,484 501,484 499,486 499,487 498,488 497,488 495,490 495,495 495,495 485,495 484,496 484,506 483,507 478,507 477,508 477,509 476,510 474,510 473,511 473,524 472,525 467,525 466,526 466,527 464,529 460,529 458,531 458,532 458,532 457,532 455,534 455,539 454,540 448,540 447,541 447,543 446,544 422,544 421,545 421,547 421,547 419,547 418,548 418,553 416,555 378,555 377,556 377,561 376,562 196,562 195,563 195,573 195,573 190,573 188,575 188,576 187,577 186,577 184,579 184,584 184,584 183,584 179,588 134,588 133,589 133,590 131,592 122,592 121,593 121,599 121,599 96,599 95,600 95,632 95,632 94,632 93,633"/><TextEquiv index="1"><Unicode></Unicode></TextEquiv></TextLine><TextLine id="r0_l003"><Coords points="2174,800 3071,800 3071,1067 2174,1067"/><TextEquiv index="1"><Unicode></Unicode></TextEquiv></TextLine><TextLine id="r0_l004"><Coords points="1166,1102 3911,1102 3911,1326 1166,1326"/><TextEquiv index="1"><Unicode>ginez, Conſtance, qu'on me dei</Unicode></TextEquiv></TextLine><TextLine id="r0_l005"><Coords points="1137,1355 3911,1355 3911,1567 1137,1567"/><TextEquiv index="1"><Unicode>noit l'eſpoir d'être unie à celti</Unicode></TextEquiv></TextLine><TextLine id="r0_l006"><Coords points="3523,1810 3521,1809 3521,1756 3521,1755 1556,1755 1555,1756 1555,1757 1553,1759 1552,1759 1551,1760 1551,1768 1550,1769 1546,1769 1544,1771 1544,1775 1542,1777 1541,1777 1540,1778 1540,1783 1539,1784 1538,1784 1537,1785 1536,1786 1536,1787 1535,1788 1530,1788 1529,1789 1529,1790 1527,1792 1256,1792 1255,1793 1255,1801 1254,1802 1254,1803 1254,1803 1216,1803 1214,1802 1214,1801 1213,1800 1213,1799 1212,1799 1210,1798 1210,1752 1210,1751 1205,1751 1202,1749 1202,1748 1202,1747 1186,1747 1184,1746 1184,1741 1184,1740 1179,1740 1177,1739 1177,1738 1176,1736 1175,1736 1173,1735 1173,1734 1172,1732 1171,1732 1169,1731 1169,1723 1168,1721 1167,1721 1166,1721 1166,1708 1168,1706 1169,1706 1169,1706 1169,1687 1170,1686 1170,1685 1171,1684 1176,1684 1177,1683 1177,1671 1179,1669 1180,1669 1180,1669 1180,1664 1182,1662 1413,1662 1414,1661 1414,1660 1416,1658 1536,1658 1536,1658 1536,1637 1536,1636 1063,1636 1062,1636 1062,1634 1064,1632 1536,1632 1536,1632 1536,1601 1538,1599 1539,1599 1540,1598 1540,1597 1542,1595 1557,1595 1558,1597 1558,1598 1560,1599 2195,1599 2195,1600 2195,1603 2196,1603 3006,1603 3006,1604 3006,1605 3008,1606 3660,1606 3661,1607 3662,1607 3662,1608 3662,1609 3664,1610 3665,1610 3665,1611 3665,1612 3668,1614 3669,1614 3669,1615 3669,1617 3670,1617 3845,1617 3846,1618 3847,1618 3847,1619 3847,1672 3849,1673 3850,1673 3851,1675 3851,1684 3852,1684 3853,1684 3855,1687 3855,1695 3856,1695 3909,1695 3910,1697 3910,1713 3909,1714 3908,1714 3907,1715 3906,1716 3906,1717 3905,1718 3852,1718 3851,1719 3851,1731 3846,1736 3845,1736 3844,1737 3844,1741 3843,1742 3843,1743 3843,1743 3842,1743 3841,1744 3830,1744 3829,1745 3829,1746 3828,1747 3820,1747 3817,1750 3817,1751 3817,1751 3811,1751 3810,1752 3810,1809 3809,1810"/><TextEquiv index="1"><Unicode>que j'aime! M. de Thémine m'ap-</Unicode></TextEquiv></TextLine><TextLine id="r0_l007"><Coords points="1133,1837 3904,1837 3904,2073 1133,2073"/><TextEquiv index="1"><Unicode>pelloit dans ce lieu de délices</Unicode></TextEquiv></TextLine><TextLine id="r0_l008"><Coords points="1159,2073 3896,2073 3896,2241 1159,2241"/><TextEquiv index="1"><Unicode>dont l'idée me charme encore.</Unicode></TextEquiv></TextLine><TextLine id="r0_l009"><Coords points="1812,2536 1810,2535 1810,2534 1809,2532 1808,2532 1806,2531 1806,2530 1806,2529 1624,2529 1617,2523 1617,2478 1617,2477 1164,2477 1162,2476 1162,2475 1161,2473 1160,2473 1158,2472 1158,2471 1160,2469 1161,2469 1162,2468 1162,2464 1164,2462 1180,2462 1180,2462 1180,2417 1181,2416 1181,2415 1182,2414 1183,2414 1184,2413 1184,2403 1185,2402 1191,2402 1192,2401 1195,2401 1196,2400 1199,2400 1200,2399 1251,2399 1251,2399 1251,2341 1252,2340 1253,2340 1261,2332 1295,2332 1295,2332 1295,2323 1297,2321 1298,2321 1299,2323 1299,2324 1300,2324 1301,2325 1302,2325 1303,2327 1303,2328 1302,2329 1300,2329 1299,2330 1299,2332 1300,2332 1586,2332 1587,2333 1588,2333 1588,2334 1588,2335 1590,2336 3254,2336 3254,2336 3254,2335 3257,2332 3777,2332 3777,2332 3777,2327 3783,2321 3790,2321 3798,2329 3799,2329 3799,2330 3799,2380 3800,2380 3864,2380 3866,2383 3866,2384 3867,2384 3876,2384 3877,2386 3877,2387 3879,2388 3883,2388 3887,2392 3895,2392 3895,2393 3895,2454 3896,2455 3896,2456 3895,2457 3895,2458 3895,2458 3889,2458 3888,2459 3888,2461 3887,2462 3886,2462 3885,2463 3884,2464 3884,2465 3883,2466 3878,2466 3877,2467 3877,2468 3876,2469 3872,2469 3869,2472 3869,2473 3869,2473 3793,2473 3792,2474 3792,2490 3790,2492 3785,2492 3784,2493 3784,2502 3783,2503 3782,2503 3781,2504 3781,2505 3780,2506 3776,2506 3775,2507 3774,2507 3773,2508 3773,2513 3772,2514 3771,2514 3769,2516 3769,2517 3768,2518 3304,2518 3303,2519 3303,2520 3302,2521 3301,2521 3300,2522 3299,2523 3299,2524 3298,2525 3290,2525 3288,2524 3288,2523 3287,2521 3286,2521 3284,2520 3284,2478 3284,2477 1837,2477 1836,2478 1836,2532 1836,2532 1835,2532 1832,2535 1832,2536 1832,2536"/><TextEquiv index="1"><Unicode>l m'y promettoit un aſyle: je</Unicode></TextEquiv></TextLine><TextLine id="r0_l010"><Coords points="1156,2563 4234,2563 4234,2778 1156,2778"/><TextEquiv index="1"><Unicode>n'avois qu'à faire un pas pour être</Unicode></TextEquiv></TextLine><TextLine id="r0_l011"><Coords points="1130,2800 4237,2800 4237,3011 1130,3011"/><TextEquiv index="1"><Unicode>heureuſe! Mais conſidérez d'un</Unicode></TextEquiv></TextLine><TextLine id="r0_l012"><Coords points="1155,3052 3897,3052 3897,3256 1155,3256"/><TextEquiv index="1"><Unicode>autre côté qu'il étoit facile au</Unicode></TextEquiv></TextLine><TextLine id="r0_l013"><Coords points="1163,3285 3893,3285 3893,3485 1163,3485"/><TextEquiv index="1"><Unicode>crédit d'une famille irritée d'en-</Unicode></TextEquiv></TextLine><TextLine id="r0_l014"><Coords points="1152,3533 4230,3533 4230,3693 1152,3693"/><TextEquiv index="1"><Unicode>ſevelir dans les cachots un mal-</Unicode></TextEquiv></TextLine><TextLine id="r0_l015"><Coords points="1152,3778 4225,3778 4225,3991 1152,3991"/><TextEquiv index="1"><Unicode>heureux étranger qui ne tenoit à</Unicode></TextEquiv></TextLine><TextLine id="r0_l016"><Coords points="1152,4018 4226,4018 4226,4233 1152,4233"/><TextEquiv index="1"><Unicode>perſonne &amp; qui ſeroit diſparu</Unicode></TextEquiv></TextLine><TextLine id="r0_l017"><Coords points="1148,4259 4222,4259 4222,4491 1148,4491"/><TextEquiv index="1"><Unicode>ſans qu'une ſeule voix l'eût ré-</Unicode></TextEquiv></TextLine><TextLine id="r0_l018"><Coords points="1152,4491 3878,4491 3878,4711 1152,4711"/><TextEquiv index="1"><Unicode>clamé. Fatigué des perſécutions</Unicode></TextEquiv></TextLine><TextLine id="r0_l019"><Coords points="1144,4730 4215,4730 4215,4941 1144,4941"/><TextEquiv index="1"><Unicode>il vouloit mourir. Pouvois-je le</Unicode></TextEquiv></TextLine><TextLine id="r0_l020"><Coords points="1144,4967 3878,4967 3878,5178 1144,5178"/><TextEquiv index="1"><Unicode>laiſſer aller ſeul, moi que la dou-</Unicode></TextEquiv></TextLine><TextLine id="r0_l021"><Coords points="2811,5444 2810,5444 2810,5378 2810,5377 2282,5377 2281,5377 2281,5376 2279,5373 1149,5373 1147,5372 1147,5371 1147,5370 1146,5370 1143,5368 1146,5365 1147,5365 1147,5365 1147,5245 1148,5244 1149,5244 1149,5244 1155,5238 1155,5237 1156,5236 1165,5236 1166,5235 1166,5234 1168,5232 1176,5232 1177,5231 1177,5230 1178,5229 3532,5229 3532,5229 3532,5220 3535,5217 3543,5217 3544,5216 3544,5215 3545,5214 3779,5214 3781,5212 3781,5211 3782,5210 3798,5210 3799,5212 3799,5213 3801,5214 3802,5214 3803,5216 3803,5217 3804,5217 3808,5217 3809,5218 3810,5218 3810,5219 3810,5220 3812,5221 3813,5221 3814,5223 3814,5225 3815,5225 4210,5225 4210,5226 4210,5399 4210,5399 2822,5399 2821,5400 2821,5444 2821,5444"/><TextEquiv index="1"><Unicode>leur auroit tuée au moment de ſa</Unicode></TextEquiv></TextLine><TextLine id="r0_l022"><Coords points="1226,5680 1225,5680 1225,5615 1225,5614 1153,5614 1151,5613 1151,5485 1151,5484 1138,5484 1136,5483 1136,5482 1136,5481 1124,5481 1121,5479 1121,5475 1121,5471 1122,5470 1123,5470 1124,5469 2810,5469 2810,5469 2810,5445 2811,5444 3600,5444 3601,5443 4206,5443 4206,5443 4206,5431 4208,5429 4210,5429 4210,5430 4210,5498 4209,5499 4208,5499 4207,5500 4207,5601 4205,5603 3193,5603 3192,5604 3192,5605 3191,5606 3190,5606 3189,5607 2675,5607 2673,5609 2673,5610 2673,5610 2383,5610 2380,5613 2380,5614 2380,5614 1230,5614 1229,5615 1229,5679 1228,5680"/><TextEquiv index="1"><Unicode>mort? O chere couſine! il eſt</Unicode></TextEquiv></TextLine><TextLine id="r0_l023"><Coords points="1115,5685 3848,5685 3848,5911 1115,5911"/><TextEquiv index="1"><Unicode>donc vrai que les paſſions trans-</Unicode></TextEquiv></TextLine></TextRegion></Page></PcGts>