2480 3507
621 411 2227 483 devient nceaire en ce moment!
604 518 2219 617 Enfin, pour la premiere fois, j'ai
595 621 2223 713 n important ecret  te confier.
617 727 2210 823 Je t'avoue que j'en uis i fort affec-
616 835 2213 936 te, que je crains ans cee qu'il ne
616 931 2209 1031 m'chappe. Reviens donc; hte-
617 1049 2210 1138 toi de prerver ton amie de quel-
617 1155 2210 1252 qu'imprudence: viens partager &
617 1252 2210 1340 combler on bonheur!..... Je ne
613 1364 2206 1457 puis y uffire toute eule. Depuis
613 1471 2206 1563 trois jours le fourire ne m'a point
613 1577 2210 1652 abandonne. Je me refue au om-
613 1683 2210 1772 meil, crainte de perdre le entiment
608 1789 2210 1879 de ma ituation: tout ce qui m'en-
608 1892 2206 1975 vironne me emble embelli. Il n'et
604 1998 2210 2091 point d'objet qui ne oit par des
608 2105 2206 2194 riantes couleurs de mon imagina-
613 2208 2206 2293 tion; les choes, les hommes, tout
607 2313 2209 2417 me parot perfectionn. Il n'y a pas
607 2416 2205 2519 juqu' la mauade humeur de mon
608 2526 2201 2622 oncle, qui ne me emble agra-
595 2633 2223 2756 ble; & toi-mme, chere Henriette,
583 298 707 357 L
