2480 3507
597 487 2194 579 uis pas encore re que ce oit de
601 593 2198 682 l'amour; au moins puis-je en dou-
601 699 2198 789 ter, i j'en juge par ce que j'ai lu &
597 802 2194 895 entendu dire juqu' prent: toi-
593 908 2194 998 mme qui l'as prouv, ne m'as-tu
593 1011 2194 1100 pas dit cent fois, que les premiers
588 1114 2189 1210 effets de ce entiment ont de ren-
531 1220 2185 1306 dre trite, rveur; moi au contraire
583 1322 2184 1446 j'ai une gaiet continue; je ne r-
583 1428 2184 1528 fchis plus malgr l'extrme pen-
583 1527 2188 1627 chant que tu me connois aux rfle-
579 1639 2189 1731 xions. Mon cur palpite de plaiir
584 1745 2185 1834 dans P'abence & en prence de
575 1848 2180 1937 l'objet. Si je pene encore quelque-
579 1951 2176 2043 fois, ce n'et que pour me rendre
575 2050 2180 2139 compte de mon bonheur. Enfin tu
575 2156 2176 2242 ne voudras pas me croire: mais en
575 2259 2176 2345 vrit je ne trouve point de diff-
579 2362 2176 2454 rence entre ce que j'prouve pour
579 2465 2176 2557 ce nouvel objet, & ce que j'ai enti
579 2571 2172 2663 pour toi, except que les pre-
566 2674 2172 2777 miers jours nos regards n'ooient
