2480 3507
1308 2774 1586 2853 Aiv
316 453 1937 552 examiner la propoition, quinze
312 559 1923 659 prendre une rolution, trente  la
312 659 1923 765 communiquer; deorte que j'aurois
312 771 1932 867 le temps de mourir de joie ou de
307 881 1937 970 douleur avant qu'il et pris un
303 980 1915 1073 parti. Aini il ne me rete d'epoir
303 1080 1932 1179 qu'en ton amiti; i elle toit aui
299 1193 1923 1282 vive que la mienne, il n'et point
303 1289 1932 1388 de acrifice que tu ne me fies. J'ai
303 1402 1910 1495 prouv cent fois qu'on et trop
290 1501 1915 1597 heureux, lorque l'on n'a que des
294 1618 1923 1704 obtacles  vaincre pour obliger es
294 1721 1910 1789 amis. Fais donc un miracle en fa-
290 1824 1910 1909 veur de ton Eliabeth, dtermine
285 1930 1928 2005 l'intant monfieur d'AIbi, fais le
285 2033 1910 2122 conentir  ton dpart, & viens,
285 2139 1906 2228 non pour pntrer le ecret de mon
290 2242 1910 2334 ccur puique tu le ais; mais pour
285 2352 1902 2434 m'clairer ur a vritable fituation,
294 2461 1897 2547 car je m'y perds moi-mme & crains
290 2564 1897 2653 de m'garer. Ton exprience &
290 2670 1915 2759 l'intime connoiance que tu as de
