2480 3507
1852 322 1994 403 L
369 439 1963 538 de mon tyle; car il devint plus pr-
369 545 1963 645 cieux, & quelle qu'ambition que je
369 662 1989 751 lui connoie, je crois qu'en ce mo-
373 758 1967 854 ment il ne m'auroit pas appelle a
373 860 1967 960 couine pour la tiare. Par es di-
373 970 1963 1066 cours je vis que a grandeur avoit
369 1076 1967 1172 beaucoup de regrets de ne pouvoir
373 1179 1972 1262 me nommer madame l'abbee,
360 1286 1967 1378 comme on e l'toit promis ds
369 1402 1067 1471 mon enfance.
382 1498 2046 1594 Ne trouves-tu pas, ma chere,
373 1608 1967 1704 que cet homme tiens bien de la
364 1711 1967 1803 famille  tous gards? Je me ou-
364 1817 1967 1909 viens, que jamais mes parents ne
364 1923 1967 1998 m'ont donn le doux nom de leur
364 2022 1967 2118 fille, pas mme celui d'Eliabeth.
364 2129 1972 2228 ils parloient de moi prente ou
369 2228 1972 2328 abente, ils dioient toujours made-
369 2345 1963 2424 moielle de Chamdermant. Il me
369 2451 1967 2547 emble que des peronnes, i atta-
369 2554 1967 2633 ches  un vain extrieur d'ti-
369 2660 1963 2759 quette de grandeur, doivent avoir
