2480 3507
499 329 600 384 e
490 439 2084 514 le cœur fermé à tous ſentiments
486 549 887 621 d'amour.
587 651 2084 741 Je demande pardon de la réfle-
490 754 2084 847 xion à mes chers parents, mais la
490 864 2088 953 violence qu'ils ne craignoient pas
494 967 2088 1046 de faire à mon inclination, en me
490 1073 2093 1162 forçant d'être religieuſe, eſt une
494 1176 2101 1268 triſte preuve de ce que je dis. Mais
494 1279 2106 1371 je dois reſpecter leur volonté &
494 1392 2101 1481 non examiner ſi elle étoit juſte;
433 1495 2106 1584 ainſi point de récrimination, puiſ-
503 1597 2115 1698 que j'ai le bonheur d'être libre,
503 1698 2115 1789 oui, très-libre; car mon oncle ne
503 1803 2106 1896 ſe propoſe pas, je crois, de me ma-
503 1906 2115 1998 rier contre mon gré. Adien, chere
512 2019 2119 2101 & aimable Henriette; tout ce que
512 2118 2115 2214 j'aime eſt abſent: mais ſonge que
517 2221 2115 2317 je deſire mille fois plus ta préſence
525 2331 1572 2424 que celle de........
