2480 3507
422 679 1849 782 LETTRE II.
593 878 1660 963 De Madame d'Alni,
580 1286 1945 1375 ns! pas même nommer l'ob-
334 1392 1945 1488 jet d'une ſi charmante ſituation;
338 1498 1950 1584 tant de retenue ne s'accorde guere
343 1604 1950 1700 avec l'eſpece de délire où tu ſembles
343 1711 1950 1803 livrée! Ton imagination ſeule eſt
343 1817 1954 1909 ſéduite, tu parles de félicité & tu ne
347 1920 1945 1998 dis rien de celui qui l'a fait naître.
347 2019 1954 2108 Taire ce qu'il étoit ſi important
350 2121 1949 2230 que je ſçuſſe; non, Eliſabeth, tu
350 2227 1949 2320 naimes point! Que la raiſon déſa-
347 2334 1950 2435 buſe ton imaginatton, & je te ré-
356 2435 1950 2540 ponds de la liberté de ton cœur.
356 2547 2011 2636 Si tu aimois, l'éloge de ton amant
356 2650 1945 2749 oût précédé ou ſuivi P'aveu de ta
