2480 3507
508 435 2110 540 tendreſſe. Tu m'aurois éblouie d'un
512 540 2115 638 beau portrait. Tu l'aurois peint
517 651 2115 720 non ſeulement comme un homme
521 758 2203 847 accompli, mais tu en aurois fait un
517 860 2119 953 héros, un dieu peut-être; car les
521 967 2124 1059 amants, dans les premiers tranſports
433 1073 2124 1162 de leur amour, ne peuvent conce-
517 1176 2124 1265 voir qu'il finira, ni regarder comme
521 1279 2124 1371 un être mortel l'objet de leur ado-
521 1385 2132 1474 ration. Ils le diviniſent pour con-
521 1488 2132 1560 firmer leur bonfeur. Les hommes
525 1594 2128 1687 font cette apothéoſe dans la bonne
525 1700 2132 1797 foi que leur flamme & la beauté de
508 1797 2132 1899 leur maîtreſſe ſeront éternelles. Les
525 1906 2132 1995 femmes ne la créent que par amour-
517 2012 2132 2108 propre & pour autorifer leur ten-
534 2115 2132 2204 dreſſe. Le moyen d'être inſenſible
534 2221 2132 2304 au mérite d'un homme à qui l'on
534 2324 2132 2420 ſuppoſe toutes les perfections d'un
539 2430 2132 2526 ange! Rien de femblable ne t'eſt
543 2533 2137 2629 échappé. Le ſilence, que tu gardes
547 2643 2141 2732 ſur cet heureux inconnu, me prouve
