2480 3507
1809 291 1959 381 Ls.
325 422 1919 521 que tu n'as pas encore ſenti les
334 531 1923 617 traits de l'amour: car pour peu
325 638 1928 727 que tu en euſſes été atteinte, tu te
334 741 1928 833 ſerois plu à détailler les avantages
329 850 1212 939 de ce nouvel objet.
435 953 1932 1042 Je ſçais bien que, par pudeur, tu
329 1059 1937 1135 n'aurois oſé louer ſa beauté. Tu
334 1166 1937 1255 m'aurois dit, avec le plus de mo-
334 1268 1941 1358 deſtie qu'il t'eût été poſſible, il a
338 1371 1945 1464 le port noble, la phyſionomie ſpi-
343 1477 1941 1563 rituelle, le maintien modeſte,
343 1584 1950 1669 l'air doux, le ſourire fin, les yeux
347 1690 1954 1776 vifs & tendres, la taille au-deſſus
347 1793 1954 1879 de la médiocre. Tu te ſerois bien
351 1896 1945 1992 gardée de parler de ſa belle jambe!
351 2002 1954 2088 mais à cela près, tu n'aurois rien
351 2105 1959 2201 négligé pour me faire entendre
360 2208 1963 2307 qu'il eſt de la plus aimable figure.
356 2314 1963 2406 Je connois le manege de l'amour-
355 2416 1962 2522 propre à cet égard, & ſur-tout l'in-
359 2519 1966 2614 diſcrétion d'un cœur bien épris. Le
356 2626 1967 2735 ien ne manifeſte rien de conforme
