2480 3507
547 418 2153 521 à cette ſituation; au contraire, plus
551 531 2153 624 j'examine ta lettre, plus je trouve
543 641 2149 730 de quoi me raſſurer pour ton re-
538 744 2144 833 pos...... Vas, chere Eliſabeth, ſi
547 854 2144 943 jamais ton cœur n'eſt plus ſenſible-
538 963 2140 1052 ment bleſſé, je puis me croire pour
538 1059 2157 1164 la vie l'unique objet de ton affec-
534 1164 2131 1265 tion. Tu ſçais combien je ſuis ja-
534 1275 2131 1368 louſe de la poſſéder; & ſûrement
534 1385 2127 1453 mon intérêt m'éclaireroit ſur l'e-
530 1491 2122 1591 iſtence d'un ſentiment qui nuiroit
525 1597 1190 1669 à notre amitié.
643 1700 2118 1793 Tu me demandes ſi je ne te
525 1810 2118 1896 trouve pas ridicule d'aimer. Non;
525 1906 2118 2005 mais ſi cela t'arrivoit un jour, je te
521 2019 2114 2105 croirois bien malheureuſe; parce
521 2125 2109 2214 qu'à ton âge les penchants ſont des
516 2232 2109 2321 paſſions, & que la raiſon, quoique
516 2334 2109 2417 dans toute ſa force, loin de nous
516 2441 2105 2537 guider, ajoute au preſtige. Hélas!
512 2550 2105 2643 féduite elle-même, elle nous per-
512 2657 2109 2753 fuade que nulle illuſion n'embeflit
523 304 714 394 .
