2480 3507
604 446 2197 538 Tu ſçais tout ce que je dois de re-
604 555 2192 638 connoiſſance à mon mari, le fin-
604 655 2188 754 cere attachement qu'il a pour moi,
600 768 2192 860 le plaiſir qu'il goûte à ma compa-
600 874 2192 963 gnie: pourrois-je l'en priver, ſans
565 980 2197 1070 me rendre coupable de la plus mé-
600 1087 2210 1176 priſable ingratitude? Malgré tout
600 1190 2206 1282 cela, crois, chere Eliſabeth, que la
603 1295 2196 1396 juſtice ſeule emporte la balance
607 1394 2205 1490 dans mon cœur, & que, ſi je ſuivois
600 1505 2201 1594 mon penchant, nous ſerions bien-
595 1611 2206 1704 tôt réunies pour ne nous plus ſé-
595 1721 2201 1803 parer .... Quand viendra ce bien-
600 1820 2206 1916 heureux moment? je le deſire plus
604 1927 2201 2019 vivement que tu ne penſes .....-
595 2033 2206 2125 Ingrate, ſi tu ſçavois tout ce que je
595 2139 2201 2228 fais pour y parvenir, oh que t
595 2242 2197 2334 m'aimerois! Mais je ne veux pas
595 2348 2197 2441 trop allumer ton imagination par
595 2451 2197 2544 un eſpoir qui ne te laiſſeroit point
595 2557 2192 2650 de tranquillité juſqu'à ce qu'il fût
595 2663 2197 2749 comblé. Adiett, ma bien - aimée
587 311 738 403 r
