2480 3507
1685 326 1852 431 L
1331 2787 1493 2879 Bii
215 459 1818 562 Eliſabeth, je te fouhaite le bon
220 562 1822 658 ſoir ou le bon jour, car il eſt trois
215 669 1822 768 heures après minuit. Si monſteur
215 778 1822 871 d'Albi ſçavoit que j'écris ſi tard, il
215 884 1814 970 diroit que cela bleſſe Péconomie
215 987 1822 1080 du bon ordre, & il ne manqueroit
211 1087 1827 1183 pas de faire une belle diſſertation;
215 1203 1827 1289 pour prouver que les anciens
211 1306 1818 1399 avoient raiſon de ſe coucher de
211 1412 1822 1488 bonne-heure & de ſe lever matin;
206 1515 1818 1618 qu'ils faiſoient de meilleures cho-
202 1618 1818 1714 ſes que nous, qui avons jugé à pro-
202 1728 1822 1817 pos de ſubſtituer des caprices aux
202 1834 1822 1923 principes conſtants & raiſonnables
206 1940 1822 2029 qu'ils ſuivoient. En vérité tu rirois
206 2046 1822 2136 quelquefois de voir l'intérêt qu'il
202 2153 1818 2238 met à ces diſcuſſions. A cette petite
206 2256 1822 2345 manie près, c'eſt le plus digne mari
202 2362 1014 2454 qu'on puiſſe voir.
321 2454 1818 2547 Tu trouves donc l'humeur du
202 2574 1818 2669 baron ton oncle plus agréabſe; la
211 2669 1827 2773 cauſe de cet heureux changement
