2480 3507
661 422 2249 521 ne vient point, comme tu l'imagi-
665 535 2241 621 nes, de ta nouvelle ſituation; elle
661 638 2241 734 vient de l'extrême tendreſſe que ce
560 744 2241 836 cher oncle a pour toi. Je me ſuis ap-
661 854 2241 943 perçue pluſieurs fois qu'il faiſoit vio-
661 956 2245 1049 lence-à ſon propre caractere devant
656 1063 2245 1152 toi. Il n'oſoit s'emporter contre ſes
661 1169 2241 1241 valets crainte de te faire de la
656 1275 2245 1368 peine, ni refuſer des ſervices qui
656 1378 2245 1474 étoient en ſon pouvoir, mais qu'il
656 1484 2245 1570 n'eût pas rendus, ſans la crainte de
656 1591 2245 1683 t'affliger, parce que ſa vanité n'y
652 1697 2245 1786 trouvoit aucun avantage. J'ai en-
639 1803 2249 1892 core remarqué mille bons effets
648 1906 2245 2002 de ſon amitié; mais je n'ai pas aſſez
648 2012 2245 2105 de temps aujourd'hui pour les mettre
648 2115 2241 2211 ſous tes yeux, ni pour te convain-
639 2225 2245 2317 cre que dans tous les points par
635 2324 2245 2417 leſquels tu veux prouver le charme
639 2434 2241 2530 de ton cœur, il n'en eſt pas un qui
635 2530 2245 2619 n'ait ſa ſource hors du ſentiment
630 2643 2017 2735 dont tu prétends être affectée.
637 295 804 377 L
