2480 3507
684 1282 2071 1371 erier, Henriette, que
472 1385 2066 1474 les progrès de l'amour ſont rapidesl
472 1491 2071 1577 Je ſerois effrayée de ſes ſuccès ſi
472 1591 2066 1683 j'en croyois tes triſtes prédictions:
468 1697 2071 1786 mais j'ai pius de motifs que toi pour
472 1803 2071 1889 être incrédule. Tu prétends done
468 1906 2071 1998 que je n'aime pas, parce que je ne
468 2012 2075 2098 t'ai point fait l'énumération des
468 2115 2071 2204 graces de l'inconnu. Que t'auroit
468 2218 2066 2310 prouvé ce détail; ſinon que mes
472 2321 2110 2410 ſens avoient été ſéduits par l'éclat
472 2427 2071 2520 d'une belle figure. Eſt - ce à mon
481 2533 2066 2622 âge & ſur-tout avec mon caractere,
477 2639 2071 2729 que le cœur ſe laiſſe ſurprendre par
477 329 592 384 L.
552 682 1982 782 LETTRE III.
645 884 1898 991 DEE,
786 1018 1744 1128 à Madame d'Aer.
