2480 3507
526 311 681 418 L
536 432 2130 535 article, qu' peine aurois-je pu ren-
536 545 2121 638 dre un compte exact de a figure,
523 648 2121 741 juqu' la lecture de ta lettre. Mais
527 754 2121 850 le portrait, que tu as trac d'aprs
527 860 2121 956 ton imagination, m'a paru i agra-
523 960 2117 1056 ble, qu'il m'a conduit  faire un
523 1076 2117 1166 examen dont je ne m'tois point
523 1179 2117 1279 encore occupe. J'ai t i frappe
523 1282 2117 1378 de la reemblance, que je erois
518 1392 2117 1481 tente de croire que tu as vu le
514 1495 2112 1587 chevalier de Luzan quelque part.
518 1601 2121 1693 Cependant je uis bien re que tu
470 1704 2117 1793 tois abente quand mon oncle
514 1810 2112 1903 me le prenta. Il et vrai qu'il m'en
514 1916 2108 2005 a parl pluieurs fois en ta prence,
514 2022 2108 2112 lorque nous tions au couvent:
509 2129 2112 2214 mais comme il m'entretenoit plus
514 2225 2112 2321 de on mrite que de a peronne,
509 2334 2108 2427 je ne conois pas par quelle magie
518 2444 2108 2533 tu as i bien devin;  moins que
514 2547 2108 2636 ds ce temps l je ne dcelae par
509 2653 2108 2753 ma curioit des dipoitions que je
2003 2783 2117 2849 ne
