2480 3507
392 501 1997 600 ne m'avouois pas à moi-même. Tu
387 614 1980 706 ſçais qu'alors, condamnée à faire
392 720 1980 812 des vœux que j'abhorrois, mon
392 826 1980 925 oncle qui n'ignoroit pas la vio-
387 925 1984 1018 lence que l'on me faiſoit, venoit
387 1025 1980 1124 ſouvent m'exhorter à ſa réſignation.
387 1138 1984 1239 Il me promettoit un bonheur au-
387 1239 1984 1334 quel il ne croyoit pas, comme la
392 1351 1984 1440 ſuite nous l'a prouvé. Il me citoit
387 1453 1988 1546 l'exemple du chevalier, qui étoit
387 1563 1984 1652 entré dans l'ordre de Malte par
387 1669 2024 1759 pure obéiſſance. Il me parloit avec
387 1772 1984 1855 tant d'admiration de ſes mœurs, de
383 1875 1984 1964 ſes ſentiments, que non ſeulement
383 1978 2019 2067 je l'eſtimai ſur parole; mais la con-
378 2084 2019 2156 formité de notre ſort m'intéreſſa
378 2187 2024 2280 pour lui. Je le plaignois plus que
378 2293 1980 2382 moi-même. De la pitié, Henriette,
378 2396 1980 2485 c'étoit déja trop pour ma poſition!
374 2499 1984 2591 je ne ſçais ſi ce ſentiment n'auroit
374 2605 1980 2694 as ſuffit pour me troubler dans ma
378 2708 1971 2804 retraite, ſi la mort de mon pere,
494 2802 1658 2907 Partie I.
1861 405 1997 470 LE
