2480 3507
494 473 2123 569 & la gnroit de mon oncle, n'eu-
485 579 2092 672 fent chang ma detine. Ton ma-
481 689 2110 782 riage, les plaiirs que le baron me
476 799 2114 888 procuroit, les ftes & la foule de vi-
476 902 2106 991 ites qu'occafionna ton nouvel tat,
472 1001 2106 1097 m'amuerent ans me faire perdre
467 1114 2079 1207 l'ide du chevalier. J'y ongeai tou-
459 1220 2106 1313 jours, furtivement  la vrit; car
463 1323 2092 1416 j'avois une ecrette honte de m'oc-
463 1433 2092 1525 cper d'un homme que je ne ver-
459 1543 2097 1635 rois peut-tre jamais, & dont j'igno-
454 1645 1324 1724 rois les entiments.
507 1752 2084 1834 J'tois flatte, comme tu l'as trs
454 1858 2084 1951 bien remarqu, des hommages de
450 1968 2084 2060 ceux qui s'empreoient  me plaire;
349 2070 2088 2160 mais en m'examinana, je entois:
446 2177 2079 2273 que c'toit le chevalier que je
446 2283 2079 2369 cherchois en eux. J'avois une i
446 2389 2075 2482 haute opinion de on mrite, qu'au-
441 2496 2075 2595 cun des hommes, que je voyois, ne
437 2605 2066 2701 pouvoit rpondre  l'ide fublime
441 2708 2066 2811 que je m'en toit forme; aini ma
