2480 3507
380 511 1982 617 helle chimere me garantioit d'une
380 631 1987 713 autre erreur. Je lui devois toute
379 729 1986 827 linenibHlit de mon cur, que tu
383 826 1986 934 attribuois bonnement  mon indif-
380 935 1991 1044 frence. J'at t vingt fois ur le
380 1044 1987 1138 point de te dabuer; mais je ne
379 1151 1990 1252 ais quelle crainte mle de confu-
379 1251 1986 1375 ion m'arrtoit, ds que je voulois
384 1368 932 1453 t'en parler.
486 1467 2000 1563 Telle toit ma ituation d'eprit,
384 1570 1996 1663 lorque ton dpart prcipit me
384 1676 2000 1748 livra  moi-mme & me fit re entit
380 1779 2004 1875 plus de chagrins, que jamais l'a-
380 1882 1996 1971 mour malheureux ne pourroit m'en
380 1985 1996 2077 caner. La maladie dangereue de
380 2084 2009 2180 mon oncle, qui urvint, comme tu
380 2194 2000 2286 Pas , peu de jours aprs ton d-
380 2300 1934 2396 part, mit le comble  ma donleur.
383 2402 1999 2504 Tant de maux runis auroient
383 2502 1999 2604 peut-tre effac de mon ouvenir
384 2612 1996 2691 le chevalier; mais troitement li
393 2715 2009 2804 d'amiti avec le baron, il lui cri-
1828 368 2016 497 L
1501 2821 1678 2917 Cii
