2480 3507
463 466 2058 555 voit ouvent. Mon oncle reut une
463 559 2062 662 lettre de lui, les premiers jours de
466 664 2065 790 a maladie; il me chargea d'y faire
471 770 2070 889 rpone, je m'en dfendis. Il in-
475 880 2074 1008 ita ur ce que Luzan eroit trop
475 979 2083 1099 inquiet, s'il ne recevoit point de
480 1093 2083 1220 es nouvelles: j'crivis. Par l'exac-
484 1199 2087 1324 titude du chevalier, & ur-tout par
488 1302 2091 1401 a lettre, il toit ai de voir que
494 1419 2097 1512 le baron l'avoit ouvent entretenu
501 1511 2100 1644 de moi. Tu ais que peu intruit,
501 1617 2105 1723 & rflchiant peu, a reource
510 1720 2109 1843 ou plus tt a manie et de parler de
510 1840 1663 1932 lui & de ceux qu'il aime.
625 1940 2119 2040 Le chevalier s'y prit i bien, que
523 2045 2126 2172 je fus oblige de lui rcrire; en-
497 2141 2126 2261 orte que, ous le prtexte de l'in-
536 2248 2131 2357 former des progrs de la maladie
545 2351 2135 2460 de mon oncle, notre correpon-
554 2452 2140 2579 dance fut trs exacte pendant trois
536 2557 2144 2680 mois. Il ne parloit point de on re-
563 2669 2144 2789 tour. Je n'oois le quetionner, quoi-
