2480 3507
1950 300 2123 383 L
1550 2698 1753 2783 Cii
494 401 2088 494 que je ouhaitae plus que jamais
503 504 2093 583 de le voir; car es lettres avoient
494 607 2093 703 beaucoup ajout  la haute opinion
494 720 2106 809 que j'avois de lui. Il y regnoit un
494 819 2088 908 ton d'honntet qui me charmoit;
499 919 2093 991 elles toient affectueues ans tre
499 1028 2093 1121 exagres; c'toit un mlange de
494 1131 2097 1214 candeur & de finee, de navet
499 1238 2097 1327 & de prudence, de raion & de
494 1340 2097 1440 prjugs, qui n'intreoit pas moins
489 1449 2096 1545 mon eprit que mon cur. Il me
489 1544 2096 1641 eroit difficile de dire quel toit
494 1659 2097 1752 le caractere des miennes: tout ce
494 1759 2101 1865 que je ais, c'et que quoique je
490 1865 2097 1944 m'attachae  les crire avec bae
494 1971 2097 2060 coup de rerve, il m'chappoit
486 2070 2097 2153 frement des choes dont le cheva-
486 2180 1501 2279 lier devoit tre flatt.
600 2279 2088 2379 Je murmurois dja de on ab-
490 2389 2088 2482 ence, comme i mes entimeuts,
490 2502 2088 2595 qu'il ignoroit, m'euent acquis des
490 2605 2079 2701 droits. Je me propoois de ne pas
