2480 3507
376 394 1981 487 faire réponſe à une lettre que je
380 507 1973 593 venois de recevoir, pour me ven-
380 610 1973 699 ger de ſon peu d'empreſſement,
385 720 1981 816 lorſqu'on me l'annonça; je fus fi
376 816 1981 920 faiſie, le cœur me battoit d'une ſi
385 920 1981 1024 grande force, qu'il me fut impoſſi-
380 1024 1986 1121 ble de répondre au domeſtique que
385 1131 1990 1234 par un ſigne. Mon embarras & ma
385 1234 1986 1330 rougeur m'auroient décelée aux
389 1344 1990 1443 yeux de Luzan, s'il eût été en état
389 1453 1990 1539 des'en appetcevoir: mais auſſi em-
385 1553 1990 1642 barraſſé que moi, il articula à peine
388 1651 1994 1755 quelques mots que je n'entendis
388 1754 1994 1850 point. ne ſçavoit ſur quel ſiege
394 1858 1995 1954 saſeeo.Il ohangea deux ou trois
394 1968 1999 2060 ois de place, il ſe leva pour aller
398 2077 1234 2163 voir mon portrait.
513 2170 1999 2269 Revenue de mon trouble, je
402 2280 1995 2379 parlai en riant de notre correſpon-
407 2379 1999 2478 dance, ce qui renit notre conver-
411 2492 1995 2588 fation très agréable & fort animée.
411 2598 1995 2698 Depuis cet inſtant, la gaieté a tou-
380 295 500 363 L
