2480 3507
366 429 1960 527 riere entre vous? Quelle flicit
366 527 1960 627 te promets - tu d'un attachement
362 634 1978 734 que les loix condamnent? ur quoi
362 741 1978 841 fondes-tu ton bonheur? La ituation
366 841 1982 944 de ton cur m'afflige d'autant plus
362 944 1956 1042 que tu n'en connois pas le danger.
362 1056 1987 1135 Crois moi, un amour vertueux &
362 1155 1982 1251 ans but et un tre de raion; je
362 1262 1951 1351 frmis d'une paion conue ous de
362 1364 1951 1457 i malheureux aupices. Ton dlire
362 1474 1956 1567 te facine les yeux ur es funetes
358 1577 1956 1669 uites: mais qui ait, i de l'impo-
358 1680 1951 1772 ibilit mme d'tre heureux, vous
358 1789 1951 1879 n'en ferez pas un droit pour braver
353 1896 1280 1989 les dcrets du ort?
389 1989 1951 2088 Pardonne  ma craintive ten-
327 2101 1947 2201 dree: mais elle et plus jutement
358 2208 1947 2300 allarme que tu ne penes. Il y a
353 2314 1969 2410 tout  redouter pour toi, i tu ne
358 2417 1943 2509 fuis ton vainqueur. Fais ce acri-
358 2516 1938 2622 fice  ton repos,  la raion,  la
353 2629 1934 2744 veru, qui l'exigent. Hlas! je te
1841 329 1960 398 L
