<PcGts xmlns="http://schema.primaresearch.org/PAGE/gts/pagecontent/2017-07-15" xmlns:xsi="http://www.w3.org/2001/XMLSchema-instance" xsi:schemaLocation="http://schema.primaresearch.org/PAGE/gts/pagecontent/2017-07-15 http://schema.primaresearch.org/PAGE/gts/pagecontent/2017-07-15/pagecontent.xsd"><Metadata><Creator/><Created>2020-09-11T12:15:59</Created><LastChange>1970-01-01T00:00:00</LastChange><Comments/></Metadata><Page imageFilename="0047.png" imageHeight="3507" imageWidth="2480"><ReadingOrder><OrderedGroup id="g1"><RegionRefIndexed index="0" regionRef="r2"/><RegionRefIndexed index="1" regionRef="r3"/></OrderedGroup></ReadingOrder><ImageRegion id="r1" orientation="0.0"><Coords points="714,324 714,346 716,346 718,348 718,366 716,368 714,368 714,377 712,379 710,379 707,381 705,381 705,405 712,405 714,407 815,407 817,409 817,412 892,412 892,409 894,407 1185,407 1187,409 1187,412 1253,412 1253,409 1255,407 1343,407 1345,409 1345,412 1433,412 1435,414 1575,414 1578,412 1580,412 1580,407 1582,405 1584,405 1584,381 1582,381 1580,379 1580,366 1560,366 1558,363 1558,355 1560,352 1584,352 1584,326 1514,326 1514,328 1512,330 1510,330 1510,346 1508,348 1402,348 1400,350 1396,350 1394,348 1394,344 1323,344 1323,346 1321,348 1225,348 1223,346 1223,344 1220,344 1218,341 1084,341 1084,346 1082,348 1071,348 1069,350 1067,348 837,348 835,346 835,326 830,326 828,324"/></ImageRegion><TextRegion id="r2" orientation="0.0" type="page-number"><Coords points="1880,348 1880,352 1878,355 1810,355 1810,370 1808,372 1806,372 1803,374 1799,374 1799,377 1797,379 1797,420 1799,423 1799,425 1810,425 1812,427 1810,429 1799,429 1799,447 1801,449 1803,449 1806,451 1880,451 1887,444 1889,444 1889,440 1891,438 1893,438 1895,436 1920,436 1920,433 1922,431 1933,431 1935,429 1959,429 1959,416 1961,414 1963,414 1963,407 1966,405 1968,405 1968,398 1970,396 1972,396 1974,394 1981,394 1981,368 1979,368 1977,366 1974,366 1972,363 1972,361 1970,361 1968,359 1968,357 1966,357 1963,355 1961,355 1959,352 1959,350 1957,350 1955,348"/><TextEquiv><Unicode/></TextEquiv><TextLine id="r2_l001"><Coords points="1880,348 1880,352 1878,355 1810,355 1810,370 1808,372 1806,372 1803,374 1799,374 1799,377 1797,379 1797,420 1799,423 1799,425 1810,425 1812,427 1810,429 1799,429 1799,447 1801,449 1803,449 1806,451 1880,451 1887,444 1889,444 1889,440 1891,438 1893,438 1895,436 1920,436 1920,433 1922,431 1933,431 1935,429 1959,429 1959,416 1961,414 1963,414 1963,407 1966,405 1968,405 1968,398 1970,396 1972,396 1974,394 1981,394 1981,368 1979,368 1977,366 1974,366 1972,363 1972,361 1970,361 1968,359 1968,357 1966,357 1963,355 1961,355 1959,352 1959,350 1957,350 1955,348"/><TextEquiv index="1"><Unicode>„</Unicode></TextEquiv></TextLine></TextRegion><TextRegion id="r3" orientation="0.0" type="paragraph"><Coords points="462,444 461,445 461,446 460,447 458,447 458,462 457,463 456,463 455,464 344,464 344,466 341,469 326,469 324,471 317,471 315,473 313,473 313,504 315,504 317,506 317,517 324,517 326,519 326,523 333,523 334,524 334,525 335,526 335,528 427,528 427,526 428,525 428,524 429,523 455,523 458,526 458,528 598,528 600,530 600,532 670,532 670,530 672,528 723,528 723,526 724,525 724,524 725,523 727,523 729,521 730,522 731,522 732,523 732,528 740,528 741,529 742,529 743,530 743,532 863,532 863,530 865,528 872,528 872,510 874,508 878,508 878,501 879,500 891,500 892,501 892,521 894,521 896,523 895,524 895,525 894,526 892,526 892,530 891,531 890,531 889,532 887,532 887,552 898,552 900,554 975,554 977,552 979,552 979,534 981,532 1052,532 1054,534 1093,534 1094,535 1094,536 1095,537 1121,537 1123,539 1123,544 1124,545 1124,549 1125,550 1125,555 1126,556 1126,561 1127,562 1127,566 1128,567 1128,572 1129,573 1129,578 1130,579 1129,580 1008,580 1006,578 1006,576 927,576 927,578 926,579 925,579 924,580 843,580 841,578 841,576 764,576 762,574 762,561 760,561 759,560 759,559 758,558 758,556 683,556 683,574 681,576 672,576 670,574 629,574 628,573 627,573 626,572 626,556 620,556 618,554 618,552 552,552 552,554 550,556 547,556 547,572 545,574 407,574 405,572 405,552 403,552 401,550 326,550 324,552 317,552 317,596 320,596 322,598 322,602 320,604 317,604 316,605 316,606 315,607 313,607 313,626 315,626 316,627 316,628 317,629 317,631 337,631 339,633 414,633 416,631 477,631 478,632 479,632 480,633 480,646 484,646 486,648 486,650 488,650 489,651 489,652 490,653 490,655 497,655 499,657 497,659 423,659 423,661 420,664 398,664 397,663 397,662 396,661 396,655 394,655 392,653 322,653 320,655 313,655 313,677 311,679 309,679 309,703 311,703 313,705 315,705 317,707 317,729 316,730 316,731 315,732 313,732 311,734 309,734 309,758 315,758 317,760 337,760 339,762 339,780 337,782 330,782 330,784 328,786 326,786 326,789 324,791 322,791 320,793 317,793 317,800 315,802 313,802 313,828 315,828 317,830 317,841 381,841 383,843 383,846 519,846 521,844 521,843 523,841 576,841 578,843 578,846 743,846 745,848 745,865 826,865 826,863 828,861 828,848 830,846 837,846 839,848 839,850 909,850 909,848 911,846 916,846 918,848 918,850 1041,850 1041,848 1043,846 1082,846 1084,848 1084,850 1163,850 1164,851 1164,852 1163,853 1163,854 1162,855 1162,856 1161,857 1161,858 1160,859 1160,861 1159,862 1159,863 1158,864 1158,865 1157,866 1157,867 1156,868 1156,870 1155,871 1155,872 1154,873 1154,874 1153,875 1153,876 1152,877 1152,878 1151,879 1151,881 1150,882 1150,883 1149,884 1149,885 1148,886 1148,887 1147,888 1147,889 1146,890 1146,892 1145,893 1145,894 1143,896 1052,896 1051,895 1050,895 1049,894 966,894 964,896 962,894 810,894 808,892 808,891 806,889 751,889 749,887 749,874 747,874 745,872 679,872 677,874 646,874 644,872 644,870 569,870 567,872 565,872 565,914 567,914 569,916 569,918 567,920 554,920 552,918 552,914 553,913 553,912 554,911 554,894 552,892 552,889 550,889 549,888 548,888 547,887 547,872 469,872 469,887 468,888 467,888 466,889 460,889 458,887 458,885 455,885 453,883 453,878 451,878 449,876 449,874 442,874 440,872 429,872 427,870 352,870 350,872 335,872 333,874 330,874 330,876 328,878 326,878 325,879 325,880 324,881 322,881 322,887 320,889 317,889 317,942 328,942 330,944 333,944 335,946 335,949 512,949 513,950 514,950 515,951 515,960 572,960 574,962 574,968 648,968 648,962 650,960 653,960 653,955 655,953 692,953 692,951 694,949 863,949 865,951 865,968 867,968 870,971 870,973 944,973 944,971 945,970 945,969 946,968 953,968 953,951 955,949 1003,949 1004,950 1005,950 1006,951 1006,968 1008,968 1009,969 1009,970 1010,971 1010,979 1105,979 1106,980 1105,981 1105,982 1104,983 1104,984 1103,985 1103,986 1102,987 1102,989 1101,990 1101,991 1100,992 1100,993 1099,994 1099,995 1098,996 1098,997 1096,999 1065,999 1063,997 1063,995 984,995 984,997 983,998 982,998 981,999 960,999 959,998 958,998 957,997 957,995 661,995 661,997 659,999 650,999 648,997 648,995 563,995 562,994 562,993 561,992 561,975 477,975 477,986 475,988 473,988 471,986 471,984 469,984 466,981 466,977 464,977 462,975 460,975 458,973 458,971 383,971 383,990 381,992 335,992 334,993 334,994 333,995 326,995 326,997 324,999 322,999 320,1001 317,1001 317,1003 316,1004 316,1005 315,1006 313,1006 313,1038 315,1038 316,1039 316,1040 317,1041 317,1045 320,1045 322,1047 328,1047 330,1049 330,1052 644,1052 644,1049 646,1047 650,1047 651,1048 652,1048 653,1049 653,1052 712,1052 714,1054 714,1056 784,1056 784,1054 786,1052 828,1052 830,1054 830,1056 962,1056 962,1054 964,1052 981,1052 982,1053 983,1053 984,1054 984,1056 1070,1056 1071,1057 1070,1058 1070,1059 1069,1060 1069,1061 1068,1062 1068,1064 1067,1065 1067,1066 1066,1067 1066,1068 1065,1069 1065,1070 1064,1071 1064,1072 1063,1073 1063,1075 1062,1076 1062,1077 1061,1078 1061,1079 1060,1080 1060,1081 1059,1082 1059,1084 1058,1085 1058,1086 1057,1087 1057,1088 1056,1089 1056,1090 1055,1091 1055,1092 1054,1093 1054,1095 1053,1096 1053,1097 1052,1098 1052,1099 1051,1100 1051,1101 1050,1102 1050,1103 1049,1104 1049,1106 1048,1107 1048,1108 1047,1109 1047,1110 1046,1111 1045,1110 1045,1104 1043,1104 1041,1102 863,1102 861,1100 861,1098 789,1098 789,1100 788,1101 787,1101 786,1102 593,1102 591,1100 591,1098 504,1098 501,1095 436,1095 433,1098 425,1098 424,1097 424,1096 423,1095 423,1078 420,1078 418,1076 418,1074 335,1074 335,1076 333,1078 326,1078 324,1080 322,1080 322,1095 321,1096 321,1097 320,1098 317,1098 317,1100 315,1102 313,1102 313,1120 315,1120 317,1122 317,1131 315,1133 313,1133 313,1155 320,1155 322,1157 322,1159 431,1159 431,1157 433,1155 435,1157 436,1157 438,1159 506,1159 510,1155 512,1157 512,1159 633,1159 635,1161 754,1161 756,1159 846,1159 848,1161 848,1183 894,1183 896,1185 896,1203 894,1205 679,1205 677,1207 672,1207 670,1205 624,1205 622,1203 622,1183 539,1183 539,1203 541,1203 543,1205 543,1209 542,1210 542,1211 541,1212 540,1211 540,1210 539,1209 539,1207 534,1207 532,1205 526,1205 525,1204 524,1204 523,1203 523,1201 447,1201 447,1203 446,1204 445,1204 444,1205 326,1205 324,1207 317,1207 317,1209 316,1210 316,1211 315,1212 313,1212 313,1220 312,1221 312,1222 311,1223 309,1223 309,1262 328,1262 330,1264 330,1282 427,1282 427,1264 429,1262 528,1262 532,1258 541,1258 543,1260 543,1262 580,1262 581,1263 582,1263 583,1264 583,1269 653,1269 653,1264 655,1262 670,1262 670,1260 672,1258 673,1259 674,1259 675,1260 675,1286 754,1286 754,1284 756,1282 758,1282 758,1264 760,1262 784,1262 786,1264 786,1269 850,1269 850,1264 852,1262 898,1262 900,1264 966,1264 968,1262 999,1262 1001,1264 1001,1271 1049,1271 1050,1272 1050,1274 1051,1275 1051,1276 1052,1277 1052,1279 1053,1280 1053,1281 1054,1282 1054,1284 1055,1285 1055,1286 1056,1287 1056,1289 1057,1290 1057,1291 1058,1292 1058,1294 1059,1295 1059,1297 1060,1298 1060,1299 1061,1300 1061,1302 1062,1303 1062,1304 1063,1305 1062,1306 1036,1306 1036,1308 1034,1310 955,1310 953,1308 953,1293 951,1293 949,1291 878,1291 876,1293 874,1293 874,1295 872,1297 870,1297 870,1308 869,1309 868,1309 867,1310 789,1310 789,1312 786,1315 764,1315 763,1314 763,1313 762,1312 762,1310 637,1310 635,1308 635,1306 556,1306 556,1308 554,1310 473,1310 471,1308 471,1306 438,1306 436,1304 436,1291 433,1291 432,1290 432,1289 431,1288 431,1286 339,1286 339,1304 337,1306 335,1306 335,1308 333,1310 326,1310 326,1312 325,1313 325,1314 324,1315 317,1315 317,1326 315,1328 313,1328 313,1354 315,1354 317,1356 317,1361 320,1361 322,1363 322,1365 333,1365 335,1367 488,1367 490,1369 554,1369 555,1370 555,1371 556,1372 556,1380 626,1380 626,1369 627,1368 628,1368 629,1367 751,1367 752,1368 753,1368 754,1369 754,1374 773,1374 775,1376 775,1391 863,1391 865,1389 867,1389 868,1388 869,1388 870,1387 870,1369 872,1367 990,1367 992,1369 992,1374 999,1374 1001,1376 1071,1376 1072,1375 1073,1375 1074,1374 1089,1374 1089,1369 1091,1367 1092,1367 1095,1370 1095,1371 1096,1372 1096,1373 1098,1375 1098,1391 1107,1391 1109,1393 1109,1394 1111,1396 1111,1397 1112,1398 1112,1399 1114,1401 1114,1402 1115,1403 1115,1404 1117,1406 1117,1407 1119,1409 1119,1410 1120,1411 1120,1412 1119,1413 1095,1413 1093,1415 1093,1416 1091,1418 1038,1418 1037,1417 1037,1416 1036,1415 1036,1396 931,1396 931,1398 929,1400 927,1398 927,1396 795,1396 795,1398 793,1400 789,1400 789,1424 815,1424 817,1426 817,1429 819,1429 821,1431 821,1435 819,1437 817,1437 817,1442 815,1444 810,1444 810,1448 809,1449 809,1450 808,1451 807,1450 807,1449 806,1448 806,1444 804,1442 782,1442 780,1440 780,1418 585,1418 584,1417 584,1416 583,1415 583,1394 504,1394 503,1395 502,1395 501,1396 499,1396 499,1415 498,1416 498,1417 497,1418 477,1418 476,1417 476,1416 475,1415 475,1413 313,1413 313,1415 312,1416 312,1417 311,1418 309,1418 309,1435 311,1435 313,1437 313,1440 315,1440 317,1442 315,1444 313,1444 313,1446 311,1448 309,1448 309,1470 385,1470 387,1472 501,1472 504,1475 504,1494 506,1494 507,1495 507,1496 508,1497 574,1497 575,1496 575,1495 576,1494 576,1492 578,1490 583,1490 583,1475 584,1474 584,1473 585,1472 808,1472 809,1473 809,1474 810,1475 810,1477 905,1477 905,1475 906,1474 906,1473 907,1472 1145,1472 1146,1473 1146,1474 1147,1475 1147,1478 1148,1479 1148,1482 1149,1483 1149,1486 1150,1487 1150,1490 1151,1491 1151,1494 1152,1495 1152,1496 1151,1497 1126,1497 1124,1499 1095,1499 1095,1501 1093,1503 1054,1503 1054,1521 1052,1523 968,1523 966,1521 966,1503 964,1503 962,1501 962,1499 896,1499 896,1501 894,1503 892,1503 892,1508 891,1509 890,1509 889,1510 887,1510 887,1518 886,1519 886,1520 885,1521 863,1521 862,1520 862,1519 861,1518 861,1503 859,1503 857,1501 857,1499 743,1499 743,1501 742,1502 741,1502 740,1503 732,1503 731,1504 730,1504 729,1505 727,1505 727,1508 725,1510 723,1510 723,1518 722,1519 722,1520 721,1521 718,1518 718,1499 626,1499 626,1521 624,1523 609,1523 609,1525 607,1527 606,1526 605,1526 604,1525 604,1521 532,1521 531,1520 531,1519 530,1518 530,1516 436,1516 436,1518 433,1521 423,1521 418,1516 313,1516 313,1518 312,1519 312,1520 311,1521 309,1521 309,1543 311,1543 313,1545 313,1549 311,1551 309,1551 309,1575 311,1575 312,1576 312,1577 313,1578 313,1580 315,1580 317,1582 383,1582 383,1578 384,1577 384,1576 385,1575 512,1575 515,1578 515,1580 596,1580 596,1578 597,1577 597,1576 598,1575 604,1575 605,1574 606,1574 607,1573 609,1575 672,1575 675,1578 675,1580 942,1580 944,1582 1067,1582 1069,1580 1161,1580 1162,1581 1162,1585 1161,1586 1161,1605 1160,1606 1098,1606 1098,1624 1097,1625 1096,1625 1095,1626 1089,1626 1089,1628 1087,1630 1082,1630 1080,1632 1076,1632 1075,1633 1075,1634 1074,1635 1071,1632 1071,1626 1034,1626 1032,1624 1032,1608 1030,1608 1029,1607 1028,1607 1027,1606 957,1606 955,1608 953,1608 953,1624 951,1626 865,1626 865,1648 863,1650 861,1648 861,1626 850,1626 848,1624 780,1624 778,1626 760,1626 758,1624 615,1624 614,1623 614,1622 613,1621 613,1619 543,1619 543,1621 542,1622 542,1623 541,1624 438,1624 437,1623 437,1622 436,1621 436,1619 403,1619 401,1617 401,1602 398,1602 396,1600 317,1600 315,1602 309,1602 309,1648 311,1648 313,1650 313,1654 312,1655 312,1656 311,1657 309,1657 309,1683 311,1683 313,1685 379,1685 381,1683 405,1683 405,1681 406,1680 406,1679 407,1678 668,1678 669,1679 669,1680 670,1681 670,1685 672,1685 673,1686 674,1686 675,1687 675,1689 740,1689 740,1687 741,1686 742,1686 743,1685 745,1685 747,1683 762,1683 762,1681 763,1680 763,1679 764,1678 968,1678 971,1681 971,1683 1063,1683 1063,1681 1064,1680 1064,1679 1065,1678 1067,1678 1067,1676 1069,1674 1071,1676 1071,1689 1144,1689 1144,1685 1146,1683 1157,1683 1158,1684 1158,1700 1157,1701 1157,1706 1156,1707 1095,1707 1095,1709 1093,1711 1089,1711 1089,1714 1087,1716 1084,1716 1084,1729 1082,1731 1082,1735 1081,1736 1081,1737 1080,1738 1078,1738 1074,1742 1071,1742 1071,1749 1069,1751 1067,1751 1065,1753 1063,1751 1063,1746 1052,1746 1051,1745 1050,1745 1049,1744 1049,1729 999,1729 997,1727 951,1727 949,1725 949,1722 942,1722 938,1718 874,1718 874,1727 872,1729 859,1729 857,1727 778,1727 777,1726 776,1726 775,1725 775,1705 705,1705 705,1709 703,1711 701,1711 701,1725 699,1727 609,1727 607,1729 600,1729 598,1731 596,1731 596,1735 593,1738 592,1737 592,1736 591,1735 591,1727 433,1727 431,1725 432,1724 432,1723 433,1722 436,1722 436,1705 429,1705 427,1703 348,1703 346,1705 330,1705 330,1720 328,1722 322,1722 322,1725 320,1727 317,1727 317,1729 315,1731 313,1731 313,1733 311,1735 309,1735 309,1777 315,1777 317,1779 317,1781 394,1781 395,1782 395,1783 396,1784 396,1786 532,1786 532,1784 533,1783 533,1782 534,1781 545,1781 546,1782 546,1783 547,1784 547,1786 611,1786 613,1788 679,1788 681,1786 1008,1786 1010,1788 1010,1795 1012,1795 1014,1797 1014,1801 1080,1801 1082,1799 1146,1799 1146,1797 1148,1795 1153,1795 1154,1796 1154,1815 1153,1816 1153,1831 1152,1832 1120,1832 1119,1833 1118,1833 1117,1834 1115,1832 821,1832 819,1834 813,1834 812,1833 811,1833 810,1832 778,1832 777,1831 776,1831 775,1830 775,1828 705,1828 705,1830 703,1832 629,1832 628,1831 627,1831 626,1830 626,1808 543,1808 543,1825 542,1826 542,1827 541,1828 309,1828 309,1830 308,1831 307,1831 306,1832 304,1832 304,1854 306,1854 307,1855 308,1855 309,1856 309,1863 308,1864 307,1864 306,1865 304,1865 304,1885 306,1885 307,1886 308,1886 309,1887 309,1891 379,1891 381,1889 409,1889 409,1887 410,1886 411,1886 412,1885 416,1885 418,1887 418,1889 539,1889 539,1887 541,1885 543,1887 543,1889 806,1889 806,1887 808,1885 815,1885 817,1887 817,1889 872,1889 874,1891 1045,1891 1047,1889 1049,1891 1109,1891 1111,1893 1111,1909 1115,1909 1117,1911 1117,1913 1149,1913 1150,1914 1150,1930 1149,1931 1149,1934 1148,1935 1082,1935 1080,1937 1065,1937 1063,1935 1063,1913 927,1913 927,1933 929,1933 931,1935 929,1937 885,1937 883,1935 839,1935 837,1933 837,1913 758,1913 758,1915 756,1917 754,1917 754,1933 753,1934 752,1934 751,1935 668,1935 666,1933 666,1917 650,1917 648,1915 648,1913 578,1913 578,1920 576,1922 574,1922 574,1933 572,1935 567,1935 565,1933 565,1917 563,1917 561,1915 561,1913 486,1913 486,1933 484,1935 425,1935 423,1933 423,1922 418,1917 394,1917 392,1915 392,1913 304,1913 304,1939 303,1940 303,1941 302,1942 300,1942 300,1959 302,1959 304,1961 304,1963 306,1963 309,1966 308,1967 307,1967 306,1968 300,1968 300,1992 302,1992 304,1994 306,1994 307,1995 308,1995 309,1996 309,2001 374,2001 377,1998 379,1998 379,1996 381,1994 396,1994 398,1992 425,1992 427,1994 427,2014 425,2016 405,2016 405,2018 403,2020 401,2020 401,2034 400,2035 399,2035 398,2036 309,2036 309,2038 308,2039 307,2039 306,2040 304,2040 304,2062 306,2062 307,2063 308,2063 309,2064 309,2069 308,2070 307,2070 306,2071 304,2071 304,2073 302,2075 300,2075 300,2097 302,2097 304,2099 374,2099 375,2098 376,2098 377,2097 387,2097 388,2096 389,2096 390,2095 398,2095 399,2096 400,2096 401,2097 466,2097 467,2096 468,2096 469,2095 490,2095 491,2096 492,2096 493,2097 583,2097 585,2095 593,2095 594,2096 595,2096 596,2097 670,2097 672,2095 699,2095 701,2097 964,2097 966,2099 1036,2099 1038,2097 1039,2098 1040,2098 1041,2099 1043,2099 1044,2100 1044,2101 1045,2102 1045,2108 1111,2108 1111,2106 1113,2104 1137,2104 1138,2105 1137,2106 1137,2117 1136,2118 1136,2130 1135,2131 1135,2142 1134,2143 1095,2143 1093,2145 1093,2146 1091,2148 1090,2147 1090,2146 1089,2145 1089,2143 1019,2143 1019,2145 1018,2146 1018,2147 1017,2148 1008,2148 1007,2147 1007,2146 1006,2145 1006,2119 935,2119 935,2141 933,2143 920,2143 918,2141 918,2121 916,2119 832,2119 832,2121 830,2123 824,2123 824,2128 823,2129 822,2129 821,2130 821,2141 819,2143 778,2143 777,2142 776,2142 775,2141 775,2139 712,2139 710,2141 709,2141 707,2143 572,2143 571,2142 570,2142 569,2141 569,2139 495,2139 493,2141 492,2141 490,2143 429,2143 427,2141 427,2119 330,2119 330,2121 328,2123 326,2123 326,2141 324,2143 322,2143 322,2145 321,2146 321,2147 320,2148 309,2148 308,2149 307,2149 306,2150 304,2150 304,2158 303,2159 303,2160 302,2161 300,2161 300,2178 302,2178 304,2180 304,2202 306,2202 309,2205 309,2207 374,2207 374,2205 377,2202 383,2202 385,2200 567,2200 569,2202 569,2211 666,2211 666,2209 668,2207 670,2207 670,2205 671,2204 671,2203 672,2202 723,2202 725,2200 727,2202 793,2202 795,2200 863,2200 865,2202 990,2202 991,2203 991,2204 992,2205 992,2207 1084,2207 1084,2205 1087,2202 1088,2203 1088,2204 1089,2205 1089,2207 1093,2207 1095,2209 1095,2213 1128,2213 1129,2214 1129,2218 1128,2219 1128,2231 1127,2232 1127,2243 1126,2244 1126,2252 1125,2253 1109,2253 1108,2252 1107,2252 1106,2251 1109,2248 1111,2248 1111,2226 1027,2226 1026,2227 1026,2228 1025,2229 997,2229 997,2231 995,2233 938,2233 937,2232 936,2232 935,2231 935,2229 865,2229 865,2231 863,2233 852,2233 852,2248 851,2249 851,2250 850,2251 736,2251 734,2253 729,2253 727,2251 716,2251 715,2250 715,2249 714,2248 714,2246 712,2246 710,2244 710,2242 686,2242 685,2241 684,2241 683,2240 683,2229 561,2229 561,2231 560,2232 559,2232 558,2233 508,2233 506,2235 504,2235 504,2248 501,2251 429,2251 428,2250 428,2249 427,2248 427,2246 394,2246 392,2244 392,2229 300,2229 300,2275 302,2275 304,2277 304,2279 302,2281 300,2281 300,2305 302,2305 303,2306 303,2307 304,2308 304,2310 306,2310 307,2311 308,2311 309,2312 309,2314 374,2314 374,2312 375,2311 376,2311 377,2310 591,2310 591,2308 592,2307 592,2306 593,2305 615,2305 618,2308 618,2310 683,2310 683,2308 686,2305 721,2305 722,2306 722,2307 723,2308 723,2316 789,2316 789,2312 791,2310 804,2310 804,2308 805,2307 805,2306 806,2305 808,2305 809,2306 809,2307 810,2308 810,2310 916,2310 918,2312 918,2314 988,2314 988,2312 990,2310 1120,2310 1121,2311 1121,2319 1120,2320 1120,2331 1119,2332 1119,2337 1118,2338 1111,2338 1111,2358 1109,2360 1067,2360 1065,2362 1063,2362 1063,2367 1062,2368 1061,2368 1060,2369 1058,2369 1058,2384 1056,2386 1025,2386 1023,2384 1023,2360 1012,2360 1010,2358 1010,2356 960,2356 959,2355 958,2355 957,2354 892,2354 891,2355 890,2355 889,2356 800,2356 799,2355 798,2355 797,2354 797,2336 795,2336 793,2334 793,2332 727,2332 727,2334 725,2336 723,2336 723,2340 722,2341 722,2342 721,2343 718,2343 716,2345 714,2345 714,2351 713,2352 713,2353 712,2354 710,2354 710,2360 709,2361 708,2361 707,2362 705,2362 705,2365 703,2367 701,2365 701,2360 699,2360 697,2358 697,2356 602,2356 600,2354 600,2349 598,2349 596,2347 596,2343 589,2343 588,2342 588,2341 587,2340 587,2338 521,2338 521,2340 520,2341 520,2342 519,2343 515,2343 514,2344 513,2344 512,2345 512,2354 510,2356 508,2354 508,2338 433,2338 433,2340 432,2341 432,2342 431,2343 427,2343 427,2354 425,2356 330,2356 330,2358 328,2360 313,2360 311,2362 304,2362 304,2367 302,2369 300,2369 300,2371 298,2373 295,2373 295,2408 298,2408 299,2409 299,2410 300,2411 300,2417 302,2417 304,2419 304,2426 320,2426 322,2428 322,2437 328,2437 330,2439 328,2441 317,2441 317,2461 315,2463 313,2463 311,2465 300,2465 300,2468 298,2470 295,2470 295,2479 293,2481 291,2481 291,2507 293,2507 295,2509 295,2520 298,2520 300,2522 300,2527 302,2527 304,2529 370,2529 372,2527 383,2527 383,2525 384,2524 384,2523 385,2522 569,2522 570,2521 571,2521 572,2520 611,2520 613,2522 736,2522 738,2520 756,2520 758,2522 826,2522 828,2520 885,2520 887,2522 962,2522 964,2520 1003,2520 1004,2521 1005,2521 1006,2522 1006,2527 1113,2527 1114,2528 1114,2529 1115,2530 1115,2571 1116,2572 1115,2573 1095,2573 1093,2571 1093,2555 1091,2555 1089,2553 1089,2551 1006,2551 1006,2553 1005,2554 1004,2554 1003,2555 1001,2555 999,2557 997,2557 997,2560 995,2562 992,2562 992,2571 990,2573 942,2573 940,2571 940,2549 938,2549 935,2546 935,2544 861,2544 861,2546 860,2547 860,2548 859,2549 852,2549 850,2551 848,2551 848,2553 846,2555 843,2555 843,2566 841,2568 839,2568 837,2566 837,2557 786,2557 784,2555 784,2549 679,2549 679,2566 677,2568 642,2568 640,2566 640,2564 574,2564 574,2571 572,2573 558,2573 556,2571 556,2570 554,2568 526,2568 525,2567 524,2567 523,2566 523,2557 519,2557 517,2555 512,2555 510,2553 510,2551 409,2551 409,2553 407,2555 405,2555 405,2562 403,2564 339,2564 339,2566 337,2568 335,2568 335,2590 405,2590 405,2586 407,2584 412,2584 414,2586 412,2588 409,2588 409,2592 408,2593 408,2594 407,2595 348,2595 348,2614 403,2614 404,2615 404,2616 405,2617 405,2625 490,2625 493,2628 561,2628 562,2627 562,2626 563,2625 585,2625 586,2626 586,2627 587,2628 587,2634 653,2634 653,2630 655,2628 657,2628 658,2627 658,2626 659,2625 670,2625 670,2610 672,2608 677,2608 679,2610 679,2625 810,2625 810,2623 811,2622 812,2622 813,2621 815,2621 815,2610 817,2608 830,2608 832,2610 832,2621 837,2621 839,2623 839,2625 881,2625 882,2626 882,2627 883,2628 1111,2628 1112,2629 1112,2637 1111,2638 1111,2648 1110,2649 1110,2658 1109,2659 1109,2668 1108,2669 1108,2678 1107,2679 1107,2681 1106,2682 1104,2682 1102,2680 1102,2667 1100,2667 1098,2665 1095,2665 1093,2663 1093,2660 1091,2660 1089,2658 1006,2658 1005,2659 1004,2659 1003,2660 1001,2660 1001,2663 999,2665 981,2665 979,2663 979,2660 955,2660 953,2658 953,2652 883,2652 881,2654 878,2654 878,2656 876,2658 874,2658 874,2663 872,2665 870,2663 870,2652 745,2652 743,2654 743,2674 742,2675 741,2675 740,2676 703,2676 701,2674 701,2652 694,2652 693,2651 693,2650 692,2649 692,2647 626,2647 626,2649 625,2650 625,2651 624,2652 613,2652 611,2654 609,2654 609,2656 607,2658 604,2658 604,2663 602,2665 552,2665 550,2667 541,2667 539,2665 539,2652 458,2652 458,2680 457,2681 456,2681 455,2682 453,2680 453,2678 451,2678 449,2676 447,2676 446,2675 445,2675 444,2674 444,2671 442,2671 440,2669 440,2665 438,2665 436,2663 436,2658 412,2658 411,2657 410,2657 409,2656 409,2647 407,2647 405,2645 405,2643 339,2643 339,2645 337,2647 300,2647 300,2674 298,2676 287,2676 286,2677 285,2677 284,2678 278,2678 278,2687 276,2689 273,2689 273,2706 272,2707 272,2708 271,2709 269,2709 269,2728 271,2728 272,2729 272,2730 273,2731 276,2731 278,2733 278,2737 284,2737 285,2738 286,2738 287,2739 287,2742 289,2742 291,2744 291,2746 293,2746 295,2748 370,2748 372,2746 379,2746 379,2744 381,2742 431,2742 431,2739 433,2737 436,2737 438,2735 440,2735 440,2733 442,2731 449,2731 450,2730 450,2729 451,2728 453,2728 454,2729 454,2730 455,2731 460,2731 462,2733 462,2737 583,2737 583,2733 585,2731 587,2731 588,2730 588,2729 589,2728 598,2728 599,2729 599,2730 600,2731 600,2737 670,2737 672,2735 771,2735 771,2733 773,2731 775,2733 775,2737 867,2737 868,2738 869,2738 870,2739 870,2742 935,2742 935,2739 936,2738 937,2738 938,2737 940,2737 942,2735 944,2735 944,2733 946,2731 949,2731 950,2730 950,2729 951,2728 953,2728 953,2726 955,2724 957,2724 957,2715 958,2714 959,2714 960,2713 977,2713 979,2715 979,2722 981,2722 982,2723 983,2723 984,2724 984,2746 1102,2746 1102,2744 1104,2742 1106,2742 1106,2739 1107,2738 1108,2738 1109,2737 1111,2737 1113,2735 1120,2735 1120,2715 1122,2713 1124,2713 1126,2715 1126,2735 1128,2737 1133,2737 1135,2739 1135,2746 1201,2746 1201,2744 1203,2742 1244,2742 1244,2739 1245,2738 1246,2738 1247,2737 1258,2737 1260,2735 1262,2735 1262,2733 1264,2731 1266,2731 1266,2713 1267,2712 1268,2712 1269,2711 1273,2711 1275,2713 1275,2731 1273,2733 1271,2733 1271,2735 1269,2737 1266,2737 1266,2759 1269,2759 1271,2761 1271,2765 1350,2765 1350,2763 1352,2761 1367,2761 1367,2748 1369,2746 1424,2746 1424,2739 1426,2737 1427,2738 1428,2738 1429,2739 1429,2742 1448,2742 1449,2743 1450,2743 1451,2744 1451,2752 1518,2752 1518,2750 1519,2749 1520,2749 1521,2748 1571,2748 1571,2744 1573,2742 1580,2742 1580,2739 1582,2737 1584,2737 1584,2713 1586,2711 1593,2711 1593,2709 1594,2708 1594,2707 1595,2706 1596,2707 1596,2708 1597,2709 1597,2728 1600,2728 1601,2729 1601,2730 1602,2731 1602,2735 1604,2735 1606,2737 1608,2737 1609,2738 1610,2738 1611,2739 1611,2742 1613,2742 1615,2744 1615,2748 1703,2748 1705,2746 1755,2746 1755,2744 1757,2742 1764,2742 1764,2737 1766,2735 1768,2737 1773,2737 1775,2739 1775,2742 1781,2742 1782,2743 1783,2743 1784,2744 1784,2746 1817,2746 1819,2748 1825,2748 1826,2749 1827,2749 1828,2750 1828,2752 1893,2752 1893,2750 1895,2748 1946,2748 1948,2746 1959,2746 1959,2724 1961,2722 1963,2722 1963,2720 1966,2717 1968,2717 1968,2715 1970,2713 1972,2713 1972,2678 1970,2678 1968,2676 1909,2676 1908,2675 1907,2675 1906,2674 1906,2665 1887,2665 1885,2663 1885,2660 1790,2660 1790,2663 1786,2667 1784,2667 1784,2676 1783,2677 1782,2677 1781,2678 1720,2678 1720,2680 1718,2682 1716,2680 1716,2660 1709,2660 1707,2658 1632,2658 1630,2660 1624,2660 1624,2680 1623,2681 1622,2681 1621,2682 1606,2682 1606,2687 1604,2689 1602,2689 1602,2693 1601,2694 1601,2695 1600,2696 1597,2693 1597,2682 1595,2682 1593,2680 1593,2678 1521,2678 1520,2677 1519,2677 1518,2676 1518,2660 1514,2660 1512,2658 1402,2658 1400,2660 1394,2660 1394,2663 1393,2664 1392,2664 1391,2665 1319,2665 1319,2676 1317,2678 1297,2678 1297,2680 1295,2682 1271,2682 1271,2687 1269,2689 1268,2688 1267,2688 1266,2687 1266,2682 1260,2682 1258,2680 1258,2678 1238,2678 1236,2676 1236,2658 1234,2658 1233,2657 1232,2657 1231,2656 1231,2654 1150,2654 1150,2656 1148,2658 1141,2658 1139,2660 1139,2665 1137,2667 1135,2667 1135,2676 1133,2678 1128,2678 1128,2682 1127,2683 1127,2684 1126,2685 1125,2684 1125,2683 1124,2682 1110,2682 1109,2681 1109,2679 1110,2678 1110,2669 1111,2668 1111,2659 1112,2658 1112,2648 1113,2647 1113,2638 1114,2637 1114,2629 1115,2628 1120,2628 1121,2627 1121,2626 1122,2625 1159,2625 1160,2626 1160,2627 1161,2628 1168,2628 1170,2630 1170,2632 1293,2632 1293,2630 1295,2628 1297,2628 1298,2627 1298,2626 1299,2625 1301,2625 1301,2623 1302,2622 1303,2622 1304,2621 1306,2623 1306,2625 1312,2625 1315,2628 1413,2628 1415,2630 1415,2632 1512,2632 1512,2630 1514,2628 1521,2628 1522,2627 1522,2626 1523,2625 1525,2625 1526,2626 1526,2627 1527,2628 1538,2628 1540,2630 1540,2632 1670,2632 1672,2634 1766,2634 1768,2636 1768,2643 1836,2643 1836,2641 1838,2639 1856,2639 1858,2641 1858,2652 1928,2652 1928,2645 1929,2644 1930,2644 1931,2643 1950,2643 1950,2641 1952,2639 1955,2639 1955,2636 1957,2634 1959,2634 1959,2612 1961,2610 1963,2610 1964,2609 1965,2609 1966,2608 1968,2608 1968,2599 1970,2597 1972,2597 1972,2579 1970,2579 1968,2577 1968,2568 1898,2568 1898,2577 1897,2578 1896,2578 1895,2579 1801,2579 1799,2577 1799,2575 1714,2575 1713,2574 1712,2574 1711,2573 1562,2573 1560,2575 1532,2575 1532,2577 1531,2578 1530,2578 1529,2579 1527,2579 1527,2584 1525,2586 1523,2586 1521,2584 1521,2573 1508,2573 1507,2572 1506,2572 1505,2571 1505,2557 1435,2557 1435,2571 1433,2573 1404,2573 1402,2571 1402,2538 1337,2538 1337,2566 1336,2567 1335,2567 1334,2568 1323,2568 1323,2571 1321,2573 1306,2573 1304,2575 1303,2574 1302,2574 1301,2573 1212,2573 1211,2572 1210,2572 1209,2571 1209,2551 1135,2551 1135,2571 1133,2573 1119,2573 1117,2571 1117,2530 1116,2529 1116,2528 1117,2527 1124,2527 1124,2525 1125,2524 1125,2523 1126,2522 1128,2522 1129,2521 1130,2521 1131,2520 1137,2520 1139,2522 1139,2531 1209,2531 1210,2530 1211,2530 1212,2529 1218,2529 1218,2525 1219,2524 1219,2523 1220,2522 1426,2522 1429,2525 1429,2527 1497,2527 1497,2525 1498,2524 1498,2523 1499,2522 1508,2522 1509,2523 1509,2524 1510,2525 1510,2527 1600,2527 1602,2529 1604,2529 1606,2531 1672,2531 1674,2529 1740,2529 1742,2531 1808,2531 1810,2529 1817,2529 1817,2500 1797,2500 1795,2498 1795,2472 1794,2471 1793,2471 1792,2470 1725,2470 1724,2471 1723,2471 1722,2472 1714,2472 1713,2471 1712,2471 1711,2470 1674,2470 1672,2468 1672,2465 1617,2465 1615,2463 1615,2446 1613,2446 1612,2445 1612,2444 1611,2443 1611,2441 1532,2441 1532,2463 1531,2464 1530,2464 1529,2465 1440,2465 1439,2464 1438,2464 1437,2463 1437,2448 1435,2448 1433,2446 1321,2446 1320,2445 1320,2444 1319,2443 1319,2441 1321,2439 1345,2439 1345,2422 1348,2419 1363,2419 1365,2417 1369,2417 1370,2418 1371,2418 1372,2419 1372,2439 1446,2439 1448,2437 1451,2437 1453,2435 1453,2432 1455,2430 1497,2430 1497,2422 1498,2421 1498,2420 1499,2419 1543,2419 1544,2420 1544,2421 1545,2422 1545,2424 1547,2424 1549,2426 1615,2426 1615,2422 1616,2421 1616,2420 1617,2419 1665,2419 1668,2422 1668,2424 1740,2424 1742,2426 1742,2443 1744,2443 1745,2444 1745,2445 1746,2446 1746,2448 1836,2448 1836,2428 1838,2426 1865,2426 1867,2428 1867,2432 1933,2432 1935,2430 1950,2430 1950,2428 1952,2426 1955,2426 1957,2424 1959,2424 1959,2422 1960,2421 1960,2420 1961,2419 1963,2419 1963,2408 1964,2407 1965,2407 1966,2406 1968,2406 1968,2404 1970,2402 1972,2402 1972,2378 1970,2378 1969,2377 1969,2376 1968,2375 1968,2373 1966,2373 1965,2372 1964,2372 1963,2371 1963,2369 1957,2369 1955,2367 1757,2367 1755,2365 1755,2362 1630,2362 1628,2360 1628,2343 1536,2343 1536,2360 1534,2362 1521,2362 1520,2361 1519,2361 1518,2360 1444,2360 1442,2362 1418,2362 1417,2361 1416,2361 1415,2360 1225,2360 1223,2358 1223,2338 1122,2338 1121,2337 1121,2332 1122,2331 1122,2320 1123,2319 1123,2311 1124,2310 1326,2310 1328,2312 1328,2314 1486,2314 1488,2316 1554,2316 1556,2314 1626,2314 1628,2316 1628,2321 1694,2321 1694,2319 1695,2318 1695,2317 1696,2316 1797,2316 1798,2317 1798,2318 1799,2319 1799,2321 1856,2321 1858,2323 1874,2323 1876,2325 1876,2327 1942,2327 1942,2325 1944,2323 1946,2323 1948,2321 1955,2321 1955,2319 1956,2318 1956,2317 1957,2316 1959,2316 1961,2314 1963,2314 1963,2266 1961,2266 1959,2264 1952,2264 1950,2262 1950,2259 1867,2259 1867,2262 1865,2264 1863,2264 1862,2263 1861,2263 1860,2262 1860,2259 1718,2259 1716,2257 1700,2257 1698,2255 1698,2235 1615,2235 1615,2237 1614,2238 1614,2239 1613,2240 1606,2240 1606,2244 1604,2246 1602,2246 1602,2255 1600,2257 1560,2257 1558,2255 1558,2253 1481,2253 1481,2255 1479,2257 1455,2257 1453,2255 1453,2253 1409,2253 1407,2251 1348,2251 1345,2248 1345,2242 1343,2242 1341,2240 1341,2235 1339,2235 1337,2233 1334,2233 1332,2231 1332,2229 1286,2229 1285,2228 1285,2227 1284,2226 1286,2224 1293,2224 1293,2215 1295,2213 1332,2213 1332,2209 1334,2207 1389,2207 1389,2205 1390,2204 1390,2203 1391,2202 1394,2205 1394,2207 1400,2207 1402,2209 1402,2226 1413,2226 1414,2227 1414,2228 1415,2229 1415,2237 1483,2237 1483,2229 1486,2226 1497,2226 1497,2209 1499,2207 1626,2207 1628,2209 1628,2211 1825,2211 1826,2212 1827,2212 1828,2213 1924,2213 1928,2209 1928,2205 1931,2202 1963,2202 1964,2201 1965,2201 1966,2200 1968,2200 1968,2185 1970,2183 1972,2183 1972,2156 1926,2156 1924,2154 1913,2154 1911,2152 1911,2150 1845,2150 1845,2152 1843,2154 1838,2154 1836,2152 1836,2132 1838,2130 1852,2130 1854,2128 1871,2128 1871,2126 1874,2123 1880,2123 1880,2117 1882,2115 1902,2115 1902,2110 1904,2108 1963,2108 1963,2106 1964,2105 1965,2105 1966,2104 1968,2104 1968,2097 1970,2095 1972,2095 1972,2077 1974,2075 1977,2075 1977,2055 1974,2055 1972,2053 1972,2051 1970,2051 1968,2049 1968,2047 1931,2047 1930,2046 1929,2046 1928,2045 1928,2025 1854,2025 1852,2027 1849,2027 1849,2031 1848,2032 1848,2033 1847,2034 1845,2034 1843,2036 1841,2036 1841,2045 1840,2046 1839,2046 1838,2047 1766,2047 1764,2045 1764,2027 1762,2027 1760,2025 1735,2025 1733,2023 1733,2020 1663,2020 1663,2023 1661,2025 1659,2025 1659,2029 1657,2031 1654,2031 1654,2034 1652,2036 1650,2036 1650,2038 1648,2040 1646,2040 1646,2042 1643,2045 1547,2045 1545,2043 1545,2042 1543,2040 1457,2040 1455,2038 1455,2031 1453,2029 1453,2020 1372,2020 1372,2042 1369,2045 1368,2044 1368,2043 1367,2042 1367,2040 1361,2040 1360,2039 1359,2039 1358,2038 1358,2036 1277,2036 1275,2034 1209,2034 1207,2036 1146,2036 1145,2035 1145,2030 1146,2029 1146,2018 1147,2017 1147,2005 1148,2004 1148,1995 1149,1994 1326,1994 1328,1996 1328,2001 1398,2001 1398,1998 1400,1996 1433,1996 1435,1998 1661,1998 1662,1999 1662,2000 1663,2001 1838,2001 1839,2002 1840,2002 1841,2003 1841,2005 1920,2005 1920,2003 1922,2001 1924,2001 1924,1996 1926,1994 1959,1994 1961,1992 1968,1992 1968,1979 1970,1977 1972,1977 1972,1955 1970,1955 1969,1954 1969,1953 1968,1952 1931,1952 1930,1951 1929,1951 1928,1950 1928,1948 1922,1948 1920,1946 1920,1928 1841,1928 1841,1933 1840,1934 1839,1934 1838,1935 1836,1935 1834,1937 1817,1937 1816,1936 1815,1936 1814,1935 1814,1900 1815,1899 1816,1899 1817,1898 1843,1898 1845,1900 1845,1902 1865,1902 1867,1904 1878,1904 1880,1906 1880,1909 1946,1909 1946,1904 1948,1902 1959,1902 1959,1900 1961,1898 1963,1898 1966,1895 1968,1895 1968,1876 1970,1874 1972,1874 1972,1849 1970,1849 1968,1847 1968,1845 1966,1845 1965,1844 1964,1844 1963,1843 1963,1841 1869,1841 1868,1840 1868,1839 1867,1838 1867,1821 1863,1821 1862,1820 1861,1820 1860,1819 1788,1819 1786,1821 1784,1821 1784,1838 1781,1841 1725,1841 1725,1843 1724,1844 1723,1844 1722,1845 1720,1845 1720,1863 1718,1865 1692,1865 1691,1864 1690,1864 1689,1863 1689,1856 1687,1856 1685,1854 1685,1849 1683,1849 1681,1847 1681,1838 1639,1838 1637,1836 1637,1819 1562,1819 1560,1821 1558,1821 1558,1836 1556,1838 1501,1838 1499,1836 1499,1821 1497,1819 1497,1814 1499,1812 1505,1812 1506,1811 1507,1811 1508,1810 1521,1810 1521,1790 1523,1788 1635,1788 1637,1790 1637,1792 1733,1792 1733,1790 1735,1788 1738,1788 1738,1766 1735,1766 1733,1764 1733,1738 1731,1738 1730,1737 1730,1736 1729,1735 1727,1735 1725,1733 1725,1722 1722,1722 1720,1720 1720,1718 1718,1718 1716,1716 1716,1711 1641,1711 1641,1735 1640,1736 1640,1737 1639,1738 1637,1738 1637,1753 1635,1755 1634,1754 1633,1754 1632,1753 1632,1735 1626,1735 1624,1733 1624,1731 1578,1731 1577,1730 1576,1730 1575,1729 1575,1711 1492,1711 1492,1729 1490,1731 1440,1731 1439,1730 1438,1730 1437,1729 1437,1716 1435,1716 1433,1714 1433,1711 1431,1711 1429,1709 1431,1707 1464,1707 1464,1705 1466,1703 1468,1703 1468,1687 1470,1685 1659,1685 1661,1683 1668,1683 1668,1650 1665,1650 1663,1648 1663,1632 1657,1632 1656,1631 1655,1631 1654,1630 1617,1630 1615,1628 1615,1626 1523,1626 1523,1628 1521,1630 1470,1630 1468,1628 1468,1626 1440,1626 1439,1625 1438,1625 1437,1624 1372,1624 1372,1628 1371,1629 1370,1629 1369,1630 1367,1628 1367,1626 1240,1626 1240,1628 1238,1630 1236,1628 1236,1626 1190,1626 1189,1625 1188,1625 1187,1624 1187,1606 1164,1606 1163,1605 1163,1586 1164,1585 1164,1581 1165,1580 1198,1580 1199,1581 1200,1581 1201,1582 1271,1582 1273,1580 1413,1580 1415,1582 1534,1582 1536,1584 1536,1604 1628,1604 1628,1602 1630,1600 1632,1600 1632,1584 1633,1583 1634,1583 1635,1582 1639,1582 1641,1584 1641,1591 1711,1591 1711,1589 1714,1586 1716,1586 1716,1584 1718,1582 1720,1584 1720,1602 1722,1604 1723,1604 1725,1606 1814,1606 1814,1584 1815,1583 1817,1585 1817,1587 1818,1588 1818,1590 1819,1591 1819,1594 1820,1595 1820,1597 1821,1598 1821,1600 1822,1601 1822,1603 1823,1604 1823,1607 1824,1608 1824,1610 1825,1611 1825,1613 1826,1614 1826,1617 1827,1618 1827,1620 1828,1621 1828,1623 1829,1624 1829,1627 1830,1628 1830,1629 1829,1630 1788,1630 1786,1632 1766,1632 1764,1630 1694,1630 1692,1632 1681,1632 1674,1639 1672,1639 1672,1678 1674,1678 1675,1679 1675,1680 1676,1681 1676,1689 1847,1689 1849,1691 1849,1693 1850,1694 1850,1697 1851,1698 1851,1700 1852,1701 1852,1704 1853,1705 1853,1707 1854,1708 1854,1710 1855,1711 1855,1714 1856,1715 1856,1717 1857,1718 1857,1720 1858,1721 1858,1724 1859,1725 1859,1727 1860,1728 1860,1731 1861,1732 1861,1734 1860,1735 1852,1735 1851,1734 1850,1734 1849,1733 1849,1729 1847,1729 1845,1727 1845,1716 1746,1716 1746,1735 1744,1737 1744,1738 1742,1740 1742,1760 1746,1764 1746,1768 1745,1769 1745,1770 1744,1771 1742,1771 1742,1792 1751,1792 1752,1793 1752,1794 1753,1795 1920,1795 1921,1794 1921,1793 1922,1792 1924,1792 1924,1790 1926,1788 1942,1788 1944,1786 1968,1786 1968,1773 1970,1771 1972,1771 1972,1751 1970,1751 1968,1749 1968,1746 1935,1746 1933,1744 1933,1738 1931,1738 1928,1735 1864,1735 1863,1734 1863,1732 1862,1731 1862,1729 1861,1728 1861,1725 1860,1724 1860,1722 1859,1721 1859,1718 1858,1717 1858,1715 1857,1714 1857,1712 1856,1711 1856,1708 1855,1707 1855,1705 1854,1704 1854,1702 1853,1701 1853,1698 1852,1697 1852,1695 1851,1694 1851,1691 1850,1690 1851,1689 1874,1689 1875,1690 1875,1691 1876,1692 1876,1694 1955,1694 1955,1692 1956,1691 1956,1690 1957,1689 1963,1689 1963,1687 1964,1686 1965,1686 1966,1685 1968,1685 1968,1668 1969,1667 1969,1666 1970,1665 1972,1665 1972,1632 1970,1632 1968,1630 1833,1630 1832,1629 1832,1628 1831,1627 1831,1625 1830,1624 1830,1621 1829,1620 1829,1618 1828,1617 1828,1615 1827,1614 1827,1611 1826,1610 1826,1608 1825,1607 1825,1605 1824,1604 1824,1601 1823,1600 1823,1598 1822,1597 1822,1595 1821,1594 1821,1591 1820,1590 1820,1588 1819,1587 1819,1585 1818,1584 1818,1583 1819,1582 1849,1582 1851,1584 1852,1584 1854,1586 1959,1586 1959,1584 1961,1582 1968,1582 1968,1578 1969,1577 1969,1576 1970,1575 1972,1575 1972,1571 1974,1569 1977,1569 1977,1547 1974,1547 1972,1545 1972,1516 1970,1516 1968,1514 1968,1512 1902,1512 1902,1514 1900,1516 1898,1516 1898,1525 1897,1526 1896,1526 1895,1527 1874,1527 1873,1526 1872,1526 1871,1525 1871,1505 1795,1505 1794,1504 1794,1502 1793,1501 1793,1499 1792,1498 1792,1495 1791,1494 1791,1492 1790,1491 1790,1489 1789,1488 1789,1486 1788,1485 1788,1482 1787,1481 1787,1480 1788,1479 1803,1479 1804,1478 1805,1478 1806,1477 1808,1477 1810,1479 1882,1479 1883,1480 1884,1480 1885,1481 1885,1483 1955,1483 1955,1481 1957,1479 1963,1479 1964,1478 1965,1478 1966,1477 1968,1477 1968,1466 1970,1464 1972,1464 1972,1426 1970,1426 1968,1424 1917,1424 1915,1422 1915,1402 1823,1402 1823,1411 1821,1413 1767,1413 1766,1412 1766,1409 1765,1408 1765,1406 1764,1405 1764,1403 1763,1402 1763,1399 1762,1398 1762,1396 1761,1395 1761,1393 1760,1392 1760,1390 1759,1389 1759,1386 1758,1385 1758,1383 1757,1382 1757,1380 1756,1379 1756,1376 1755,1375 1756,1374 1825,1374 1826,1375 1827,1375 1828,1376 1900,1376 1902,1378 1902,1380 1972,1380 1972,1372 1973,1371 1973,1370 1974,1369 1977,1369 1977,1352 1974,1352 1972,1350 1972,1326 1970,1326 1969,1325 1969,1324 1968,1323 1968,1315 1902,1315 1900,1317 1832,1317 1830,1315 1762,1315 1761,1314 1761,1313 1760,1312 1760,1304 1757,1304 1756,1303 1756,1302 1755,1301 1734,1301 1732,1299 1732,1297 1731,1296 1731,1294 1730,1293 1730,1290 1729,1289 1729,1287 1728,1286 1728,1284 1727,1283 1727,1280 1726,1279 1726,1277 1725,1276 1725,1274 1724,1273 1724,1272 1725,1271 1817,1271 1819,1269 1830,1269 1832,1271 1963,1271 1964,1270 1965,1270 1966,1269 1968,1269 1968,1266 1970,1264 1972,1264 1972,1255 1974,1253 1977,1253 1979,1251 1980,1251 1980,1229 1974,1229 1972,1227 1972,1218 1970,1218 1968,1216 1968,1214 1961,1214 1959,1212 1735,1212 1734,1211 1734,1210 1733,1209 1733,1187 1646,1187 1643,1190 1637,1190 1637,1192 1635,1194 1632,1194 1632,1203 1630,1205 1628,1205 1628,1212 1626,1214 1621,1214 1619,1212 1560,1212 1559,1211 1559,1210 1558,1209 1558,1207 1402,1207 1402,1209 1401,1210 1401,1211 1400,1212 1398,1212 1398,1234 1400,1234 1402,1236 1402,1260 1404,1262 1405,1262 1407,1264 1433,1264 1435,1266 1435,1269 1610,1269 1611,1270 1610,1271 1608,1271 1607,1272 1605,1272 1604,1273 1602,1273 1601,1274 1599,1274 1598,1275 1597,1275 1596,1276 1594,1276 1593,1277 1591,1277 1590,1278 1588,1278 1587,1279 1585,1279 1584,1280 1583,1280 1582,1281 1580,1281 1579,1282 1577,1282 1576,1283 1574,1283 1573,1284 1572,1284 1571,1285 1569,1285 1568,1286 1566,1286 1565,1287 1563,1287 1562,1288 1560,1288 1559,1289 1558,1289 1557,1290 1555,1290 1554,1291 1552,1291 1551,1292 1549,1292 1548,1293 1546,1293 1545,1294 1544,1294 1543,1293 1470,1293 1470,1312 1469,1313 1469,1314 1468,1315 1466,1313 1466,1312 1464,1310 1120,1310 1120,1312 1117,1315 1104,1315 1103,1314 1103,1313 1102,1312 1102,1306 1066,1306 1064,1304 1064,1303 1063,1302 1063,1300 1062,1299 1062,1298 1061,1297 1061,1295 1060,1294 1060,1293 1059,1292 1059,1290 1058,1289 1058,1288 1057,1287 1057,1285 1056,1284 1056,1283 1055,1282 1055,1280 1054,1279 1054,1278 1053,1277 1053,1275 1052,1274 1052,1273 1051,1272 1052,1271 1067,1271 1067,1266 1069,1264 1126,1264 1128,1266 1128,1277 1133,1277 1134,1278 1134,1279 1135,1280 1135,1282 1137,1282 1139,1284 1139,1286 1203,1286 1203,1284 1205,1282 1209,1282 1209,1280 1212,1277 1214,1277 1216,1275 1218,1275 1218,1271 1220,1269 1223,1269 1223,1260 1225,1258 1227,1260 1227,1262 1229,1262 1231,1264 1385,1264 1387,1262 1389,1262 1389,1238 1383,1238 1382,1237 1381,1237 1380,1236 1381,1235 1382,1235 1383,1234 1394,1234 1394,1212 1391,1212 1390,1211 1390,1210 1389,1209 1389,1207 1387,1207 1385,1205 1383,1205 1382,1204 1381,1204 1380,1203 1380,1194 1378,1194 1376,1192 1376,1187 1374,1187 1372,1185 1372,1183 1284,1183 1284,1187 1283,1188 1283,1189 1282,1190 1280,1190 1280,1196 1279,1197 1278,1197 1277,1198 1275,1198 1275,1203 1273,1205 1240,1205 1238,1207 1227,1207 1227,1209 1226,1210 1226,1211 1225,1212 1223,1212 1223,1216 1222,1217 1221,1217 1220,1218 1218,1218 1218,1229 1216,1231 1181,1231 1179,1229 1179,1218 1148,1218 1146,1216 1146,1212 1145,1211 1145,1210 1144,1209 1144,1207 1135,1207 1133,1205 1026,1205 1024,1203 1024,1202 1023,1201 1023,1199 1022,1198 1022,1197 1021,1196 1021,1194 1020,1193 1020,1192 1019,1191 1019,1189 1018,1188 1018,1186 1017,1185 1017,1184 1016,1183 1016,1181 1017,1180 1017,1179 1018,1178 1018,1177 1019,1176 1019,1175 1020,1174 1020,1172 1021,1171 1021,1170 1023,1168 1089,1168 1091,1166 1093,1166 1093,1163 1095,1161 1166,1161 1168,1159 1286,1159 1288,1161 1437,1161 1438,1160 1439,1160 1440,1159 1442,1159 1444,1161 1604,1161 1606,1163 1606,1166 1676,1166 1676,1163 1678,1161 1709,1161 1711,1163 1711,1166 1874,1166 1876,1168 1950,1168 1952,1166 1963,1166 1963,1163 1964,1162 1965,1162 1966,1161 1968,1161 1968,1146 1970,1144 1972,1144 1972,1139 1974,1137 1977,1137 1977,1111 1974,1111 1972,1109 1904,1109 1903,1108 1903,1107 1902,1106 1902,1104 1882,1104 1880,1102 1880,1087 1817,1087 1814,1084 1725,1084 1718,1091 1716,1091 1716,1100 1714,1102 1711,1102 1709,1104 1431,1104 1429,1102 1330,1102 1328,1100 1328,1091 1326,1091 1325,1090 1324,1090 1323,1089 1323,1087 1304,1087 1301,1084 1225,1084 1223,1082 1223,1080 1152,1080 1150,1082 1150,1100 1148,1102 1095,1102 1093,1104 1084,1104 1084,1109 1082,1111 1082,1113 1080,1115 1076,1115 1076,1126 1074,1128 1052,1128 1051,1127 1050,1127 1049,1126 1049,1122 1047,1122 1045,1120 1045,1117 1046,1116 1046,1115 1047,1114 1047,1113 1048,1112 1048,1111 1049,1110 1049,1108 1050,1107 1050,1106 1051,1105 1051,1104 1052,1103 1052,1102 1053,1101 1053,1100 1054,1099 1054,1097 1055,1096 1055,1095 1056,1094 1056,1093 1057,1092 1057,1091 1058,1090 1058,1089 1059,1088 1059,1086 1060,1085 1060,1084 1061,1083 1061,1082 1062,1081 1062,1080 1063,1079 1063,1078 1064,1077 1064,1075 1065,1074 1065,1073 1066,1072 1066,1071 1067,1070 1067,1069 1068,1068 1068,1066 1069,1065 1069,1064 1070,1063 1070,1062 1071,1061 1071,1060 1072,1059 1072,1058 1074,1056 1271,1056 1271,1054 1273,1052 1275,1054 1275,1056 1299,1056 1301,1058 1301,1063 1367,1063 1367,1060 1369,1058 1372,1058 1374,1056 1477,1056 1479,1058 1501,1058 1503,1060 1503,1063 1571,1063 1571,1060 1573,1058 1639,1058 1641,1060 1641,1065 1711,1065 1712,1064 1713,1064 1714,1063 1716,1065 1781,1065 1782,1064 1783,1064 1784,1063 1795,1063 1795,1060 1797,1058 1799,1060 1799,1063 1808,1063 1810,1065 1874,1065 1876,1067 1876,1069 1942,1069 1942,1067 1944,1065 1959,1065 1961,1063 1963,1063 1963,1060 1964,1059 1965,1059 1966,1058 1968,1058 1968,1043 1970,1041 1972,1041 1972,1036 1974,1034 1977,1034 1977,1012 1974,1012 1972,1010 1972,1008 1970,1008 1968,1006 1885,1006 1884,1007 1883,1007 1882,1008 1797,1008 1795,1006 1757,1006 1756,1005 1756,1004 1755,1003 1755,984 1668,984 1668,999 1667,1000 1666,1000 1665,1001 1540,1001 1540,1003 1539,1004 1539,1005 1538,1006 1536,1006 1535,1005 1535,1004 1534,1003 1534,1001 1426,1001 1424,999 1387,999 1385,997 1385,981 1383,981 1382,980 1381,980 1380,979 1380,977 1374,977 1372,975 1374,973 1376,973 1376,957 1378,955 1464,955 1466,957 1466,960 1529,960 1530,961 1531,961 1532,962 1595,962 1597,964 1597,977 1600,977 1602,979 1685,979 1685,962 1687,960 1709,960 1711,962 1777,962 1779,960 1808,960 1810,962 1959,962 1961,960 1968,960 1968,940 1970,938 1977,938 1977,920 1974,920 1972,918 1972,909 1970,909 1968,907 1968,905 1961,905 1959,903 1852,903 1849,900 1849,889 1841,889 1840,888 1839,888 1838,887 1838,885 1834,881 1766,881 1765,880 1765,879 1764,878 1766,876 1786,876 1786,872 1788,870 1792,870 1792,854 1793,853 1794,853 1795,852 1838,852 1839,853 1840,853 1841,854 1841,857 1933,857 1933,854 1935,852 1963,852 1964,851 1965,851 1966,850 1968,850 1968,839 1970,837 1977,837 1977,813 1974,813 1973,812 1973,811 1972,810 1972,806 1970,806 1968,804 1970,802 1972,802 1972,782 1948,782 1946,780 1944,780 1942,778 1942,775 1854,775 1854,778 1852,780 1849,780 1849,795 1847,797 1742,797 1741,798 1741,799 1740,800 1735,800 1734,799 1734,798 1733,797 1735,795 1738,795 1738,775 1735,775 1733,773 1663,773 1661,775 1659,775 1659,780 1657,782 1654,782 1654,789 1652,791 1650,791 1648,793 1580,793 1580,795 1578,797 1567,797 1566,796 1565,796 1564,795 1564,793 1499,793 1497,791 1497,782 1492,782 1490,780 1490,775 1488,775 1486,773 1367,773 1367,784 1365,786 1363,784 1363,775 1361,775 1360,774 1359,774 1358,773 1295,773 1293,771 1293,769 1223,769 1223,771 1222,772 1221,772 1220,773 1218,773 1216,775 1214,775 1214,780 1212,782 1209,782 1209,784 1207,786 1205,786 1205,791 1203,793 1170,793 1169,792 1169,787 1168,786 1168,782 1167,781 1167,776 1166,775 1166,770 1165,769 1165,765 1164,764 1164,759 1163,758 1163,753 1162,752 1162,750 1163,749 1181,749 1181,745 1183,743 1207,743 1209,745 1209,749 1280,749 1282,747 1310,747 1310,745 1312,743 1367,743 1367,736 1369,734 1370,735 1371,735 1372,736 1372,743 1374,743 1376,745 1376,749 1413,749 1415,751 1415,754 1486,754 1486,751 1488,749 1516,749 1518,751 1518,764 1593,764 1593,762 1595,760 1597,760 1598,759 1599,759 1600,758 1602,758 1602,751 1604,749 1707,749 1709,747 1714,747 1716,749 1856,749 1858,751 1858,754 1968,754 1968,751 1970,749 1977,749 1977,721 1974,721 1973,720 1973,719 1972,718 1972,701 1974,699 1977,699 1977,679 1974,679 1972,677 1970,677 1968,675 1968,672 1880,672 1880,688 1878,690 1823,690 1821,688 1821,677 1819,677 1817,675 1817,670 1819,668 1852,668 1852,648 1854,646 1878,646 1880,648 1880,650 1950,650 1950,648 1952,646 1955,646 1957,644 1963,644 1963,642 1964,641 1965,641 1966,640 1968,640 1968,629 1969,628 1969,627 1970,626 1980,626 1980,600 1979,600 1977,598 1977,574 1906,574 1906,585 1904,587 1900,587 1898,585 1898,569 1832,569 1832,572 1830,574 1828,574 1828,585 1827,586 1826,586 1825,587 1810,587 1810,589 1808,591 1744,591 1742,589 1742,587 1740,587 1738,585 1738,569 1735,569 1733,567 1663,567 1661,569 1659,569 1659,585 1657,587 1635,587 1634,586 1633,586 1632,585 1632,563 1545,563 1545,565 1543,567 1540,567 1538,569 1536,569 1536,574 1534,576 1532,576 1532,583 1531,584 1530,584 1529,585 1486,585 1485,584 1484,584 1483,583 1483,580 1350,580 1350,583 1348,585 1334,585 1332,583 1332,580 1295,580 1293,578 1293,561 1205,561 1203,563 1201,563 1201,578 1200,579 1199,579 1198,580 1133,580 1131,578 1131,573 1130,572 1130,567 1129,566 1129,562 1128,561 1128,556 1127,555 1127,551 1126,550 1126,545 1125,544 1125,539 1124,538 1125,537 1231,537 1234,534 1402,534 1404,532 1407,532 1407,512 1404,512 1402,510 1402,508 1396,508 1394,506 1396,504 1402,504 1402,503 1403,502 1421,502 1422,503 1422,510 1420,512 1415,512 1415,534 1420,534 1421,535 1421,536 1422,537 1534,537 1536,539 1536,541 1602,541 1602,539 1604,537 1630,537 1632,539 1678,539 1679,540 1680,540 1681,541 1795,541 1795,539 1797,537 1799,537 1800,536 1800,535 1801,534 1803,534 1806,537 1808,537 1810,539 1810,541 1887,541 1889,543 1968,543 1970,541 1972,541 1972,519 1974,517 1980,517 1980,497 1979,497 1977,495 1977,488 1974,488 1972,486 1972,469 1902,469 1902,480 1900,482 1889,482 1887,484 1806,484 1806,486 1805,487 1804,487 1803,488 1801,488 1799,486 1799,484 1797,484 1795,482 1722,482 1720,480 1720,469 1718,469 1717,468 1717,467 1716,466 1716,464 1714,464 1713,463 1712,463 1711,462 1711,460 1628,460 1628,480 1626,482 1624,480 1624,477 1567,477 1566,476 1565,476 1564,475 1564,460 1521,460 1520,459 1519,459 1518,458 1437,458 1435,460 1435,462 1433,464 1429,464 1429,466 1426,469 1424,469 1424,480 1422,482 1422,499 1421,500 1403,500 1402,499 1402,482 1396,482 1394,480 1394,473 1203,473 1201,471 1181,471 1179,469 1179,462 1177,460 1174,460 1172,458 1172,453 1104,453 1104,455 1103,456 1103,457 1102,458 1098,458 1098,462 1097,463 1096,463 1095,464 1095,471 1093,473 892,473 892,475 891,476 890,476 889,477 887,477 887,497 886,498 879,498 878,497 878,482 876,482 874,480 874,479 872,477 872,473 865,473 863,471 808,471 806,469 736,469 734,471 732,471 732,475 731,476 730,476 729,477 727,475 727,473 725,473 723,471 677,471 675,469 633,469 632,468 632,467 631,466 631,464 556,464 556,466 555,467 555,468 554,469 545,469 544,468 544,467 543,466 543,444"/><TextEquiv><Unicode/></TextEquiv><TextLine id="r3_l001"><Coords points="344,453 1951,453 1951,549 344,549"/><TextEquiv index="1"><Unicode>raimtes te paroîtront frivoles ou</Unicode></TextEquiv></TextLine><TextLine id="r3_l002"><Coords points="344,559 1951,559 1951,662 344,662"/><TextEquiv index="1"><Unicode>imaginaires; cependant tu ſçais que</Unicode></TextEquiv></TextLine><TextLine id="r3_l003"><Coords points="340,662 1947,662 1947,758 340,758"/><TextEquiv index="1"><Unicode>j'ai failli payer de ma vie, le fatal</Unicode></TextEquiv></TextLine><TextLine id="r3_l004"><Coords points="1731,878 1730,878 1730,871 1730,870 1717,870 1716,870 1716,867 1716,866 1713,866 1712,866 1712,864 1712,863 1709,863 1708,863 1708,847 1708,846 1532,846 1531,846 1531,843 1531,842 1408,842 1407,843 1407,846 1407,846 1404,846 1403,847 1403,849 1403,849 1395,849 1394,849 1394,843 1394,842 1117,842 1116,842 1116,840 1116,839 1011,839 1010,840 1010,842 1010,842 799,842 798,843 798,853 798,853 795,853 794,854 794,859 794,859 777,859 776,859 776,840 776,839 609,839 608,839 608,836 608,835 517,835 490,835 489,836 489,839 489,839 415,839 414,839 414,836 414,835 349,835 348,835 348,823 348,822 344,822 343,822 343,812 344,811 348,811 348,811 348,802 349,801 352,801 352,801 352,799 353,798 357,798 357,798 357,795 358,794 361,794 361,794 361,792 362,791 370,791 370,791 370,771 371,770 405,770 405,771 405,791 406,791 440,791 440,792 440,794 441,794 507,794 507,794 507,778 508,777 511,777 511,777 511,775 512,774 524,774 524,775 524,791 525,791 622,791 622,791 622,778 623,777 626,777 626,777 626,775 627,774 644,774 644,775 644,777 645,777 648,777 648,778 648,794 649,794 736,794 736,794 736,785 737,784 741,784 741,784 741,778 742,777 750,777 750,777 750,775 751,774 758,774 758,774 758,771 759,770 763,770 763,771 763,774 764,774 772,774 772,775 772,777 773,777 776,777 776,778 776,798 777,798 970,798 970,798 970,782 971,781 979,781 979,781 979,778 980,777 1076,777 1076,777 1076,771 1077,770 1081,770 1081,771 1081,798 1082,798 1120,798 1120,799 1120,801 1121,801 1235,801 1235,801 1235,795 1236,794 1240,794 1240,794 1240,792 1241,791 1244,791 1244,791 1244,785 1245,784 1248,784 1248,784 1248,782 1249,781 1253,781 1253,781 1253,778 1254,777 1262,777 1262,778 1262,781 1263,781 1456,781 1456,782 1456,784 1457,784 1460,784 1460,785 1460,791 1461,791 1465,791 1465,792 1465,805 1466,805 1527,805 1527,805 1527,802 1528,801 1681,801 1681,801 1681,799 1682,798 1685,798 1685,798 1685,792 1686,791 1690,791 1690,791 1690,785 1691,784 1694,784 1694,784 1694,782 1695,781 1703,781 1703,782 1703,784 1704,784 1708,784 1708,785 1708,805 1709,805 1880,805 1880,805 1880,789 1881,788 1884,788 1884,788 1884,785 1885,784 1911,784 1911,785 1911,788 1912,788 1915,788 1915,789 1915,791 1916,791 1942,791 1942,792 1942,822 1943,822 1946,822 1946,823 1946,829 1946,829 1938,829 1937,830 1937,842 1937,842 1934,842 1933,843 1933,846 1933,846 1903,846 1902,847 1902,849 1902,849 1872,849 1871,849 1871,847 1871,846 1762,846 1761,847 1761,863 1761,863 1757,863 1756,864 1756,870 1756,870 1735,870 1734,871 1734,878 1734,878"/><TextEquiv index="1"><Unicode>roit de ſçavoir la vérité à cet égard.</Unicode></TextEquiv></TextLine><TextLine id="r3_l005"><Coords points="1634,973 1633,973 1633,970 1633,969 1629,969 1628,969 1628,956 1628,955 1563,955 1562,955 1562,953 1562,952 1497,952 1496,952 1496,950 1496,949 1347,949 1346,950 1346,966 1346,966 1342,966 1341,967 1341,969 1341,969 1324,969 1323,969 1323,946 1323,945 1232,945 1231,946 1231,952 1231,952 1126,952 1125,953 1125,966 1125,966 1108,966 1107,967 1107,973 1107,973 1042,973 1041,973 1041,963 1041,962 1037,962 1036,962 1036,943 1036,942 923,942 922,943 922,962 922,962 914,962 913,963 913,966 913,966 901,966 900,966 900,963 900,962 896,962 895,962 895,943 895,942 662,942 661,943 661,945 661,945 623,945 622,946 622,952 622,952 618,952 617,953 617,962 617,962 605,962 604,962 604,953 604,952 547,952 546,952 546,943 546,942 366,942 365,942 365,939 365,938 362,938 361,938 361,936 361,935 349,935 348,935 348,898 349,897 352,897 352,897 352,891 353,890 357,890 357,890 357,888 358,887 361,887 361,887 361,884 362,883 365,883 365,883 365,881 366,880 383,880 383,880 383,878 384,877 396,877 396,878 396,880 397,880 599,880 599,880 599,878 600,877 613,877 613,878 613,883 614,883 710,883 710,883 710,881 711,880 714,880 714,881 714,883 715,883 719,883 719,884 719,897 720,897 776,897 776,898 776,901 777,901 1019,901 1019,902 1019,904 1020,904 1195,904 1195,904 1195,884 1196,883 1209,883 1209,884 1209,887 1210,887 1213,887 1213,888 1213,904 1214,904 1244,904 1244,905 1244,907 1245,907 1390,907 1390,907 1390,905 1391,904 1407,904 1407,904 1407,895 1408,894 1412,894 1412,894 1412,891 1413,890 1425,890 1425,891 1425,894 1426,894 1429,894 1429,895 1429,907 1430,907 1584,907 1584,908 1584,911 1585,911 1703,911 1703,911 1703,908 1704,907 1730,907 1730,907 1730,879 1731,878 1734,878 1734,879 1734,907 1735,907 1743,907 1743,907 1743,898 1744,897 1747,897 1747,897 1747,895 1748,894 1756,894 1756,894 1756,891 1757,890 1805,890 1805,891 1805,894 1806,894 1809,894 1809,895 1809,897 1810,897 1818,897 1818,898 1818,911 1819,911 1928,911 1928,912 1928,914 1929,914 1937,914 1937,915 1937,918 1938,918 1942,918 1942,919 1942,928 1943,928 1946,928 1946,929 1946,931 1946,931 1938,931 1937,932 1937,952 1937,952 1929,952 1928,953 1928,955 1928,955 1841,955 1840,955 1840,953 1840,952 1798,952 1748,952 1747,953 1747,955 1747,955 1744,955 1743,955 1743,953 1743,952 1656,952 1655,953 1655,973 1655,973"/><TextEquiv index="1"><Unicode>Oni, j'ai trop apprie qu'une paſſion</Unicode></TextEquiv></TextLine><TextLine id="r3_l006"><Coords points="344,980 1947,980 1947,1063 344,1063"/><TextEquiv index="1"><Unicode>où les convenances du monde ne</Unicode></TextEquiv></TextLine><TextLine id="r3_l007"><Coords points="344,1083 1947,1083 1947,1176 344,1176"/><TextEquiv index="1"><Unicode>ſe trouvent pas, où lon ne conſulte</Unicode></TextEquiv></TextLine><TextLine id="r3_l008"><Coords points="340,1190 1951,1190 1951,1279 340,1279"/><TextEquiv index="1"><Unicode>que le penchant, eſt une ſource</Unicode></TextEquiv></TextLine><TextLine id="r3_l009"><Coords points="344,1296 1947,1296 1947,1388 344,1388"/><TextEquiv index="1"><Unicode>de maux qui ne peut tarir qu'avec</Unicode></TextEquiv></TextLine><TextLine id="r3_l010"><Coords points="340,1402 1943,1402 1943,1491 340,1491"/><TextEquiv index="1"><Unicode>nos jours. Telle eſt la bizarrerie de</Unicode></TextEquiv></TextLine><TextLine id="r3_l011"><Coords points="340,1505 1947,1505 1947,1601 340,1601"/><TextEquiv index="1"><Unicode>notre deſtinée: il ſemble que plus</Unicode></TextEquiv></TextLine><TextLine id="r3_l012"><Coords points="340,1608 1943,1608 1943,1700 340,1700"/><TextEquiv index="1"><Unicode>la nature a mis de rapports entre</Unicode></TextEquiv></TextLine><TextLine id="r3_l013"><Coords points="340,1711 1943,1711 1943,1807 340,1807"/><TextEquiv index="1"><Unicode>deur créatures, &amp; s'eſt plu à for-</Unicode></TextEquiv></TextLine><TextLine id="r3_l014"><Coords points="336,1817 1943,1817 1943,1920 336,1920"/><TextEquiv index="1"><Unicode>mer leurs cœurs pour s'unir, plus</Unicode></TextEquiv></TextLine><TextLine id="r3_l015"><Coords points="331,1923 1943,1923 1943,2009 331,2009"/><TextEquiv index="1"><Unicode>lopinion les ſépare. Envain recri-</Unicode></TextEquiv></TextLine><TextLine id="r3_l016"><Coords points="331,2026 1947,2026 1947,2125 331,2125"/><TextEquiv index="1"><Unicode>minerons-nous contre les préjugés</Unicode></TextEquiv></TextLine><TextLine id="r3_l017"><Coords points="331,2129 1943,2129 1943,2232 331,2232"/><TextEquiv index="1"><Unicode>dont nous ſommes preſque les ſeu-</Unicode></TextEquiv></TextLine><TextLine id="r3_l018"><Coords points="331,2235 1934,2235 1934,2321 331,2321"/><TextEquiv index="1"><Unicode>les victimes. Malheur à toute femme</Unicode></TextEquiv></TextLine><TextLine id="r3_l019"><Coords points="327,2341 1943,2341 1943,2441 327,2441"/><TextEquiv index="1"><Unicode>qui s'en écarte, elle paye du repos</Unicode></TextEquiv></TextLine><TextLine id="r3_l020"><Coords points="322,2448 1788,2448 1788,2549 322,2549"/><TextEquiv index="1"><Unicode>de ſa vie un inſtant de bonheur.</Unicode></TextEquiv></TextLine><TextLine id="r3_l021"><Coords points="366,2549 1943,2549 1943,2646 366,2646"/><TextEquiv index="1"><Unicode>Pour ſe ſouſtraire aux entraves</Unicode></TextEquiv></TextLine><TextLine id="r3_l022"><Coords points="300,2653 1943,2653 1943,2759 300,2759"/><TextEquiv index="1"><Unicode>d la ſociété- &amp; ſe paſſer de ſen</Unicode></TextEquiv></TextLine></TextRegion></Page></PcGts>