2480 3507
524 432 2162 521 avantages, il faut plus de force que
572 535 2158 627 notre exe n'en a: mais trop foibles
577 641 2162 734 pour nous uffire  nous - mmes,
577 747 2167 840 nous prouvons chaque jour que
577 854 2158 943 on joug nous et moins onreux,
585 956 2167 1049 que es plaiirs ne nous ont n-
577 1066 2167 1131 ceaires. Il et de notre devoir de
577 1166 2171 1258 remplir la tche qui nous et ai-
581 1272 2167 1364 gne par le ort. Tu vois ce que le
585 1378 2171 1471 tien te precrit. Encore un coup
581 1484 2171 1556 fuis le chevalier. Il en coutera  ton
585 1591 2180 1680 cur,  ton amour-propre mme;
590 1700 2175 1786 car ouvent il et le plus re belle, lor-
590 1803 2189 1899 qu'il faut faire des acrifices o il
590 1909 2193 2002 croit es droits. bles: mais i tu
590 2012 2197 2115 differes un moment, ton malheur
590 2118 2031 2208 et combl, ta perte invitable.
703 2225 2193 2317 Tu n'as pas oubli que ton oncle
589 2327 2179 2426 a des vues pour ton tabliement;
593 2425 2174 2529 quoiqu'il ne e oit pas expliqu
533 2540 2175 2633 clairement, il n'y a point de doute
590 2643 2184 2753 qu'il a fait un choix & s'il et
1878 2753 2167 2825 abolu
545 317 725 396 e
