2480 3507
257 507 1856 610 abſolu dans ſa volo nté, oſeras-tu
253 624 1852 722 lui réſiſter? ou iras-tu aux pids
253 722 1852 823 des autels te parjurer & promettre
244 833 1852 922 une foi que ton cœur déſavouera?
244 939 1856 1031 Toi qui es la vérité même, tu pour-
244 1031 1852 1114 rois vivre & trahir tes ſerments?O
243 1147 1851 1254 mon Eliſabeth! ce ne ſont pas - là
234 1246 1847 1339 les ſeuls maux que tu te prépares,
235 1354 1617 1423 ſi tu ne renonces à tori amour-
279 1460 1848 1562 Avec quelle impatience j'atten-
229 1561 1851 1666 drai ta réponſe! que va-t-elle mlap-
225 1665 1855 1758 prendre? puiſſe ta réſolution: être
223 1772 1914 1865 digne du courage que je te con-
223 1875 1861 1971 nois ! Souviens toi que tu fus prête
223 1981 1861 2074 à former des vœux que tu regar-
223 2088 1870 2184 dois comme le plus grand des mal-
223 2184 1861 2286 heurs, & que la générofité de ton
208 2293 1861 2389 oncle fut ſans doute le prix de ton
208 2400 1865 2489 obéiſſance. N'aurois-tu joui de ta
204 2496 1861 2598 liberté, que pour la perdre dans
204 2609 1861 2694 des liens plus attrayants que les pre-
199 2711 1861 2805 miers “ il eſt vrai; mais plus ſu-
341 2806 740 2883 Partie I.
1737 415 1839 497 E
