2480 3507
1450 2828 1639 2921 Di
353 514 1974 600 même, eu n'aurois rien à redouter
308 621 1948 699 de notre mutuelle tendreſſe; ſa
348 723 1948 819 cauſe eſt trop belle pour que ſes
348 833 1948 922 effets puiſſent-être coupables. Non,
344 936 1948 1028 je ſens que le véritable amour, loin
348 1042 1948 1118 de conduire à des foibleſſes, fait
353 1145 1948 1235 germer toutes les verms. Oui ce feu
348 1251 1952 1334 divin, en enflâmant le ccœur, éleve
344 1354 1952 1447 l'ame & nous égale aux dieux, au
344 1464 1952 1553 moins par le vif deſir qu'il nous
339 1567 1957 1659 inſpire d'être auſſi parfaits qu'eux;
339 1673 1961 1765 je n'en puis douter, puiſque je n'ai-
344 1776 1961 1868 mai jamais la vertu avec tant d'ar-
335 1882 1957 1971 eur, que depuis l'heureux inſtant
335 1985 1961 2077 où je vis le chevalier: jamais elle
331 2091 1957 2180 m'eut tant de charmes pour moi,
335 2197 1961 2273 ſur-tout cette vertu ſi recommandée
331 2304 1966 2376 mon ſexe. J'ai lieu de me con-
339 2406 1970 2499 vaincre chaque jour, que l'éduca-
344 2513 1970 2605 tion lui donne l'être, mais que l'a-
344 2619 1974 2691 mour ſeul lui donne la vie. Com-
331 2725 1966 2807 mênt ne l'aimerois-je pas ? Luzen
