2480 3507
327 494 1929 583 a au moins deux mile connoi-
327 614 1934 713 ances; il n'y en a pas une elon lui
327 723 1934 816 qui ne l'aime  la folie; les hom-
327 830 1934 915 mes, les femmes, tous ont es amis
327 936 1938 1025 intimes; peronne n'et exempt de
327 1039 1938 1141 de es dtails. Il excede tout le
331 1141 1943 1238 monde par l'numration de es
336 1251 1943 1347 gots, de on genre de vie, de es
335 1357 1942 1456 proprits; car il et trop vain, pour
343 1453 1946 1555 convenir jamais qu'il a la moinre
331 1567 1951 1667 igrace. Le chevalier Pcoute avec
331 1667 1943 1774 une patience, que jadmire ans
335 1773 1950 1876 pouvoir l'imiter. Je me uis apper-
330 1869 1946 1970 ue que cette complaiance de a
331 1985 1951 2074 part lui valoit toutes les vertus dans
331 2088 1947 2180 l'eprit du baron, & je crois que on
336 2194 1951 2298 amiti pour Luzan et principale-
327 2298 1947 2401 ment fonde ur ce point. N'im-
336 2401 1951 2509 porte, cette dcouverte peut nous
336 2509 1943 2612 tre d'un grand ecours dans la uite,
340 2615 1947 2687 & i le chevalier et aez heureux
336 2722 1951 2828 pour changer d'tat, comme il y a
1768 374 1959 480 L
