2480 3507
630 405 793 477 E
630 514 2212 603 ment dpartie  votre exe; mais
621 621 2208 713 ur-tout ce que je chris le plus,
621 727 2208 819 c'et cette vertu non pas ontenue
617 833 2217 926 par le prjug, mais forde ur la
613 939 2217 1032 agee mme qui vous rend ado-
613 1046 2208 1128 rable ..... Oui, divine Eliabeth,
617 1152 2212 1241 quand je onge  la beaut de votre
617 1258 2221 1347 ame, es perfections font le ravie-
613 1361 2221 1433 ment de la mienne. Cette dli-
617 1467 2226 1556 cieue contemplation pure ans
617 1570 2230 1659 cee mon hommage & le rend
617 1676 2230 1769 digne de vous. Ma paion ne au-
613 1783 2234 1868 roit vous offener, puiqu'elle et
613 1885 2234 1968 fonde ur l'amour de la vertu. Oui,
617 1995 2239 2081 c'et-elle, c'et la vertu mme que
613 2094 2239 2190 'adore en vous aimant: mon cur
613 2197 2239 2290 vous le jure; & i jamais le pouvoir
613 2300 2243 2376 de vos charmes me faioit oublier
591 2410 2243 2496 on erment, puniez-moi de votre
613 2513 2248 2602 haine. Ah! Eliabeth, que je erois
617 2619 2248 2708 malheureux, & que le ouvenir de
608 2722 2252 2814 ma flicit prente ajouteroit
