2480 3507
340 497 1934 586 viennent de la fortune; & il y a
340 607 1938 696 tant de diparit de la tienne
331 717 1501 802 celle de Luzan, que ...
1541 717 1956 782 mais
331 819 1934 908 en vain te retracerois-je tout ce qui
336 922 1938 1011 s'oppoe  votre commun bonheur;
331 1028 1934 1114 je te ferois craindre mille maux
327 1131 1951 1232 ans te garantir d'un eul. Il n'et
327 1232 1951 1327 plus temps, ton ort et commenc,
327 1344 1947 1433 il faut que on tiu s'acheve. Le
322 1453 1938 1539 prent t'enchante, l'avenir te pro-
322 1560 1947 1652 met, & d'ailleurs ta flicit actuelle
322 1659 1943 1759 et, elon toi, i indpendante des
318 1759 1938 1855 ens & des vnements, que tu la
322 1868 1938 1944 crois inaltrable. Le chevalier tient
313 1968 1943 2067 le mme langage, a lettre et une
313 2084 1934 2170 vive expreion de la flammve la
318 2184 1929 2280 plus pure, il montre plus de paion
318 2297 1925 2382 pour ta vertu que pour ta beaut;
322 2393 1925 2489 cependant tu es aez jolie, mme
322 2506 1934 2595 de l'aveu des femmes, pour que
318 2602 1925 2694 tout homme rende prenierement
318 2708 1916 2807 hommage  tes charmes; l'eprit,
1790 385 1977 473 L
1385 2816 1628 2893 E iv
