2480 3507
548 480 2131 562 la vertu, le bon caractere, n'ob-
552 586 2135 679 tiennent communément que le ſe-
548 693 2135 782 cond tribut. Ainſi je t'avoue que la
552 795 2139 891 ſublime métaphyſique du chevalier
557 905 2144 998 m'eſt un peu ſuſpecte; & duſſé-je
557 1011 2148 1100 affliger ton cœur en y élevant des
557 1114 2144 1193 doutes, ton intérêt & mon amitié
557 1220 2152 1313 exigent que je t'éclaire ſur ce qu'il
504 1327 2152 1416 eſt important que tu connoiſſes.
566 1433 2161 1522 Il me ſemble que Luzan a peu d'a-
561 1539 2161 1625 mour, ou que cet extrême ſpiritua-
561 1642 2166 1735 lité de ſentiments, qu'il manifeſte
566 1752 2174 1837 avec tant d'éclat, n'eſt employée
566 1858 2174 1951 que pour te fermer les yeux ſur les
574 1968 2174 2060 dangers d'une paſſion qu'aucune
579 2074 2179 2163 circonſtance ne promet de cou-
574 2177 2183 2256 ronner; ou s'il eſt abuſé lui-même
579 2280 2188 2369 ſur la nature de ſon penchant &
583 2386 2192 2478 qu'il ſoit de bonne foi, tu dois plus
587 2492 2188 2567 encore t'obſerver; car l'enthou-
587 2598 2192 2687 ſiaſme de la vertu égare plus d'a-
587 2705 2205 2797 mants que la volupté n'en ſéduit,
517 344 701 451 L
