2480 3507
334 501 1927 600 parce que nulle dfiance ne les
334 614 1109 703 garantit du pril.
444 713 1931 806 Si, dans une paion parvenue
334 819 1931 902 on comble, les coneils n'toient
339 929 1936 1015 aui uperflus que les menaces,
339 1032 1931 1124 je te recommanderois beaucoup
339 1138 1940 1227 de retenue, & ur-tout je te prierois
339 1241 1936 1334 de cacher une partie de ta tendree
326 1347 1940 1436 celui qui l'a fait natre: mais je
339 1453 1940 1543 connois trop la vivacit de ton
339 1560 1940 1652 imagination & l'imptuoit de tes
343 1666 1940 1752 entiments, pour eprer cette alu-
343 1769 1944 1861 taire prcaution. Ton cur, embla-
343 1879 1944 1964 ble  un volcan, ne vit que par
343 1978 1949 2070 Pexploion de a flamme; il meurt
343 2084 1949 2177 i on feu n'clate; tu veux expri-
343 2194 1944 2280 mer tout ce que tu ens ...... Ah
299 2297 1944 2389 Eliabeth! que l'on paye cher le
343 2403 1949 2496 plaiir de dire combien l'on aime!
352 2509 1944 2598 Souviens-toi que l'amour a beoin,
348 2615 1944 2708 pour ubiter dans toute a force,
348 2718 1936 2807 d'epoir, de crainte & d'alarmes.
1813 398 1927 463 LE
