2480 3507
245 470 1842 562 ont bien plus upportables que les
245 576 1842 678 trites dclamations de ceux qui ne
241 678 1842 775 parlent des hommes que pour s'en
241 792 1847 881 plaindre. Lui, au contraire, pr-
241 888 1847 980 tend avoir toujours  s'en louer.
232 998 1851 1090 J'avoue que c'et par vanit. Qu'im-
228 1104 1847 1196 porte le motif; il uffit que le r-
228 1210 1847 1282 ultat en oit bon. Aie donc un
228 1323 1847 1412 peu plus d'indulgence pour de l-
228 1429 1847 1525 gers travers, qui au fond ont trs
219 1532 1842 1625 riibles; car je t'aure que le baron
219 1639 1847 1728 m'a ouvent amue, par les mer-
210 1741 1908 1834 veilleux rcits qu'il faioit ur on
210 1851 604 1944 compte.
337 1961 1847 2050 Tu me cajoles, bonne Eliabeth;
210 2067 1847 2153 en me parlant de l'emprefement
210 2170 1847 2259 du chevalier  me connotre; mais
210 2280 1842 2369 ans t'expliquer tout ce que je de-
206 2382 1842 2478 vine la-deous, je uis bien aie
206 2489 1838 2585 de te prvenir que je n'en erai pas
197 2595 1838 2701 moins incere toutes les fois que
201 2701 1829 2794 tu me feras juge de tes entiments:
1729 350 1838 432 LE
