2480 3507
1720 341 1900 418 i
273 463 1874 552 le voir & l'entendre! tu te repro-
273 569 1883 662 cherois tes oupons! Tu embles
273 672 1883 768 deirer que j'aie ta dfiance. Ah
276 781 1882 879 Dieu! c'et me dire de renoncer
272 878 1882 966 mon amour; ce eroit m'en ter
277 994 1883 1083 tout le charme. Non, plus-tt mou-
282 1097 1892 1186 rir que de me dfier du chevalier.
282 1200 1887 1292 Au ouhait que tu formes, je ne
282 1310 1887 1399 reconnois plus l'excellence de ton
286 1409 1892 1501 cur; je t'aure que ton bon eprit
290 1512 1892 1604 e dprave depuis que tu habites ce
290 1618 1892 1711 charmant & dangereux pays, o le
295 1724 1914 1813 menonge regne ouverainement,
295 1831 1896 1920 o l'art ublime et de dguier es
290 1937 1900 2026 entiments, de pntrer ceux d'au-
295 2043 1900 2136 trui; o lon aimeroit mieux tre
295 2146 1900 2238 injute envers mille, que d'tre
295 2252 1900 2341 tromp d'un eul; o la grande ma-
299 2355 1900 2434 xime et de s'oberver, comme i
299 2465 1900 2554 l'on toit environn d'un peuple
299 2567 1900 2660 d'ennemis: penes - tu que jamais
304 2670 1900 2766 un cur droit puie uivre de tels
