2480 3507
631 477 2231 586 principes, même avec les indiffé-
631 586 2227 686 rents? & cependant tu me conſeilles
636 699 2227 771 de la diſſimulation avec Luzan. Ah!
1892 809 2227 874 .Ce
626 811 1883 908 ſi tu avois été témoin.....
630 907 2226 1000 matin, il eſt arrivé de la campagne
627 1015 2223 1107 couvert de ſueur & de pouſſiere,
627 1114 2223 1207 il a franchi la ſale en un ſaut, s'eſt
623 1234 2218 1330 précipité à mes pieds, a pris une
627 1330 2223 1433 de mes mains, puis me regardant
627 1443 2218 1539 avec des yeux où l'amour & la joie
1267 1549 2218 1651 ... O mon Eliſabeth,
627 1563 1232 1628 éclatoient...
623 1651 2218 1759 permettez-moi ce titre à quoi je
601 1765 2218 1861 puis aſpirer maintenant, ſi vous dai-
623 1868 2218 1968 gnez conſentir à mon bonheur: je
618 1981 2218 2053 vais être entierement libre, mon
617 2080 2222 2183 grand-pere veut que je quitte l'or-
617 2182 2217 2278 dre de Malte, il me nomme ſon
1267 2279 2223 2394 ... Dieu! que je lui
614 2300 1162 2369 héritier....
623 2394 2223 2489 dois de reconnoiſſance! non pour
614 2509 2214 2588 la fortune dont il va me combler,
618 2619 2214 2711 mais par la félicité qu'il m'aſſure en
618 2729 2209 2811 m'uniſſant à vous...... Que nous
