2480 3507
274 497 1849 603 ſerons heureux, lui ai-je dit avec
279 624 1849 713 un tranſport que je n'ai pu retenir!
279 730 1858 795 Le comte eſt - il inſtruit de votre
279 833 1858 931 penchant, & conſent-il?..... Non,
279 931 1866 1032 j'ai été interrompu au monent
283 1042 1871 1128 qu'encouragé par le deſir qu'il me
283 1145 1875 1234 témoignoit de me voir marié, j'al-
283 1251 1875 1330 lois lui déclarer mon amour; il m'a
283 1358 1880 1443 ordonné d'aller prévenir ma mere
286 1459 1883 1558 de ſes intentions; & ſi vous me le
286 1542 1888 1655 permettez, jé vais faire part à votre
292 1669 1893 1748 oncle de cet heureux événement,
292 1772 1897 1861 nous ferons parler au comte par un
296 1882 1902 1968 ami commun. Je ne doute pas qu'il
292 1981 1902 2074 n'approuve le choix de mon cœur.
296 2088 1906 2173 Je ne crains d'autres difficultés que
305 2194 1915 2290 la paſſion de ma mere pour l'état
310 2297 1915 2389 que j'ai pris; car, quand une mau-
310 2400 1919 2489 vaiſe fortune ne m'y auroit pas né-
314 2506 1919 2595 ceſſité, elle P'auroit exigé de moi:
318 2612 1928 2708 mais j'eſpere que mon grand-pere,
314 2718 1933 2811 à qui elle doit tout, vaincra les
1694 381 1874 486 L
