2480 3507
1397 2876 1581 2948 E
408 2869 790 2958 Partie .
290 535 1871 627 conola, en e mariant, ce fut l'e-
281 648 1945 734 prance d'avoir des filles & de les
285 751 1875 847 faire religieues; peruade que
285 860 1875 950 l'on ne peut tre heureux que dans
285 967 1880 1056 cet tat. Elle a abu de la repec-
285 1073 1880 1162 tueue oumiion de on fils, pour
281 1179 1880 1258 le faire entrer dans l'ordre de Malte,
285 1286 1880 1371 d'ailleurs autorie par la ruine de
281 1385 1884 1477 a maion. Luzan n'a rien eu ju-
281 1495 1880 1587 qu' prent  oppoer  a volont-
277 1601 1893 1669 Il m'a confi tous les malheurs de
281 1707 1888 1793 la marquie. Son infortune et i
277 1813 1884 1903 grande, qu'il ne lui rete en propre,
277 1916 1893 2009 pas mme la facult de vivre dans
281 2022 1893 2115 une communaut; mais le comte,
281 2125 1888 2214 on beau-pere, touch de la trite
281 2232 1897 2317 ituation o l'inconduite de on
281 2324 1897 2427 mari l'avoit laie, lui procure une
285 2444 1910 2543 aiance convenable  on rang,
285 2543 1902 2643 ans cependant l'avoir gratifie d'au-
290 2657 1902 2742 cune poeion; elle et dans une
285 2759 1910 2852 abolue dpendance. Cette circon-
