2480 3507
590 494 2193 586 on amour, je le ens, ne peut tre
598 610 2193 699 parfait qu' ce prix. Avec cette
593 702 2196 805 peruaion, juge de quels efforts je
593 794 2196 911 erai capable pour perfectionner
598 926 2189 1004 mon caractere. Continue donc,
598 1022 2202 1128 chere Henriette, de remplir la t-
603 1131 2202 1227 che que tu t'es i gnreuement
603 1238 2197 1330 impoe de m'avertir de mes fautes.
613 1351 2202 1440 Ton amiti ait m'pargner l'amer-
598 1453 2202 1543 tume des reproches, tu badines en
607 1556 2210 1652 me corrigeant, tes reprimandes
594 1666 2206 1755 ont des carees. Oh que tu es
598 1769 2202 1865 aimable! & que tu erois parfaite,
598 1875 2202 1971 i tu voulois rendre jutice  Luzan!
607 1985 2206 2081 Il et parti ce bien-aim, cet homme
598 2088 2202 2184 divin. Je ne ais pour combien de
594 2197 2197 2290 jours, mais on abence m'oppree
594 2300 2197 2393 un peu, & mon cur ne repire
590 2406 2202 2499 point  on aie .... Quelle rpone
598 2516 2197 2588 aura-t-il? Le cur me bat-...
590 2619 2202 2711 quand j'y pene, je pae tour  tour
581 2725 2193 2818 de la crainte  l'epoir, mais je me
