2480 3507
295 2375 469 2516 LA
489 2444 1895 2526 eease toi, chere Eliſabeth
291 2550 1891 2643 demain je vais à Paris, demain nous
286 2653 1886 2746 ferons la paix; demain j'abjure mes
282 2763 1891 2852 erreurs, demain tu me parleras
374 1843 1797 1943 LETTRE
546 2046 1617 2136 De Madame d'Alei,
436 2211 1728 2286 E.
286 542 1864 631 livre le plus ſouvent à ce dernier:
207 651 1873 741 c'eſt d'un bon augure; qu'en dis-tu?
286 751 1877 843 Bon Dieu! comme je vais être émue
397 857 1873 946 l'ouverture de cette lettre! je
286 963 1877 1059 t'avoue que l'abſence commence à
291 1066 1882 1155 me paroître un peu dure, & ſi elle
295 1172 1882 1268 étoit longue, je ſens que je ne pour-
291 1275 1882 1368 rai la ſupporter: n'ajoute donc pas
291 1382 1882 1474 à mon chagrin par tes injuſtes ſoup-
291 1512 511 1577 çons.
