<PcGts xmlns="http://schema.primaresearch.org/PAGE/gts/pagecontent/2017-07-15" xmlns:xsi="http://www.w3.org/2001/XMLSchema-instance" xsi:schemaLocation="http://schema.primaresearch.org/PAGE/gts/pagecontent/2017-07-15 http://schema.primaresearch.org/PAGE/gts/pagecontent/2017-07-15/pagecontent.xsd"><Metadata><Creator/><Created>2020-09-11T12:42:10</Created><LastChange>1970-01-01T00:00:00</LastChange><Comments/></Metadata><Page imageFilename="0078.png" imageHeight="3507" imageWidth="2480"><ReadingOrder><OrderedGroup id="g1"><RegionRefIndexed index="0" regionRef="r2"/><RegionRefIndexed index="1" regionRef="r3"/></OrderedGroup></ReadingOrder><ImageRegion id="r1" orientation="0.0"><Coords points="979,368 979,370 977,372 975,372 975,401 977,401 979,403 979,423 977,425 975,425 975,451 1166,451 1168,453 1168,455 1251,455 1251,453 1253,451 1492,451 1494,449 1503,449 1505,451 1593,451 1595,449 1678,449 1681,451 1681,455 1762,455 1764,458 1764,460 1834,460 1834,458 1836,455 1838,455 1838,451 1841,449 1843,449 1843,423 1841,423 1838,420 1806,420 1803,418 1803,416 1806,414 1808,414 1808,390 1738,390 1735,392 1725,392 1725,394 1722,396 1608,396 1606,394 1606,392 1600,392 1597,390 1527,390 1525,392 1512,392 1510,390 1339,390 1339,396 1337,398 1332,398 1330,396 1253,396 1251,394 1251,392 1177,392 1177,394 1174,396 1170,396 1168,394 1168,392 1100,392 1098,390 1098,372 1052,372 1049,370 1049,368"/></ImageRegion><TextRegion id="r2" orientation="0.0" type="page-number"><Coords points="593,390 591,392 587,392 587,394 585,396 583,396 580,398 578,398 578,420 580,420 583,423 583,427 585,429 593,429 596,431 602,431 604,433 602,436 600,436 600,442 598,444 596,444 596,473 666,473 670,469 670,466 672,464 677,464 677,453 679,451 679,447 681,444 769,444 769,416 771,414 791,414 791,392 749,392 747,390"/><TextEquiv><Unicode/></TextEquiv><TextLine id="r2_l001"><Coords points="610,398 760,398 760,466 610,466"/><TextEquiv index="1"><Unicode>LEe</Unicode></TextEquiv></TextLine></TextRegion><TextRegion id="r3" orientation="0.0" type="paragraph"><Coords points="821,495 819,497 810,497 810,501 809,502 809,503 808,504 808,515 806,517 802,517 800,515 800,512 732,512 732,515 730,517 729,517 727,519 714,519 712,517 661,517 659,515 659,514 657,512 593,512 591,514 591,515 589,517 587,517 585,519 583,519 582,520 581,520 580,521 578,521 578,543 580,543 581,544 582,544 583,545 583,567 585,567 587,569 587,572 591,572 593,574 593,576 718,576 718,574 719,573 720,573 721,572 736,572 738,574 738,576 815,576 817,578 817,583 883,583 883,578 885,576 920,576 920,574 922,572 964,572 966,574 966,576 1150,576 1150,574 1152,572 1157,572 1159,574 1159,576 1170,576 1172,578 1172,600 1244,600 1246,598 1247,598 1249,596 1255,596 1255,578 1256,577 1257,577 1258,576 1280,576 1282,578 1348,578 1350,576 1354,576 1356,578 1403,578 1404,579 1404,580 1407,583 1407,584 1411,588 1411,589 1414,592 1414,593 1417,596 1417,597 1420,600 1420,601 1424,605 1424,606 1427,609 1427,610 1430,613 1430,614 1433,617 1433,618 1436,621 1436,622 1437,623 1436,624 1345,624 1343,622 1343,607 1341,607 1340,606 1340,605 1339,604 1234,604 1234,622 1233,623 1232,623 1231,624 1194,624 1194,626 1193,627 1193,628 1192,629 1174,629 1173,628 1173,627 1172,626 1172,624 1104,624 1102,622 1102,600 1023,600 1023,622 1021,624 942,624 940,622 940,604 800,604 800,622 799,623 798,623 797,624 758,624 758,626 757,627 757,628 756,629 716,629 715,628 715,627 714,626 714,607 713,606 713,605 712,604 637,604 637,620 635,622 593,622 591,624 587,624 587,626 586,627 586,628 585,629 583,629 583,650 580,653 578,653 578,670 580,670 581,671 582,671 583,672 583,677 585,679 591,679 593,681 1315,681 1317,683 1317,686 1383,686 1383,683 1385,681 1407,681 1409,683 1409,686 1464,686 1466,688 1466,705 1510,705 1514,709 1513,710 1453,710 1453,712 1451,714 1444,714 1444,732 1442,734 1435,734 1435,736 1433,738 1429,738 1428,737 1427,737 1426,736 1426,734 1380,734 1378,732 1345,732 1344,731 1344,730 1343,729 1343,714 1332,714 1330,712 1330,710 1264,710 1264,712 1262,714 1255,714 1255,732 1253,734 1209,734 1207,732 1207,710 1019,710 1019,729 1021,729 1022,730 1022,731 1023,732 1021,734 1010,734 1008,732 964,732 963,731 963,730 962,729 962,712 960,710 874,710 874,732 872,734 863,734 861,732 806,732 805,731 805,730 804,729 804,727 738,727 738,729 737,730 737,731 736,732 664,732 661,729 661,727 593,727 593,729 592,730 592,731 591,732 587,732 583,736 583,784 585,784 587,786 587,789 1148,789 1150,791 1220,791 1221,790 1222,790 1223,789 1293,789 1295,791 1418,791 1420,789 1490,789 1492,791 1534,791 1535,792 1535,796 1534,797 1534,801 1533,802 1533,805 1532,806 1532,810 1531,811 1531,814 1530,815 1530,819 1529,820 1529,824 1528,825 1528,828 1527,829 1527,833 1526,834 1526,838 1525,839 1525,840 1524,841 1345,841 1343,839 1343,826 1341,826 1339,824 1339,821 1315,821 1314,820 1313,820 1312,819 1312,817 1238,817 1238,819 1236,821 1229,821 1228,822 1228,823 1227,824 1225,824 1223,826 1220,826 1220,835 1218,837 1216,837 1216,839 1214,841 1021,841 1017,837 953,837 953,839 951,841 935,841 933,843 931,843 927,839 927,837 857,837 857,839 856,840 855,840 854,841 843,841 841,839 841,817 839,817 837,815 837,813 758,813 758,815 756,817 751,817 751,819 749,821 745,821 745,824 743,826 743,839 742,840 741,840 740,841 738,841 736,839 736,837 701,837 699,835 699,817 604,817 604,835 606,837 607,837 609,839 607,841 593,841 591,843 591,844 589,846 587,846 585,848 583,848 583,887 585,887 587,889 591,889 592,890 592,891 593,892 593,894 938,894 940,896 940,898 1017,898 1021,894 1058,894 1060,896 1060,918 1072,918 1073,919 1072,920 1070,920 1069,921 1067,921 1066,922 1032,922 1032,924 1031,925 1031,926 1030,927 1025,927 1025,935 1024,936 1022,936 1021,937 1019,937 1018,938 1016,938 1015,939 1014,939 1013,940 1011,940 1010,941 1008,941 1007,942 1005,942 1004,943 1002,943 1001,944 992,944 990,946 981,946 979,944 979,922 916,922 914,920 795,920 793,922 789,922 789,927 788,928 787,928 786,929 786,931 784,933 780,933 780,938 777,941 776,941 773,944 723,944 723,963 722,964 715,964 714,963 714,951 712,949 712,944 670,944 668,942 668,922 583,922 583,942 585,942 587,944 585,946 583,946 583,966 585,966 587,968 591,968 592,969 592,970 593,971 593,973 591,975 587,975 585,977 583,977 583,999 585,1001 591,1001 593,1003 643,1003 644,1004 644,1006 645,1007 645,1008 646,1009 646,1010 647,1011 647,1013 648,1014 648,1015 649,1016 649,1017 650,1018 650,1019 651,1020 651,1022 650,1023 604,1023 602,1025 596,1025 596,1027 593,1030 593,1034 591,1036 587,1036 587,1045 585,1047 583,1047 582,1048 581,1048 580,1049 578,1049 578,1071 580,1071 583,1074 583,1106 688,1106 689,1107 689,1108 690,1109 690,1110 691,1111 691,1112 692,1113 692,1115 693,1116 693,1117 694,1118 694,1119 695,1120 695,1121 696,1122 696,1124 697,1125 697,1126 698,1127 698,1128 699,1129 699,1131 700,1132 700,1133 701,1134 701,1135 702,1136 702,1137 703,1138 703,1140 704,1141 704,1142 705,1143 705,1144 706,1145 706,1146 707,1147 707,1149 708,1150 708,1151 709,1152 709,1153 710,1154 710,1155 711,1156 710,1157 707,1157 705,1155 705,1152 694,1152 692,1150 692,1133 690,1131 690,1128 609,1128 609,1131 607,1133 600,1133 598,1135 596,1135 596,1141 593,1144 593,1150 591,1152 587,1152 587,1174 591,1174 592,1175 592,1176 593,1177 593,1181 591,1183 587,1183 587,1209 733,1209 735,1211 735,1212 736,1213 736,1214 737,1215 737,1217 738,1218 738,1219 739,1220 739,1221 740,1222 740,1224 741,1225 741,1226 742,1227 742,1228 743,1229 743,1230 744,1231 744,1233 745,1234 745,1235 746,1236 746,1237 745,1238 738,1238 738,1255 737,1256 737,1257 736,1258 735,1257 735,1256 734,1255 703,1255 701,1253 701,1238 629,1238 629,1253 628,1254 627,1254 626,1255 609,1255 608,1256 608,1257 607,1258 585,1258 583,1260 582,1260 580,1262 578,1262 578,1282 580,1282 583,1285 584,1285 587,1288 587,1291 583,1295 583,1317 760,1317 761,1318 761,1346 760,1347 758,1345 688,1345 688,1348 686,1350 686,1363 685,1364 684,1364 683,1365 578,1365 578,1391 580,1391 583,1394 583,1398 582,1399 581,1399 580,1400 578,1400 578,1422 580,1422 581,1423 582,1423 583,1424 648,1424 650,1422 759,1422 760,1423 760,1449 759,1450 759,1474 758,1475 743,1475 740,1472 672,1472 671,1473 671,1474 670,1475 583,1475 583,1497 585,1497 587,1499 587,1527 585,1529 583,1529 583,1551 655,1551 657,1549 668,1549 668,1534 670,1532 736,1532 738,1530 738,1529 740,1527 757,1527 758,1528 758,1577 757,1578 666,1578 666,1580 664,1582 600,1582 598,1584 593,1584 593,1589 591,1591 587,1591 587,1624 585,1626 583,1626 583,1654 585,1654 586,1655 586,1656 587,1657 587,1659 690,1659 690,1657 692,1655 692,1654 694,1652 697,1652 699,1650 699,1637 701,1635 749,1635 751,1637 751,1654 756,1654 757,1655 757,1656 758,1657 758,1659 760,1659 761,1660 761,1666 762,1667 762,1675 763,1676 763,1684 764,1685 764,1686 763,1687 686,1687 685,1686 684,1686 683,1685 683,1683 600,1683 600,1685 598,1687 587,1687 587,1689 586,1690 586,1691 585,1692 583,1692 583,1729 587,1733 591,1733 593,1735 593,1738 595,1740 596,1740 598,1742 655,1742 657,1744 734,1744 736,1742 764,1742 765,1743 766,1743 767,1744 770,1744 771,1745 772,1745 773,1746 773,1766 846,1766 850,1762 850,1746 852,1744 979,1744 982,1741 983,1741 986,1738 988,1740 988,1742 995,1742 997,1744 1185,1744 1187,1742 1249,1742 1251,1744 1321,1744 1323,1742 1354,1742 1356,1744 1426,1744 1427,1743 1428,1743 1429,1742 1442,1742 1444,1744 1444,1766 1510,1766 1512,1768 1512,1771 1513,1772 1513,1776 1514,1777 1514,1780 1515,1781 1515,1785 1516,1786 1516,1789 1515,1790 1098,1790 1098,1792 1095,1795 1082,1795 1081,1794 1081,1793 1080,1792 1080,1790 1003,1790 1003,1792 1002,1793 1002,1794 1001,1795 920,1795 919,1794 919,1793 918,1792 918,1790 697,1790 697,1792 694,1795 578,1795 578,1812 580,1812 581,1813 582,1813 583,1814 583,1817 585,1817 587,1819 587,1823 585,1825 583,1825 583,1849 655,1849 657,1847 692,1847 694,1849 758,1849 760,1847 878,1847 879,1848 880,1848 881,1849 957,1849 958,1848 959,1848 960,1847 1012,1847 1014,1849 1277,1849 1278,1848 1279,1848 1280,1847 1529,1847 1530,1848 1530,1851 1531,1852 1531,1856 1532,1857 1532,1860 1533,1861 1533,1865 1534,1866 1534,1869 1535,1870 1535,1874 1536,1875 1536,1898 1534,1900 1525,1900 1523,1898 1174,1898 1173,1897 1173,1896 1172,1895 1172,1874 1067,1874 1065,1876 1036,1876 1036,1895 1035,1896 1035,1897 1034,1898 981,1898 980,1897 980,1896 979,1895 979,1876 977,1876 975,1874 903,1874 902,1875 901,1875 900,1876 896,1876 896,1878 894,1880 889,1880 887,1882 887,1891 885,1893 883,1891 883,1876 881,1876 880,1875 879,1875 878,1874 810,1874 808,1876 808,1880 806,1882 802,1882 802,1885 800,1887 800,1891 799,1892 798,1892 797,1893 751,1893 751,1895 750,1896 750,1897 749,1898 729,1898 727,1900 587,1900 587,1922 591,1922 593,1924 593,1952 592,1953 592,1954 591,1955 587,1955 587,1977 677,1977 677,1955 678,1954 678,1953 679,1952 1483,1952 1484,1953 1483,1954 1482,1954 1475,1961 1474,1961 1468,1967 1467,1967 1460,1974 1459,1974 1452,1981 1451,1981 1445,1987 1444,1987 1437,1994 1436,1994 1429,2001 1428,2001 1426,2003 1207,2003 1207,2005 1205,2007 1157,2007 1155,2005 1155,1985 1152,1985 1150,1983 1025,1983 1025,1988 1023,1990 1023,2012 1027,2016 1052,2016 1054,2018 1054,2029 1052,2031 1049,2031 1048,2032 1048,2033 1047,2034 1043,2034 1042,2033 1042,2032 1041,2031 1041,2027 1017,2027 1016,2026 1015,2026 1014,2025 1014,2012 1010,2012 1008,2010 1008,2009 1006,2007 999,2007 997,2005 997,2003 960,2003 959,2002 958,2002 957,2001 957,1985 953,1985 951,1983 887,1983 885,1985 817,1985 817,2001 815,2003 813,2001 813,1985 795,1985 793,1983 723,1983 721,1985 718,1985 718,1988 716,1990 716,2001 714,2003 661,2003 661,2005 659,2007 583,2007 583,2031 585,2031 586,2032 586,2033 587,2034 587,2055 586,2056 586,2057 585,2058 583,2058 582,2059 581,2059 580,2060 578,2060 578,2084 580,2084 581,2085 582,2085 583,2086 648,2086 650,2084 670,2084 670,2064 672,2062 736,2062 738,2060 821,2060 822,2061 823,2061 824,2062 892,2062 894,2060 922,2060 924,2062 1001,2062 1003,2060 1006,2060 1006,2058 1007,2057 1007,2056 1008,2055 1109,2055 1110,2056 1110,2057 1111,2058 1111,2060 1435,2060 1435,2058 1436,2057 1436,2056 1437,2055 1440,2058 1440,2071 1461,2071 1466,2076 1467,2076 1472,2081 1473,2081 1478,2086 1479,2086 1484,2091 1485,2091 1490,2096 1491,2096 1497,2102 1498,2102 1501,2105 1500,2106 1453,2106 1451,2108 1297,2108 1295,2106 1229,2106 1227,2108 1100,2108 1098,2106 1025,2106 1023,2108 995,2108 994,2107 993,2107 992,2106 992,2088 909,2088 909,2110 907,2112 793,2112 791,2110 791,2095 786,2095 784,2093 716,2093 714,2095 710,2095 710,2106 709,2107 708,2107 707,2108 675,2108 675,2110 674,2111 673,2111 672,2112 583,2112 580,2115 578,2115 578,2134 591,2134 592,2135 592,2136 593,2137 593,2141 591,2143 587,2143 587,2145 586,2146 586,2147 585,2148 583,2148 583,2169 835,2169 835,2167 837,2165 1190,2165 1192,2163 1214,2163 1216,2165 1499,2165 1501,2167 1501,2171 1499,2173 1499,2174 1496,2177 1496,2178 1493,2181 1493,2182 1490,2185 1490,2186 1487,2189 1487,2190 1485,2192 1485,2193 1482,2196 1442,2196 1440,2194 1440,2185 1374,2185 1374,2202 1429,2202 1430,2203 1430,2204 1431,2205 1431,2213 1429,2215 1400,2215 1399,2216 1399,2217 1398,2218 1397,2217 1397,2216 1396,2215 1396,2209 1330,2209 1330,2213 1328,2215 1231,2215 1229,2213 1229,2196 1124,2196 1124,2209 1122,2211 1082,2211 1082,2213 1080,2215 1010,2215 1008,2213 1008,2211 940,2211 940,2213 938,2215 885,2215 883,2213 883,2211 810,2211 810,2213 808,2215 718,2215 717,2216 717,2217 716,2218 712,2218 710,2220 709,2220 707,2222 703,2222 701,2220 701,2202 699,2200 699,2198 615,2198 615,2200 613,2202 604,2202 603,2203 603,2204 602,2205 600,2205 600,2207 598,2209 596,2209 596,2226 593,2229 593,2233 591,2235 587,2235 587,2266 591,2266 593,2268 593,2272 598,2272 599,2273 599,2274 600,2275 683,2275 686,2272 955,2272 956,2273 956,2274 957,2275 957,2290 958,2291 959,2291 960,2292 966,2292 968,2294 968,2297 1043,2297 1043,2294 1045,2292 1054,2292 1056,2290 1063,2290 1063,2283 1065,2281 1065,2275 1066,2274 1066,2273 1067,2272 1372,2272 1373,2273 1373,2274 1374,2275 1374,2292 1395,2292 1396,2293 1378,2311 1378,2312 1371,2319 1339,2319 1337,2321 1242,2321 1242,2323 1240,2325 1231,2325 1229,2323 1229,2321 1227,2321 1225,2319 1089,2319 1087,2321 1084,2321 1080,2325 1080,2327 1078,2329 1076,2327 1076,2323 1074,2321 1034,2321 1032,2319 946,2319 944,2321 887,2321 885,2319 810,2319 810,2323 808,2325 806,2323 806,2321 802,2321 800,2319 729,2319 727,2321 644,2321 644,2323 642,2325 600,2325 600,2327 598,2329 593,2329 593,2334 591,2336 587,2336 587,2375 593,2375 596,2378 607,2378 609,2380 609,2402 699,2402 701,2400 701,2380 703,2378 804,2378 805,2377 805,2376 806,2375 806,2373 808,2371 810,2373 810,2375 815,2375 816,2376 816,2377 817,2378 951,2378 952,2377 952,2376 953,2375 1076,2375 1076,2373 1078,2371 1080,2371 1082,2373 1082,2375 1249,2375 1250,2376 1250,2377 1251,2378 1338,2378 1339,2379 1339,2382 1338,2383 1338,2385 1337,2386 1337,2389 1336,2390 1336,2392 1335,2393 1335,2396 1334,2397 1334,2399 1333,2400 1333,2403 1332,2404 1332,2407 1331,2408 1331,2410 1330,2411 1330,2414 1329,2415 1329,2417 1328,2418 1328,2421 1327,2422 1327,2424 1326,2425 1326,2428 1325,2429 1325,2432 1324,2433 1324,2435 1323,2436 1323,2438 1322,2439 1321,2439 1321,2446 1320,2447 1320,2449 1321,2450 1321,2454 1320,2455 1320,2456 1319,2457 1284,2457 1283,2456 1283,2455 1282,2454 1282,2428 1271,2428 1269,2426 1268,2426 1266,2424 1194,2424 1194,2426 1192,2428 1187,2428 1185,2426 1185,2404 1183,2404 1181,2402 1111,2402 1109,2404 1054,2404 1054,2406 1052,2408 1045,2408 1045,2422 1043,2424 1010,2424 1010,2426 1008,2428 995,2428 994,2427 993,2427 992,2426 992,2424 927,2424 925,2426 924,2426 922,2428 881,2428 880,2427 879,2427 878,2426 878,2424 806,2424 804,2422 804,2404 729,2404 729,2408 728,2409 728,2410 727,2411 723,2411 723,2413 721,2415 718,2415 718,2422 716,2424 716,2426 714,2428 644,2428 644,2430 642,2432 600,2432 599,2433 599,2434 598,2435 593,2435 593,2439 591,2441 587,2441 587,2443 586,2444 586,2445 585,2446 583,2446 583,2468 585,2468 587,2470 587,2481 591,2481 593,2483 593,2485 598,2485 600,2487 602,2487 604,2489 604,2505 607,2505 609,2507 699,2507 701,2505 701,2487 703,2485 793,2485 793,2483 795,2481 806,2481 808,2483 808,2485 929,2485 929,2483 931,2481 1001,2481 1003,2483 1004,2483 1006,2485 1109,2485 1111,2487 1111,2507 1185,2507 1185,2505 1187,2503 1190,2503 1190,2487 1192,2485 1249,2485 1251,2487 1251,2496 1326,2496 1326,2494 1328,2492 1330,2492 1330,2489 1332,2487 1339,2487 1341,2485 1380,2485 1381,2486 1382,2486 1384,2488 1385,2488 1386,2489 1387,2489 1389,2491 1390,2491 1391,2492 1392,2492 1394,2494 1395,2494 1396,2495 1397,2495 1399,2497 1400,2497 1401,2498 1402,2498 1404,2500 1405,2500 1406,2501 1407,2501 1409,2503 1410,2503 1412,2505 1413,2505 1414,2506 1415,2506 1417,2508 1418,2508 1419,2509 1420,2509 1422,2511 1423,2511 1424,2512 1425,2512 1427,2514 1428,2514 1429,2515 1430,2515 1432,2517 1433,2517 1434,2518 1435,2518 1437,2520 1438,2520 1439,2521 1440,2521 1442,2523 1443,2523 1444,2524 1445,2524 1447,2526 1448,2526 1449,2527 1450,2527 1452,2529 1453,2529 1454,2530 1453,2531 1448,2531 1448,2533 1446,2535 1444,2535 1444,2546 1443,2547 1443,2548 1442,2549 1437,2549 1436,2548 1436,2547 1435,2546 1435,2535 1433,2535 1431,2533 1431,2531 1310,2531 1308,2529 1308,2527 1238,2527 1238,2529 1236,2531 1234,2531 1234,2533 1233,2534 1232,2534 1231,2535 1229,2533 1229,2531 1192,2531 1190,2529 1190,2514 1187,2514 1186,2513 1186,2512 1185,2511 1102,2511 1102,2531 1104,2533 1102,2535 1089,2535 1088,2536 1088,2537 1087,2538 1080,2538 1080,2542 1078,2544 1076,2542 1076,2535 1069,2535 1065,2531 997,2531 997,2533 995,2535 964,2535 962,2533 962,2514 953,2514 952,2513 952,2512 951,2511 887,2511 886,2512 886,2513 885,2514 881,2514 881,2529 880,2530 879,2530 878,2531 810,2531 810,2533 808,2535 718,2535 716,2533 718,2531 718,2514 637,2514 637,2533 635,2535 604,2535 603,2536 603,2537 602,2538 596,2538 595,2539 594,2539 593,2540 587,2540 587,2546 586,2547 586,2548 585,2549 583,2549 583,2579 585,2579 586,2580 586,2581 587,2582 587,2584 591,2584 593,2586 593,2588 594,2589 595,2589 596,2590 1080,2590 1082,2588 1091,2588 1093,2590 1163,2590 1164,2589 1165,2589 1166,2588 1231,2588 1233,2586 1234,2586 1236,2584 1238,2586 1238,2588 1440,2588 1440,2586 1442,2584 1446,2584 1448,2586 1448,2588 1491,2588 1492,2589 1492,2592 1493,2593 1493,2596 1494,2597 1494,2600 1495,2601 1495,2605 1496,2606 1496,2609 1497,2610 1497,2613 1498,2614 1498,2618 1499,2619 1499,2622 1500,2623 1500,2627 1501,2628 1501,2631 1502,2632 1502,2635 1501,2636 1409,2636 1409,2639 1407,2641 1400,2641 1400,2645 1398,2647 1396,2647 1396,2649 1395,2650 1395,2651 1394,2652 1391,2652 1391,2676 1394,2676 1396,2678 1396,2682 1398,2682 1399,2683 1399,2684 1400,2685 1400,2687 1402,2687 1404,2689 1404,2691 1407,2691 1409,2693 1464,2693 1465,2694 1465,2695 1466,2696 1466,2698 1486,2698 1487,2699 1484,2702 1484,2703 1481,2706 1481,2707 1478,2710 1478,2711 1474,2715 1474,2716 1471,2719 1471,2720 1468,2723 1468,2724 1465,2727 1465,2728 1462,2731 1462,2732 1459,2735 1459,2736 1455,2740 1455,2741 1452,2744 1448,2744 1446,2746 1442,2746 1440,2744 1415,2744 1411,2740 1411,2739 1404,2732 1404,2731 1400,2727 1400,2722 1398,2722 1396,2720 1394,2720 1391,2717 1391,2716 1384,2709 1384,2708 1377,2701 1377,2700 1371,2694 1372,2693 1374,2693 1376,2691 1378,2691 1378,2671 1380,2669 1383,2669 1385,2667 1387,2667 1387,2647 1385,2647 1383,2645 1383,2643 1380,2643 1378,2641 1376,2641 1374,2639 1374,2636 1328,2636 1326,2634 1326,2617 1242,2617 1242,2634 1244,2634 1245,2635 1246,2635 1247,2636 1247,2653 1246,2654 1235,2654 1234,2653 1234,2643 1231,2643 1229,2641 1227,2641 1225,2639 1225,2636 1227,2634 1229,2634 1229,2612 1159,2612 1159,2614 1158,2615 1158,2616 1157,2617 1155,2617 1154,2618 1153,2618 1152,2619 1150,2619 1150,2625 1149,2626 1149,2627 1148,2628 1146,2628 1146,2639 1144,2641 1095,2641 1093,2639 1093,2636 981,2636 979,2634 979,2612 896,2612 896,2634 898,2636 898,2637 900,2639 898,2641 857,2641 856,2642 855,2642 854,2643 852,2643 852,2645 850,2647 846,2647 846,2649 843,2652 843,2659 842,2660 827,2660 826,2659 826,2641 821,2641 819,2639 819,2636 745,2636 745,2639 743,2641 593,2641 591,2643 587,2643 587,2665 585,2667 583,2667 583,2689 587,2693 587,2698 828,2698 828,2696 829,2695 829,2694 830,2693 835,2693 835,2667 828,2667 826,2665 826,2663 827,2662 842,2662 843,2663 843,2682 846,2685 846,2689 848,2691 850,2691 852,2693 854,2693 857,2696 857,2698 865,2698 867,2700 940,2700 942,2698 975,2698 975,2696 976,2695 976,2694 977,2693 1001,2693 1002,2694 1002,2695 1003,2696 1003,2698 1076,2698 1076,2696 1077,2695 1077,2694 1078,2693 1220,2693 1221,2692 1222,2692 1223,2691 1229,2691 1229,2671 1231,2669 1234,2669 1234,2657 1235,2656 1246,2656 1247,2657 1247,2665 1246,2666 1245,2666 1244,2667 1242,2667 1242,2693 1367,2693 1373,2699 1373,2700 1379,2706 1379,2707 1386,2714 1386,2715 1390,2719 1389,2720 1308,2720 1308,2742 1306,2744 1258,2744 1257,2743 1256,2743 1255,2742 1255,2720 1181,2720 1181,2724 1179,2726 1177,2726 1177,2731 1176,2732 1175,2732 1174,2733 1172,2733 1172,2735 1170,2737 1168,2737 1168,2742 1166,2744 1152,2744 1150,2742 1150,2722 1076,2722 1076,2742 1074,2744 1001,2744 999,2746 981,2746 979,2744 938,2744 937,2743 936,2743 935,2742 935,2731 859,2731 859,2737 857,2739 832,2739 832,2742 828,2746 795,2746 793,2744 793,2726 789,2722 723,2722 723,2724 721,2726 718,2726 718,2742 716,2744 679,2744 677,2746 593,2746 593,2748 591,2750 587,2750 587,2752 586,2753 586,2754 585,2755 583,2755 583,2777 582,2778 581,2778 580,2779 578,2779 578,2807 657,2807 657,2805 659,2803 826,2803 828,2801 841,2801 843,2803 914,2803 916,2801 973,2801 975,2803 975,2825 1063,2825 1063,2823 1064,2822 1064,2821 1065,2820 1065,2803 1067,2801 1117,2801 1118,2802 1119,2802 1120,2803 1190,2803 1192,2801 1218,2801 1220,2803 1227,2803 1229,2805 1229,2807 1295,2807 1295,2805 1297,2803 1299,2803 1301,2801 1358,2801 1359,2802 1360,2802 1361,2803 1440,2803 1442,2801 1446,2801 1448,2803 1670,2803 1672,2805 1672,2807 1751,2807 1751,2805 1753,2803 1915,2803 1917,2805 1917,2814 1933,2814 1935,2816 1935,2825 1937,2825 1938,2826 2041,2826 2042,2825 2053,2825 2053,2823 2054,2822 2054,2821 2055,2820 2058,2820 2058,2809 2060,2807 2088,2807 2088,2805 2089,2804 2090,2804 2091,2803 2104,2803 2106,2805 2106,2807 2130,2807 2132,2809 2132,2814 2224,2814 2224,2812 2225,2811 2225,2810 2226,2809 2235,2809 2237,2807 2237,2805 2238,2804 2239,2804 2240,2803 2242,2803 2244,2801 2248,2801 2248,2755 2244,2755 2243,2754 2243,2753 2242,2752 2242,2750 2231,2750 2229,2748 2229,2746 2226,2746 2224,2744 2187,2744 2185,2742 2185,2726 2183,2726 2182,2725 2181,2725 2180,2724 2180,2722 2102,2722 2102,2724 2101,2725 2100,2725 2099,2726 2095,2726 2095,2744 2093,2746 1692,2746 1691,2745 1690,2745 1689,2744 1689,2722 1683,2722 1681,2720 1602,2720 1600,2722 1597,2722 1597,2737 1595,2739 1545,2739 1545,2742 1543,2744 1457,2744 1456,2743 1459,2740 1459,2739 1462,2736 1462,2735 1465,2732 1465,2731 1468,2728 1468,2727 1472,2723 1472,2722 1475,2719 1475,2718 1478,2715 1478,2714 1481,2711 1481,2710 1484,2707 1484,2706 1487,2703 1487,2702 1491,2698 1536,2698 1536,2696 1537,2695 1537,2694 1538,2693 1672,2693 1674,2691 1676,2691 1676,2670 1677,2669 1688,2669 1689,2670 1689,2687 1692,2687 1694,2689 1694,2691 1696,2691 1698,2693 1705,2693 1706,2694 1706,2695 1707,2696 1707,2698 1838,2698 1838,2696 1841,2693 1849,2693 1852,2696 1852,2698 2143,2698 2145,2700 2145,2711 2150,2711 2152,2713 2220,2713 2222,2711 2229,2711 2229,2709 2230,2708 2230,2707 2231,2706 2235,2706 2237,2704 2242,2704 2242,2702 2244,2700 2248,2700 2248,2671 2237,2671 2235,2669 2235,2667 2183,2667 2182,2666 2181,2666 2180,2665 2180,2660 2181,2659 2182,2659 2183,2658 2248,2658 2248,2636 2176,2636 2176,2639 2174,2641 1946,2641 1944,2639 1944,2623 1942,2623 1941,2622 1940,2622 1939,2621 1939,2619 1856,2619 1856,2621 1854,2623 1852,2623 1852,2641 1851,2642 1850,2642 1849,2643 1847,2641 1806,2641 1805,2640 1804,2640 1803,2639 1803,2619 1801,2619 1799,2617 1716,2617 1716,2639 1714,2641 1698,2641 1696,2643 1694,2643 1694,2649 1693,2650 1693,2651 1692,2652 1689,2652 1689,2666 1688,2667 1674,2667 1672,2665 1674,2663 1681,2663 1681,2660 1683,2658 1685,2658 1685,2641 1683,2641 1681,2639 1681,2636 1505,2636 1504,2635 1504,2632 1503,2631 1503,2628 1502,2627 1502,2623 1501,2622 1501,2619 1500,2618 1500,2615 1499,2614 1499,2610 1498,2609 1498,2606 1497,2605 1497,2602 1496,2601 1496,2597 1495,2596 1495,2593 1494,2592 1494,2589 1495,2588 1676,2588 1676,2586 1678,2584 1683,2584 1685,2586 1685,2588 1801,2588 1803,2590 1869,2590 1871,2588 1889,2588 1891,2590 1889,2592 1887,2592 1887,2610 1979,2610 1979,2592 1981,2590 2095,2590 2097,2592 2097,2595 2224,2595 2229,2590 2235,2590 2237,2588 2242,2588 2242,2566 2244,2564 2246,2564 2248,2562 2248,2542 2246,2540 2244,2540 2242,2538 2237,2538 2236,2537 2236,2536 2235,2535 2222,2535 2220,2533 2220,2531 2183,2531 2182,2530 2181,2530 2180,2529 2180,2514 2106,2514 2106,2518 2104,2520 2102,2520 2102,2529 2101,2530 2100,2530 2099,2531 2053,2531 2053,2533 2051,2535 2038,2535 2036,2533 2036,2531 1970,2531 1970,2533 1968,2535 1946,2535 1944,2533 1946,2531 1966,2531 1966,2511 1963,2511 1961,2509 1961,2507 1882,2507 1882,2509 1880,2511 1874,2511 1871,2514 1869,2514 1869,2525 1867,2527 1865,2527 1865,2529 1863,2531 1757,2531 1755,2529 1755,2527 1681,2527 1681,2533 1680,2534 1679,2534 1678,2535 1676,2533 1676,2531 1529,2531 1527,2529 1527,2527 1457,2527 1456,2528 1455,2528 1453,2526 1452,2526 1451,2525 1450,2525 1448,2523 1447,2523 1446,2522 1445,2522 1443,2520 1442,2520 1441,2519 1440,2519 1438,2517 1437,2517 1436,2516 1435,2516 1433,2514 1432,2514 1430,2512 1429,2512 1428,2511 1427,2511 1425,2509 1424,2509 1423,2508 1422,2508 1420,2506 1419,2506 1418,2505 1417,2505 1415,2503 1414,2503 1413,2502 1412,2502 1410,2500 1409,2500 1408,2499 1407,2499 1405,2497 1404,2497 1403,2496 1402,2496 1400,2494 1399,2494 1398,2493 1397,2493 1395,2491 1394,2491 1392,2489 1391,2489 1390,2488 1389,2488 1387,2486 1388,2485 1492,2485 1492,2483 1494,2481 1510,2481 1510,2461 1508,2459 1503,2459 1501,2457 1502,2456 1502,2455 1503,2454 1516,2454 1517,2455 1517,2456 1518,2457 1516,2459 1514,2459 1514,2481 1578,2481 1580,2483 1580,2485 1650,2485 1650,2483 1652,2481 1801,2481 1803,2483 1803,2485 1878,2485 1878,2483 1880,2481 1972,2481 1974,2483 1974,2485 2194,2485 2194,2483 2196,2481 2198,2481 2198,2476 2200,2474 2237,2474 2238,2473 2239,2473 2240,2472 2242,2472 2242,2470 2244,2468 2248,2468 2248,2446 2196,2446 2195,2445 2195,2444 2194,2443 2194,2428 2086,2428 2084,2426 2084,2411 2060,2411 2059,2410 2059,2409 2058,2408 2047,2408 2045,2406 2045,2404 1979,2404 1979,2406 1977,2408 1974,2408 1974,2426 1972,2428 1970,2426 1970,2424 1795,2424 1795,2426 1794,2427 1793,2427 1792,2428 1731,2428 1729,2426 1729,2424 1643,2424 1641,2422 1641,2411 1639,2411 1638,2410 1638,2409 1637,2408 1637,2404 1613,2404 1611,2402 1545,2402 1543,2404 1532,2404 1532,2406 1531,2407 1530,2407 1529,2408 1527,2408 1526,2409 1526,2410 1525,2411 1523,2411 1523,2415 1521,2417 1518,2417 1518,2422 1516,2424 1448,2424 1448,2426 1446,2428 1334,2428 1334,2430 1332,2432 1330,2432 1329,2433 1329,2434 1328,2435 1327,2435 1326,2434 1326,2432 1327,2431 1327,2429 1328,2428 1328,2425 1329,2424 1329,2422 1330,2421 1330,2418 1331,2417 1331,2414 1332,2413 1332,2411 1333,2410 1333,2407 1334,2406 1334,2404 1335,2403 1335,2400 1336,2399 1336,2397 1337,2396 1337,2393 1338,2392 1338,2390 1339,2389 1339,2386 1340,2385 1340,2382 1341,2381 1341,2379 1342,2378 1501,2378 1502,2377 1502,2376 1503,2375 1505,2375 1505,2373 1506,2372 1507,2372 1508,2371 1512,2371 1514,2373 1514,2375 1525,2375 1526,2376 1526,2377 1527,2378 1703,2378 1704,2377 1704,2376 1705,2375 1727,2375 1728,2376 1728,2377 1729,2378 1874,2378 1875,2377 1875,2376 1876,2375 1985,2375 1988,2378 2198,2378 2199,2377 2199,2376 2200,2375 2202,2375 2202,2367 2203,2366 2204,2366 2205,2365 2237,2365 2242,2360 2251,2360 2251,2338 2250,2337 2249,2337 2248,2336 2196,2336 2194,2334 2194,2325 2192,2323 2191,2323 2189,2321 1950,2321 1946,2325 1944,2323 1944,2321 1937,2321 1935,2319 1865,2319 1863,2321 1832,2321 1830,2319 1830,2305 1828,2305 1827,2304 1826,2304 1825,2303 1825,2301 1823,2301 1821,2299 1738,2299 1737,2300 1736,2300 1735,2301 1733,2301 1733,2303 1731,2305 1729,2305 1728,2306 1728,2307 1727,2308 1725,2308 1725,2316 1722,2319 1681,2319 1680,2320 1679,2320 1678,2321 1518,2321 1518,2323 1516,2325 1514,2325 1514,2327 1512,2329 1510,2327 1510,2325 1503,2325 1501,2323 1501,2321 1451,2321 1450,2320 1449,2320 1448,2319 1376,2319 1375,2318 1395,2298 1395,2297 1400,2292 1457,2292 1457,2275 1458,2274 1458,2273 1459,2272 1595,2272 1596,2273 1596,2274 1597,2275 1597,2286 1676,2286 1676,2281 1678,2279 1681,2279 1681,2277 1683,2275 1685,2275 1686,2274 1686,2273 1687,2272 1942,2272 1943,2273 1943,2274 1944,2275 1944,2297 2018,2297 2018,2294 2020,2292 2023,2292 2025,2290 2027,2290 2027,2275 2028,2274 2028,2273 2029,2272 2086,2272 2087,2273 2087,2274 2088,2275 2235,2275 2236,2274 2236,2273 2237,2272 2242,2272 2242,2270 2244,2268 2248,2268 2248,2251 2251,2248 2251,2222 2244,2222 2242,2220 2242,2218 2237,2218 2236,2217 2236,2216 2235,2215 2165,2215 2163,2213 2163,2191 2152,2191 2150,2189 2150,2187 2084,2187 2084,2189 2082,2191 2075,2191 2075,2209 2077,2211 2078,2211 2080,2213 2079,2214 2078,2214 2077,2215 2007,2215 2005,2213 2005,2196 2003,2194 2003,2193 2001,2191 1926,2191 1926,2194 1924,2196 1917,2196 1915,2198 1913,2198 1913,2200 1911,2202 1909,2202 1909,2207 1908,2208 1907,2208 1906,2209 1904,2209 1904,2213 1902,2215 1885,2215 1884,2214 1883,2214 1882,2213 1882,2198 1880,2198 1878,2196 1808,2196 1806,2198 1803,2198 1803,2213 1801,2215 1760,2215 1757,2218 1678,2218 1677,2217 1677,2216 1676,2215 1595,2215 1593,2213 1593,2198 1591,2198 1589,2196 1518,2196 1516,2198 1514,2198 1514,2213 1512,2215 1510,2213 1510,2196 1487,2196 1486,2195 1488,2193 1488,2192 1491,2189 1491,2188 1494,2185 1494,2184 1497,2181 1497,2180 1501,2176 1556,2176 1558,2178 1558,2189 1628,2189 1630,2187 1632,2187 1632,2172 1635,2169 1742,2169 1742,2167 1744,2165 1771,2165 1773,2167 1773,2189 1904,2189 1904,2167 1906,2165 2047,2165 2049,2167 2049,2169 2115,2169 2115,2167 2117,2165 2161,2165 2163,2167 2163,2183 2235,2183 2235,2180 2237,2178 2242,2178 2244,2176 2248,2176 2248,2174 2249,2173 2250,2173 2251,2172 2251,2169 2255,2165 2256,2165 2256,2143 2253,2143 2251,2141 2251,2139 2194,2139 2193,2138 2192,2138 2191,2137 2191,2117 2189,2115 2187,2115 2186,2114 2186,2113 2185,2112 2183,2112 2182,2111 2181,2111 2180,2110 2180,2108 1983,2108 1983,2110 1981,2112 1972,2112 1970,2110 1970,2108 1882,2108 1882,2110 1880,2112 1810,2112 1808,2110 1808,2108 1775,2108 1773,2106 1773,2099 1775,2097 1781,2097 1781,2080 1716,2080 1716,2093 1714,2095 1698,2095 1698,2104 1696,2106 1668,2106 1667,2107 1666,2107 1665,2108 1635,2108 1634,2107 1633,2107 1632,2106 1632,2093 1626,2093 1624,2091 1624,2088 1558,2088 1558,2091 1556,2093 1554,2093 1554,2110 1553,2111 1552,2111 1551,2112 1529,2112 1527,2110 1527,2108 1525,2108 1523,2106 1506,2106 1502,2102 1501,2102 1496,2097 1495,2097 1490,2092 1489,2092 1484,2087 1483,2087 1478,2082 1477,2082 1472,2077 1471,2077 1466,2072 1467,2071 1510,2071 1510,2069 1511,2068 1511,2067 1512,2066 1518,2066 1518,2062 1519,2061 1520,2061 1521,2060 1676,2060 1676,2058 1677,2057 1677,2056 1678,2055 1681,2058 1681,2060 1784,2060 1786,2062 1786,2071 1860,2071 1860,2069 1863,2066 1865,2066 1865,2062 1867,2060 2194,2060 2194,2058 2195,2057 2195,2056 2196,2055 2198,2055 2198,2049 2200,2047 2248,2047 2248,2018 2246,2016 2200,2016 2198,2014 2198,2003 2196,2003 2194,2001 2194,1985 2193,1984 2192,1984 2191,1983 2119,1983 2117,1985 2115,1985 2115,2001 2114,2002 2113,2002 2112,2003 2082,2003 2080,2001 2080,1983 1996,1983 1996,2001 1994,2003 1981,2003 1979,2001 1979,1992 1977,1992 1976,1991 1975,1991 1974,1990 1972,1990 1970,1988 1970,1985 1946,1985 1944,1983 1869,1983 1869,2003 1871,2005 1869,2007 1869,2027 1871,2029 1872,2029 1874,2031 1874,2034 1873,2035 1872,2035 1871,2036 1867,2036 1865,2034 1863,2034 1860,2031 1819,2031 1817,2029 1817,2007 1814,2007 1812,2005 1812,2003 1753,2003 1751,2001 1681,2001 1680,2002 1679,2002 1678,2003 1676,2003 1676,2005 1674,2007 1672,2005 1672,2003 1639,2003 1637,2001 1637,1985 1635,1985 1634,1984 1633,1984 1632,1983 1523,1983 1523,2001 1521,2003 1518,2003 1518,2005 1516,2007 1510,2007 1508,2009 1505,2009 1504,2010 1504,2011 1503,2012 1501,2012 1501,2023 1499,2025 1497,2025 1497,2029 1496,2030 1495,2030 1494,2031 1464,2031 1463,2030 1462,2030 1461,2029 1461,2027 1462,2026 1463,2026 1464,2025 1466,2025 1466,2003 1432,2003 1431,2002 1434,1999 1435,1999 1442,1992 1443,1992 1450,1985 1451,1985 1457,1979 1458,1979 1465,1972 1466,1972 1473,1965 1474,1965 1480,1959 1481,1959 1488,1952 1514,1952 1516,1950 1518,1952 1643,1952 1646,1955 1646,1977 1716,1977 1717,1976 1717,1975 1718,1974 1733,1974 1733,1955 1734,1954 1734,1953 1735,1952 2045,1952 2047,1950 2077,1950 2078,1951 2079,1951 2080,1952 2194,1952 2196,1950 2202,1950 2202,1942 2205,1939 2248,1939 2248,1915 2246,1913 2244,1913 2242,1911 2209,1911 2207,1909 2207,1904 2200,1904 2198,1902 2198,1900 2200,1898 2224,1898 2225,1897 2225,1896 2226,1895 2229,1895 2229,1876 2226,1876 2224,1874 2222,1874 2221,1873 2221,1872 2220,1871 2220,1869 2141,1869 2141,1871 2140,1872 2140,1873 2139,1874 2132,1874 2130,1876 2130,1878 2128,1880 2123,1880 2123,1891 2121,1893 2053,1893 2053,1895 2052,1896 2052,1897 2051,1898 1959,1898 1958,1897 1958,1896 1957,1895 1957,1893 1937,1893 1935,1891 1935,1887 1933,1887 1931,1885 1931,1880 1928,1880 1926,1878 1926,1876 1856,1876 1856,1878 1854,1880 1852,1880 1852,1885 1851,1886 1850,1886 1849,1887 1847,1887 1847,1895 1846,1896 1846,1897 1845,1898 1617,1898 1616,1897 1616,1896 1615,1895 1615,1876 1539,1876 1537,1874 1537,1870 1536,1869 1536,1866 1535,1865 1535,1861 1534,1860 1534,1857 1533,1856 1533,1853 1532,1852 1532,1848 1533,1847 1648,1847 1650,1849 1716,1849 1718,1847 1766,1847 1768,1849 1838,1849 1839,1848 1840,1848 1841,1847 1847,1847 1847,1845 1849,1843 1850,1844 1851,1844 1852,1845 1852,1847 2001,1847 2001,1845 2003,1843 2005,1843 2007,1841 2009,1843 2012,1843 2014,1845 2014,1847 2198,1847 2198,1838 2200,1836 2248,1836 2248,1832 2249,1831 2250,1831 2251,1830 2251,1808 2250,1807 2249,1807 2248,1806 2248,1803 2194,1803 2193,1802 2192,1802 2191,1801 2191,1795 2185,1795 2180,1790 2014,1790 2014,1792 2013,1793 2013,1794 2012,1795 2009,1795 2005,1799 2005,1801 2003,1803 2001,1801 2001,1797 1998,1797 1996,1795 1996,1790 1959,1790 1957,1788 1957,1779 1955,1779 1954,1778 1953,1778 1952,1777 1928,1777 1926,1775 1926,1771 1852,1771 1852,1799 1851,1800 1850,1800 1849,1801 1847,1799 1847,1795 1841,1795 1838,1792 1838,1790 1819,1790 1817,1788 1817,1771 1814,1771 1813,1770 1813,1769 1812,1768 1814,1766 1847,1766 1847,1764 1849,1762 1852,1762 1852,1744 1854,1742 2045,1742 2045,1740 2047,1738 2080,1738 2080,1735 2082,1733 2084,1735 2084,1738 2086,1738 2088,1740 2088,1742 2156,1742 2158,1744 2224,1744 2226,1742 2237,1742 2237,1740 2238,1739 2239,1739 2240,1738 2242,1738 2242,1735 2244,1733 2248,1733 2248,1720 2249,1719 2250,1719 2251,1718 2251,1694 2250,1693 2249,1693 2248,1692 2244,1692 2243,1691 2243,1690 2242,1689 2242,1687 2240,1687 2239,1686 2238,1686 2237,1685 2237,1683 2231,1683 2229,1681 2196,1681 2195,1680 2195,1679 2194,1678 2194,1663 2102,1663 2102,1681 2101,1682 2100,1682 2099,1683 2097,1683 2097,1685 2095,1687 2091,1687 2090,1686 2089,1686 2088,1685 2088,1683 2086,1683 2084,1681 2047,1681 2046,1680 2046,1679 2045,1678 2045,1668 2042,1668 2041,1667 2041,1666 2040,1665 2040,1663 2034,1663 2033,1662 2032,1662 2031,1661 2031,1659 1966,1659 1966,1661 1965,1662 1964,1662 1963,1663 1913,1663 1913,1665 1912,1666 1912,1667 1911,1668 1909,1668 1909,1681 1908,1682 1907,1682 1906,1683 1904,1681 1904,1663 1825,1663 1825,1685 1823,1687 1766,1687 1764,1685 1764,1683 1722,1683 1720,1681 1720,1663 1641,1663 1641,1668 1639,1670 1632,1670 1632,1685 1630,1687 1628,1685 1628,1683 1549,1683 1549,1685 1547,1687 1496,1687 1495,1686 1495,1684 1494,1683 1494,1679 1493,1678 1493,1675 1492,1674 1492,1670 1491,1669 1491,1666 1490,1665 1490,1662 1489,1661 1489,1657 1488,1656 1488,1653 1487,1652 1487,1648 1486,1647 1486,1644 1485,1643 1485,1639 1484,1638 1484,1636 1485,1635 1753,1635 1755,1637 1755,1646 1830,1646 1830,1643 1832,1641 1834,1641 1836,1639 1838,1639 1838,1637 1839,1636 1840,1636 1841,1635 1948,1635 1948,1632 1950,1630 2012,1630 2014,1632 2014,1635 2084,1635 2084,1632 2086,1630 2093,1630 2093,1626 2095,1624 2097,1624 2097,1600 2095,1600 2094,1599 2094,1598 2093,1597 2093,1582 2091,1582 2090,1581 2089,1581 2088,1580 2088,1578 2051,1578 2050,1577 2050,1576 2049,1575 2049,1558 1979,1558 1977,1560 1974,1560 1974,1575 1973,1576 1973,1577 1972,1578 1926,1578 1926,1580 1924,1582 1762,1582 1760,1580 1760,1578 1652,1578 1651,1577 1651,1576 1650,1575 1650,1558 1527,1558 1525,1560 1523,1560 1523,1562 1521,1564 1520,1563 1519,1563 1518,1562 1518,1558 1467,1558 1466,1557 1466,1555 1465,1554 1465,1551 1464,1550 1464,1546 1463,1545 1463,1542 1462,1541 1462,1537 1461,1536 1461,1533 1460,1532 1460,1529 1459,1528 1460,1527 2077,1527 2078,1528 2079,1528 2080,1529 2080,1532 2144,1532 2146,1534 2146,1535 2147,1536 2147,1537 2148,1538 2148,1539 2150,1541 2150,1542 2151,1543 2151,1544 2152,1545 2152,1546 2154,1548 2154,1549 2155,1550 2155,1551 2156,1552 2156,1553 2155,1554 2106,1554 2106,1578 2110,1582 2110,1615 2112,1615 2113,1616 2114,1616 2115,1617 2115,1630 2114,1631 2113,1631 2112,1632 2110,1632 2110,1654 2185,1654 2187,1652 2189,1652 2191,1650 2191,1637 2192,1636 2193,1636 2194,1635 2242,1635 2242,1632 2244,1630 2248,1630 2248,1613 2249,1612 2250,1612 2251,1611 2256,1611 2256,1589 2253,1589 2252,1588 2252,1587 2251,1586 2251,1582 2244,1582 2242,1580 2242,1578 2187,1578 2186,1577 2186,1576 2185,1575 2185,1554 2159,1554 2158,1553 2158,1552 2156,1550 2156,1549 2155,1548 2155,1547 2154,1546 2154,1545 2152,1543 2152,1542 2151,1541 2151,1540 2150,1539 2150,1538 2148,1536 2148,1535 2147,1534 2147,1533 2146,1532 2146,1531 2150,1527 2202,1527 2202,1521 2205,1518 2251,1518 2251,1488 2250,1487 2249,1487 2248,1486 2205,1486 2202,1483 2202,1472 2200,1472 2198,1470 2198,1455 2196,1455 2194,1453 2194,1451 2123,1451 2123,1453 2121,1455 2119,1455 2119,1470 2117,1472 2112,1472 2111,1471 2111,1470 2109,1468 2109,1467 2108,1466 2108,1465 2107,1464 2107,1463 2105,1461 2105,1460 2104,1459 2104,1458 2103,1457 2103,1456 2101,1454 2101,1453 2100,1452 2100,1451 2099,1450 2099,1449 2097,1447 2097,1446 2096,1445 2096,1444 2095,1443 2095,1442 2093,1440 2093,1439 2092,1438 2092,1437 2091,1436 2091,1435 2089,1433 2089,1432 2088,1431 2088,1430 2087,1429 2087,1428 2085,1426 2085,1425 2084,1424 2084,1423 2085,1422 2251,1422 2251,1394 2248,1391 2248,1376 2244,1376 2242,1374 2242,1369 2240,1369 2239,1368 2238,1368 2237,1367 2237,1365 2073,1365 2069,1369 2053,1369 2052,1368 2052,1367 2050,1365 2050,1364 2049,1363 2049,1362 2048,1361 2048,1360 2046,1358 2046,1357 2045,1356 2045,1355 2044,1354 2044,1353 2042,1351 2042,1350 2041,1349 2041,1348 2040,1347 2040,1346 2038,1344 2038,1343 2037,1342 2038,1341 2066,1341 2066,1339 2067,1338 2068,1338 2069,1337 2071,1337 2071,1334 2073,1332 2075,1332 2075,1321 2077,1319 2213,1319 2215,1317 2215,1308 2216,1307 2217,1307 2218,1306 2246,1306 2251,1301 2251,1280 2248,1277 2244,1277 2242,1275 2242,1273 2218,1273 2217,1272 2216,1272 2215,1271 2209,1271 2207,1269 2207,1262 2108,1262 2106,1260 2106,1253 2104,1253 2102,1251 2102,1249 2099,1249 2097,1247 2077,1247 2076,1246 2076,1245 2075,1244 2075,1242 2073,1242 2071,1240 2071,1238 2005,1238 2005,1240 2003,1242 2001,1242 2001,1264 2000,1265 1998,1263 1998,1260 1997,1259 1997,1256 1996,1255 1996,1252 1995,1251 1995,1248 1994,1247 1994,1244 1993,1243 1993,1240 1992,1239 1992,1236 1991,1235 1991,1232 1990,1231 1990,1228 1989,1227 1989,1224 1988,1223 1988,1220 1987,1219 1987,1216 1986,1215 1987,1214 2049,1214 2049,1212 2050,1211 2050,1210 2051,1209 2053,1209 2053,1207 2055,1205 2058,1205 2058,1192 2060,1190 2062,1192 2062,1198 2064,1198 2065,1199 2065,1200 2066,1201 2066,1214 2071,1214 2073,1216 2137,1216 2139,1214 2202,1214 2202,1212 2205,1209 2207,1209 2207,1201 2208,1200 2208,1199 2209,1198 2248,1198 2249,1197 2250,1197 2251,1196 2251,1174 2250,1173 2249,1173 2248,1172 2248,1170 2215,1170 2213,1168 2213,1163 2209,1163 2207,1161 2207,1133 2205,1133 2204,1132 2203,1132 2202,1131 2202,1128 2137,1128 2137,1131 2136,1132 2135,1132 2134,1133 2132,1133 2132,1137 2129,1140 2129,1141 2126,1144 2123,1144 2123,1148 2121,1150 2119,1150 2119,1155 2117,1157 2049,1157 2047,1159 2045,1157 2003,1157 2001,1155 2001,1135 1967,1135 1966,1134 1966,1131 1965,1130 1965,1127 1964,1126 1964,1122 1963,1121 1963,1118 1962,1117 1962,1114 1961,1113 1961,1109 1962,1108 1962,1107 1963,1106 2047,1106 2048,1107 2048,1108 2049,1109 2049,1113 2123,1113 2124,1112 2125,1112 2126,1111 2128,1111 2128,1109 2129,1108 2129,1107 2130,1106 2134,1106 2134,1104 2135,1103 2136,1103 2137,1102 2139,1102 2141,1104 2141,1106 2242,1106 2242,1104 2244,1102 2248,1102 2248,1058 2246,1056 2240,1056 2238,1054 2237,1054 2235,1052 2235,1049 2231,1049 2229,1047 2229,1041 2224,1036 2224,1032 2222,1032 2220,1030 2218,1030 2215,1027 2215,1025 2145,1025 2145,1027 2144,1028 2144,1029 2143,1030 2141,1030 2141,1047 2143,1047 2145,1049 2145,1052 2143,1054 2141,1054 2141,1071 2140,1072 2140,1073 2139,1074 2137,1074 2134,1071 2134,1054 2130,1054 2128,1052 2128,1049 1952,1049 1952,1052 1950,1054 1947,1054 1946,1053 1946,1049 1945,1048 1945,1045 1944,1044 1944,1041 1943,1040 1943,1037 1942,1036 1942,1033 1941,1032 1941,1029 1940,1028 1940,1025 1939,1024 1940,1023 2023,1023 2023,1006 2020,1006 2019,1005 2019,1004 2018,1003 2020,1001 2152,1001 2154,1003 2154,1010 2229,1010 2231,1008 2235,1008 2235,1006 2240,1001 2242,1001 2242,999 2244,997 2248,997 2248,975 2244,975 2242,973 2242,944 2240,944 2239,943 2238,943 2237,942 2237,940 2167,940 2167,942 2165,944 2009,944 2007,946 1946,946 1944,944 1944,922 1856,922 1856,944 1854,946 1641,946 1641,949 1639,951 1637,951 1637,955 1635,957 1632,957 1632,973 1631,974 1625,974 1624,973 1624,968 1617,968 1615,966 1615,953 1613,953 1611,951 1611,946 1521,946 1520,945 1519,945 1518,944 1518,922 1511,922 1510,921 1510,917 1511,916 1511,912 1512,911 1512,908 1513,907 1513,903 1514,902 1514,899 1515,898 1515,895 1516,894 1534,894 1536,896 1536,898 1611,898 1611,896 1613,894 1635,894 1637,896 1637,898 1703,898 1703,896 1705,894 1709,894 1711,896 1711,898 1781,898 1781,896 1782,895 1783,895 1784,894 2237,894 2237,872 2235,870 2235,865 2237,863 2238,863 2240,861 2242,861 2242,835 2145,835 2143,837 1819,837 1817,835 1817,826 1814,826 1812,824 1733,824 1733,835 1731,837 1698,837 1698,839 1696,841 1694,839 1694,830 1692,830 1691,829 1690,829 1689,828 1689,824 1687,824 1686,823 1686,822 1685,821 1685,817 1611,817 1611,843 1608,846 1607,845 1607,844 1606,843 1606,841 1604,841 1602,839 1602,837 1529,837 1528,836 1528,834 1529,833 1529,829 1530,828 1530,824 1531,823 1531,820 1532,819 1532,815 1533,814 1533,811 1534,810 1534,806 1535,805 1535,801 1536,800 1536,797 1537,796 1537,792 1538,791 1558,791 1560,789 1692,789 1694,791 1694,813 1777,813 1777,791 1779,789 2016,789 2018,791 2018,795 2097,795 2097,793 2099,791 2102,791 2102,786 2104,784 2108,784 2110,786 2110,789 2237,789 2237,786 2238,785 2239,785 2240,784 2242,784 2242,762 2240,762 2239,761 2238,761 2237,760 2237,756 2238,755 2239,755 2240,754 2242,754 2242,732 2215,732 2214,731 2214,730 2213,729 2213,718 2209,718 2207,716 2207,710 2115,710 2115,712 2114,713 2113,713 2112,714 2110,714 2110,718 2109,719 2109,720 2108,721 2106,721 2106,736 2104,738 2102,738 2102,743 2101,744 2100,744 2099,745 2097,745 2097,754 2095,756 2042,756 2040,754 2040,743 2038,743 2037,742 2037,741 2036,740 2036,734 2029,734 2027,732 1821,732 1819,734 1700,734 1698,732 1678,732 1677,731 1677,730 1676,729 1676,710 1674,710 1673,709 1673,708 1672,707 1602,707 1601,708 1601,709 1600,710 1589,710 1589,712 1588,713 1587,713 1586,714 1584,714 1584,716 1582,718 1580,718 1580,729 1579,730 1579,731 1578,732 1575,732 1573,734 1540,734 1539,733 1539,732 1527,720 1527,714 1525,714 1523,712 1523,710 1518,710 1515,707 1515,706 1516,705 1536,705 1536,701 1538,699 1540,699 1540,688 1541,687 1542,687 1543,686 1580,686 1580,683 1582,681 1604,681 1606,683 1606,686 1760,686 1760,683 1762,681 1871,681 1872,682 1873,682 1874,683 1874,686 1944,686 1944,683 1946,681 2207,681 2207,672 2209,670 2242,670 2242,666 2244,664 2248,664 2248,646 2244,646 2242,644 2242,635 2205,635 2204,634 2203,634 2202,633 2202,624 2196,624 2194,622 2130,622 2128,624 2001,624 2001,626 1998,629 1950,629 1949,628 1949,627 1948,626 1948,624 1928,624 1926,622 1926,604 1812,604 1811,605 1811,606 1810,607 1808,607 1808,609 1806,611 1803,611 1803,615 1802,616 1802,617 1801,618 1799,618 1799,626 1798,627 1798,628 1797,629 1731,629 1730,628 1730,627 1729,626 1729,607 1661,607 1660,606 1660,605 1659,604 1659,600 1584,600 1584,602 1582,604 1580,604 1579,605 1579,606 1578,607 1575,607 1575,609 1573,611 1571,611 1571,613 1569,615 1567,615 1567,626 1564,629 1538,629 1537,628 1537,627 1536,626 1536,604 1457,604 1457,626 1456,627 1456,628 1455,629 1445,629 1443,627 1443,626 1440,623 1440,622 1437,619 1437,618 1433,614 1433,613 1430,610 1430,609 1427,606 1427,605 1424,602 1424,601 1421,598 1421,597 1417,593 1417,592 1414,589 1414,588 1411,585 1411,584 1408,581 1408,580 1407,579 1408,578 1422,578 1424,576 1543,576 1545,578 1615,578 1617,576 1652,576 1654,578 1720,578 1722,576 1869,576 1869,574 1871,572 1874,572 1874,569 1876,567 1878,569 1878,572 1880,572 1882,574 1882,576 2031,576 2031,574 2032,573 2033,573 2034,572 2036,572 2036,563 2038,561 2040,563 2040,565 2042,565 2043,566 2044,566 2045,567 2045,572 2051,572 2053,574 2053,576 2156,576 2158,578 2229,578 2231,576 2235,576 2235,574 2237,572 2237,517 2235,515 2235,508 2231,508 2229,506 2229,504 2145,504 2145,515 2143,517 2062,517 2060,519 2049,519 2047,521 2045,521 2045,523 2042,526 2041,525 2041,524 2040,523 2040,521 2034,521 2033,520 2032,520 2031,519 1990,519 1988,517 1988,495 1891,495 1891,517 1889,519 1882,519 1880,521 1878,521 1878,523 1877,524 1877,525 1876,526 1871,526 1870,525 1870,524 1869,523 1869,521 1828,521 1827,520 1826,520 1825,519 1749,519 1748,518 1747,518 1746,517 1746,497 1663,497 1663,519 1661,521 1538,521 1536,519 1420,519 1418,517 1352,517 1350,519 1282,519 1280,521 1159,521 1159,523 1158,524 1158,525 1157,526 1156,525 1156,524 1155,523 1155,521 1148,521 1146,519 1144,519 1143,518 1142,518 1141,517 1071,517 1069,519 1008,519 1006,517 1003,517 1001,515 1001,512 931,512 931,515 929,517 922,517 922,519 920,521 909,521 907,519 907,504 906,503 906,502 905,501 903,501 902,500 901,500 900,499 900,497 887,497 885,495"/><TextEquiv><Unicode/></TextEquiv><TextLine id="r3_l001"><Coords points="610,504 2209,504 2209,593 610,593"/><TextEquiv index="1"><Unicode>tant &amp; tant que tu voudras de cet</Unicode></TextEquiv></TextLine><TextLine id="r3_l002"><Coords points="610,610 2218,610 2218,699 610,699"/><TextEquiv index="1"><Unicode>aimable chevalier: je ſuis aſſez con-</Unicode></TextEquiv></TextLine><TextLine id="r3_l003"><Coords points="615,717 2213,717 2213,806 615,806"/><TextEquiv index="1"><Unicode>tente du déſordre de ſa parure, &amp;</Unicode></TextEquiv></TextLine><TextLine id="r3_l004"><Coords points="615,823 2213,823 2213,922 615,922"/><TextEquiv index="1"><Unicode>de ſon empreſſement à t'annoncer</Unicode></TextEquiv></TextLine><TextLine id="r3_l005"><Coords points="615,929 2218,929 2218,1018 615,1018"/><TextEquiv index="1"><Unicode>la réſolution de ſon grand-pere;</Unicode></TextEquiv></TextLine><TextLine id="r3_l006"><Coords points="610,1032 2218,1032 2218,1128 610,1128"/><TextEquiv index="1"><Unicode>ſon langage eſt celui du cœur; à</Unicode></TextEquiv></TextLine><TextLine id="r3_l007"><Coords points="619,1138 2222,1138 2222,1227 619,1227"/><TextEquiv index="1"><Unicode>ſes expreſſions je reconnois le vé-</Unicode></TextEquiv></TextLine><TextLine id="r3_l008"><Coords points="610,1248 2222,1248 2222,1334 610,1334"/><TextEquiv index="1"><Unicode>ritable amour. Quand à toi, j'au-</Unicode></TextEquiv></TextLine><TextLine id="r3_l009"><Coords points="610,1351 2222,1351 2222,1440 610,1440"/><TextEquiv index="1"><Unicode>rois ſouhaité que tu euſſes mis un</Unicode></TextEquiv></TextLine><TextLine id="r3_l010"><Coords points="615,1460 2222,1460 2222,1546 615,1546"/><TextEquiv index="1"><Unicode>peu plus de dignité dans les témoi-</Unicode></TextEquiv></TextLine><TextLine id="r3_l011"><Coords points="615,1563 2227,1563 2227,1652 615,1652"/><TextEquiv index="1"><Unicode>gnages de ta ſatisfaction; mais je</Unicode></TextEquiv></TextLine><TextLine id="r3_l012"><Coords points="615,1669 2222,1669 2222,1759 615,1759"/><TextEquiv index="1"><Unicode>conçois aiſément que le plaiſir de</Unicode></TextEquiv></TextLine><TextLine id="r3_l013"><Coords points="610,1776 2222,1776 2222,1844 610,1844"/><TextEquiv index="1"><Unicode>montrer toute ta tendreſſe l'a em-</Unicode></TextEquiv></TextLine><TextLine id="r3_l014"><Coords points="619,1879 2218,1879 2218,1971 619,1971"/><TextEquiv index="1"><Unicode>porté ſur l'honneur de paroître ref-</Unicode></TextEquiv></TextLine><TextLine id="r3_l015"><Coords points="610,1992 2218,1992 2218,2089 610,2089"/><TextEquiv index="1"><Unicode>pectable. Tu veux, dis - tu, l'admi-</Unicode></TextEquiv></TextLine><TextLine id="r3_l016"><Coords points="610,2089 2227,2089 2227,2184 610,2184"/><TextEquiv index="1"><Unicode>ration de ton amant; je t'approuve,</Unicode></TextEquiv></TextLine><TextLine id="r3_l017"><Coords points="619,2194 2222,2194 2222,2290 619,2290"/><TextEquiv index="1"><Unicode>&amp; cet orgueil me plait; mais ſçache</Unicode></TextEquiv></TextLine><TextLine id="r3_l018"><Coords points="619,2307 2222,2307 2222,2396 619,2396"/><TextEquiv index="1"><Unicode>que tu as en cette occaſion man-</Unicode></TextEquiv></TextLine><TextLine id="r3_l019"><Coords points="615,2410 2218,2410 2218,2502 615,2502"/><TextEquiv index="1"><Unicode>qué ton objet, car ſûrement l'ex-</Unicode></TextEquiv></TextLine><TextLine id="r3_l020"><Coords points="615,2516 2218,2516 2218,2605 615,2605"/><TextEquiv index="1"><Unicode>clamation de ton ame tranſportée</Unicode></TextEquiv></TextLine><TextLine id="r3_l021"><Coords points="615,2622 2218,2622 2218,2708 615,2708"/><TextEquiv index="1"><Unicode>aura charmé le cœur de Luzan,</Unicode></TextEquiv></TextLine><TextLine id="r3_l022"><Coords points="610,2729 2218,2729 2218,2821 610,2821"/><TextEquiv index="1"><Unicode>mais t'a privée de cet hommage de</Unicode></TextEquiv></TextLine></TextRegion></Page></PcGts>