2480 3507
613 483 2201 586 dont tu as tant entendu parler, va
608 607 2201 696 enfin tre jug. Il nous marque qu'il
604 713 2197 802 faut abolument que nous allions
600 816 2192 908 olliciter nos juges; j'ai inutilement
600 922 2192 1015 tmoign  monieur d'Albr com-
600 1032 2197 1121 bien je rpugnois  cette dmar-
604 1131 2201 1224 che. II prtend que ce eroit ble-
600 1241 2192 1330 er l'ordre des choes que de s'en
600 1344 2197 1436 dipener; que, puiqu'il toit d'u-
595 1453 2197 1546 age de s'aurer de la protection
591 1560 2192 1652 pour une bonne ou mauvaie caue,
591 1666 2197 1735 i falloit faire comme tout le
595 1769 2197 1861 monde. Je lui ai reprent que
591 1875 2197 1968 ouvent malgr cette prcaution
600 1985 2197 2070 on n'en perdoit pas moins; cela
595 2084 2206 2173 et gal, m'a-t-il dit tranquillement,
591 2190 2197 2283 pourvu que l'on ne e oit point
595 2297 2201 2386 cart de la grande regle, l'on doit
591 2400 2201 2489 tre atisfait, lorqu'on n'a rien  e
591 2506 2201 2610 reprocher ur ce point. N'ayant rien
586 2610 2197 2705 rpliquer, j'ai oucrit: mais je t'a-
582 2718 2192 2814 ure que je rougis, je ne ais i c'et
2079 2831 2201 2910 de
576 379 760 464 L
