2480 3507
260 528 1854 634 Pamour, & la mienne n'en a que
265 641 1859 744 la tendree. Cependant, malgr
260 744 1859 836 cette diffrence, quelles femmes
260 854 1854 939 s'aimerent jamais plus incerement
260 956 1859 1046 que nous? Je fens que chaque jour
260 1063 1863 1159 ajoute  ce doux-tien. Cela ne au-
260 1159 1863 1234 roit tre autrement: tu es le eul
265 1275 1868 1373 objet qui donne l'activit  mon
260 1373 1868 1471 cur; ans toi je ne goterois plus
260 1484 1872 1573 que la tranquille acisfaction de rem-
255 1590 1862 1684 plir mes devoirs, derniere re-
246 1680 1862 1785 ource d'une ame honnte & en-
247 1796 1863 1892 ible. Qu'il me tarde de te voir! J'at
247 1899 1859 2000 mille choes  te dire,  demain le
252 2000 1863 2098 jour heureux. Fais donc arriver le
256 2101 1868 2197 chevalier, pendant que je erai
252 2214 1859 2300 Paris. Je t'avoue que je uis d'une
252 2321 1868 2389 curioit extrme de voir cette
256 2427 1854 2513 mine dont tu ne me parles point;
256 2533 1868 2619 elle doit tre friponne, quoique tu
252 2636 1863 2732 dfendes ton cur de s'y tre lai
256 2742 1859 2831 furprendre. Nous verrons s'il n'a
1711 420 1874 510 L.E
1351 2845 1532 2934 Gii
