2480 3507
1698 368 1874 455 L
1280 2788 1529 2873 Giv
255 477 1843 573 mes entiments, elle s'et appaie
255 586 1848 679 & a pris un ton plus doux, mais
246 693 1848 782 cent fois plus redoutable. O mon
246 792 1848 884 filsl je reconnois ta candeur, m'a-
246 902 1848 974 t-elle dit en me errant dans es
242 1008 1852 1097 bras; mais ne me refue pas la eule
246 1107 1852 1200 atisfaction qui me rete: mets le
246 1217 1852 1310 plus haut prix  ton obiance, en
246 1323 1857 1416 facrifiant la fortune qui t'et offerte.
251 1429 1852 1522 Tu me auras gr un jour de t'y
246 1539 1852 1628 avoir oblig; crois -en la tendree
246 1642 1852 1728 claire d'une mere qui te chrit
242 1741 1852 1834 plus que a vie: le ort heureux,
246 1851 1852 1940 dont mes oncles ont joui dans l'-
246 1961 1848 2043 tat que tu veux cuitter, m'aure
246 2057 1852 2132 de ton bonheur. Cette certitude fait
246 2163 1848 2242 toute ma conolation; confirme
246 2273 1848 2358 mon attente, ou tu rpands l'amer-
246 2372 1843 2468 tume ur le rete de mes jours. Tu
251 2478 1848 2561 connois mes malheurs; toi eul
194 2585 1843 2681 peux les adoucir par ta rignation.
246 2681 1843 2777 Je bnirai la providence de m'a-
