2480 3507
578 313 780 401 u
623 446 2205 538 voir oumie  un joug malheureux,
627 549 2214 621 i mon fils et dans la voie de on
623 658 2209 754 falur...... Ses pleurs, qui cou-
627 765 2209 854 loient en abondance, m'ont perc
618 867 2209 960 l'ame ......  Dieu! qui peut r-
623 974 2214 1063 fiter aux larmes d'une mere? quel
623 1080 2209 1169 cur aez barbare pourroit les
627 1186 2209 1279 voir couler & y tre inenible?
618 1289 2209 1385 Je vererois tout mon fang, pour
623 1395 2209 1484 pargner la douleur  celle qui m'a
623 1498 2209 1584 port dans on ein; mais com-
623 1601 2209 1673 ment lui acrifier le bonheur de
618 1707 2209 1796 vous poder, aprs l'avoir epr
623 1813 2214 1896 de votre aveu? c'et un effort dont
623 1916 2205 2009 je ne me ens point capable. Ah!
623 2022 2218 2108 ma mere! que vos carees ont
623 2129 2214 2214 cruellesl que ne pouviez-vous em-
623 2228 2218 2324 ployer cette vrit implacable, i
623 2334 2214 2427 puiante ur les ames erviles, &
623 2441 2218 2537 foible ur un cur gnreux: je
627 2547 2209 2619 erois moins malheureux & mon
623 2650 2214 2746 choix eroit dja fait. Mais je ne
