2480 3507
783 1954 2184 2033 ! ſans doute l'union de nos
578 2057 2184 2156 cœurs ſera éternelle; j'en ai la con-
573 2163 2179 2259 fiance. Oui, je ſens que la fortune,
573 2269 2175 2358 le préjugé, le ſort même; rien n'eſt
578 2379 2184 2468 capable de rompre une chaine dont
578 2482 2197 2578 la vertu eſt le plus fort lien. Mais,
578 2588 2179 2681 que cette douce certitude eſt mêlée
578 2691 2175 2783 d'alarmes! quel trouble mortel les
580 1885 754 2025 A
670 1347 2101 1464 LETTRE XI.
761 1553 2017 1649 DE,
1103 1700 1659 1793 au Chevalier.
608 466 2201 545 mais une mere tendre & infortunée
604 569 2201 672 eſt la ſeule rivale qui fût digne de
600 679 2201 771 vous, la ſeule qui pût vous être
600 782 2197 881 oppoſée. Cependant, gardez-vous
595 888 2192 987 de croire que l'une de vous puiſſe
595 991 1077 1083 triompher.
