<PcGts xmlns="http://schema.primaresearch.org/PAGE/gts/pagecontent/2017-07-15" xmlns:xsi="http://www.w3.org/2001/XMLSchema-instance" xsi:schemaLocation="http://schema.primaresearch.org/PAGE/gts/pagecontent/2017-07-15 http://schema.primaresearch.org/PAGE/gts/pagecontent/2017-07-15/pagecontent.xsd"><Metadata><Creator/><Created>2020-09-14T09:09:03</Created><LastChange>1970-01-01T00:00:00</LastChange><Comments/></Metadata><Page imageFilename="0092.png" imageHeight="3507" imageWidth="2480"><ReadingOrder><OrderedGroup id="g1"><RegionRefIndexed index="0" regionRef="r1"/><RegionRefIndexed index="1" regionRef="r2"/></OrderedGroup></ReadingOrder><TextRegion id="r1" orientation="0.0" type="page-number"><Coords points="635,333 635,335 633,337 609,337 609,339 607,341 604,341 604,363 607,363 609,366 609,414 611,414 613,416 613,420 624,420 626,423 626,425 686,425 688,427 688,440 767,440 767,420 769,418 780,418 780,392 773,392 771,390 771,366 764,366 762,363 762,361 721,361 718,359 718,337 712,337 707,333"/><TextEquiv><Unicode/></TextEquiv><TextLine id="r1_l001"><Coords points="635,333 635,335 633,337 609,337 609,339 607,341 604,341 604,363 607,363 609,366 609,414 611,414 613,416 613,420 624,420 626,423 626,425 686,425 688,427 688,440 767,440 767,420 769,418 780,418 780,392 773,392 771,390 771,366 764,366 762,363 762,361 721,361 718,359 718,337 712,337 707,333"/><TextEquiv index="1"><Unicode></Unicode></TextEquiv></TextLine></TextRegion><TextRegion id="r2" orientation="0.0" type="paragraph"><Coords points="1223,464 1223,466 1220,469 1218,469 1218,471 1216,473 1144,473 1144,521 1146,521 1148,523 1147,524 1147,525 1146,526 1144,526 1143,527 1142,527 1141,528 1139,528 1139,531 1138,532 1135,532 1134,533 1131,533 1130,534 1127,534 1126,535 1123,535 1122,536 1119,536 1118,537 1117,536 1117,501 1115,501 1113,499 1113,497 1111,497 1109,495 916,495 914,497 903,497 903,499 902,500 901,500 900,501 898,501 898,506 896,508 894,506 894,497 892,497 891,496 890,496 889,495 887,495 885,493 729,493 728,492 728,491 727,490 727,471 703,471 701,469 635,469 635,488 637,488 638,489 639,489 640,490 637,493 626,493 624,495 618,495 617,496 616,496 615,497 613,497 613,537 615,537 616,538 617,538 618,539 618,543 624,543 626,545 626,547 808,547 809,548 809,549 810,550 810,552 881,552 881,550 882,549 882,548 883,547 889,547 889,545 890,544 891,544 892,543 896,543 898,545 898,547 905,547 906,548 906,549 907,550 907,552 914,552 916,554 916,572 918,572 920,574 920,576 935,576 936,577 937,577 938,578 938,580 937,581 935,581 934,582 930,582 929,583 926,583 925,584 922,584 921,585 918,585 917,586 914,586 913,587 910,587 909,588 906,588 905,589 902,589 901,590 898,590 897,591 894,591 893,592 890,592 889,593 736,593 736,596 734,598 690,598 688,596 688,593 613,593 613,620 615,620 616,621 617,621 618,622 620,622 622,624 622,633 624,633 626,635 626,640 629,640 631,642 631,655 779,655 781,657 781,658 783,660 783,661 785,663 785,664 787,666 787,667 789,669 789,670 792,673 792,674 794,676 793,677 789,677 788,678 787,678 786,679 784,679 784,699 782,701 743,701 742,700 741,700 740,699 740,697 640,697 640,699 639,700 638,700 637,701 609,701 609,723 611,723 613,725 613,729 612,730 612,731 611,732 609,732 607,734 604,734 604,754 607,754 609,756 609,758 740,758 740,756 741,755 742,755 743,754 764,754 765,755 766,755 767,756 767,758 850,758 851,759 851,760 853,762 853,763 856,766 856,767 858,769 858,770 860,772 860,773 862,775 862,776 864,778 864,779 867,782 867,783 869,785 868,786 815,786 815,800 813,802 808,802 806,800 806,786 804,786 802,784 802,782 732,782 732,800 731,801 730,801 729,802 648,802 648,804 646,806 622,806 622,808 620,810 618,810 615,813 613,813 613,815 611,817 609,817 609,850 611,850 613,852 613,857 620,857 622,859 622,861 629,861 631,863 631,881 633,881 635,883 635,885 701,885 701,883 703,881 727,881 727,863 729,861 810,861 810,859 811,858 812,858 813,857 815,859 815,861 821,861 822,862 823,862 824,863 894,863 896,861 921,861 922,862 922,863 924,865 924,866 926,868 926,869 929,872 929,873 931,875 931,876 933,878 933,879 935,881 935,882 937,884 937,885 940,888 939,889 894,889 894,892 892,894 889,894 889,911 888,912 888,913 887,914 886,913 886,912 885,911 885,909 609,909 609,929 611,929 613,931 615,931 616,932 617,932 618,933 618,935 615,938 613,938 611,940 609,940 609,962 611,962 613,964 613,966 885,966 885,964 887,962 889,964 889,966 993,966 995,968 995,969 997,971 997,972 999,974 999,975 1001,977 1001,978 1004,981 1004,982 1006,984 1006,985 1008,987 1008,988 1010,990 1010,991 1012,993 1012,994 1015,997 1015,998 1017,1000 1017,1001 1019,1003 1019,1004 1021,1006 1021,1007 1023,1009 1023,1010 1025,1012 1025,1014 1024,1015 1024,1016 1023,1017 813,1017 810,1014 810,1006 808,1006 807,1005 807,1004 806,1003 806,1001 804,1001 802,999 727,999 727,1014 726,1015 726,1016 725,1017 631,1017 629,1019 622,1019 622,1021 620,1023 618,1023 618,1027 615,1030 613,1030 613,1063 615,1063 616,1064 617,1064 618,1065 618,1069 624,1069 626,1071 633,1071 634,1072 634,1073 635,1074 635,1093 723,1093 723,1071 725,1069 764,1069 765,1070 766,1070 767,1071 962,1071 963,1072 963,1073 964,1074 964,1089 966,1089 968,1091 968,1093 971,1093 973,1095 972,1096 972,1097 971,1098 964,1098 964,1100 962,1102 920,1102 920,1120 918,1122 865,1122 863,1120 857,1120 854,1117 854,1102 852,1102 850,1100 850,1098 843,1098 842,1097 842,1096 841,1095 775,1095 774,1096 774,1097 773,1098 767,1098 767,1100 766,1101 765,1101 764,1102 762,1102 760,1104 758,1104 758,1106 757,1107 757,1108 756,1109 754,1109 754,1120 753,1121 752,1121 751,1122 749,1120 707,1120 706,1119 706,1118 705,1117 705,1098 622,1098 622,1144 624,1144 626,1146 626,1150 624,1152 622,1152 622,1155 620,1157 618,1157 618,1174 668,1174 669,1175 669,1176 670,1177 670,1179 749,1179 749,1177 750,1176 750,1175 751,1174 848,1174 849,1175 849,1176 850,1177 850,1179 878,1179 879,1180 878,1181 877,1181 876,1182 875,1182 874,1183 873,1183 872,1184 871,1184 870,1185 869,1185 868,1186 867,1186 866,1187 865,1187 864,1188 863,1188 862,1189 860,1189 859,1190 858,1190 857,1191 856,1191 855,1192 854,1192 853,1193 852,1193 851,1194 850,1194 849,1195 848,1195 847,1196 846,1196 845,1197 844,1197 843,1198 841,1198 840,1199 839,1199 838,1200 837,1200 836,1201 835,1201 834,1202 833,1202 832,1203 831,1203 830,1204 829,1204 828,1205 827,1205 826,1206 825,1206 824,1207 822,1207 821,1208 820,1208 819,1209 818,1209 817,1210 816,1210 815,1211 814,1211 813,1212 812,1212 811,1213 810,1213 809,1214 808,1214 807,1215 806,1215 805,1216 803,1216 802,1217 801,1217 800,1218 799,1218 798,1219 797,1219 796,1220 795,1220 794,1221 793,1221 792,1222 791,1222 790,1223 764,1223 763,1222 763,1221 762,1220 762,1212 760,1212 759,1211 759,1210 758,1209 758,1205 756,1205 754,1203 754,1201 683,1201 683,1203 681,1205 679,1205 679,1209 678,1210 678,1211 677,1212 675,1212 675,1223 674,1224 673,1224 672,1225 622,1225 622,1251 624,1251 626,1253 626,1255 625,1256 625,1257 624,1258 622,1258 622,1282 624,1282 626,1284 626,1286 692,1286 692,1284 694,1282 791,1282 793,1284 793,1286 859,1286 859,1284 861,1282 863,1282 863,1280 864,1279 864,1278 865,1277 867,1277 867,1253 865,1253 863,1251 863,1249 839,1249 837,1247 837,1229 835,1229 834,1228 833,1228 832,1227 832,1225 793,1225 792,1224 793,1223 794,1223 795,1222 796,1222 797,1221 798,1221 799,1220 800,1220 801,1219 802,1219 803,1218 804,1218 805,1217 806,1217 807,1216 809,1216 810,1215 811,1215 812,1214 813,1214 814,1213 815,1213 816,1212 817,1212 818,1211 819,1211 820,1210 821,1210 822,1209 823,1209 824,1208 825,1208 826,1207 828,1207 829,1206 830,1206 831,1205 832,1205 833,1204 834,1204 835,1203 836,1203 837,1202 838,1202 839,1201 840,1201 841,1200 842,1200 843,1199 844,1199 845,1198 847,1198 848,1197 849,1197 850,1196 851,1196 852,1195 853,1195 854,1194 855,1194 856,1193 857,1193 858,1192 859,1192 860,1191 861,1191 862,1190 863,1190 864,1189 865,1189 866,1188 868,1188 869,1187 870,1187 871,1186 872,1186 873,1185 874,1185 875,1184 876,1184 877,1183 878,1183 879,1182 880,1182 881,1181 882,1181 883,1180 884,1180 885,1179 920,1179 920,1177 921,1176 921,1175 922,1174 923,1175 923,1176 924,1177 924,1179 1152,1179 1152,1177 1155,1174 1157,1174 1159,1172 1161,1174 1172,1174 1173,1175 1173,1176 1174,1177 1174,1179 1249,1179 1251,1181 1252,1181 1253,1182 1254,1182 1255,1183 1256,1183 1257,1184 1258,1184 1259,1185 1260,1185 1261,1186 1262,1186 1263,1187 1264,1187 1266,1189 1267,1189 1268,1190 1269,1190 1270,1191 1271,1191 1272,1192 1273,1192 1274,1193 1275,1193 1276,1194 1277,1194 1278,1195 1279,1195 1281,1197 1282,1197 1283,1198 1284,1198 1285,1199 1286,1199 1287,1200 1288,1200 1289,1201 1290,1201 1291,1202 1292,1202 1294,1204 1295,1204 1296,1205 1297,1205 1298,1206 1299,1206 1300,1207 1301,1207 1302,1208 1303,1208 1304,1209 1305,1209 1306,1210 1307,1210 1309,1212 1310,1212 1311,1213 1312,1213 1313,1214 1314,1214 1315,1215 1316,1215 1317,1216 1318,1216 1319,1217 1320,1217 1321,1218 1322,1218 1324,1220 1325,1220 1326,1221 1327,1221 1328,1222 1329,1222 1330,1223 1331,1223 1332,1224 1333,1224 1334,1225 1335,1225 1336,1226 1337,1226 1339,1228 1338,1229 1299,1229 1297,1227 1297,1225 1227,1225 1227,1227 1225,1229 1203,1229 1201,1227 1201,1225 1131,1225 1131,1227 1130,1228 1129,1228 1128,1229 1041,1229 1040,1228 1039,1228 1038,1227 1038,1225 971,1225 970,1224 969,1224 968,1223 968,1207 962,1207 960,1205 872,1205 872,1229 874,1229 876,1231 876,1234 878,1234 879,1235 880,1235 881,1236 881,1251 880,1252 879,1252 878,1253 876,1253 876,1255 875,1256 875,1257 874,1258 872,1258 872,1282 953,1282 955,1284 955,1286 1038,1286 1038,1284 1039,1283 1040,1283 1041,1282 1045,1282 1047,1284 1047,1301 1049,1301 1052,1304 1051,1305 1050,1305 1049,1306 986,1306 986,1308 984,1310 981,1310 981,1328 979,1330 973,1330 973,1332 971,1334 964,1334 964,1337 962,1339 960,1337 960,1334 953,1334 951,1332 951,1330 944,1330 942,1328 876,1328 874,1330 839,1330 837,1328 771,1328 769,1330 738,1330 736,1328 736,1306 644,1306 644,1328 642,1330 631,1330 631,1332 629,1334 626,1334 626,1337 624,1339 622,1339 622,1380 629,1380 630,1381 630,1382 631,1383 631,1385 633,1385 635,1387 635,1389 874,1389 876,1391 942,1391 944,1389 951,1389 951,1387 953,1385 955,1385 955,1383 956,1382 956,1381 957,1380 962,1380 963,1381 963,1382 964,1383 964,1385 966,1385 968,1387 968,1389 1113,1389 1113,1387 1115,1385 1124,1385 1126,1387 1126,1389 1471,1389 1472,1390 1472,1393 1471,1394 1471,1403 1470,1404 1470,1412 1469,1413 1469,1422 1468,1423 1468,1431 1466,1433 1413,1433 1411,1431 1411,1424 1404,1424 1402,1422 1402,1420 1323,1420 1323,1424 1321,1426 1319,1426 1319,1431 1317,1433 1286,1433 1284,1431 1284,1418 1273,1418 1272,1417 1272,1416 1271,1415 1271,1413 1170,1413 1170,1435 1168,1437 887,1437 885,1435 885,1433 861,1433 859,1431 859,1420 857,1420 856,1419 855,1419 854,1418 780,1418 780,1435 778,1437 773,1437 771,1435 771,1433 738,1433 736,1431 736,1413 644,1413 644,1435 642,1437 631,1437 631,1440 629,1442 626,1442 624,1444 622,1444 622,1453 620,1455 618,1455 618,1479 620,1479 622,1481 622,1488 624,1488 626,1490 626,1494 727,1494 727,1492 729,1490 730,1491 731,1491 732,1492 732,1494 870,1494 871,1495 871,1496 872,1497 872,1512 874,1512 876,1514 940,1514 942,1516 942,1518 941,1519 941,1520 940,1521 881,1521 881,1538 880,1539 879,1539 878,1540 626,1540 626,1543 624,1545 618,1545 618,1567 620,1567 622,1569 622,1593 620,1595 618,1595 618,1597 615,1600 613,1600 613,1617 615,1617 616,1618 617,1618 618,1619 618,1621 697,1621 697,1619 699,1617 710,1617 710,1600 711,1599 711,1598 712,1597 964,1597 964,1595 966,1593 971,1593 973,1595 973,1597 1363,1597 1363,1595 1365,1593 1403,1593 1404,1594 1404,1595 1402,1597 1402,1598 1400,1600 1400,1601 1398,1603 1398,1604 1396,1606 1396,1607 1394,1609 1394,1610 1392,1612 1392,1613 1390,1615 1390,1616 1388,1618 1388,1619 1386,1621 1386,1622 1384,1624 1384,1625 1382,1627 1382,1628 1380,1630 1380,1631 1378,1633 1378,1634 1376,1636 1376,1637 1374,1639 1374,1640 1371,1643 1262,1643 1260,1645 1260,1646 1258,1648 1181,1648 1179,1646 1179,1643 1098,1643 1097,1642 1096,1642 1095,1641 1095,1626 1093,1626 1091,1624 960,1624 959,1625 958,1625 957,1626 951,1626 951,1628 949,1630 946,1630 946,1632 945,1633 945,1634 944,1635 943,1634 943,1633 942,1632 940,1632 938,1630 935,1630 933,1628 933,1626 931,1626 929,1624 859,1624 859,1646 857,1648 756,1648 754,1646 754,1643 644,1643 644,1646 642,1648 618,1648 618,1670 620,1670 622,1672 622,1676 620,1678 618,1678 618,1703 951,1703 951,1700 953,1698 1049,1698 1050,1699 1051,1699 1052,1700 1052,1703 1179,1703 1179,1700 1181,1698 1185,1698 1187,1700 1186,1701 1186,1702 1185,1703 1183,1703 1183,1720 1185,1720 1187,1722 1271,1722 1271,1705 1273,1703 1332,1703 1332,1700 1334,1698 1362,1698 1364,1700 1364,1726 1365,1727 1365,1750 1364,1751 1194,1751 1192,1749 1193,1748 1193,1747 1194,1746 1196,1746 1196,1729 1100,1729 1100,1751 1106,1751 1107,1752 1108,1752 1109,1753 1109,1775 1108,1776 1107,1776 1106,1777 1093,1777 1091,1775 1091,1773 1071,1773 1069,1771 1069,1753 1067,1753 1065,1751 835,1751 834,1750 833,1750 832,1749 832,1731 830,1731 828,1729 749,1729 747,1731 745,1731 745,1733 743,1735 740,1735 740,1740 738,1742 736,1742 736,1749 734,1751 729,1751 727,1749 727,1729 725,1729 723,1727 644,1727 642,1729 635,1729 633,1731 631,1731 631,1733 629,1735 626,1735 626,1740 624,1742 622,1742 622,1751 620,1753 618,1753 618,1771 620,1771 622,1773 622,1777 620,1779 618,1779 618,1806 620,1806 622,1808 622,1810 688,1810 688,1808 690,1806 826,1806 828,1808 828,1810 894,1810 894,1808 896,1806 1019,1806 1021,1808 1021,1810 1084,1810 1086,1808 1087,1808 1089,1806 1093,1806 1095,1808 1095,1810 1174,1810 1174,1808 1175,1807 1176,1807 1177,1806 1288,1806 1288,1803 1289,1802 1290,1802 1291,1801 1295,1801 1297,1803 1297,1806 1376,1806 1378,1808 1378,1810 1379,1811 1379,1813 1380,1814 1380,1817 1381,1818 1381,1820 1382,1821 1382,1824 1383,1825 1383,1827 1384,1828 1384,1830 1385,1831 1384,1832 1350,1832 1350,1849 1349,1850 1349,1851 1348,1852 1295,1852 1294,1851 1294,1850 1293,1849 1293,1832 1218,1832 1218,1849 1217,1850 1217,1851 1216,1852 1166,1852 1166,1854 1165,1855 1164,1855 1163,1856 661,1856 659,1858 631,1858 631,1860 630,1861 630,1862 629,1863 626,1863 626,1867 624,1869 622,1869 622,1904 624,1904 626,1906 626,1909 629,1909 631,1911 631,1913 633,1913 635,1915 642,1915 644,1917 644,1933 736,1933 736,1915 738,1913 1043,1913 1043,1911 1045,1909 1054,1909 1056,1911 1056,1913 1231,1913 1231,1911 1232,1910 1233,1910 1234,1909 1264,1909 1266,1911 1266,1913 1334,1913 1336,1911 1337,1911 1339,1909 1407,1909 1408,1910 1408,1912 1409,1913 1409,1916 1410,1917 1410,1919 1411,1920 1411,1923 1412,1924 1412,1926 1413,1927 1413,1929 1414,1930 1414,1933 1415,1934 1415,1936 1414,1937 1341,1937 1341,1957 1339,1959 1317,1959 1315,1957 1315,1937 1312,1937 1310,1935 1209,1935 1207,1937 1161,1937 1161,1939 1160,1940 1160,1941 1159,1942 1157,1942 1157,1957 1155,1959 1095,1959 1093,1961 782,1961 780,1959 738,1959 736,1957 736,1942 725,1942 724,1941 724,1940 723,1939 723,1937 653,1937 653,1939 650,1942 648,1942 648,1959 646,1961 640,1961 640,1963 637,1966 631,1966 631,1970 629,1972 626,1972 626,2007 629,2007 631,2009 631,2016 637,2016 638,2017 639,2017 640,2018 784,2018 786,2016 848,2016 850,2018 1003,2018 1004,2017 1005,2017 1006,2016 1032,2016 1034,2018 1034,2036 1036,2036 1038,2038 1038,2040 1106,2040 1107,2041 1108,2041 1109,2042 1109,2082 1108,2083 1107,2083 1106,2084 1104,2082 1102,2082 1100,2080 1100,2064 1063,2064 1062,2063 1061,2063 1060,2062 1060,2045 986,2045 986,2058 984,2060 946,2060 946,2062 944,2064 707,2064 705,2062 705,2060 631,2060 631,2062 629,2064 626,2064 626,2066 625,2067 625,2068 624,2069 622,2069 622,2091 624,2091 626,2093 626,2097 629,2097 631,2099 631,2121 633,2121 635,2123 769,2123 770,2124 770,2125 771,2126 771,2130 773,2130 775,2132 775,2134 841,2134 841,2132 843,2130 854,2130 855,2129 856,2129 857,2128 859,2128 859,2123 861,2121 942,2121 944,2119 1014,2119 1015,2120 1016,2120 1017,2121 1087,2121 1089,2119 1100,2119 1100,2117 1102,2115 1104,2115 1104,2110 1106,2108 1107,2108 1109,2106 1109,2088 1111,2086 1113,2088 1113,2115 1117,2119 1117,2143 1185,2143 1187,2141 1188,2141 1190,2139 1192,2139 1192,2123 1194,2121 1236,2121 1238,2119 1244,2119 1244,2117 1245,2116 1246,2116 1247,2115 1249,2115 1249,2086 1251,2084 1253,2086 1253,2091 1255,2091 1256,2092 1257,2092 1258,2093 1258,2097 1260,2097 1262,2099 1262,2108 1264,2108 1266,2110 1266,2119 1384,2119 1385,2120 1385,2125 1384,2126 1384,2130 1383,2131 1383,2136 1382,2137 1382,2141 1381,2142 1381,2147 1380,2148 1380,2153 1379,2154 1379,2158 1378,2159 1378,2162 1377,2163 1308,2163 1306,2161 1306,2154 1304,2154 1302,2152 1301,2152 1299,2150 1277,2150 1275,2148 1273,2148 1272,2147 1272,2146 1271,2145 1271,2143 1201,2143 1201,2145 1198,2148 1196,2148 1196,2161 1194,2163 1082,2163 1082,2165 1080,2167 1012,2167 1012,2169 1011,2170 1011,2171 1010,2172 1003,2172 1001,2174 999,2172 999,2167 861,2167 859,2165 859,2163 857,2163 856,2162 855,2162 854,2161 789,2161 788,2162 787,2162 786,2163 784,2163 784,2165 782,2167 712,2167 710,2165 710,2163 635,2163 635,2165 633,2167 631,2167 631,2169 630,2170 630,2171 629,2172 626,2172 626,2194 629,2194 631,2196 631,2220 633,2220 635,2222 635,2224 637,2224 638,2225 639,2225 640,2226 710,2226 712,2224 859,2224 859,2222 861,2220 865,2220 867,2222 867,2224 990,2224 990,2222 992,2220 999,2220 1001,2218 1006,2218 1008,2220 1019,2220 1021,2222 1021,2242 1113,2242 1113,2222 1115,2220 1209,2220 1210,2219 1211,2219 1212,2218 1295,2218 1297,2220 1308,2220 1310,2222 1310,2224 1366,2224 1367,2225 1367,2226 1366,2227 1366,2231 1365,2232 1365,2237 1364,2238 1364,2243 1363,2244 1363,2245 1362,2246 1297,2246 1297,2251 1295,2253 1293,2253 1293,2255 1291,2257 1288,2257 1288,2262 1286,2264 1284,2264 1284,2268 1282,2270 1273,2270 1271,2268 1271,2266 1207,2266 1205,2264 1205,2246 1117,2246 1117,2248 1116,2249 1116,2250 1115,2251 1113,2251 1111,2253 1109,2253 1109,2262 1108,2263 1107,2263 1106,2264 1104,2264 1102,2266 1052,2266 1052,2268 1051,2269 1050,2269 1049,2270 1032,2270 1030,2268 1030,2251 951,2251 951,2268 953,2268 955,2270 955,2272 954,2273 954,2274 953,2275 918,2275 917,2274 917,2273 916,2272 916,2270 870,2270 869,2269 868,2269 867,2268 867,2251 780,2251 780,2268 778,2270 771,2270 771,2272 770,2273 770,2274 769,2275 760,2275 759,2274 759,2273 758,2272 758,2259 756,2259 754,2257 751,2257 749,2255 749,2253 661,2253 661,2255 659,2257 657,2257 657,2279 655,2281 648,2281 648,2286 646,2288 644,2288 644,2327 650,2327 651,2328 652,2328 653,2329 736,2329 738,2327 892,2327 894,2329 894,2351 968,2351 968,2349 969,2348 970,2348 971,2347 977,2347 977,2329 979,2327 1183,2327 1183,2325 1185,2323 1194,2323 1196,2325 1196,2327 1256,2327 1257,2328 1256,2329 1255,2329 1254,2330 1252,2330 1251,2331 1250,2331 1249,2332 1247,2332 1246,2333 1244,2333 1243,2334 1242,2334 1241,2335 1239,2335 1238,2336 1237,2336 1236,2337 1234,2337 1233,2338 1231,2338 1230,2339 1229,2339 1228,2340 1226,2340 1225,2341 1224,2341 1223,2342 1221,2342 1220,2343 1219,2343 1218,2344 1216,2344 1215,2345 1213,2345 1212,2346 1211,2346 1210,2347 1208,2347 1207,2348 1206,2348 1205,2349 1203,2349 1202,2350 1200,2350 1199,2351 1198,2351 1197,2352 1195,2352 1194,2353 1193,2353 1192,2354 1148,2354 1148,2370 1147,2371 1146,2371 1145,2372 1144,2372 1143,2373 1047,2373 1045,2375 1045,2376 1043,2378 850,2378 848,2380 830,2380 828,2378 648,2378 646,2380 640,2380 640,2432 642,2432 643,2433 643,2434 644,2435 644,2437 775,2437 775,2435 778,2432 859,2432 859,2415 861,2413 863,2415 863,2426 865,2426 867,2428 867,2432 870,2432 871,2433 871,2434 872,2435 872,2437 999,2437 999,2435 1000,2434 1000,2433 1001,2432 1095,2432 1096,2431 1097,2431 1098,2430 1141,2430 1142,2431 1143,2431 1144,2432 1367,2432 1368,2433 1368,2434 1369,2435 1369,2444 1370,2445 1370,2455 1371,2456 1371,2458 1370,2459 1323,2459 1323,2505 1326,2505 1328,2507 1328,2509 1326,2511 1323,2511 1322,2512 1322,2513 1321,2514 1319,2514 1319,2535 1377,2535 1378,2536 1378,2538 1377,2539 1377,2544 1376,2545 1376,2551 1375,2552 1375,2557 1374,2558 1374,2564 1373,2565 1373,2570 1372,2571 1372,2577 1371,2578 1371,2583 1370,2584 1370,2585 1369,2586 1269,2586 1268,2585 1267,2585 1266,2584 1266,2568 1264,2568 1262,2566 1262,2564 1126,2564 1126,2584 1124,2586 1010,2586 1008,2584 1008,2564 938,2564 938,2566 937,2567 936,2567 935,2568 933,2568 933,2579 932,2580 932,2581 931,2582 903,2582 903,2584 902,2585 901,2585 900,2586 892,2586 891,2585 890,2585 889,2584 889,2568 883,2568 881,2566 881,2564 830,2564 828,2562 830,2560 837,2560 837,2542 839,2540 1034,2540 1034,2538 1035,2537 1035,2536 1036,2535 1063,2535 1064,2536 1064,2537 1065,2538 1065,2540 1144,2540 1144,2538 1145,2537 1145,2536 1146,2535 1148,2535 1148,2533 1150,2531 1152,2531 1153,2530 1154,2530 1155,2529 1161,2535 1163,2535 1166,2538 1166,2540 1258,2540 1258,2538 1259,2537 1259,2536 1260,2535 1310,2535 1310,2533 1312,2531 1315,2531 1315,2487 1312,2487 1310,2485 1310,2483 1308,2483 1306,2481 1264,2481 1262,2479 1262,2459 1179,2459 1179,2479 1177,2481 1170,2481 1168,2483 1161,2483 1161,2485 1159,2487 1155,2487 1154,2486 1153,2486 1152,2485 1152,2483 1150,2483 1148,2481 1098,2481 1097,2480 1096,2480 1095,2479 1095,2459 1021,2459 1021,2461 1019,2463 1001,2463 999,2461 999,2459 889,2459 889,2461 887,2463 881,2463 881,2468 880,2469 879,2469 878,2470 876,2470 876,2481 874,2483 716,2483 714,2481 714,2463 640,2463 639,2464 638,2464 637,2465 635,2465 635,2468 633,2470 631,2470 631,2485 629,2487 626,2487 626,2505 629,2505 631,2507 633,2507 635,2509 635,2511 634,2512 634,2513 633,2514 631,2514 629,2516 626,2516 626,2542 637,2542 638,2543 639,2543 640,2544 640,2546 710,2546 710,2544 712,2542 732,2542 734,2540 751,2540 752,2541 753,2541 754,2542 754,2560 756,2560 758,2562 756,2564 736,2564 736,2566 734,2568 692,2568 692,2586 690,2588 631,2588 631,2614 633,2614 634,2615 634,2616 635,2617 635,2621 633,2623 631,2623 631,2645 633,2645 635,2647 635,2649 714,2649 714,2647 716,2645 846,2645 848,2643 870,2643 872,2645 977,2645 979,2643 1124,2643 1126,2645 1310,2645 1312,2643 1360,2643 1361,2644 1361,2648 1360,2649 1360,2654 1359,2655 1359,2661 1358,2662 1358,2667 1357,2668 1357,2674 1355,2676 1341,2676 1341,2689 1339,2691 1266,2691 1266,2693 1265,2694 1265,2695 1264,2696 1236,2696 1234,2698 1231,2698 1231,2704 1229,2706 1227,2706 1227,2727 1225,2729 1210,2729 1209,2728 1209,2715 1207,2715 1205,2713 1205,2696 1203,2696 1202,2695 1202,2694 1201,2693 1201,2691 1111,2691 1109,2689 1109,2671 1025,2671 1025,2689 1023,2691 977,2691 977,2693 976,2694 976,2695 975,2696 973,2696 973,2725 972,2726 956,2726 955,2725 955,2715 953,2715 951,2713 951,2691 819,2691 819,2693 818,2694 818,2695 817,2696 795,2696 794,2695 794,2694 793,2693 793,2691 751,2691 749,2689 749,2676 734,2676 732,2674 732,2671 661,2671 661,2693 660,2694 660,2695 659,2696 648,2696 646,2698 640,2698 640,2706 637,2709 635,2709 635,2731 637,2731 638,2732 639,2732 640,2733 640,2748 642,2748 644,2750 644,2755 646,2755 648,2757 648,2759 723,2759 723,2757 725,2755 764,2755 765,2756 766,2756 767,2757 767,2759 832,2759 832,2757 833,2756 834,2756 835,2755 894,2755 895,2754 895,2753 896,2752 938,2752 938,2750 940,2748 955,2748 955,2729 956,2728 972,2728 973,2729 973,2742 971,2744 968,2744 968,2772 975,2772 977,2774 977,2777 1060,2777 1060,2774 1061,2773 1062,2773 1063,2772 1065,2772 1065,2757 1067,2755 1157,2755 1158,2754 1158,2753 1159,2752 1192,2752 1192,2750 1194,2748 1201,2748 1201,2744 1203,2742 1205,2742 1205,2737 1207,2735 1209,2735 1209,2732 1210,2731 1225,2731 1226,2730 1227,2731 1227,2742 1229,2742 1231,2744 1231,2746 1234,2746 1236,2748 1251,2748 1253,2750 1253,2770 1255,2770 1256,2771 1257,2771 1258,2772 1264,2772 1266,2774 1266,2777 1332,2777 1332,2774 1334,2772 1341,2772 1343,2770 1345,2770 1345,2763 1346,2762 1347,2762 1348,2761 1372,2761 1372,2757 1374,2755 1376,2755 1376,2750 1378,2748 1396,2748 1398,2750 1398,2752 1464,2752 1464,2750 1466,2748 1468,2748 1470,2746 1472,2746 1472,2727 1473,2726 1476,2726 1477,2727 1477,2748 1505,2748 1506,2749 1507,2749 1508,2750 1508,2752 1573,2752 1573,2750 1575,2748 1694,2748 1696,2750 1696,2755 1751,2755 1753,2757 1753,2772 1819,2772 1819,2755 1777,2755 1776,2754 1776,2753 1775,2752 1775,2750 1777,2748 1779,2748 1779,2724 1780,2723 1787,2723 1788,2724 1788,2746 1795,2746 1797,2748 1860,2748 1861,2747 1862,2747 1863,2746 2042,2746 2042,2744 2043,2743 2044,2743 2045,2742 2047,2744 2047,2761 2045,2763 2016,2763 2016,2782 2082,2782 2082,2774 2084,2772 2123,2772 2124,2771 2125,2771 2126,2770 2139,2770 2139,2748 2141,2746 2145,2746 2146,2747 2147,2747 2148,2748 2167,2748 2169,2750 2169,2752 2235,2752 2235,2750 2237,2748 2256,2748 2256,2689 2189,2689 2187,2687 2187,2667 2104,2667 2104,2687 2102,2689 2047,2689 2045,2691 2044,2690 2043,2690 2042,2689 2012,2689 2011,2688 2011,2686 2010,2685 2010,2684 2009,2683 2009,2682 2008,2681 2008,2680 2007,2679 2007,2678 2006,2677 2006,2676 2005,2675 2005,2674 2004,2673 2004,2672 2003,2671 2003,2667 2002,2667 2001,2666 2001,2665 2000,2664 2000,2663 1999,2662 1999,2661 1998,2660 1998,2659 1997,2658 1997,2657 1996,2656 1996,2655 1995,2654 1995,2653 1994,2652 1994,2650 1993,2649 1993,2648 1992,2647 1992,2646 1991,2645 1991,2644 1990,2643 1990,2642 1989,2641 1989,2640 1990,2639 2218,2639 2222,2643 2256,2643 2256,2476 2237,2476 2235,2474 2235,2459 2233,2459 2231,2457 2156,2457 2154,2459 2148,2459 2148,2479 2147,2480 2146,2480 2145,2481 2134,2481 2132,2483 2130,2481 2130,2476 2049,2476 2047,2474 2047,2463 1981,2463 1981,2474 1979,2476 1912,2476 1911,2475 1911,2474 1910,2473 1910,2472 1909,2471 1909,2470 1908,2469 1908,2468 1907,2467 1907,2466 1906,2465 1906,2464 1905,2463 1905,2462 1904,2461 1904,2459 1903,2458 1903,2457 1902,2456 1902,2455 1901,2454 1901,2453 1900,2452 1900,2451 1899,2450 1899,2449 1898,2448 1898,2447 1897,2446 1897,2445 1896,2444 1897,2443 1933,2443 1933,2441 1935,2439 1937,2439 1939,2437 1940,2437 1942,2435 1942,2432 1944,2430 2108,2430 2108,2422 2109,2421 2109,2420 2110,2419 2111,2420 2111,2421 2112,2422 2112,2426 2117,2426 2119,2428 2119,2430 2128,2430 2130,2432 2256,2432 2256,2349 2183,2349 2183,2351 2180,2354 2176,2354 2174,2356 2174,2371 2172,2373 2126,2373 2126,2375 2123,2378 2117,2378 2115,2380 2112,2380 2112,2382 2110,2384 2106,2384 2104,2382 2104,2354 1998,2354 1996,2356 1968,2356 1968,2358 1966,2360 1963,2360 1963,2371 1961,2373 1935,2373 1935,2375 1933,2377 1933,2378 1931,2380 1928,2380 1928,2400 1926,2402 1891,2402 1889,2400 1889,2380 1887,2380 1885,2378 1882,2378 1881,2377 1881,2376 1880,2375 1880,2373 1856,2373 1854,2371 1854,2356 1852,2356 1851,2355 1850,2355 1849,2354 1771,2354 1770,2355 1769,2355 1768,2356 1727,2356 1727,2371 1725,2373 1670,2373 1670,2375 1669,2376 1669,2377 1668,2378 1665,2375 1665,2373 1663,2373 1661,2371 1661,2369 1595,2369 1595,2371 1593,2373 1529,2373 1529,2375 1528,2376 1528,2377 1527,2378 1433,2378 1433,2430 1435,2430 1437,2432 1503,2432 1505,2430 1518,2430 1519,2431 1520,2431 1521,2432 1586,2432 1587,2431 1588,2431 1589,2430 1626,2430 1628,2432 1627,2433 1627,2434 1626,2435 1626,2454 1718,2454 1718,2435 1719,2434 1719,2433 1720,2432 1771,2432 1773,2430 1852,2430 1854,2432 1854,2443 1894,2443 1895,2444 1895,2445 1896,2446 1896,2447 1897,2448 1897,2450 1898,2451 1898,2452 1899,2453 1899,2454 1900,2455 1900,2456 1901,2457 1901,2458 1902,2459 1902,2460 1903,2461 1903,2462 1904,2463 1904,2464 1905,2465 1905,2466 1906,2467 1906,2469 1907,2470 1907,2471 1908,2472 1908,2473 1909,2474 1909,2475 1908,2476 1847,2476 1845,2474 1849,2470 1849,2452 1766,2452 1766,2474 1764,2476 1731,2476 1729,2478 1729,2479 1727,2481 1722,2481 1720,2483 1718,2483 1718,2485 1716,2487 1714,2487 1714,2489 1711,2492 1710,2491 1710,2490 1709,2489 1709,2483 1707,2483 1705,2481 1619,2481 1617,2479 1617,2463 1615,2463 1613,2461 1613,2459 1468,2459 1468,2461 1466,2463 1464,2463 1463,2464 1462,2464 1461,2465 1459,2465 1459,2481 1457,2483 1455,2483 1455,2503 1457,2503 1459,2505 1459,2511 1458,2512 1458,2513 1457,2514 1456,2513 1456,2512 1455,2511 1453,2511 1451,2509 1451,2483 1448,2483 1446,2481 1404,2481 1402,2479 1402,2459 1374,2459 1373,2458 1373,2456 1372,2455 1372,2445 1371,2444 1371,2435 1370,2434 1370,2431 1371,2430 1429,2430 1429,2404 1426,2404 1424,2402 1424,2380 1422,2380 1420,2378 1418,2378 1415,2375 1415,2373 1374,2373 1372,2371 1372,2356 1364,2356 1363,2355 1363,2350 1362,2349 1362,2348 1363,2347 1415,2347 1416,2346 1417,2346 1418,2345 1420,2345 1420,2343 1421,2342 1421,2341 1422,2340 1424,2340 1424,2332 1425,2331 1425,2330 1426,2329 1486,2329 1488,2327 1569,2327 1569,2325 1571,2323 1589,2323 1591,2325 1591,2327 1797,2327 1799,2329 1799,2340 1876,2340 1876,2338 1878,2336 1885,2336 1885,2332 1886,2331 1886,2330 1887,2329 1889,2329 1889,2325 1891,2323 1933,2323 1935,2325 1935,2327 2007,2327 2007,2325 2009,2323 2045,2323 2047,2325 2047,2327 2256,2327 2256,2266 2198,2266 2196,2264 2196,2246 2055,2246 2055,2255 2053,2257 2049,2257 2049,2264 2047,2266 1966,2266 1965,2265 1964,2265 1963,2264 1963,2246 1880,2246 1880,2268 1878,2270 1863,2270 1863,2272 1860,2275 1856,2275 1854,2277 1854,2297 1852,2299 1843,2299 1841,2297 1841,2290 1838,2290 1836,2288 1836,2275 1834,2275 1833,2274 1833,2273 1832,2272 1832,2270 1611,2270 1610,2269 1609,2269 1608,2268 1608,2266 1521,2266 1521,2268 1520,2269 1519,2269 1518,2270 1369,2270 1367,2268 1369,2266 1372,2266 1372,2246 1366,2246 1365,2245 1365,2244 1366,2243 1366,2238 1367,2237 1367,2232 1368,2231 1368,2227 1369,2226 1369,2225 1370,2224 1376,2224 1376,2222 1378,2220 1380,2220 1381,2219 1382,2219 1383,2218 1391,2218 1392,2219 1393,2219 1394,2220 1582,2220 1584,2218 1597,2218 1598,2219 1599,2219 1600,2220 1808,2220 1810,2222 1810,2242 1882,2242 1887,2237 1889,2237 1889,2220 1891,2218 1926,2218 1928,2220 2029,2220 2031,2218 2036,2218 2038,2220 2256,2220 2256,2163 2224,2163 2222,2161 2154,2161 2153,2160 2153,2159 2152,2158 2152,2141 2154,2139 2161,2139 2161,2137 2162,2136 2162,2135 2163,2134 2165,2134 2165,2117 2167,2115 2202,2115 2203,2116 2204,2116 2205,2117 2205,2119 2256,2119 2256,2058 2148,2058 2147,2059 2146,2059 2145,2060 2077,2060 2077,2080 2080,2080 2082,2082 2082,2110 2080,2112 2079,2111 2078,2111 2077,2110 2077,2097 2073,2093 2073,2088 2069,2088 2068,2087 2067,2087 2066,2086 2066,2084 2023,2084 2022,2083 2021,2083 2020,2082 2021,2081 2022,2081 2023,2080 2025,2080 2025,2060 2023,2060 2022,2059 2021,2059 2020,2058 2020,2040 2018,2040 2016,2038 2016,2036 1946,2036 1946,2055 1945,2056 1945,2057 1944,2058 1762,2058 1760,2060 1749,2060 1748,2059 1747,2059 1746,2058 1746,2036 1744,2034 1678,2034 1676,2036 1670,2036 1670,2058 1668,2060 1512,2060 1512,2062 1510,2064 1505,2064 1503,2062 1503,2060 1399,2060 1398,2059 1398,2058 1399,2057 1399,2052 1400,2051 1400,2047 1401,2046 1401,2041 1402,2040 1402,2035 1403,2034 1403,2030 1404,2029 1404,2024 1405,2023 1405,2018 1407,2016 1536,2016 1538,2018 1538,2036 1621,2036 1621,2018 1622,2017 1623,2017 1624,2016 1687,2016 1687,2014 1689,2012 1703,2012 1705,2014 1705,2016 1819,2016 1819,2014 1821,2012 2020,2012 2020,2009 2021,2008 2022,2008 2023,2007 2031,2007 2032,2008 2033,2008 2034,2009 2034,2012 2167,2012 2169,2014 2169,2016 2244,2016 2244,2014 2246,2012 2248,2012 2248,2003 2249,2002 2250,2002 2251,2001 2256,2001 2256,1968 2246,1968 2244,1966 2244,1959 2240,1959 2239,1958 2238,1958 2237,1957 2237,1955 2145,1955 2144,1954 2144,1953 2143,1952 2143,1946 2139,1942 2112,1942 2111,1941 2111,1940 2110,1939 2110,1937 2108,1935 2038,1935 2038,1952 2037,1953 2037,1954 2036,1955 1966,1955 1963,1952 1963,1931 1926,1931 1925,1930 1925,1929 1924,1928 1924,1911 1926,1909 2189,1909 2191,1911 2191,1913 2256,1913 2256,1852 2110,1852 2109,1851 2109,1850 2108,1849 2108,1845 2106,1845 2104,1843 2104,1838 2102,1838 2101,1837 2100,1837 2099,1836 2099,1834 2075,1834 2073,1832 1998,1832 1998,1849 1997,1850 1997,1851 1996,1852 1849,1852 1849,1854 1847,1856 1819,1856 1817,1858 1814,1858 1814,1860 1813,1861 1813,1862 1812,1863 1810,1863 1808,1865 1806,1865 1806,1878 1805,1879 1804,1879 1803,1880 1790,1880 1788,1878 1788,1852 1685,1852 1684,1851 1684,1850 1683,1849 1683,1832 1595,1832 1595,1849 1594,1850 1594,1851 1593,1852 1536,1852 1535,1851 1535,1850 1534,1849 1534,1834 1532,1834 1531,1833 1530,1833 1529,1832 1387,1832 1386,1831 1386,1828 1385,1827 1385,1825 1384,1824 1384,1822 1383,1821 1383,1818 1382,1817 1382,1815 1381,1814 1381,1811 1380,1810 1380,1808 1379,1807 1379,1804 1378,1803 1378,1802 1379,1801 1383,1801 1385,1803 1385,1806 1595,1806 1595,1803 1597,1801 1683,1801 1685,1803 1685,1823 1689,1823 1690,1824 1691,1824 1692,1825 1775,1825 1777,1823 1779,1823 1779,1803 1781,1801 1946,1801 1948,1803 1948,1812 1996,1812 1998,1814 1998,1823 2001,1823 2003,1825 2088,1825 2088,1803 2089,1802 2090,1802 2091,1801 2235,1801 2235,1795 2236,1794 2236,1793 2237,1792 2256,1792 2256,1760 2226,1760 2225,1759 2225,1758 2224,1757 2224,1753 2226,1751 2253,1751 2253,1727 2251,1727 2250,1726 2249,1726 2248,1725 2248,1722 2169,1722 2169,1725 2167,1727 2119,1727 2119,1744 2117,1746 2025,1746 2020,1751 1998,1751 1998,1768 1997,1769 1997,1770 1996,1771 1988,1771 1985,1768 1985,1751 1979,1751 1972,1744 1972,1742 1902,1742 1902,1744 1900,1746 1891,1746 1889,1744 1889,1727 1814,1727 1814,1744 1812,1746 1718,1746 1717,1747 1717,1748 1716,1749 1715,1748 1715,1747 1714,1746 1714,1729 1635,1729 1635,1744 1634,1745 1633,1745 1632,1746 1593,1746 1591,1744 1591,1729 1516,1729 1514,1731 1512,1731 1512,1749 1510,1751 1508,1749 1508,1746 1415,1746 1415,1749 1413,1751 1368,1751 1367,1750 1367,1727 1366,1726 1366,1700 1365,1699 1366,1698 1477,1698 1479,1700 1479,1701 1481,1703 1556,1703 1556,1700 1558,1698 2104,1698 2106,1696 2108,1696 2110,1694 2112,1696 2115,1696 2117,1698 2256,1698 2256,1643 2119,1643 2119,1646 2117,1648 2106,1648 2104,1646 2104,1643 2040,1643 2038,1641 2038,1639 1970,1639 1970,1641 1968,1643 1895,1643 1893,1641 1893,1624 1819,1624 1819,1641 1817,1643 1795,1643 1794,1642 1793,1642 1792,1641 1792,1624 1709,1624 1707,1626 1705,1626 1705,1641 1703,1643 1668,1643 1667,1642 1666,1642 1665,1641 1665,1624 1586,1624 1586,1641 1584,1643 1497,1643 1496,1642 1495,1642 1494,1641 1494,1624 1492,1624 1491,1623 1491,1622 1490,1621 1490,1619 1407,1619 1407,1641 1406,1642 1405,1642 1404,1643 1376,1643 1375,1642 1377,1640 1377,1639 1379,1637 1379,1636 1381,1634 1381,1633 1383,1631 1383,1630 1385,1628 1385,1627 1387,1625 1387,1624 1389,1622 1389,1621 1391,1619 1391,1618 1393,1616 1393,1615 1395,1613 1395,1612 1397,1610 1397,1609 1399,1607 1399,1606 1401,1604 1401,1603 1403,1601 1403,1600 1405,1598 1405,1597 1407,1595 1407,1594 1409,1592 1409,1591 1411,1589 1411,1588 1413,1586 1413,1585 1414,1584 1415,1585 1415,1593 1418,1593 1420,1595 1420,1597 1547,1597 1547,1595 1549,1593 1602,1593 1604,1595 1604,1597 1683,1597 1683,1595 1685,1593 1692,1593 1694,1591 1696,1593 1746,1593 1747,1594 1748,1594 1749,1595 1749,1597 1924,1597 1924,1595 1926,1593 1957,1593 1959,1595 1959,1615 1961,1615 1963,1617 2064,1617 2066,1615 2066,1613 2067,1612 2068,1612 2069,1611 2073,1611 2073,1600 2074,1599 2074,1598 2075,1597 2108,1597 2108,1595 2110,1593 2137,1593 2139,1595 2139,1597 2213,1597 2213,1595 2215,1593 2222,1593 2224,1591 2224,1589 2225,1588 2225,1587 2226,1586 2256,1586 2256,1554 2226,1554 2225,1553 2225,1552 2224,1551 2224,1547 2222,1545 2222,1540 2224,1538 2224,1516 2152,1516 2145,1523 2141,1523 2141,1527 2139,1529 2139,1532 2137,1534 2134,1534 2132,1536 2112,1536 2110,1534 2110,1521 2109,1520 2109,1519 2108,1518 2108,1516 2080,1516 2079,1515 2078,1515 2077,1514 2077,1492 2078,1491 2079,1491 2080,1490 2115,1490 2117,1492 2117,1494 2185,1494 2186,1495 2186,1496 2187,1497 2187,1503 2256,1503 2256,1461 2233,1461 2231,1459 2231,1457 2226,1457 2224,1455 2224,1437 2222,1435 2222,1433 2137,1433 2136,1432 2135,1432 2134,1431 2134,1413 2049,1413 2049,1415 2048,1416 2048,1417 2047,1418 2047,1431 2045,1433 2020,1433 2020,1435 2018,1437 1952,1437 1950,1435 1950,1418 1948,1418 1947,1417 1947,1416 1946,1415 1946,1413 1753,1413 1751,1415 1751,1416 1749,1418 1749,1431 1748,1432 1747,1432 1746,1433 1714,1433 1714,1435 1713,1436 1712,1436 1711,1437 1571,1437 1569,1435 1569,1433 1470,1433 1469,1432 1470,1431 1470,1423 1471,1422 1471,1413 1472,1412 1472,1404 1473,1403 1473,1394 1474,1393 1474,1390 1475,1389 1593,1389 1595,1391 1595,1394 1597,1394 1598,1395 1599,1395 1600,1396 1600,1398 1665,1398 1665,1396 1666,1395 1667,1395 1668,1394 1674,1394 1674,1387 1676,1385 1725,1385 1727,1387 1727,1389 1799,1389 1803,1385 1808,1385 1810,1387 1810,1389 1882,1389 1884,1387 1885,1387 1887,1385 1933,1385 1937,1389 2009,1389 2009,1387 2010,1386 2011,1386 2012,1385 2014,1385 2016,1387 2016,1389 2088,1389 2088,1387 2089,1386 2090,1386 2091,1385 2099,1385 2099,1383 2102,1380 2103,1381 2103,1382 2104,1383 2104,1385 2132,1385 2134,1387 2134,1389 2202,1389 2202,1387 2203,1386 2204,1386 2205,1385 2256,1385 2256,1328 1977,1328 1976,1327 1975,1327 1974,1326 1974,1321 1972,1319 1972,1310 1970,1310 1968,1308 1968,1306 1898,1306 1898,1308 1897,1309 1896,1309 1895,1310 1891,1310 1891,1315 1889,1317 1889,1332 1887,1334 1882,1334 1880,1332 1880,1330 1878,1330 1876,1328 1847,1328 1845,1326 1845,1310 1771,1310 1771,1328 1770,1329 1769,1329 1768,1330 1764,1330 1762,1328 1762,1306 1670,1306 1670,1328 1668,1330 1657,1330 1657,1332 1656,1333 1655,1333 1654,1334 1652,1334 1650,1336 1650,1337 1648,1339 1648,1348 1646,1350 1643,1350 1643,1356 1641,1358 1628,1358 1626,1356 1628,1354 1630,1354 1630,1328 1527,1328 1525,1326 1525,1310 1518,1310 1516,1308 1518,1306 1591,1306 1591,1304 1592,1303 1592,1302 1593,1301 1600,1301 1600,1284 1602,1282 1705,1282 1705,1280 1706,1279 1706,1278 1707,1277 1708,1278 1708,1279 1709,1280 1709,1282 1887,1282 1889,1284 1889,1286 1952,1286 1952,1284 1953,1283 1954,1283 1955,1282 2007,1282 2007,1260 2005,1258 2005,1257 2003,1255 2005,1253 2009,1253 2010,1254 2011,1254 2012,1255 2012,1262 2014,1262 2016,1264 2016,1271 2018,1271 2020,1273 2020,1282 2023,1282 2025,1284 2025,1286 2088,1286 2088,1284 2089,1283 2090,1283 2091,1282 2256,1282 2256,1225 2005,1225 2003,1223 2003,1205 1928,1205 1926,1207 1924,1207 1924,1223 1922,1225 1917,1225 1915,1223 1915,1205 1836,1205 1834,1207 1832,1207 1832,1223 1830,1225 1795,1225 1794,1224 1793,1224 1792,1223 1792,1207 1790,1207 1788,1205 1709,1205 1709,1227 1711,1227 1712,1228 1713,1228 1714,1229 1714,1260 1713,1261 1712,1261 1711,1262 1709,1260 1709,1236 1707,1236 1705,1234 1705,1231 1703,1231 1702,1230 1701,1230 1700,1229 1698,1229 1696,1227 1696,1225 1547,1225 1547,1227 1545,1229 1499,1229 1497,1231 1490,1231 1490,1240 1488,1242 1486,1242 1486,1253 1485,1254 1484,1254 1483,1255 1466,1255 1464,1253 1466,1251 1468,1251 1468,1229 1466,1229 1464,1227 1464,1225 1422,1225 1420,1223 1420,1207 1418,1207 1417,1206 1416,1206 1415,1205 1345,1205 1343,1207 1341,1207 1341,1225 1340,1226 1339,1226 1337,1224 1336,1224 1335,1223 1334,1223 1333,1222 1332,1222 1331,1221 1330,1221 1329,1220 1328,1220 1327,1219 1326,1219 1325,1218 1324,1218 1322,1216 1321,1216 1320,1215 1319,1215 1318,1214 1317,1214 1316,1213 1315,1213 1314,1212 1313,1212 1312,1211 1311,1211 1309,1209 1308,1209 1307,1208 1306,1208 1305,1207 1304,1207 1303,1206 1302,1206 1301,1205 1300,1205 1299,1204 1298,1204 1297,1203 1296,1203 1294,1201 1293,1201 1292,1200 1291,1200 1290,1199 1289,1199 1288,1198 1287,1198 1286,1197 1285,1197 1284,1196 1283,1196 1282,1195 1281,1195 1279,1193 1278,1193 1277,1192 1276,1192 1275,1191 1274,1191 1273,1190 1272,1190 1271,1189 1270,1189 1269,1188 1268,1188 1266,1186 1265,1186 1264,1185 1263,1185 1262,1184 1261,1184 1260,1183 1259,1183 1258,1182 1257,1182 1256,1181 1255,1181 1254,1180 1255,1179 1306,1179 1306,1177 1307,1176 1307,1175 1308,1174 1378,1174 1379,1175 1379,1176 1380,1177 1380,1179 1508,1179 1508,1177 1509,1176 1509,1175 1510,1174 1514,1174 1515,1175 1515,1176 1516,1177 1516,1198 1600,1198 1600,1181 1602,1179 2060,1179 2060,1177 2061,1176 2061,1175 2062,1174 2093,1174 2094,1175 2094,1176 2095,1177 2095,1179 2161,1179 2161,1177 2162,1176 2162,1175 2163,1174 2209,1174 2211,1172 2213,1172 2213,1168 2215,1166 2248,1166 2248,1163 2249,1162 2250,1162 2251,1161 2256,1161 2256,1133 2220,1133 2218,1131 2218,1128 2215,1128 2213,1126 2213,1095 2141,1095 2140,1096 2140,1097 2139,1098 2139,1100 2137,1102 2134,1102 2134,1106 2133,1107 2133,1108 2132,1109 2130,1109 2128,1111 2126,1111 2126,1113 2125,1114 2124,1114 2123,1115 2084,1115 2084,1117 2083,1118 2083,1119 2082,1120 2069,1120 2066,1117 2066,1098 1992,1098 1992,1102 1990,1104 1990,1120 1988,1122 1983,1122 1981,1120 1863,1120 1860,1117 1860,1098 1779,1098 1779,1120 1777,1122 1659,1122 1657,1120 1657,1102 1571,1102 1571,1120 1569,1122 1516,1122 1516,1124 1514,1126 1512,1124 1512,1122 1315,1122 1315,1124 1314,1125 1313,1125 1312,1126 1310,1124 1310,1122 1299,1122 1297,1120 1264,1120 1263,1119 1263,1118 1262,1117 1262,1102 1183,1102 1183,1120 1181,1122 1170,1122 1170,1124 1168,1126 1159,1126 1157,1124 1157,1122 1145,1122 1144,1121 1143,1121 1142,1120 1141,1120 1140,1119 1139,1119 1138,1118 1137,1118 1135,1116 1134,1116 1133,1115 1132,1115 1131,1114 1130,1114 1129,1113 1128,1113 1127,1112 1126,1112 1125,1111 1124,1111 1123,1110 1122,1110 1120,1108 1119,1108 1118,1107 1117,1107 1116,1106 1115,1106 1114,1105 1113,1105 1112,1104 1111,1104 1110,1103 1109,1103 1107,1101 1106,1101 1105,1100 1104,1100 1103,1099 1102,1099 1101,1098 1100,1098 1099,1097 1098,1097 1097,1096 1096,1096 1095,1095 1094,1095 1092,1093 1091,1093 1090,1092 1089,1092 1088,1091 1087,1091 1086,1090 1085,1090 1084,1089 1083,1089 1082,1088 1081,1088 1078,1085 1078,1074 1079,1073 1079,1072 1080,1071 1834,1071 1835,1072 1835,1073 1836,1074 1836,1087 1911,1087 1911,1084 1913,1082 1915,1082 1915,1078 1917,1076 1917,1074 1920,1071 2042,1071 2043,1070 2044,1070 2045,1069 2174,1069 2176,1071 2244,1071 2246,1069 2256,1069 2256,1017 2255,1017 2254,1016 2254,1015 2253,1014 2253,1012 2202,1012 2198,1008 2169,1008 2167,1006 2167,992 2027,992 2026,993 2026,994 2025,995 2025,999 2023,1001 2020,1001 2020,1003 2019,1004 2019,1005 2018,1006 2016,1006 2016,1014 2015,1015 2015,1016 2014,1017 1913,1017 1913,1041 1911,1043 1869,1043 1867,1041 1867,1025 1863,1025 1861,1023 1860,1023 1858,1021 1858,1019 1856,1019 1854,1017 1825,1017 1824,1016 1824,1015 1823,1014 1823,992 1749,992 1746,995 1722,995 1722,997 1720,999 1714,999 1713,1000 1712,1000 1711,1001 1709,1001 1709,1012 1707,1014 1707,1015 1705,1017 1668,1017 1665,1014 1665,995 1591,995 1591,997 1589,999 1582,999 1582,1014 1581,1015 1581,1016 1580,1017 1488,1017 1487,1016 1487,1015 1486,1014 1486,1012 1415,1012 1415,1014 1414,1015 1414,1016 1413,1017 1409,1017 1408,1016 1408,1015 1407,1014 1407,995 1404,995 1403,994 1403,993 1402,992 1328,992 1327,993 1327,994 1326,995 1315,995 1315,999 1314,1000 1313,1000 1312,1001 1310,1001 1310,1012 1308,1014 1308,1015 1306,1017 1306,1047 1304,1049 1303,1048 1302,1048 1301,1047 1301,1023 1299,1023 1297,1021 1297,1019 1295,1019 1293,1017 1157,1017 1155,1019 1154,1018 1153,1018 1152,1017 1106,1017 1105,1016 1105,1015 1104,1014 1104,995 1025,995 1025,1005 1024,1006 1022,1004 1022,1003 1020,1001 1020,1000 1018,998 1018,997 1015,994 1015,993 1013,991 1013,990 1011,988 1011,987 1009,985 1009,984 1007,982 1007,981 1004,978 1004,977 1002,975 1002,974 1000,972 1000,971 998,969 998,968 997,967 998,966 1019,966 1021,968 1244,968 1245,967 1246,967 1247,966 1264,966 1266,968 1398,968 1400,966 1413,966 1415,968 1494,968 1495,967 1496,967 1497,966 1562,966 1564,968 1648,968 1650,966 1663,966 1665,968 1792,968 1793,967 1794,967 1795,966 1821,966 1823,968 1882,968 1885,971 1885,984 1952,984 1957,979 1959,979 1963,975 1963,962 1964,961 1965,961 1966,960 1970,964 1970,966 1983,966 1985,968 1985,986 2073,986 2073,968 2075,966 2218,966 2218,964 2220,962 2222,962 2222,955 2224,953 2256,953 2256,922 2224,922 2222,920 2222,909 2220,909 2218,907 2218,905 2215,905 2213,903 2213,889 2139,889 2139,907 2137,909 2016,909 2016,911 2015,912 2015,913 2014,914 1968,914 1966,916 1963,916 1963,920 1961,922 1959,922 1959,938 1957,940 1917,940 1915,938 1915,920 1913,920 1911,918 1911,914 1904,914 1903,913 1903,912 1902,911 1902,909 1860,909 1858,907 1858,894 1856,894 1854,892 1854,889 1856,887 1871,887 1871,865 1872,864 1873,864 1874,863 1889,863 1891,861 1893,861 1893,859 1895,857 1898,857 1898,854 1900,852 1902,854 1902,857 1904,857 1906,859 1906,861 1909,861 1911,863 1926,863 1928,865 1928,885 1931,885 1933,887 2007,887 2009,885 2016,885 2016,865 2018,863 2253,863 2255,861 2256,861 2256,806 2251,806 2249,804 2248,804 2246,802 2183,802 2182,801 2181,801 2180,800 2180,797 2117,797 2117,804 2115,806 2102,806 2101,805 2100,805 2099,804 2099,797 2097,797 2095,795 2095,793 2091,793 2090,792 2089,792 2088,791 2016,791 2014,793 2012,793 2012,804 2011,805 2010,805 2009,806 1963,806 1963,808 1961,810 1926,810 1924,808 1924,791 1856,791 1854,793 1854,808 1852,810 1825,810 1823,808 1823,806 1733,806 1731,804 1731,802 1665,802 1665,804 1663,806 1657,806 1657,857 1659,857 1661,859 1661,863 1668,863 1670,865 1740,865 1742,863 1751,863 1753,865 1781,865 1782,866 1783,866 1784,867 1784,885 1786,885 1788,887 1788,889 1786,891 1786,892 1784,894 1764,894 1762,892 1762,889 1678,889 1678,892 1676,894 1674,894 1672,896 1670,896 1668,898 1665,898 1665,911 1664,912 1664,913 1663,914 1646,914 1643,911 1643,909 1624,909 1623,908 1622,908 1621,907 1621,889 1538,889 1536,891 1536,892 1534,894 1529,894 1529,896 1527,898 1525,898 1525,911 1524,912 1524,913 1523,914 1518,914 1517,913 1517,912 1516,911 1516,903 1514,903 1513,902 1513,901 1512,900 1512,896 1510,896 1508,894 1424,894 1422,896 1420,896 1418,898 1415,898 1415,918 1413,920 1411,920 1409,922 1407,920 1404,920 1402,918 1402,914 1391,914 1390,913 1390,912 1389,911 1389,909 1356,909 1354,907 1354,889 1356,887 1358,887 1359,886 1360,886 1361,885 1363,885 1363,865 1365,863 1470,863 1472,865 1538,865 1540,863 1643,863 1644,862 1645,862 1646,861 1648,861 1648,830 1646,830 1645,829 1644,829 1643,828 1643,810 1597,810 1595,808 1595,806 1518,806 1516,804 1516,786 1514,786 1512,784 1512,782 1437,782 1437,784 1435,786 1429,786 1429,789 1428,790 1427,790 1426,791 1424,791 1422,793 1420,793 1420,804 1418,806 1415,806 1415,808 1413,810 1411,808 1411,806 1365,806 1363,804 1363,791 1361,791 1360,790 1359,790 1358,789 1358,786 1339,786 1337,784 1339,782 1345,782 1345,775 1346,774 1347,774 1348,773 1350,773 1350,762 1352,760 1536,760 1538,762 1538,784 1608,784 1609,783 1610,783 1611,782 1613,782 1613,767 1614,766 1614,765 1615,764 1670,764 1670,762 1672,760 1703,760 1705,762 1705,764 1775,764 1775,762 1777,760 1998,760 1999,759 2000,759 2001,758 2256,758 2256,697 2251,697 2248,694 2183,694 2180,697 2174,697 2174,699 2172,701 2077,701 2075,703 2027,703 2025,701 2025,683 1948,683 1948,699 1946,701 1913,701 1911,703 1874,703 1873,702 1872,702 1871,701 1871,683 1869,683 1867,681 1867,679 1792,679 1792,681 1790,683 1784,683 1784,686 1783,687 1782,687 1781,688 1779,688 1777,690 1775,690 1775,701 1773,703 1733,703 1731,701 1731,694 1729,694 1727,692 1727,683 1725,683 1724,682 1723,682 1722,681 1723,680 1724,680 1725,679 1753,679 1753,659 1755,657 2018,657 2020,659 2020,670 2095,670 2097,668 2099,668 2099,666 2100,665 2101,665 2102,664 2104,664 2105,663 2105,662 2106,661 2108,661 2108,657 2110,655 2110,631 2108,629 2108,624 2106,624 2104,622 2102,622 2101,621 2100,621 2099,620 2099,618 2034,618 2031,615 2031,604 2029,602 2029,574 1963,574 1961,576 1959,576 1959,578 1957,580 1955,580 1955,585 1954,586 1953,586 1952,587 1948,587 1946,585 1946,580 1867,580 1867,598 1865,600 1812,600 1810,598 1810,580 1727,580 1727,598 1725,600 1529,600 1529,609 1527,611 1525,609 1525,607 1523,607 1522,606 1522,605 1521,604 1518,604 1516,602 1516,600 1514,600 1512,598 1492,598 1490,596 1490,576 1483,576 1481,574 1418,574 1417,573 1419,571 1420,571 1437,554 1438,554 1440,552 1475,552 1477,554 1556,554 1558,552 1560,552 1560,550 1561,549 1561,548 1562,547 1564,547 1564,534 1565,533 1566,533 1567,532 1569,532 1569,515 1570,514 1581,514 1582,515 1582,521 1584,521 1586,523 1586,526 1584,528 1582,528 1582,552 1624,552 1626,554 1692,554 1694,552 1711,552 1712,553 1713,553 1714,554 1906,554 1907,553 1908,553 1909,552 2035,552 2036,553 2038,553 2039,554 2040,554 2041,555 2043,555 2044,556 2045,556 2046,557 2048,557 2049,558 2050,558 2051,559 2053,559 2054,560 2055,560 2056,561 2058,561 2059,562 2060,562 2061,563 2063,563 2064,564 2065,564 2066,565 2068,565 2069,566 2070,566 2071,567 2073,567 2074,568 2075,568 2076,569 2078,569 2079,570 2080,570 2081,571 2083,571 2084,572 2085,572 2086,573 2088,573 2089,574 2090,574 2091,575 2093,575 2094,576 2095,576 2096,577 2098,577 2099,578 2100,578 2101,579 2103,579 2104,580 2105,580 2106,581 2108,581 2109,582 2110,582 2111,583 2113,583 2114,584 2115,584 2116,585 2118,585 2119,586 2120,586 2121,587 2123,587 2124,588 2125,588 2126,589 2126,596 2125,597 2124,597 2123,598 2119,598 2119,620 2123,620 2126,623 2127,623 2130,626 2130,675 2200,675 2200,672 2202,670 2202,657 2203,656 2204,656 2205,655 2256,655 2256,598 2255,598 2253,596 2253,591 2205,591 2204,590 2203,590 2202,589 2202,580 2200,578 2200,567 2134,567 2132,569 2130,569 2130,572 2128,574 2126,574 2126,585 2125,586 2124,586 2123,585 2121,585 2120,584 2119,584 2118,583 2116,583 2115,582 2114,582 2113,581 2111,581 2110,580 2109,580 2108,579 2106,579 2105,578 2104,578 2103,577 2101,577 2100,576 2099,576 2098,575 2096,575 2095,574 2094,574 2093,573 2091,573 2090,572 2089,572 2088,571 2086,571 2085,570 2084,570 2083,569 2081,569 2080,568 2079,568 2078,567 2076,567 2075,566 2074,566 2073,565 2071,565 2070,564 2069,564 2068,563 2066,563 2065,562 2064,562 2063,561 2061,561 2060,560 2059,560 2058,559 2056,559 2055,558 2054,558 2053,557 2051,557 2050,556 2049,556 2048,555 2046,555 2045,554 2044,554 2043,553 2044,552 2095,552 2095,539 2097,537 2099,539 2099,543 2102,543 2104,545 2104,547 2167,547 2168,548 2168,549 2169,550 2169,552 2235,552 2235,550 2236,549 2236,548 2237,547 2256,547 2256,495 2255,495 2253,493 2251,493 2248,490 2248,488 2215,488 2213,486 2213,471 2211,471 2209,469 2134,469 2132,471 2112,471 2112,488 2115,488 2117,490 2117,493 2115,495 2102,495 2101,494 2100,494 2099,493 2031,493 2030,492 2030,491 2029,490 2029,471 1942,471 1941,472 1940,472 1939,473 1937,473 1933,477 1933,480 1931,482 1928,482 1928,493 1926,495 1895,495 1893,493 1893,482 1891,482 1889,480 1889,473 1779,473 1779,475 1777,477 1771,477 1771,480 1770,481 1769,481 1768,482 1766,482 1766,486 1764,488 1762,488 1762,495 1760,497 1755,497 1753,495 1753,488 1749,488 1748,487 1747,487 1746,486 1746,482 1678,482 1676,484 1674,484 1674,495 1672,497 1663,497 1661,495 1595,495 1593,497 1582,497 1582,511 1581,512 1570,512 1569,511 1569,501 1567,501 1566,500 1565,500 1564,499 1564,497 1558,497 1556,495 1514,495 1512,493 1512,473 1505,473 1503,471 1433,471 1431,473 1424,473 1424,493 1422,495 1415,495 1413,497 1407,497 1407,499 1406,500 1405,500 1404,501 1402,501 1401,502 1401,503 1400,504 1398,504 1398,541 1400,541 1402,543 1404,543 1405,544 1406,544 1407,545 1407,547 1409,547 1410,548 1410,549 1411,550 1411,552 1434,552 1435,553 1426,562 1425,562 1413,574 1411,574 1409,576 1402,576 1402,578 1400,580 1398,580 1398,583 1396,585 1394,585 1394,589 1393,590 1392,590 1391,591 1389,591 1389,596 1387,598 1386,598 1385,597 1384,597 1382,595 1381,595 1379,593 1378,593 1376,591 1375,591 1373,589 1372,589 1371,588 1370,588 1368,586 1367,586 1365,584 1364,584 1362,582 1361,582 1359,580 1358,580 1356,578 1355,578 1354,577 1353,577 1351,575 1350,575 1348,573 1347,573 1345,571 1344,571 1342,569 1341,569 1340,568 1339,568 1337,566 1336,566 1334,564 1333,564 1331,562 1330,562 1328,560 1327,560 1325,558 1324,558 1323,557 1322,557 1320,555 1319,555 1317,553 1318,552 1380,552 1380,528 1378,528 1376,526 1376,497 1374,497 1372,495 1317,495 1315,493 1315,473 1291,473 1290,472 1289,472 1288,471 1288,464"/><TextEquiv><Unicode/></TextEquiv><TextLine id="r2_l001"><Coords points="644,473 2236,473 2236,569 644,569"/><TextEquiv index="1"><Unicode>donc que loin de m'offener de</Unicode></TextEquiv></TextLine><TextLine id="r2_l002"><Coords points="644,576 2236,576 2236,672 644,672"/><TextEquiv index="1"><Unicode>votre douloureue perplexit, je</Unicode></TextEquiv></TextLine><TextLine id="r2_l003"><Coords points="636,686 2236,686 2236,778 636,778"/><TextEquiv index="1"><Unicode>rends hommage au jute entiment</Unicode></TextEquiv></TextLine><TextLine id="r2_l004"><Coords points="640,792 2231,792 2231,881 640,881"/><TextEquiv index="1"><Unicode>qui la caue: je ens trop qu'une</Unicode></TextEquiv></TextLine><TextLine id="r2_l005"><Coords points="640,898 2236,898 2236,980 640,980"/><TextEquiv index="1"><Unicode>mere infortune &amp; enible, quoi-</Unicode></TextEquiv></TextLine><TextLine id="r2_l006"><Coords points="644,1001 2236,1001 2236,1090 644,1090"/><TextEquiv index="1"><Unicode>qu'aveugle en a tendree, mrite</Unicode></TextEquiv></TextLine><TextLine id="r2_l007"><Coords points="649,1104 2236,1104 2236,1193 649,1193"/><TextEquiv index="1"><Unicode>le acrifice de nos plus chers int-</Unicode></TextEquiv></TextLine><TextLine id="r2_l008"><Coords points="653,1210 2236,1210 2236,1299 653,1299"/><TextEquiv index="1"><Unicode>rts. Le pouvoir, que la loi vous</Unicode></TextEquiv></TextLine><TextLine id="r2_l009"><Coords points="653,1316 2240,1316 2240,1392 653,1392"/><TextEquiv index="1"><Unicode>donne de lui riter, doit tre un</Unicode></TextEquiv></TextLine><TextLine id="r2_l010"><Coords points="649,1423 2240,1423 2240,1508 649,1508"/><TextEquiv index="1"><Unicode>droit pour elle &amp; un motif de plus,</Unicode></TextEquiv></TextLine><TextLine id="r2_l011"><Coords points="644,1525 2245,1525 2245,1615 644,1615"/><TextEquiv index="1"><Unicode>pour dterminer votre cur gn-</Unicode></TextEquiv></TextLine><TextLine id="r2_l012"><Coords points="649,1628 2240,1628 2240,1717 649,1717"/><TextEquiv index="1"><Unicode>reux  faire pencher la balance en</Unicode></TextEquiv></TextLine><TextLine id="r2_l013"><Coords points="649,1731 2245,1731 2245,1820 649,1820"/><TextEquiv index="1"><Unicode>a faveur. Je ne croirai point, pui-</Unicode></TextEquiv></TextLine><TextLine id="r2_l014"><Coords points="653,1841 2249,1841 2249,1927 653,1927"/><TextEquiv index="1"><Unicode>que vous me le dfendez, que l'une</Unicode></TextEquiv></TextLine><TextLine id="r2_l015"><Coords points="658,1940 2253,1940 2253,2033 658,2033"/><TextEquiv index="1"><Unicode>de nous puie l'emporter ur l'au-</Unicode></TextEquiv></TextLine><TextLine id="r2_l016"><Coords points="653,2043 2253,2043 2253,2136 653,2136"/><TextEquiv index="1"><Unicode>tre; mais je vous conjurerai, par</Unicode></TextEquiv></TextLine><TextLine id="r2_l017"><Coords points="658,2146 2256,2146 2256,2235 658,2235"/><TextEquiv index="1"><Unicode>tout ce que l'amour a de plus cher</Unicode></TextEquiv></TextLine><TextLine id="r2_l018"><Coords points="675,2256 2256,2256 2256,2345 675,2345"/><TextEquiv index="1"><Unicode>&amp; de plus acr pour vous, de cder</Unicode></TextEquiv></TextLine><TextLine id="r2_l019"><Coords points="671,2358 2256,2358 2256,2448 671,2448"/><TextEquiv index="1"><Unicode>aux vux de la marquie, s'il et</Unicode></TextEquiv></TextLine><TextLine id="r2_l020"><Coords points="658,2461 2256,2461 2256,2557 658,2557"/><TextEquiv index="1"><Unicode>impoible de la faire changer de</Unicode></TextEquiv></TextLine><TextLine id="r2_l021"><Coords points="662,2567 2256,2567 2256,2643 662,2643"/><TextEquiv index="1"><Unicode>rolution. Non eulement vous lui</Unicode></TextEquiv></TextLine><TextLine id="r2_l022"><Coords points="666,2677 2256,2677 2256,2777 666,2777"/><TextEquiv index="1"><Unicode>devez plus qu' moi, mais plus</Unicode></TextEquiv></TextLine></TextRegion><ImageRegion id="r3" orientation="0.0"><Coords points="1038,341 1036,344 1008,344 1008,346 1006,348 1003,348 1003,370 1006,370 1008,372 1014,372 1017,374 1017,396 1014,398 1008,398 1008,425 1010,425 1012,427 1012,429 1218,429 1218,427 1220,425 1297,425 1299,427 1299,429 1363,429 1363,427 1365,425 1369,425 1372,427 1372,429 1442,429 1442,427 1444,425 1457,425 1459,427 1459,429 1545,429 1547,431 1549,431 1551,433 1551,436 1617,436 1617,433 1619,431 1652,431 1654,429 1729,429 1731,431 1803,431 1806,429 1847,429 1852,425 1876,425 1876,423 1878,420 1880,420 1880,396 1878,396 1876,394 1876,392 1856,392 1854,390 1854,366 1762,366 1760,368 1562,368 1560,366 1558,366 1556,363 1556,361 1490,361 1490,363 1488,366 1466,366 1464,363 1464,361 1461,361 1459,359 1459,357 1385,357 1385,377 1383,379 1380,377 1380,372 1378,372 1376,370 1376,368 1374,368 1372,366 1277,366 1275,363 1275,361 1209,361 1209,363 1207,366 1133,366 1131,363 1131,341"/></ImageRegion></Page></PcGts>