2480 3507
245 483 1816 579 qu' vous-mme. D'ailleurs, oyez
236 593 1820 686 peruad que la paix intrieure, que
241 706 1825 771 vous obtiendrez en vous immolant
241 795 1829 895 a volont, et mille fois prfra-
236 905 1825 987 ble aux charmes de l'amour, lor-
241 1015 1834 1104 que a jouiance peut affliger ceux
245 1118 1834 1214 qui nous ont donn le jour. O
245 1227 1838 1320 vertu, quel facrifice tu exiges des
245 1330 1580 1423 ames oumies  ton empire!
363 1436 1842 1512 Hlas! le bonheur s'et montr
245 1546 1838 1639 nous un moment; un eul mo-
254 1652 1842 1738 ment, nous l'avons p eprer.
254 1755 1851 1841 Qu'il et affreux d'y renoncer! ce-
254 1861 1847 1951 pendant il le faut; oui, Luzan; &
258 1968 1851 2053 nous erions peu dignes de nous-
263 2070 1864 2170 mmes, i nous prfrions notre
263 2177 1860 2269 flicit  notre devoir. Que dis-je?
267 2283 1860 2376 pourrions nous tre heureux en
267 2386 1860 2475 nous cartant de ce que la raion
267 2492 1860 2585 nous precrit? non, ans doute, &
267 2602 1860 2687 le vu de mon cur et que la
267 2705 1864 2801 agee nous guide, comme on
1670 357 1849 462 L
