2480 3507
620 341 795 440 Le
635 466 2236 562 erment et de vous adorer juqu'
639 576 1488 669 on dernier oupir.
744 682 2236 765 J'attends ma chere Henriette,
639 789 2236 881 & deux jours e ont couls de-
635 898 2236 994 puis celui qu'elle m'a indiqu pour
635 1001 2232 1090 fon arrive. Je fuis dans la plus vive
635 1107 2236 1200 inquitude; je crains tout ce qui
635 1217 2232 1306 peut m'affliger; c'et trop de maux
630 1323 2232 1412 la fois pour mon enfible cur.
635 1433 2232 1519 Htez-vous de m'crire & de m'ap-
630 1539 2232 1628 prendre le parti que vous aurez
630 1639 2227 1735 pris; quel qu'il oit, il me emble
630 1748 2227 1841 qu'il me era plus upportable, que
630 1855 2232 1944 la douloureue incertitude o je
630 1961 2227 2050 uis. Je tremble que madame d'Albi
626 2067 2227 2160 ne oit malade; cependant je vais
630 2170 2227 2259 lui envoyer un exprs pour tre
626 2276 2232 2365 iforme plus tt de la vrit. La
626 2382 2227 2454 certitude d'un malheur m'et moins
626 2489 2227 2578 affreue que la crainte; ouvenez-
626 2595 2223 2687 vous donc bien de ne jamais me
621 2701 2219 2797 dguier ce que je puis redonter...
