2480 3507
1657 366 1832 469 E
304 1608 1741 1731 LETTRE XII.
410 1807 1644 1913 DE,
220 474 1807 583 Voila le baron qui entre; je lui
225 597 1816 689 laiſſe croire que je vous écris des
225 703 1811 792 nouvelles, & ſur-tout que je vous
220 806 1816 895 parle beaucoup de lui. Je ſuis obli-
220 908 1816 998 gée de fermer ma lettre, car ſa
212 1015 1820 1104 curioſité me paroît extrême, & il
220 1118 1820 1210 faut, plus que jamais, lui cacher
225 1231 1084 1316 notre intelligence.
414 2184 1838 2269 ourut, chere Henriette,
203 2290 1842 2379 aiſſes-tu Eliſabeth dans la plus tour-
229 2396 1842 2485 mentante inquiétude? depuis trois
225 2502 1842 2591 jours je t'attends avec la plus vive
203 2605 1847 2694 impatience; & tu ne viens, ni ne
198 2711 1847 2801 m'écris. Que veux-tu que je penſe?
