2480 3507
642 494 2230 583 que les plus fâcheux accidents te
638 597 2230 689 ſont arrivés ſans doute, puiſque
638 703 2230 792 j'ignore ce que tu fais. En vain tu
642 809 2226 902 m'as juré de m'avertir ſur le champ
642 915 2235 1004 ſi tu étois malade; cette promeſſe
638 1018 2235 1107 ne me raſſure point; ou ſi j'y
642 1128 2230 1214 compte quelquefois, ce n'eſt que
638 1234 2230 1316 pour me tourmenter davantage,
612 1337 2235 1426 parce que je crains alors le pire des
642 1436 2235 1525 maux; que la mort ne t'ait ravie à
638 1546 1444 1615 ma tendreſſe...
1491 1546 2226 1611 .Mon Dieu!
585 1649 2230 1749 que je ſuis malheureuſe d'avoir des
585 1749 2235 1824 ſentiments ſi exceſſifs! La nuit- du
638 1858 2235 1951 jour heureux où je t'attendois, je
642 1964 2230 2053 ne fermai pas l'œil, je me levai à
638 2070 2230 2160 cinq heures du matin, je me mis
642 2177 2226 2266 cent fois à la fenêtre, j'allai autant
638 2280 2226 2372 au jardin; le bruit de chaque voi-
638 2386 2226 2458 ture me cauſoit des treſſaillements
638 2492 2222 2581 qui m'ôtoient la reſpiration, & dès
598 2595 2230 2684 que je n'entendois plus rien, mon
633 2698 2239 2794 impatience redoubloit: je m'avan-
602 361 786 449 Ls
