2480 3507
1709 361 1882 455 .
264 494 1852 586 ois juqu' la porte de la rue pour
255 600 1857 689 ranimer mon epoir, par la vue de
264 699 1857 795 quelqu'objet propre  le outenir;
260 812 1861 898 & d'aui loin que j'apperevois un
264 915 1861 1004 carroe, je me flattois que c'toit
255 1018 1865 1094 celui de ma chere Henriette. Tou-
260 1124 1865 1214 jours due & jamais rebute, je
251 1231 1865 1320 crois que j'aurois pa la journe
211 1337 1861 1423 entiere  la cour & au jardin, i
246 1443 1865 1522 l'on ne m'et force de monter
242 1546 1865 1635 pour dner. Tu concevras aiment
238 1652 1865 1741 'effervecence de mon cur, quand
242 1759 1870 1848 tu auras que non eulement j'at-
251 1865 1870 1951 tendois mon unique amie, mais
251 1971 1870 2060 ue le mme jour, le mme mo-
255 2074 1870 2163 ment je comptois fur une lettre du
251 2180 1865 2262 chevalier. Elle arriva cette lettre,
251 2283 1870 2379 & i les erments de l'amour le plus
242 2393 1870 2482 endre, faits par l'homme le plus
246 2496 1865 2585 aimable & le plus aim, pouvoient
246 2598 1870 2694 onfoler des inquitudes que caue
246 2701 1870 2801 abence d'une amie adore, j'au-
387 2807 770 2903 Partie I.
