2480 3507
1355 2811 1545 2903 Hi
247 497 1837 593 les plus deprants pour ceux qui
247 600 1832 696 font ous a dpendance. Elle et
247 706 1845 792 douce, tendre, enible, dvote &
243 812 1845 908 opinitre  l'excs; & pour comble
243 915 1850 1008 de digrace, elle met tant de bont
243 1025 1841 1118 dans on obtination, que Luzan
243 1131 1841 1220 et forc de la repecter juque dans
247 1234 1850 1313 es refus. J'honore, il et vrai, a
247 1340 1845 1429 pit filiale, car il n'a pas un enti-
247 1453 1514 1539 ment qui ne oit une vertu.
358 1549 1868 1649 Mais, voici Pexplication pro-
247 1649 1854 1745 mie. Ecoute le plus profond ecret
247 1759 1859 1844 de mon ame. J'admire & j'abhorre
243 1865 1859 1963 a perplexit; tout mon ang s'al-
242 1962 1867 2068 lume  la eule pene qu'il balance
242 2063 1867 2175 entre a mere & moi. Eh bien!
243 2176 1868 2273 malgr ma haine pour on aveugle
238 2283 1859 2379 oumiion, je l'ai conjur d'obir
243 2386 1859 2482 la marquie, de prononcer es
243 2492 1876 2574 vux; mon cur e dchire en
234 2602 1894 2698 lui faiant cette priere & je t'aure
238 2711 1890 2801 que l'arrt de ma mort m'et bren
1709 401 1841 463 L
