2480 3507
274 501 1850 593 car il me ſemble qu'animée d'un
274 603 1850 703 ſaint zele pour la religion, il me
269 706 1854 785 ſeroit moins douloureux d'être la
269 816 1854 905 proie des flammes, que de renon-
269 919 1854 1011 cer au bonheur de devenir l'épouſe
949 1028 1863 1118 .Pourquoi ai-je
269 1025 909 1114 de Luzan...
265 1131 1868 1220 joui de ce doux eſpoir? avant ce
269 1231 1876 1323 cher & fatal inſtant, l'intelligence
274 1337 1938 1409 de nos ames eût ſuffi à ma félicité:
269 1440 1868 1532 ſatisfaite de la poſſeſſion de ſon
269 1549 1872 1639 cœur, je n'aurois peut - être pas
260 1652 1872 1741 porté mes vœux plus loin. J'entre-
265 1755 1876 1844 voyois à peine l'eſpérance d'unir
265 1858 1903 1944 nos deſtinées, & je ne me livrois à
265 1961 1881 2050 ce rayon que pour autoriſer ma
269 2064 1881 2156 tendreſſe: l'honnêteté m'en faiſoit
265 2173 1881 2262 un beſoin bien plus que mon cœur;
256 2276 1885 2362 car, en vérité, j'étois ſi heureuſe
269 2382 1885 2475 par mes propres ſentiments, que
260 2489 1885 2578 je ſuis perſuadée que j'aurois paſſé
260 2591 1885 2681 ma vie à eſpérer ſans me plaindre
274 2698 1898 2804 e ne rien obtenir. Mais à préſent,
1726 391 1850 473 L
