2480 3507
569 490 2182 579 comment e faire une raion? Quel
560 603 2164 693 parti prendre, i le chevalier fait
560 710 2177 799 es vux, comme il y a lieu de le
555 812 2159 905 craindre, d'aprs mes intances &
555 919 2177 994 la rolution dtermine o il et
560 1022 2173 1125 de ne point dobliger a mere?
555 1125 2155 1220 Cependant, il me dit, que je me
542 1238 2155 1327 garde bien de croire que l'une de
551 1340 2155 1433 nous puie triompher. Que penes-
546 1447 2173 1543 tu de ce langage? que ignifie-t-il?
546 1549 2155 1639 Je frmis de l'interprtation qu'il
542 1656 2177 1741 faut y donner. Il ne veut ni renon-
546 1759 2168 1837 cer  moi, ni dobir  a mere:
546 1865 2168 1954 qu'epere-t-il donc? mourir, ans
1009 1971 2168 2060 .. Ah! Henriette, que
542 1971 974 2040 doute...
546 2074 2164 2156 deviendroit ta malheureue amie,
542 2180 2151 2269 i ce defepoir ...... mais que de-
546 2283 2173 2369 viendrai-je encore, s'il fait l'ternel
542 2389 2146 2487 erment qui parera  jamais notre
542 2487 2168 2591 ort? Me era-t-il permis de le re-
546 2602 2168 2691 voir, & m'expoerai-je  rougir de
546 2708 2168 2804 mon amour, aprs en avoir fait ma
