2480 3507
242 490 1821 586 gfoire? non, & quelque vive que
242 600 1830 689 oit ma tendree, je crois pouvoir
238 706 1830 795 rpondre que je mourrois avant que
238 809 1835 902 on charme me portt  rien qui
233 915 1835 1004 pt me cauer des remors. Cepen-
238 1022 1835 1104 dant, s'il et vrai, comme on le
233 1124 1839 1217 prtend, que la paion & la agee
238 1231 1839 1323 oient incompatibles, je me uis
233 1340 1835 1438 trop engage; car je ens qu'il ne
233 1438 1839 1536 m'et pas plus poible, quoiqu'il
233 1549 1835 1645 arrive, de ceer d'aimer Luzan,
233 1656 1835 1741 que de ceffer d'adorer la vertu ....
233 1759 1843 1848 Chere Henrrette, toi qui lis i bien
229 1865 1843 1954 dans mon cur, & qui prvois trop
224 1975 1848 2060 bren l'avenir, qu'apperois-tu dans
229 2067 1848 2166 mes dipoitions? quelles en eront
233 2184 1848 2256 les uites? Hlas! il faut te l'avouer,
224 2283 1843 2382 je tremble pour moi-mme, malgr
229 2396 1848 2497 la puret de nos entiments; parce
220 2497 1848 2591 que, comme tu Pas judicieuement
233 2598 1848 2698 oberv, le danger et d'autant plus
229 2711 1852 2804 grand, que l'approbation intrieure
