2480 3507
1495 2831 1632 2921 Ii.
314 511 1906 617 Pen aime mille fois davantage, &
314 627 1906 734 l'intant d'aprs je le blme, & je
314 734 1906 830 voudrois que on amour prvalt.
310 847 1906 936 Pour me contenter, il faudroit qu'il
314 950 1915 1039 pt vaincre & cder tout  la fois
310 1052 1919 1148 on penchant. Y a-t-il rien de plus
310 1159 1911 1248 injute que ce conflit de vouloir?
429 1265 1924 1358 Enfin, quelque oit le parti qu'il
310 1371 1928 1460 prenne, je ne dmentirai point l'o-
310 1477 1928 1567 pinion que je lui ai donne de ma
318 1584 1955 1669 rignation. Je l'ai fortement en-
318 1680 1933 1779 gag  m'informer tout de uite de
323 1786 1937 1879 ce qui eroit rolu. Je erai peut-
323 1889 1942 1981 tre pluieurs jours  attendre a
332 1998 1942 2088 rpone, juge de mon tourment,
327 2105 1946 2190 ont tu ne connois pas encore tou-
327 2208 1946 2280 tes les caues. J'ai fait une fatale
1057 2310 1946 2400 ...Plut au ciel que
301 2317 1017 2400 dcouverte...
336 2417 1950 2506 je me fue trompe dans mes re-
341 2520 1955 2612 marques! c'et ce que tu m'aide-
341 2622 1955 2718 rois  claircir, i tu tois ici. Je te
341 2729 1964 2845 rpete la fervente priere de venir
