2480 3507
487 1301 2133 1398 e ſuis fâchée, chere Eliſabeth,
532 1419 2134 1508 de t'avoir cauſé tant d'inquiétudes.
528 1525 2138 1615 La vive peinture, que tu m'en fais,
528 1628 2151 1721 pénétre mon cœur; tu me fais
537 1735 2151 1827 éprouver les divers mouvements de
532 1844 2151 1940 ton ame agitée. Que ne donnerois-
532 1947 2151 2043 je pas pour avoir prévenu tes allar-
532 2053 2147 2142 mes, s'il eût été en mon pouvoir!
541 2160 2156 2249 mais je n'ai pu diſpoſer d'un ſeul
537 2269 2160 2355 inſtant pour t'écrire. Madame
541 2369 2160 2448 d'Albi eſt tombée malade, denx
546 2475 2160 2567 heures avant celle que j'avois arrê-
550 2581 2164 2674 tée pour mon départ: une fievre
550 2687 2160 2780 ardente & de fréquents vomiſſe-
537 710 2032 809 LETTRE XIII.
787 905 1861 987 De Madame d'Alei,
664 1076 1980 1148 ET.
519 353 686 405 e
