2480 3507
1426 2811 1581 2879 Iiv
322 497 1920 586 ments ont mis ſa vie en danger &
322 603 1929 697 nous ont fait craindre de la perdre
313 697 1925 799 juſqu'à ce moment, où, graces au
313 812 1920 884 ciel, elle eſt rendue à nos vœux.
313 919 1925 987 La bonté de ton cœur te fera aiſé-
305 1022 1925 1111 ment concevoir que je ne pouvois
305 1128 1920 1228 m'en repoſer ſur des ſervices étran-
305 1228 1916 1323 gers, ſans bleſſer le devoir le plus
309 1337 556 1405 ſacré.
419 1440 1916 1536 Des gardes, des médecins & des
305 1546 1912 1639 prêtres, ſont des objets ſi triſtes,
300 1652 1912 1738 lorſqu'ils ne nous environnent que
305 1755 1916 1844 par la néceſſité de leurs miniſteres,
305 1858 1916 1951 qu'en vérité, je plains un malade
305 1964 1916 2033 s'il eſt entiérement livré à eux.
305 2067 1916 2156 Abuſé par les uns, effrayé par les
305 2173 1912 2262 autres, je ne vois pas de ſituation
300 2280 1912 2372 plus malheureuſe & qui ait plus de
309 2386 1916 2475 droit à la pitié: auſſi quand je n'au-
309 2492 1912 2581 rois pas été portée d'inclination,
309 2598 1912 2687 comme je le ſuis, à tenir fidelle
309 2705 1907 2794 compagnie à ma belle-mere, l'hu-
