2480 3507
579 374 740 439 e
562 473 2164 579 maux o nous expoent quelque-
562 597 1959 686 fois les vertueues inpirations.
675 703 2172 800 Ce que tu m'apprends des ten-
566 800 2168 900 dres & opinitres refus de la mar-
566 912 2172 1008 quie, ne me urprend point; c'et
562 1022 2168 1097 une uite naturele de on caractere.
562 1128 2172 1210 Elle et dvote, dis-tu, & rement
562 1238 2172 1320 elle l'et avec excs; ans cela,
562 1344 2168 1436 j'aurois une trs bonne opinion de
557 1453 2177 1539 on cur, d'aprs le portrait que
566 1553 2177 1642 tu m'en as fait: mais je vois d'ici
570 1659 2177 1759 qu'elle peritera aintement dans
566 1762 2181 1861 on obtination; peruade que, i
575 1872 2181 1971 elle empche on fils de e marier,
575 1981 2181 2070 c'et une victime qu'elle enleve au
575 2084 2185 2173 dmon. Ne te flatte donc point de
583 2197 1084 2269 ce ct-l.
697 2304 2190 2393 Quant au chevalier, il y a un
518 2406 2190 2509 nuage entre es dicours & es
588 2513 2185 2612 actions, qui m'empche de pn-
588 2622 2246 2701 trer es vritables entiments. Je
531 2729 2190 2828 ne puis rien prononcer ans avoir
