2480 3507
1749 415 1906 487 r
305 507 1910 614 oberv de prs cet homme-l. Un
314 631 1910 710 amour i ardent, i incere, & ce-
310 734 1910 823 pendant ubordonn  une obi-
310 840 1910 929 ance dont le motif et purile, me
310 946 1910 1039 parot une choe i incompatible,
305 1056 1919 1148 que je uis preque tente d'expli-
310 1162 1910 1255 quer ce que je ne puis compren-
305 1265 1906 1358 dre, par un peu d'hypocriie de la
301 1371 1906 1467 part de Luzan; ou du moins, je
305 1484 1910 1573 vois trs clairement qu'il prfere le
301 1587 1910 1680 uffrage de la multitude,  celui du
301 1693 1910 1786 petit nombre: car aurment, ma
310 1800 1910 1885 chere, toi & moi l'applaudirions
301 1899 1910 1998 beaucoup, s'il reprentoit  a
296 2011 1909 2113 mere que raionnablement il ne
296 2111 1909 2210 doit pas acrifier une grande for-
283 2225 1910 2326 tune, ni l'epoir d'tendre a pot-
297 2326 1906 2427 rit, au got dtermin qu'elle a
297 2441 1901 2533 pour le clibat; qu'il n'y et point
292 2544 1901 2649 appell par on penchant, mais
288 2649 1897 2746 u'au contraire, il ne fera point
297 2759 1897 2855 on alut dans un tat pour lequel
