2480 3507
511 487 2202 583 il ne ſe ſent nulle diſpoſition pour
598 597 1643 682 en remplir les devoirs.
712 699 2202 789 N'eſt-il pas vrai, Eliſabeth, que tu
603 806 2197 895 approuves ce raiſonnement, quoi-
603 915 2197 1001 que tu aies admiré la piété filiale
603 1018 2202 1090 du chevalier? Ton motif eſt nou-
603 1128 2202 1217 veau pour l'encourager à s'y main-
598 1231 2197 1320 tenir. Je t'avoue, qu'à mon avis,
598 1337 2197 1426 c'eſt payer trop cher une vénéra-
598 1443 2197 1532 tion & une eſtime qui te ſont dues
594 1549 2197 1635 à tant d'autres titres. N'es-tu pas
594 1652 2197 1728 belle à ſouhait, aimable à tout
598 1759 2197 1837 charmer, ſouverainement ver-
598 1868 2193 1944 tueuſe, & d'une vertu vraiment
594 1975 2197 2060 eſtimable, puiſque tes vertus ſont
594 2081 2197 2166 ton propre ouvrage? tu es bonne
594 2184 2210 2276 par excellence, modeſte ſur-tout;
594 2286 2197 2382 à l'égard de ton eſprit qui eſt on
1363 2389 2197 2465 .. Je n'acheverai
598 2400 1328 2485 ne peut plus...
598 2499 2193 2591 fûrement pas le portrait; quoiqu'il
598 2602 2193 2701 y ait encore mille choſes admira-
598 2711 2193 2804 bles en toi. Je trouve qu'il eſt auſſi
603 360 778 429 n
