2480 3507
555 449 2158 545 roit-il ne la pas porter au plus haut
550 555 2154 651 point? puiſque, moi femme, je me
559 662 2149 754 ſurprends quelquefois des heures
559 771 2149 860 entieres dans la contemplation de
559 878 1717 967 tes merveilleuſes qualités.
668 977 2149 1066 Je relis ta lettre, & je ſuis em-
559 1090 2149 1176 barraſſée de répondre à deux
559 1196 2149 1286 queſtions importantes. Sçavoir, ſi tu
564 1303 2149 1392 dois revoir Luzan, au cas qu'il ſuive
558 1404 2148 1506 la volonté de ſa mere. Enſuite, tu
563 1505 2153 1603 deſires que je te diſe ce que je penſe
564 1618 2154 1707 de tes diſpoſitions préſentes par
564 1724 2158 1817 rapport à l'avenir ...... Une foule
564 1827 2154 1920 d'idées ſe préſentent à mon eſprit
559 1937 2158 2022 ſur ces deux articles; mais il me
559 2043 2158 2132 faudroit plus de temps que je n'en
564 2149 2158 2238 ai pour te faire part de celles qui
564 2256 2154 2345 méritent quelqu'attention. D'ail-
564 2362 2149 2451 leurs je ferois des prophéties, je
568 2468 2149 2557 donnerois des conſeils, je t'effraie-
568 2574 2149 2663 rois ſur les dangers de ta poſition,
568 2681 2149 2763 tout cela envain. Ton amour eſt ſi
568 357 743 405 r
