2480 3507
1718 411 1894 487 1
443 2842 802 2914 Partie I.
390 1090 1828 1186 LETTRE XIV.
482 1279 1740 1371 DElaer ,
307 525 1889 626 de penſer à toi & à tout ce que tu
307 626 1898 717 m'as écris; je relirai ta lettre au
307 737 1135 823 moins quatre fois.
530 1680 1916 1776 naces au ciel, qui veille à
307 1786 1916 1879 la conſervation d'une perfonne ſi
311 1892 1916 1981 chere & ſi précieuſe que celle de
311 2002 1924 2077 mon aimable Henriette; l'événe-
311 2108 1924 2194 ment me prouve toujours que j'ai
311 2211 1924 2300 eu tort de prendre de ſi vives in-
316 2314 1929 2403 quiétudes ſur ſon compte, & plus
320 2420 1929 2509 encore, de les lui faire partager par
316 2523 1929 2595 les indiſcrets récits de mon céœur
320 2633 1929 2705 allarmé. Je ſuis confuſe, de voir
311 2735 1933 2835 que mon extrême ſenſibilité n'é-
320 1615 501 1753 GG
