2480 3507
310 535 1900 624 fait entrevoir l'eprance de venir
310 641 1905 739 bientt  Paris, ou de m'crire quel-
310 739 1905 833 que choe de poitif. C'et mal r-
301 850 1900 939 pondre  la priere que je lui ai
310 956 1905 1046 faite, de me tirer inceamment de
306 1059 1905 1145 la cruelle incertitude o je uis:
306 1166 1922 1258 cet tat tant le plus inupporta-
306 1272 1909 1361 ble, pour une imagination aui
306 1378 1254 1467 vive que la mienne.
411 1477 1918 1577 Je t'avoue que cette conduite
301 1591 1913 1663 fait natre des allarmes inconnues
297 1690 1918 1783 mon cur juqu' ce jour, joint
301 1800 1931 1892 tes dernieres obervations, qui,
301 1906 1922 1998 ans me convaincre, m'ont frapp
301 2012 1918 2101 l'eprit, aini qu'une lumiere blouit
306 2118 1926 2211 nos yeux aprs une iongue obcu-
301 2225 1926 2317 rit; on clat, dans le premier mo-
306 2331 1931 2420 ment, et la eule impreion dont
315 2437 1926 2526 nous oyons uceptibles. De mme,
306 2540 1931 2633 le mot pocrie a aii mon en-
306 2650 1931 2729 tendement, ans me laier la libert
301 2753 1926 2849 de croire ou de rejetter tes oup-
1420 2855 1590 2948 Xi
1717 425 1896 497 L.
