2480 3507
298 501 1898 593 mon cur  la torture, que de
302 607 1903 679 douter de celui du chevalier. Non,
298 710 1903 802 jamais je ne ceerai de croire  a
302 819 715 888 incrit.
421 919 1907 1008 Tu as raion, chere Henriette,
302 1028 1986 1118 de t'en repoer ur moi-mme pour
302 1131 1911 1224 les uites de la dangereue ituation
302 1241 1911 1310 ont les circontances me mena-
316 1344 1911 1436 cent. Cette honorable opinion de
311 1450 1911 1539 ta part uffiroit eule pour me
307 1553 1911 1645 faire acqurir une vertu dont tu me
302 1663 1916 1748 rois capable. Cependant, je te
316 1762 1916 1851 demanderai toujours l'aitance de
316 1868 1924 1964 tes coneils; un nouvel vnement
329 1971 1920 2060 me les rend trs nceaires, parce
320 2077 1920 2170 qu'il et plus beoin de prudence
324 2187 1924 2280 que de toute autre vertu. La d-
329 2293 1924 2382 couverte, dont je t'ai parl dans
324 2400 1929 2492 ma derniere lettre, n'et que trop
324 2502 1924 2595 vrifie. Ce matin, comme j'ache-
320 2609 1920 2687 vois de lire le billet du chevalier,
329 2711 1938 2804 mon oncle et entr bruquement
