2480 3507
574 497 2186 583 dans mon cabinet, & e aiiant
578 607 2186 696 de la lettre que je tenois encore,
578 713 2181 806 j'ai enti es mains tremblantes;
574 819 2186 912 il s'efforoit de rire pour drober
569 926 1204 1018 on agitation.
682 1032 2186 1124 Pourquoi donc ma nice me fai-
569 1142 2186 1231 tes vous un mytere .....? C'et,
569 1251 2186 1340 ans doute, pour me priver des
569 1351 2186 1450 choes obligeantes que le chevalier
565 1460 2195 1549 vous dit de moi: car je ais que
565 1567 2195 1656 on etime et i grande pour ma
565 1669 2195 1759 peronne, qu'il en parle continue-
565 1779 908 1844 lement.
678 1879 2195 1971 Vous verrez, monieur, lui ai-je
565 1988 2203 2084 dit malignement, parce que j'tois
561 2091 2195 2187 pique de on procd, que ce n'et
561 2201 2203 2290 pas moi qui vous prive des loges
556 2304 1182 2379 du chevalier.
678 2413 2195 2506 Oui je vois ...... fort bien, ma
561 2520 2203 2609 nice ...... quoique je ois fch
565 2629 2203 2718 de l'oubli de Luzan, je uis bien
552 2732 2199 2825 aie de ne pas trouver ce que je
578 360 795 446 tr
