2480 3507
295 521 1877 610 cher  moi. Comptez que je ferai
300 627 1882 717 tout ce qui era en mon pouvoir
300 727 1891 819 pour vous rendre heureue. Je puis
300 836 1891 922 donc me flatter que vous ne crain-
300 939 1891 1028 drez pas de paer vos jours avec un
300 1039 1899 1131 homme qui ne s'occupera que de
291 1148 1899 1238 votre bonheur. Dites, y conentez-
300 1265 569 1323 vous?
181 1358 1899 1447 -- Ce fut mon intention, lorque
225 1450 1895 1553 votre gnreue bont m'pargna
291 1567 1895 1659 l'horreur de faire des vux que
291 1673 815 1765 j'abhorrois-
370 1772 1904 1848 -- Auriez-vous la mme averfion
295 1885 1904 1975 pour des engagements tout oppo-
291 1985 1811 2074 s, & refueriez vous de.....-
419 2091 1908 2180 Il a pli un genou, & s'alloit
286 2197 1904 2286 nettre  mes pieds, pour achever
286 2300 1908 2396 ans doute a dclaration, i je
291 2406 1908 2485 'eue recul d'effroi. Heureue-
295 2509 1904 2595 ment des viites ont mis fin  cette
286 2615 1930 2711 inguliere cne; je dis inguliere,
282 2718 1908 2821 ar te erois e tu jamais imagine
427 2825 798 2917 Partie I.
