2480 3507
1365 2805 1554 2889 Lii.
523 1330 1893 1433 ans le chagrin qui t'accable,
303 1433 1893 1529 chere Eliſabeth, tu exageres tes
299 1543 1893 1635 maux & les périls de ta ſituation.
294 1645 1893 1731 Les uns ne ſont pas plus au-deſſus
294 1752 1897 1837 de tes forces, que les autres au-
294 1855 1208 1944 deſſus de ta ſageſſe.
373 1957 1893 2050 Il y a long-temps que j'avois ſoup-
281 2064 1893 2160 çonné le penchant du baron; mais
281 2166 1893 2262 craignant de me tromper, je n'ai
281 2273 1893 2369 pas voulu te cauſer de l'inquiétude
272 2369 1888 2475 par de fauſſes allarmes. D'ailleurs,
228 2482 1884 2581 je penſois comme toi, qu'arrêté par
276 2590 1887 2691 les liens du ſang & ſur-tout par la
271 2690 1887 2795 grande diſproportion d'âge, il n'o-
1700 367 1893 459 L
386 737 1809 847 LETTRE XV.
588 939 1603 1018 De Madame d'Alnt,
487 1097 1717 1196 l.
302 1255 493 1396 D
