2480 3507
1417 2797 1606 2866 Liv
317 483 1900 579 flatter, que, ans le bonheur que
317 597 1909 682 tu as de lui appartenir, tu ne met-
326 699 1909 789 trois point d'obtacle  es vux;
317 799 1909 891 je te rponds que nous parvien-
321 905 1909 994 drions  le gurir de a folle paion,
317 1011 1909 1100 par une plus frivole  la vrit,
317 1118 1918 1207 mais moins dangereue. Je le con-
317 1224 1918 1310 nois aez, pour tre re que l'on
317 1327 1918 1412 peut tout attendre de la bont de
317 1433 1922 1522 on cur. Je ne redoute que l'excs
312 1536 1918 1628 de on amour-propre. Il et donc
317 1642 1922 1728 eentiel de diriger tes procds de
312 1741 1922 1843 ce ct-l. Si je vais bientt  Paris,
308 1843 1922 1940 comme il y a lieu de l'eprer,
312 1954 1927 2046 parce que la ant de madame
308 2053 1927 2149 d'Albi va de mieux en mieux, je
317 2166 1927 2256 te promets que je ne partirai pas
290 2273 1936 2362 ans t'avoir dlivre des enflammes
308 2376 1927 2468 percutions du baron. Avec les
321 2482 1922 2567 peronnes indiffrentes, & pour le
299 2588 1922 2674 fervice de quelqu'un qui m'et aui
317 2691 1927 2777 cher que mon Eliabeth, je ne
1725 381 1905 456 L
