2480 3507
544 459 2135 552 de prudence. Dans la conjoncture,
539 566 2139 651 c'eſt une protection viſible de l'a-
544 672 2139 761 mour, qu'il n'ait pas écrit comme
552 778 2139 843 on avoit lieu de l'attendre. Tout
548 881 2148 970 étoit perdu, ſi le baron eût décou-
548 987 2148 1076 vert votre intelligence; pluſieurs
548 1094 2148 1162 motifs auroient allumé ſon cour-
547 1195 2147 1298 roux. D'abord il auroit été piqué,
529 1297 2147 1391 de ce que l'on ne Iui auroit pas fait
552 1405 2152 1495 confidence d'une inclination myſté-
548 1512 2152 1601 rieuſe, & romaneſque par rapport
552 1611 2152 1707 à l'état du chevalier. Tu ſçais
552 1721 2161 1810 comme il aime tout ce qui eſt ſin-
544 1824 2157 1913 gulier, & ſur-tout comme il eſt
548 1930 2161 2022 jaloux d'y être mêlé pour quelque
552 2036 2161 2125 choſe. De plus, il auroit été cho-
552 2139 2161 2232 qué de la préférence; car il ne lui
552 2249 2161 2334 vient pas même à la penſée que nul
539 2352 2161 2441 oive l'emporter ſur lui. Il eſt donc
539 2458 2157 2544 indiſpenſable de te bien obſerver
557 2564 2157 2657 juſqu'à ce que nous l'ayons ſubju-
561 2670 2157 2763 gué à force d'éloge. Je ne me fais
557 350 728 422 e
