2480 3507
411 449 2001 545 point de ſcrupule d'entretenir ſon
415 559 2005 651 foible, puiſqu'il n'y a rien d'hon-
411 669 2001 754 nête que l'on n'obtienne de lui,
415 771 2005 869 en le prenant de ce côté-là. Je n'ai
415 869 2009 963 pas beſoin de te dire que ſi c'étoit
402 984 2005 1073 un vice qu'il fallût flatter, je ne m'y
398 1087 2009 1183 réſoudrois jamais, quand ton bon-
411 1193 1979 1286 heur & le mien en dépendroient.
524 1299 2005 1388 Ranime tes eſpérances, chere
406 1409 2005 1498 Eliſe. Je te répête & t'aſſure que je
406 1515 2009 1604 ſerai bientôt à Paris. D'ici, je par-
398 1618 2009 1707 tage tes peines; mais là, je mettrai
406 1724 2009 1813 tout en cœuvre pour les faire diſpa-
406 1831 712 1899 roître.
524 1930 2009 2022 La marquiſe, dévote & opiniâtre,
411 2040 2005 2129 ne changera rien à ſes ſaintes réſo-
415 2146 2005 2235 lutions, parce qu'elle ſe perſuade
393 2249 2005 2345 que le ciel a ſeul part à la force
398 2358 2001 2448 qu'elle a de réſiſter aux prieres de
411 2461 1996 2554 ſon fils. Mais ce fils pieux, quoique
411 2571 2005 2657 ſoumis, s'il eſt tendre & ſincere,
1830 353 1996 425 LEa
