2480 3507
522 473 2133 576 lopper; je me borne à te fournir
522 597 892 662 matiere.
636 689 2133 775 La lettre, ou le retour du cheva-
522 802 2120 884 lier, tiennent furieuſement mes
522 905 2120 998 idées en ſuſpens. Je n'oſe hazarder
521 1007 2119 1106 une ſeule prophétie, quoique j'aie
521 1103 2115 1213 quelquefois le don de lire dans l'à-
522 1220 2116 1310 venir. Si Luzan t'écrit, la poſte
522 1330 2116 1429 ſeroit trop tardive: ſouris gracieu-
522 1433 2111 1529 fement à l'officieux Lapierre, auſſi-
522 1539 2116 1639 tôt il volera pour m'apporter cette
518 1645 2116 1741 importante miſſive, où l'arrêt de
518 1752 2111 1844 ton ſort doit-être prononcé; car ta
518 1858 2111 1957 joie ou ta douleur dépendent de la
518 1964 2111 2060 réſolution qu'il aura priſe. Adieu,
518 2074 2111 2160 chere Eliſabeth, je fais des vœux
518 2180 2111 2273 ardents pour qu'elle ſoit conforme,
518 2286 2120 2396 non à tes trompeuſes prieres, mais
514 2396 1040 2489 à tes deſirs.
522 370 705 453 L
