2480 3507
624 319 815 411 e
624 435 2228 544 point es vux: non qu'il dobie
624 544 2228 638 a mere, non qu'elle-mme e oit
632 651 2228 744 dpartie de a tyrannique volont;
628 758 2228 847 mais la crainte ans doute, d'attirer
628 864 2233 965 juque ur elle les digraces du
628 965 2233 1056 comte, fi le chevalier dcidoit de
628 1076 2237 1169 on ort ans a participation, l'a
628 1183 2237 1272 dtermine  permettre de diffrer
628 1286 2237 1382 juqu' ce qu'il ait obtenu on con-
628 1392 2246 1484 entement. C'et avoir tout gagn;
628 1501 2241 1573 car, Luzan et intimement con-
624 1601 2246 1693 vaincu, que on grand-pere n'ac-
628 1707 2246 1800 quiecera point aux dipofitions de
628 1813 2237 1906 la marquie. C'et un homme qui,
632 1920 2246 2019 dans le ein de a famille, et i ja-
632 2026 2246 2115 loux de on autorit, que ans au-
632 2132 2246 2221 cun motif particulier, il uffit qu'il ait
628 2235 2237 2331 fait connotre a volont, pour pr-
624 2341 2233 2434 tendre qu'elle oit uivie; la plus l-
628 2444 2237 2540 gere oppoition l'offene & lui fait
624 2550 2233 2643 croire que l'on veut braver on pou-
615 2657 2250 2756 roir. D'aprs ce caractere, tu vois
2050 2790 2237 2862 que
