2480 3507
259 494 1831 590 que nous avons une certitude mo-
259 607 1836 703 rale, qu'il ne conſentira point aux
259 717 1840 806 vœux de ſa brue, ſur-tout après
255 819 1836 908 avoir déclaré qu'il vouloit marier
250 922 812 994 le chevalier.
356 1032 1840 1104 Luzan attend ici le retour de ſon
242 1142 1844 1231 grand-pere, qui eſt allé à B....
237 1248 1844 1343 prendre les eaux. Il ſe propoſe de
237 1343 1849 1443 confier le ſecret de ſon cœur à quel-
237 1457 1849 1549 qu'un, pour l'engager à faire une
237 1560 1844 1652 démarche à mon ſujet, auprès de
233 1666 1853 1755 lui: mais il voudroit que ce fût une
228 1769 1853 1861 perſonne, non feulement diſcrete,
233 1872 1853 1968 mais que le comte ne pût ſoupçon-
233 1978 1853 2053 ner être de la connoiſſance de ſon
228 2077 1858 2177 fils, parce qu'il eſt eſſentiel de le
233 2190 1858 2280 mettre dans le cas de croire que la
224 2297 1858 2386 choſe deſirée vient uniquement de
233 2403 1862 2492 lui. I faudroit, pour cette délicate
233 2502 1866 2598 négociation, quelqu'un d'habile &
228 2609 1866 2701 de prudent; ſans cela, ce feroit me
228 2735 1458 2807 ommettre en pure perte.
386 2821 769 2917 Partie I.
1664 384 1836 470 .
