2480 3507
617 346 805 432 L
735 449 2210 555 Que penes-tu de ce projet? il
621 569 2206 666 enchante mon cur; mais il ne
621 666 2210 765 duit pas ma raion. Il y a tant de
621 778 2214 867 difficults  vaincre; ma mauvaie
617 888 2210 977 fortune, peut-tre les refus de mon
621 994 2219 1083 oncle; car, quoique tu puies me
617 1097 2219 1197 promettre, je ne le crois pas homme
617 1197 2223 1299 renoncer gnreuement  on
617 1306 2223 1410 bizarre deein. Cependant il e
617 1410 2227 1508 pourroit, comme tu l'imagines,
617 1522 2227 1611 qu'en le flattant beaucoup, ur-tout
613 1625 2227 1714 en lui peruadant que c'et une
613 1728 2227 1820 choe hroque & digne de a
613 1834 2227 1927 grande ame de triompher de on
617 1940 2227 2033 amour; il e pourroit, dis-je, qu'il
617 2046 2232 2132 e retrouvt dans le chemin de la
613 2149 2223 2249 raion, en fuivant la route de la
613 2256 2227 2345 folie. Mais pourrai-je me roudre
608 2358 2223 2451 jouer ce rle auprs de lui, moi
617 2468 2227 2557 qui aimerois autant tre condam-
604 2574 2232 2663 ne  la torture, qu' dire ce que
608 2677 2232 2773 je ne pene pas? Non, je ne puis
