2480 3507
1670 377 1847 459 1n
256 487 1847 573 rien ans ton aide. Viens donc,
256 597 1842 686 comme tu me l'as promis; que je
251 699 1855 792 ois aui heureue que le chevalier,
247 809 1842 898 qui verra demain, aprs trois ans
247 908 1842 1001 d'abence, le marquis de Saintr,
242 1018 1847 1107 on unique ami. Que on ort et
247 1121 1851 1214 digne d'envie! Ils ont, dit-il, lis
242 1224 1855 1317 de la plus incere amiti ds la plus
238 1317 1851 1419 tendre jeunee. Il m'a ouvent parl
220 1440 1860 1508 de lui avec une etime & une ten-
234 1543 1847 1641 dree, qui ne le cede point  la
229 1641 1855 1731 ntre. Henriette, n'es-tu pas de mon
234 1748 1855 1837 avis? une amiti, qui, elon ce que
225 1855 1855 1940 Luzan m'a dit, ubite depuis eize
216 1961 1851 2040 ans ans la moindre altration, &
216 2064 1855 2153 laquelle le temps n'a fait qu'ajou-
216 2173 1860 2259 ter de plus forts liens, & de nou-
216 2276 1855 2372 veaux charmes, et un favorable
216 2372 1860 2475 pae- port pour un homme qui en-
220 2489 1684 2557 tre dans la carriere de l'amour.
361 2588 1860 2674 J'ai cru devoir cacher au cheva-
207 2694 1851 2787 er les fentiments du baron, parce
1353 2801 1547 2893 Mii
