2480 3507
343 459 1941 549 uttention ſur un tableau de fleurs
356 569 1945 655 que je venois d'achever. Il s'extaſia,
351 675 1945 768 & outra ſes compliments, comme ſi
351 782 1945 871 c'eût été pour lui-même. Enſuite
356 884 1954 977 voulant, dit-il, rendre hommage à
360 991 1950 1080 la belle main qui avoit exécuté
360 1097 1954 1176 de ſi belles choſes, il la baiſa avec
360 1203 1963 1289 une ardeur que Luzan n'a jamais
369 1303 1959 1395 oſé exprimer. Cette offenſante li-
364 1412 1963 1508 berté m'a fait remarquer que dans
364 1515 1963 1608 un âge avancé, l'amour, fi Pon
360 1625 1967 1714 peut fans le profaner appeller tel
364 1724 1972 1807 les dernieres étincelles des ſens,
364 1834 1972 1923 'amour n'a plus cette aimable pu-
369 1933 1972 2026 deur qui caractériſe l'innocence &
369 2043 1981 2132 Phonnêteté des jeunes perſonnes.
369 2142 1981 2242 Pafſé la premiere jeuneſſe, les hom-
369 2256 2003 2345 mes fubſtituent l'audace au reſpect,
378 2362 1981 2451 le cyniſme à la décence, ou la honte
378 2468 1985 2557 à la timidité. De-là, je conclus que
378 2571 1985 2653 l'amour, ce ſentiment divin, cette
369 2677 1985 2773 ie des cœurs tendres, cette verte
