2480 3507
434 401 2017 494 qu'un trile hommage, parce que
430 507 2021 600 leurs apologites ont toujours la
434 614 2052 699 maladree de les reprenter i par-
430 717 2025 806 faits, qu' force de les rendre u-
434 826 2030 912 blimes, ils les rendent incroyables:
443 932 2034 1018 ou i l'amour du beau captive
438 1035 2030 1121 quelques intants notre crdulit, il
443 1138 2038 1231 arrive qu'aprs une infructueue
443 1244 2038 1334 contemplation, on dtourne trite-
443 1351 2047 1443 ment es regards de l'objet divin,
447 1457 2074 1546 en ongeant  l'extrme ditance
443 1560 2047 1645 qu'il y a de notre foiblee  un
447 1663 2052 1752 tre i parfait. Alors, n'ayant plus
452 1765 2047 1858 que le entiment de on inuffiance,
452 1875 2052 1964 on conclut qu'il et impoible d'at-
456 1978 2060 2070 teindre  des vertus i angliques.
456 2081 2056 2170 Il n'en et pas aini de toi, chere
460 2187 2060 2276 Elie: quiconque te connoitra telle
460 2290 2056 2379 que tu es, era comme entran
469 2400 2065 2489 t'imiter, ans onger  te prendre
473 2509 2074 2595 pour modele. Travaille donc, non
473 2612 2082 2705 te rendre parfaite, parce que cela
