2480 3507
1299 2746 1571 2831 Niv
310 429 1897 521 n'eſt pas au pouvoir humain; mais
305 531 1901 617 à diminuer le nombre de tes dé-
301 638 1893 730 fauts, pour être plus heureuſe, &
274 740 1892 835 ſur-tout pour n'avoir pas à te repro-
296 842 1887 942 cher les fautes de cetix qui ſui-
283 963 1888 1046 ront ton exemple; car, un mérite
292 1059 1888 1155 éclatant, expoſant plus aux regards
292 1162 1888 1258 du public celui qui le poſſéde, il
288 1268 1888 1361 le rend reſponſable à la ſociété de
287 1374 1909 1483 ſes moindres foibleſſes. Et comme
287 1476 1878 1579 je puis t'aſſurer, ſans flatterie, que
283 1591 1884 1687 tes qualités ſixent l'attention géné-
283 1690 1884 1786 rale, tu es obligée à plus d'exac-
283 1796 1884 1885 titude que tout autre: tire de ce
283 1903 1879 1998 puiſſant motif le deſir de te per-
288 2005 1884 2098 fectionner. Je ne puis te diſſimuler
283 2112 1884 2208 que, non ſeulement il eſt plus loua-
279 2214 1884 2314 ble, mais plus efficace que celui
275 2324 1879 2420 qui t'a été inſpiré par l'amour, parce
275 2430 1879 2530 qu'en ceſſant d'aimer, tu négligeras
275 2537 1875 2626 peut - être d'acqtérir des vertus
270 2646 1871 2742 que tu regarderas comme ſuper-
1723 333 1893 398 LEE
