2480 3507
664 432 2258 531 chagrin que j'prouve aujourd'hui.
664 535 2245 645 Soit que les carees d'une nouvelle
660 645 2250 730 famille aient des charmes vain-
655 751 2245 843 queurs pour une ame enible, ou
660 854 2245 950 que la perpective de mille objets
660 960 2245 1049 nouveaux duie l'imagintion
664 1066 2245 1159 d'une peronne qui ne connot pas
660 1172 2245 1262 le monde; oit enfin, que ces cir-
664 1275 2245 1364 contances runies  l'epoir, dont
660 1385 2245 1457 on me flattoit alors, de revenir
651 1488 2245 1560 demeurer  Paris, contribuaent
651 1591 2245 1683 diminuer ma douleur, je ens
655 1697 2250 1786 qu'elle ne peut tre compare
659 1802 2244 1899 celle qui m'accable. D'ailleurs,
659 1898 2249 1994 dans ce temps que je pourrois appel-
655 2009 2241 2101 ler heureux auprs de celui-ci, je
651 2115 2245 2204 croyois te laier heureue & tran-
651 2218 2228 2307 quille ous la protection d'un oncle,
651 2324 2241 2393 dont la vive amiti me embloit
651 2430 2237 2516 vraiment paternelle. Ses tendres
651 2533 2232 2629 oins pour toi, quoiqu'un peu trop
660 2636 2237 2718 recherchs ds-lors, me faioient
