2480 3507
209 497 1784 593 eprer que tu- n'aurois jamais qu'
179 607 1784 696 te fliciter de a gnreue bont.
201 710 1784 782 Il dioit i ouvertement le deein
205 819 1784 902 o il toit de vivre dans le clibat,
201 922 1788 1011 & de te faire on unique hritiere,
204 1031 1787 1128 que je n'enviageois pour toi qu'un
204 1127 1787 1223 avenir agrable. Mais, que les
205 1238 1788 1330 choes ont changes! & que de
205 1344 1792 1426 nouveaux motifs m'attachent  toi;
201 1453 1792 1536 ton infortune, ton amour, mes
205 1556 1788 1642 coneils, tes trop jutes allarmes,
205 1663 1792 1748 tes chagrins mmes, ont autant de
201 1765 1797 1855 liens qui forment une nouvelle
205 1872 1801 1961 chane pour mon cur. Je ais
205 1975 1801 2067 que dans les liaions vulgaires, on
205 2081 1805 2170 e tient compte des uccs de la
205 2190 1805 2276 fortune, & que l'on proportionne
201 2290 1805 2382 l'etime au degr de proprit;
205 2396 1805 2489 mais j'prouve bien enfiblement,
209 2499 1805 2598 qe la vraie amiti s'accroit par le
205 2605 1805 2698 malheur. Oui, fidelle amie, je ens
192 2711 1805 2811 ue tu ne me fus jamais i chere;
1618 398 1779 470 L
