<PcGts xmlns="http://schema.primaresearch.org/PAGE/gts/pagecontent/2017-07-15" xmlns:xsi="http://www.w3.org/2001/XMLSchema-instance" xsi:schemaLocation="http://schema.primaresearch.org/PAGE/gts/pagecontent/2017-07-15 http://schema.primaresearch.org/PAGE/gts/pagecontent/2017-07-15/pagecontent.xsd"><Metadata><Creator/><Created>2020-09-14T10:44:16</Created><LastChange>1970-01-01T00:00:00</LastChange><Comments/></Metadata><Page imageFilename="0166.png" imageHeight="3507" imageWidth="2480"><ReadingOrder><OrderedGroup id="g1"><RegionRefIndexed index="0" regionRef="r2"/><RegionRefIndexed index="1" regionRef="r3"/></OrderedGroup></ReadingOrder><ImageRegion id="r1" orientation="0.0"><Coords points="1047,374 1047,377 1045,379 1038,379 1038,383 1036,385 1034,385 1034,387 1032,390 1030,390 1030,414 1036,414 1038,416 1038,418 1041,418 1043,420 1043,425 1045,425 1047,427 1045,429 1038,429 1038,431 1036,433 1034,433 1034,455 1036,455 1038,458 1038,460 1141,460 1141,458 1144,455 1564,455 1567,458 1567,460 1648,460 1648,458 1650,455 1889,455 1889,451 1893,447 1893,423 1891,423 1889,420 1860,420 1858,418 1858,416 1860,414 1867,414 1869,412 1891,412 1893,414 1959,414 1959,396 1895,396 1893,394 1893,385 1821,385 1819,383 1819,374 1755,374 1755,383 1753,385 1720,385 1720,390 1718,392 1698,392 1698,394 1696,396 1672,396 1670,398 1668,398 1665,396 1483,396 1481,398 1479,398 1477,396 1475,396 1472,394 1472,392 1404,392 1404,403 1402,405 1402,414 1400,416 1396,416 1394,414 1394,403 1391,401 1391,398 1328,398 1328,401 1326,403 1323,403 1321,401 1321,396 1161,396 1159,394 1159,381 1157,381 1155,379 1131,379 1128,377 1128,374"/></ImageRegion><TextRegion id="r2" orientation="0.0" type="page-number"><Coords points="782,381 782,383 780,385 773,385 773,387 771,390 767,390 767,396 764,398 743,398 740,396 734,396 732,394 732,392 668,392 668,394 666,396 620,396 620,418 644,418 646,420 648,420 650,423 650,425 653,425 655,427 653,429 650,429 650,455 716,455 718,458 718,475 789,475 791,473 791,471 793,469 797,469 797,466 800,464 802,464 802,462 804,460 861,460 861,458 863,455 870,455 870,451 872,449 874,449 874,392 872,392 867,387 867,385 861,385 857,381"/><TextEquiv><Unicode/></TextEquiv><TextLine id="r2_l001"><Coords points="651,391 847,391 847,470 651,470"/><TextEquiv index="1"><Unicode>r</Unicode></TextEquiv></TextLine></TextRegion><TextRegion id="r3" orientation="0.0" type="paragraph"><Coords points="2169,493 2169,499 2167,501 2165,501 2164,502 2164,503 2163,504 2161,504 2161,506 2160,507 2159,507 2158,508 2156,508 2156,515 2154,517 1998,517 1996,519 1948,519 1946,517 1946,508 1942,508 1941,507 1940,507 1939,506 1939,497 1817,497 1817,499 1816,500 1815,500 1814,501 1808,501 1808,517 1806,519 1720,519 1718,517 1718,508 1716,508 1714,506 1714,504 1637,504 1637,506 1635,508 1632,508 1632,510 1630,512 1628,512 1628,519 1626,521 1418,521 1417,520 1416,520 1415,519 1415,501 1328,501 1328,519 1326,521 1319,521 1317,519 1275,519 1273,517 1273,501 1192,501 1192,519 1190,521 1104,521 1102,519 1102,501 1056,501 1054,499 1054,497 1043,497 1041,495 977,495 975,497 968,497 968,519 966,521 955,521 953,519 953,501 951,501 949,499 949,497 865,497 865,499 863,501 857,501 854,504 850,504 850,510 848,512 846,512 846,519 845,520 844,520 843,521 841,519 775,519 773,521 751,521 749,519 749,504 721,504 718,501 718,497 716,497 714,495 637,495 637,523 636,524 636,525 635,526 633,526 633,543 637,547 640,547 641,548 641,549 642,550 642,558 641,559 641,560 640,561 637,561 637,572 635,574 633,574 633,591 635,591 637,593 637,600 705,600 705,598 707,596 710,596 710,593 712,591 714,591 716,589 718,589 718,580 719,579 720,579 721,578 1185,578 1187,576 1190,576 1190,556 1187,556 1185,554 1185,550 1186,549 1186,548 1187,547 1198,547 1201,550 1201,554 1200,555 1199,555 1198,556 1196,556 1196,578 1432,578 1433,579 1433,582 1432,583 1432,585 1431,586 1431,588 1430,589 1430,592 1429,593 1429,595 1428,596 1428,599 1427,600 1427,602 1426,603 1426,605 1424,607 1394,607 1393,608 1392,608 1391,609 1391,626 1390,627 1390,628 1389,629 1350,629 1349,628 1349,627 1348,626 1348,624 1332,624 1330,622 1330,604 1328,604 1326,602 1325,602 1323,600 1258,600 1258,602 1257,603 1256,603 1255,604 1240,604 1239,605 1239,606 1238,607 1236,607 1236,620 1234,622 1231,622 1229,624 1082,624 1080,622 1080,604 964,604 964,622 962,624 905,624 903,622 837,622 835,624 760,624 758,622 758,604 686,604 683,607 681,607 681,622 679,624 637,624 637,626 636,627 636,628 635,629 633,629 633,646 637,650 637,657 635,659 633,659 633,681 635,681 637,683 637,686 705,686 705,683 707,681 922,681 924,683 924,686 997,686 997,683 999,681 1277,681 1278,682 1279,682 1280,683 1280,686 1343,686 1343,683 1345,681 1425,681 1426,682 1426,683 1427,684 1427,686 1428,687 1428,689 1429,690 1429,692 1430,693 1430,695 1431,696 1431,698 1432,699 1432,701 1433,702 1433,704 1434,705 1434,706 1433,707 1383,707 1383,736 1382,737 1381,737 1380,738 1378,736 1378,734 1374,734 1369,729 1369,727 1328,727 1326,725 1326,712 1325,711 1324,711 1323,710 1258,710 1258,712 1257,713 1256,713 1255,714 1253,714 1253,729 1252,730 1252,731 1251,732 1126,732 1125,731 1125,730 1124,729 1124,727 1021,727 1021,729 1020,730 1020,731 1019,732 892,732 889,729 889,727 751,727 751,729 750,730 750,731 749,732 738,732 737,731 737,730 736,729 736,707 659,707 658,708 658,709 657,710 650,710 650,712 648,714 646,714 646,716 644,718 642,718 642,725 640,727 637,727 637,754 640,754 642,756 640,758 637,758 637,764 636,765 636,766 635,767 633,767 633,784 635,784 637,786 637,789 1133,789 1133,786 1135,784 1141,784 1142,785 1143,785 1144,786 1144,789 1183,789 1184,790 1184,791 1186,793 1186,794 1187,795 1187,796 1188,797 1188,798 1189,799 1189,800 1191,802 1191,803 1192,804 1192,805 1193,806 1193,807 1194,808 1194,809 1196,811 1196,832 1195,833 1195,834 1194,835 1179,835 1178,834 1178,833 1177,832 1177,817 1174,817 1172,815 1172,813 1100,813 1100,832 1099,833 1099,834 1098,835 920,835 919,834 919,833 918,832 918,813 835,813 834,814 833,814 832,815 832,832 831,833 831,834 830,835 729,835 728,834 728,833 727,832 727,817 721,817 719,815 718,815 716,813 637,813 637,815 635,817 633,817 633,837 635,837 637,839 640,839 642,841 642,859 640,861 615,861 615,881 618,881 620,883 620,885 631,885 633,887 633,889 640,889 641,890 641,891 642,892 642,894 714,894 714,892 715,891 715,890 716,889 819,889 820,890 820,891 821,892 821,894 957,894 957,892 960,889 1054,889 1055,890 1055,891 1056,892 1056,894 1128,894 1128,892 1131,889 1141,889 1144,892 1144,894 1241,894 1243,896 1243,897 1245,899 1245,900 1246,901 1246,902 1247,903 1247,904 1248,905 1248,906 1250,908 1250,909 1251,910 1251,911 1252,912 1252,913 1253,914 1253,915 1255,917 1255,918 1256,919 1256,920 1257,921 1257,922 1258,923 1258,924 1260,926 1260,927 1261,928 1261,929 1262,930 1262,931 1263,932 1263,933 1265,935 1265,936 1266,937 1266,938 1267,939 1267,940 1268,941 1268,942 1269,943 1268,944 1249,944 1247,942 1247,922 1244,922 1242,920 1126,920 1126,942 1133,942 1135,944 1135,966 1137,966 1139,968 1139,973 1137,975 1131,975 1131,997 1273,997 1275,999 1309,999 1310,1000 1310,1001 1315,1006 1315,1007 1319,1011 1319,1012 1323,1016 1323,1017 1328,1022 1328,1023 1332,1027 1332,1028 1337,1033 1337,1034 1341,1038 1341,1039 1346,1044 1346,1045 1347,1046 1346,1047 1332,1047 1330,1049 1293,1049 1293,1052 1291,1054 1275,1054 1275,1058 1273,1060 1271,1060 1271,1071 1270,1072 1270,1073 1269,1074 1236,1074 1235,1073 1235,1072 1234,1071 1234,1056 1231,1056 1229,1054 1229,1049 1218,1049 1216,1047 1179,1047 1177,1045 1177,1043 1113,1043 1113,1045 1111,1047 894,1047 892,1049 878,1049 878,1052 876,1054 870,1054 869,1053 868,1053 867,1052 867,1049 826,1049 824,1047 747,1047 745,1045 745,1025 743,1025 742,1024 741,1024 740,1023 729,1023 727,1021 727,999 729,997 800,997 802,999 988,999 990,997 1071,997 1071,995 1074,992 1098,992 1098,968 1095,968 1093,966 1093,964 1069,964 1067,962 1067,946 1065,946 1063,944 1060,944 1058,942 1058,940 986,940 986,942 984,944 951,944 949,942 949,927 946,927 945,926 945,925 944,924 944,920 878,920 876,922 872,922 872,938 870,940 668,940 668,942 666,944 637,944 637,973 640,973 642,975 642,992 641,993 641,994 640,995 637,995 637,1021 661,1021 662,1022 663,1022 664,1023 663,1024 662,1024 661,1025 655,1025 655,1027 654,1028 654,1029 653,1030 650,1030 648,1032 646,1032 646,1045 644,1047 642,1047 640,1049 637,1049 637,1069 640,1069 642,1071 642,1078 640,1080 633,1080 633,1100 635,1100 637,1102 690,1102 694,1106 762,1106 762,1104 764,1102 867,1102 868,1101 869,1101 870,1100 878,1100 879,1101 880,1101 881,1102 892,1102 894,1104 894,1106 957,1106 957,1104 958,1103 959,1103 960,1102 1049,1102 1050,1103 1051,1103 1052,1104 1052,1106 1115,1106 1115,1104 1117,1102 1144,1102 1148,1106 1203,1106 1204,1107 1204,1108 1205,1109 1205,1117 1282,1117 1282,1115 1284,1113 1286,1113 1286,1104 1288,1102 1291,1102 1293,1104 1293,1126 1380,1126 1381,1125 1382,1125 1383,1124 1387,1124 1387,1104 1389,1102 1393,1102 1394,1103 1394,1104 1399,1109 1399,1110 1403,1114 1403,1115 1408,1120 1408,1121 1412,1125 1412,1126 1417,1131 1417,1132 1418,1133 1418,1155 1417,1156 1416,1156 1415,1157 1383,1157 1382,1156 1381,1156 1380,1155 1380,1152 1374,1152 1372,1150 1372,1133 1306,1133 1304,1135 1301,1135 1299,1137 1299,1150 1297,1152 1275,1152 1273,1150 1209,1150 1207,1152 1170,1152 1168,1150 1168,1133 1082,1133 1082,1150 1080,1152 1078,1152 1078,1155 1076,1157 1065,1157 1063,1155 1063,1152 1021,1152 1019,1150 1019,1133 1017,1133 1016,1132 1015,1132 1014,1131 1014,1128 951,1128 951,1131 949,1133 946,1133 944,1135 942,1135 942,1141 941,1142 941,1143 940,1144 938,1144 937,1145 936,1145 935,1146 933,1146 933,1150 931,1152 867,1152 867,1155 865,1157 863,1157 861,1155 861,1152 859,1150 859,1133 786,1133 784,1135 782,1135 782,1150 780,1152 778,1152 777,1151 776,1151 775,1150 775,1135 773,1135 771,1133 743,1133 742,1132 741,1132 740,1131 740,1128 668,1128 668,1131 666,1133 664,1133 664,1137 663,1138 662,1138 661,1139 659,1139 659,1144 657,1146 655,1146 655,1148 653,1150 650,1150 650,1155 648,1157 646,1157 644,1159 642,1159 642,1161 640,1163 637,1163 637,1198 640,1198 641,1199 641,1200 642,1201 642,1203 644,1203 650,1209 657,1209 658,1210 658,1211 659,1212 659,1214 723,1214 723,1212 724,1211 724,1210 725,1209 736,1209 737,1210 737,1211 738,1212 738,1214 806,1214 808,1216 808,1229 813,1229 815,1231 815,1234 828,1234 830,1236 830,1253 832,1255 831,1256 831,1257 830,1258 791,1258 789,1260 788,1260 786,1262 786,1264 784,1266 782,1266 782,1271 780,1273 778,1271 777,1271 775,1269 775,1262 773,1262 771,1260 771,1258 725,1258 724,1257 724,1256 723,1255 723,1236 642,1236 640,1238 637,1238 637,1260 635,1262 633,1262 633,1286 640,1286 642,1288 641,1289 641,1290 640,1291 637,1291 635,1293 633,1293 633,1312 635,1312 636,1313 636,1314 637,1315 637,1317 767,1317 767,1315 768,1314 768,1313 769,1312 771,1312 771,1310 773,1308 775,1308 775,1304 778,1301 780,1301 781,1302 781,1303 782,1304 782,1308 786,1312 793,1312 794,1313 794,1314 795,1315 795,1317 1262,1317 1264,1319 1339,1319 1341,1317 1345,1317 1346,1318 1347,1318 1348,1319 1348,1337 1352,1337 1354,1339 1354,1341 1384,1341 1385,1342 1385,1345 1384,1346 1384,1349 1383,1350 1383,1353 1382,1354 1382,1358 1381,1359 1381,1362 1380,1363 1380,1364 1379,1365 1170,1365 1168,1363 1168,1345 1078,1345 1078,1363 1076,1365 1074,1365 1074,1367 1073,1368 1072,1368 1071,1369 1069,1369 1067,1367 1067,1365 1025,1365 1023,1363 1023,1345 942,1345 942,1365 944,1365 946,1367 946,1391 945,1392 945,1393 944,1394 911,1394 910,1393 910,1392 909,1391 909,1376 907,1376 905,1374 905,1341 835,1341 834,1342 833,1342 832,1343 832,1348 830,1350 830,1352 828,1354 826,1354 824,1352 824,1341 751,1341 751,1343 749,1345 699,1345 699,1348 697,1350 694,1350 694,1363 692,1365 655,1365 655,1367 653,1369 646,1369 646,1372 644,1374 637,1374 637,1380 636,1381 636,1382 635,1383 633,1383 633,1404 635,1404 636,1405 636,1406 637,1407 637,1415 640,1415 641,1416 641,1417 642,1418 648,1418 650,1420 650,1422 657,1422 659,1424 732,1424 734,1422 784,1422 786,1424 854,1424 855,1423 856,1423 857,1422 876,1422 878,1424 878,1435 953,1435 955,1433 957,1433 957,1424 958,1423 959,1423 960,1422 1133,1422 1135,1424 1203,1424 1205,1422 1442,1422 1443,1423 1444,1423 1446,1425 1447,1425 1449,1427 1450,1427 1452,1429 1453,1429 1455,1431 1456,1431 1458,1433 1459,1433 1461,1435 1462,1435 1465,1438 1466,1438 1468,1440 1469,1440 1471,1442 1472,1442 1474,1444 1475,1444 1477,1446 1478,1446 1480,1448 1481,1448 1483,1450 1484,1450 1486,1452 1487,1452 1489,1454 1490,1454 1493,1457 1494,1457 1496,1459 1497,1459 1499,1461 1500,1461 1502,1463 1503,1463 1505,1465 1506,1465 1508,1467 1509,1467 1511,1469 1512,1469 1514,1471 1513,1472 1488,1472 1486,1470 1486,1468 1319,1468 1319,1470 1317,1472 1258,1472 1257,1471 1256,1471 1255,1470 1255,1468 1126,1468 1124,1466 1124,1457 1122,1457 1120,1455 1120,1451 1113,1451 1112,1450 1112,1449 1111,1448 1034,1448 1033,1449 1033,1450 1032,1451 1030,1451 1030,1455 1029,1456 1028,1456 1027,1457 1025,1457 1025,1470 1023,1472 1012,1472 1010,1470 1010,1468 946,1468 946,1470 944,1472 721,1472 720,1471 719,1471 718,1470 718,1468 646,1468 646,1470 644,1472 642,1472 641,1473 641,1474 640,1475 637,1475 637,1497 640,1497 642,1499 642,1525 644,1525 646,1527 916,1527 918,1525 1234,1525 1236,1527 1236,1536 1308,1536 1308,1534 1310,1532 1317,1532 1317,1527 1319,1525 1459,1525 1461,1527 1461,1543 1524,1543 1525,1544 1524,1545 1524,1546 1523,1547 1523,1548 1522,1549 1522,1550 1521,1551 1521,1553 1520,1554 1520,1555 1519,1556 1519,1557 1518,1558 1518,1559 1517,1560 1517,1561 1516,1562 1516,1563 1515,1564 1515,1566 1514,1567 1514,1568 1513,1569 1513,1570 1512,1571 1512,1572 1511,1573 1511,1574 1510,1575 1378,1575 1377,1576 1377,1577 1376,1578 1356,1578 1356,1580 1354,1582 1350,1582 1348,1580 1348,1578 1341,1578 1340,1577 1340,1576 1339,1575 1280,1575 1279,1574 1278,1574 1277,1573 1277,1551 1275,1551 1273,1549 1273,1547 1205,1547 1205,1549 1203,1551 1192,1551 1191,1552 1191,1553 1190,1554 1148,1554 1148,1569 1146,1571 1122,1571 1122,1573 1120,1575 938,1575 935,1578 918,1578 917,1577 917,1576 916,1575 861,1575 859,1573 859,1571 786,1571 786,1573 784,1575 637,1575 636,1576 636,1577 635,1578 633,1578 633,1604 635,1604 637,1606 640,1606 642,1608 642,1617 644,1617 646,1619 646,1621 648,1621 649,1622 649,1623 650,1624 650,1628 653,1628 655,1630 655,1635 778,1635 780,1633 780,1632 782,1630 878,1630 879,1631 880,1631 881,1632 881,1635 944,1635 944,1632 946,1630 1001,1630 1003,1632 1003,1635 1049,1635 1050,1636 1051,1636 1052,1637 1052,1652 1054,1652 1056,1654 1084,1654 1087,1657 1086,1658 1085,1658 1084,1659 1082,1659 1082,1678 1081,1679 1081,1680 1080,1681 1074,1681 1073,1682 1072,1682 1071,1683 1069,1683 1069,1685 1067,1687 1060,1687 1058,1685 1058,1683 1056,1683 1054,1681 920,1681 919,1680 919,1679 918,1678 918,1670 916,1668 916,1661 914,1659 843,1659 843,1661 841,1663 837,1663 837,1668 834,1671 833,1671 830,1674 830,1678 829,1679 829,1680 828,1681 789,1681 788,1682 787,1682 786,1683 778,1683 777,1682 776,1682 775,1681 747,1681 746,1680 746,1679 745,1678 745,1661 743,1659 742,1659 740,1657 664,1657 663,1658 662,1658 661,1659 655,1659 655,1661 653,1663 646,1663 646,1676 644,1678 642,1678 641,1679 641,1680 640,1681 615,1681 615,1698 631,1698 633,1700 633,1703 635,1703 637,1705 637,1707 640,1707 642,1709 642,1714 640,1716 633,1716 633,1738 635,1738 637,1740 637,1742 723,1742 725,1744 725,1762 810,1762 810,1740 811,1739 812,1739 813,1738 1054,1738 1054,1735 1056,1733 1058,1733 1060,1731 1067,1731 1069,1733 1071,1733 1072,1734 1073,1734 1074,1735 1074,1738 1168,1738 1170,1740 1170,1753 1172,1753 1174,1755 1174,1757 1181,1757 1182,1758 1182,1759 1183,1760 1183,1762 1264,1762 1264,1760 1265,1759 1265,1758 1266,1757 1277,1757 1277,1755 1278,1754 1279,1754 1280,1753 1282,1753 1282,1740 1284,1738 1387,1738 1389,1740 1389,1757 1461,1757 1461,1755 1462,1754 1463,1754 1464,1755 1464,1758 1463,1759 1463,1775 1462,1776 1462,1783 1461,1784 1148,1784 1147,1783 1147,1782 1146,1781 1146,1779 1047,1779 1045,1777 981,1777 981,1781 980,1782 980,1783 979,1784 960,1784 957,1781 957,1762 951,1762 949,1760 878,1760 876,1762 872,1762 872,1764 870,1766 865,1766 865,1771 863,1773 859,1773 859,1777 857,1779 857,1784 856,1785 855,1785 854,1786 751,1786 749,1784 749,1771 747,1771 746,1770 746,1769 745,1768 745,1766 655,1766 655,1768 654,1769 654,1770 653,1771 650,1771 648,1773 646,1773 646,1775 644,1777 642,1777 642,1788 640,1790 633,1790 633,1806 631,1808 620,1808 620,1825 631,1825 632,1826 632,1827 633,1828 633,1843 635,1843 637,1845 637,1847 701,1847 701,1845 703,1843 979,1843 981,1841 1080,1841 1082,1843 1155,1843 1157,1841 1424,1841 1426,1843 1454,1843 1455,1844 1455,1850 1454,1851 1454,1858 1453,1859 1453,1866 1452,1867 1452,1873 1451,1874 1451,1881 1450,1882 1450,1888 1449,1889 1372,1889 1371,1888 1370,1888 1369,1887 1369,1874 1367,1874 1366,1873 1366,1872 1365,1871 1365,1869 1280,1869 1280,1891 1279,1892 1278,1892 1277,1893 1264,1893 1264,1895 1263,1896 1263,1897 1262,1898 1261,1897 1261,1896 1260,1895 1260,1893 1258,1893 1257,1892 1256,1892 1255,1891 1255,1889 1205,1889 1203,1887 1203,1874 1201,1874 1198,1871 1198,1869 1135,1869 1133,1867 1133,1865 1052,1865 1052,1867 1051,1868 1050,1868 1049,1869 1043,1869 1043,1874 1041,1876 1038,1876 1038,1887 1036,1889 1008,1889 1006,1887 1006,1869 920,1869 920,1887 918,1889 872,1889 870,1887 870,1869 789,1869 789,1887 788,1888 787,1888 786,1889 655,1889 655,1891 653,1893 646,1893 646,1895 645,1896 645,1897 644,1898 642,1898 640,1900 637,1900 637,1904 635,1906 633,1906 633,1937 635,1937 637,1939 640,1939 641,1940 641,1941 642,1942 642,1944 644,1944 646,1946 653,1946 655,1948 655,1950 806,1950 806,1948 808,1946 841,1946 843,1948 843,1950 909,1950 909,1948 911,1946 1354,1946 1355,1947 1354,1948 1353,1948 1352,1949 1351,1949 1350,1950 1349,1950 1348,1951 1346,1951 1345,1952 1344,1952 1343,1953 1342,1953 1341,1954 1339,1954 1338,1955 1337,1955 1336,1956 1335,1956 1334,1957 1332,1957 1331,1958 1330,1958 1329,1959 1328,1959 1327,1960 1326,1960 1325,1961 1323,1961 1322,1962 1321,1962 1320,1963 1319,1963 1318,1964 1316,1964 1315,1965 1314,1965 1313,1966 1312,1966 1311,1967 1309,1967 1308,1968 1307,1968 1306,1969 1305,1969 1304,1970 1303,1970 1302,1971 1300,1971 1299,1972 1231,1972 1229,1974 1229,1975 1227,1977 1223,1977 1223,1994 1222,1995 1221,1995 1220,1996 1144,1996 1143,1995 1142,1995 1141,1994 1141,1992 1069,1992 1069,1994 1067,1996 1047,1996 1047,2018 1054,2018 1056,2020 1056,2023 1054,2025 1052,2025 1051,2026 1050,2026 1049,2027 1047,2027 1047,2049 1102,2049 1104,2051 1181,2051 1183,2049 1212,2049 1214,2051 1365,2051 1367,2049 1369,2049 1369,2031 1361,2031 1360,2030 1359,2030 1358,2029 1358,2018 1359,2017 1360,2017 1361,2016 1365,2016 1365,1996 1315,1996 1314,1995 1313,1995 1312,1994 1312,1977 1310,1977 1309,1976 1309,1975 1308,1974 1308,1972 1307,1972 1306,1971 1307,1970 1308,1970 1309,1969 1310,1969 1311,1968 1313,1968 1314,1967 1315,1967 1316,1966 1317,1966 1318,1965 1320,1965 1321,1964 1322,1964 1323,1963 1324,1963 1325,1962 1326,1962 1327,1961 1329,1961 1330,1960 1331,1960 1332,1959 1333,1959 1334,1958 1336,1958 1337,1957 1338,1957 1339,1956 1340,1956 1341,1955 1343,1955 1344,1954 1345,1954 1346,1953 1347,1953 1348,1952 1349,1952 1350,1951 1352,1951 1353,1950 1354,1950 1355,1949 1356,1949 1357,1948 1359,1948 1360,1947 1361,1947 1362,1946 1446,1946 1448,1948 1448,1959 1463,1959 1464,1960 1464,1961 1465,1962 1465,1964 1466,1965 1466,1968 1467,1969 1467,1971 1468,1972 1468,1974 1469,1975 1469,1977 1470,1978 1470,1980 1471,1981 1471,1983 1472,1984 1472,1986 1473,1987 1473,1989 1474,1990 1474,1991 1473,1992 1383,1992 1383,1998 1380,2001 1378,2001 1378,2018 1380,2018 1381,2019 1382,2019 1383,2020 1383,2025 1382,2026 1381,2026 1380,2027 1378,2027 1378,2047 1380,2047 1381,2048 1382,2048 1383,2049 1387,2049 1389,2051 1493,2051 1494,2052 1494,2054 1495,2055 1495,2057 1496,2058 1496,2060 1497,2061 1497,2063 1498,2064 1498,2066 1499,2067 1499,2069 1500,2070 1500,2073 1501,2074 1501,2076 1502,2077 1502,2079 1503,2080 1503,2082 1504,2083 1504,2085 1505,2086 1505,2088 1506,2089 1506,2091 1507,2092 1507,2094 1508,2095 1508,2097 1509,2098 1508,2099 1488,2099 1486,2097 1486,2093 1485,2092 1484,2092 1483,2091 1483,2075 1411,2075 1411,2077 1410,2078 1410,2079 1409,2080 1402,2080 1402,2097 1400,2099 1319,2099 1317,2097 1317,2080 1231,2080 1229,2082 1227,2082 1227,2097 1225,2099 986,2099 984,2097 984,2084 981,2084 979,2082 977,2082 975,2080 975,2079 973,2077 973,2075 907,2075 907,2097 905,2099 872,2099 870,2097 870,2080 815,2080 814,2079 814,2078 813,2077 813,2075 812,2074 812,2072 811,2071 811,2068 810,2067 810,2065 809,2064 809,2062 808,2061 808,2059 807,2058 807,2056 806,2055 806,2053 805,2052 806,2051 841,2051 843,2049 844,2050 845,2050 846,2051 1032,2051 1034,2049 1036,2049 1036,2027 1025,2027 1023,2025 1025,2023 1036,2023 1036,2001 1030,2001 1027,1998 1027,1996 1025,1996 1023,1994 1023,1992 955,1992 955,1994 953,1996 846,1996 846,1998 843,2001 842,2000 842,1999 841,1998 841,1996 837,1996 835,1994 835,1977 832,1974 832,1972 764,1972 762,1974 762,1975 760,1977 760,1994 758,1996 690,1996 688,1994 688,1990 620,1990 620,2007 635,2007 637,2009 637,2014 635,2016 624,2016 624,2036 631,2036 633,2038 633,2040 635,2040 637,2042 637,2047 640,2047 642,2049 644,2049 646,2051 668,2051 670,2053 668,2055 659,2055 659,2073 666,2073 668,2075 732,2075 734,2073 754,2073 754,2055 751,2055 749,2053 751,2051 802,2051 804,2053 804,2055 805,2056 805,2058 806,2059 806,2061 807,2062 807,2064 808,2065 808,2067 809,2068 809,2070 810,2071 810,2073 811,2074 811,2076 812,2077 812,2079 811,2080 760,2080 760,2097 758,2099 756,2099 754,2097 754,2080 681,2080 681,2093 679,2095 642,2095 642,2102 640,2104 633,2104 633,2123 635,2123 636,2124 636,2125 637,2126 637,2128 640,2128 642,2130 642,2154 646,2154 650,2158 714,2158 714,2156 716,2154 836,2154 837,2155 837,2157 838,2158 838,2160 839,2161 839,2163 840,2164 840,2166 841,2167 841,2169 842,2170 842,2172 843,2173 843,2175 844,2176 844,2178 845,2179 845,2182 846,2183 846,2185 847,2186 847,2188 848,2189 848,2191 849,2192 849,2194 850,2195 850,2197 851,2198 851,2200 852,2201 852,2203 853,2204 852,2205 848,2205 847,2204 847,2203 846,2202 637,2202 637,2213 635,2215 633,2215 633,2251 635,2251 637,2253 637,2255 640,2255 642,2257 646,2257 648,2259 648,2260 650,2262 653,2262 655,2264 655,2281 745,2281 747,2279 749,2279 749,2259 751,2257 848,2257 850,2259 850,2279 876,2279 877,2280 877,2281 878,2282 878,2284 879,2285 879,2287 880,2288 880,2290 881,2291 881,2293 882,2294 882,2296 883,2297 883,2299 884,2300 884,2302 885,2303 885,2305 886,2306 886,2307 885,2308 681,2308 680,2307 680,2306 679,2305 611,2305 611,2327 613,2327 615,2329 615,2351 631,2351 632,2352 632,2353 633,2354 633,2365 1071,2365 1071,2338 1060,2338 1058,2336 1060,2334 1071,2334 1071,2332 1072,2331 1090,2331 1091,2332 1091,2358 1093,2358 1095,2360 1098,2360 1100,2362 1100,2365 1106,2365 1107,2366 1108,2366 1109,2367 1109,2369 1181,2369 1181,2367 1183,2365 1260,2365 1260,2338 1261,2337 1270,2337 1271,2338 1271,2340 1270,2341 1270,2342 1269,2343 1264,2343 1264,2360 1271,2360 1273,2362 1273,2363 1275,2365 1385,2365 1386,2366 1386,2369 1385,2370 1385,2374 1384,2375 1384,2379 1383,2380 1383,2384 1382,2385 1382,2389 1380,2391 1356,2391 1354,2393 1348,2393 1348,2395 1347,2396 1346,2396 1345,2397 1345,2406 1343,2408 1341,2408 1339,2406 1339,2404 1337,2404 1336,2403 1335,2403 1334,2402 1332,2402 1330,2400 1330,2397 1323,2397 1321,2395 1321,2393 1258,2393 1258,2408 1255,2411 1223,2411 1220,2408 1220,2391 1104,2391 1102,2393 1034,2393 1034,2413 1032,2415 791,2415 789,2413 789,2393 637,2393 637,2417 640,2417 642,2419 642,2437 640,2439 611,2439 609,2441 607,2441 607,2472 635,2472 637,2474 718,2474 719,2473 720,2473 721,2472 1207,2472 1207,2470 1209,2468 1365,2468 1366,2469 1366,2471 1365,2472 1365,2477 1364,2478 1364,2482 1363,2483 1363,2487 1362,2488 1362,2492 1361,2493 1361,2495 1360,2496 1266,2496 1262,2492 1192,2492 1192,2494 1190,2496 1144,2496 1144,2498 1143,2499 1142,2499 1141,2500 1139,2500 1139,2511 1138,2512 1138,2513 1137,2514 1104,2514 1102,2516 1056,2516 1056,2518 1054,2520 1030,2520 1030,2522 1027,2525 1017,2525 1014,2522 1014,2505 1010,2505 1008,2503 1008,2502 1006,2500 933,2500 933,2503 931,2505 924,2505 922,2507 920,2507 920,2509 918,2511 916,2511 916,2518 914,2520 815,2520 815,2522 814,2523 814,2524 813,2525 793,2525 792,2524 792,2523 791,2522 791,2520 756,2520 754,2518 754,2496 655,2496 655,2514 653,2516 607,2516 607,2525 606,2526 605,2526 604,2527 598,2527 598,2546 600,2546 601,2547 601,2548 602,2549 602,2566 631,2566 633,2568 633,2571 635,2571 637,2573 644,2573 646,2575 646,2577 648,2577 650,2579 692,2579 693,2580 693,2581 694,2582 694,2584 758,2584 758,2582 759,2581 759,2580 760,2579 789,2579 791,2577 793,2577 795,2579 867,2579 868,2578 869,2578 870,2577 1027,2577 1028,2578 1029,2578 1030,2579 1030,2597 1120,2597 1120,2575 1122,2573 1168,2573 1170,2575 1170,2577 1251,2577 1251,2575 1253,2573 1286,2573 1288,2575 1288,2577 1330,2577 1332,2579 1332,2584 1382,2584 1383,2585 1383,2586 1384,2587 1384,2588 1386,2590 1386,2591 1388,2593 1388,2594 1389,2595 1389,2596 1391,2598 1391,2599 1392,2600 1392,2601 1394,2603 1394,2604 1396,2606 1396,2607 1397,2608 1397,2609 1399,2611 1399,2612 1400,2613 1400,2614 1402,2616 1402,2617 1404,2619 1404,2620 1405,2621 1405,2622 1404,2623 1363,2623 1361,2625 1360,2624 1359,2624 1358,2623 1297,2623 1297,2625 1296,2626 1296,2627 1295,2628 1187,2628 1186,2627 1186,2626 1185,2625 1185,2619 1117,2619 1117,2621 1115,2623 973,2623 973,2625 972,2626 972,2627 971,2628 933,2628 932,2627 932,2626 931,2625 931,2603 850,2603 849,2604 849,2605 848,2606 843,2606 843,2608 841,2610 837,2610 837,2617 835,2619 834,2619 832,2621 832,2625 831,2626 831,2627 830,2628 773,2628 772,2627 772,2626 771,2625 771,2610 769,2610 767,2608 767,2606 699,2606 699,2608 697,2610 690,2610 690,2625 689,2626 689,2627 688,2628 650,2628 648,2630 642,2630 642,2632 640,2634 633,2634 631,2636 607,2636 607,2658 613,2658 615,2660 615,2674 626,2674 627,2675 628,2675 629,2676 631,2676 633,2678 633,2680 635,2680 637,2682 644,2682 645,2683 645,2684 646,2685 646,2687 874,2687 874,2685 875,2684 875,2683 876,2682 878,2682 881,2685 881,2687 944,2687 944,2685 945,2684 945,2683 946,2682 1443,2682 1445,2684 1445,2685 1446,2686 1446,2687 1448,2689 1448,2690 1450,2692 1450,2693 1452,2695 1452,2696 1454,2698 1454,2699 1455,2700 1455,2701 1457,2703 1457,2704 1459,2706 1459,2707 1461,2709 1461,2710 1462,2711 1462,2712 1464,2714 1464,2715 1466,2717 1466,2718 1468,2720 1468,2721 1467,2722 1411,2722 1411,2731 1409,2733 1323,2733 1321,2731 1236,2731 1234,2733 1109,2733 1108,2732 1107,2732 1106,2731 1106,2709 977,2709 977,2711 975,2713 960,2713 960,2728 957,2731 933,2731 932,2730 932,2729 931,2728 931,2713 843,2713 843,2731 841,2733 837,2733 837,2735 835,2737 834,2736 833,2736 832,2735 832,2733 791,2733 789,2731 778,2731 775,2728 775,2722 756,2722 754,2720 754,2713 659,2713 659,2724 657,2726 611,2726 611,2746 631,2746 633,2748 631,2750 611,2750 611,2752 610,2753 610,2754 609,2755 602,2755 602,2779 604,2779 605,2780 606,2780 607,2781 607,2783 613,2783 615,2785 618,2785 619,2786 619,2787 620,2788 620,2790 626,2790 627,2791 628,2791 629,2792 629,2801 631,2801 633,2803 653,2803 655,2805 655,2806 723,2806 723,2799 724,2798 724,2797 725,2796 727,2796 729,2794 830,2794 832,2792 833,2792 835,2790 841,2790 843,2792 843,2794 1560,2794 1562,2796 1670,2796 1672,2794 1683,2794 1685,2796 1749,2796 1751,2794 1784,2794 1786,2796 1863,2796 1865,2794 1961,2794 1963,2796 2014,2796 2015,2797 2015,2798 2016,2799 2016,2801 2086,2801 2086,2799 2091,2794 2110,2794 2112,2796 2123,2796 2126,2799 2126,2801 2264,2801 2264,2799 2265,2798 2265,2797 2266,2796 2268,2796 2270,2794 2272,2794 2272,2792 2273,2791 2274,2791 2275,2790 2277,2790 2277,2788 2278,2787 2278,2786 2279,2785 2281,2785 2281,2744 2279,2744 2277,2742 2277,2739 2275,2739 2274,2738 2273,2738 2272,2737 2248,2737 2246,2735 2246,2733 2235,2733 2233,2731 2233,2726 2205,2726 2204,2725 2203,2725 2202,2724 2202,2722 2200,2722 2198,2720 2198,2715 2121,2715 2121,2717 2120,2718 2120,2719 2119,2720 2117,2720 2117,2731 2115,2733 2077,2733 2077,2735 2075,2737 2038,2737 2036,2735 2036,2733 2025,2733 2023,2731 2005,2731 2004,2730 2004,2729 2003,2728 2003,2722 1998,2722 1996,2720 1996,2715 1922,2715 1922,2720 1920,2722 1887,2722 1887,2728 1886,2729 1886,2730 1885,2731 1838,2731 1836,2733 1716,2733 1716,2735 1714,2737 1698,2737 1696,2735 1696,2733 1624,2733 1623,2732 1622,2732 1621,2731 1621,2713 1619,2713 1617,2711 1617,2709 1536,2709 1536,2711 1534,2713 1532,2713 1531,2714 1530,2714 1529,2715 1527,2715 1527,2717 1526,2718 1526,2719 1525,2720 1523,2720 1523,2731 1521,2733 1479,2733 1478,2732 1478,2731 1476,2729 1476,2728 1474,2726 1474,2725 1473,2724 1473,2723 1471,2721 1471,2720 1469,2718 1469,2717 1467,2715 1467,2714 1465,2712 1465,2711 1464,2710 1464,2709 1462,2707 1462,2706 1460,2704 1460,2703 1458,2701 1458,2700 1456,2698 1456,2697 1455,2696 1455,2695 1453,2693 1453,2692 1451,2690 1451,2689 1449,2687 1449,2686 1448,2685 1448,2684 1447,2683 1448,2682 1499,2682 1500,2683 1500,2684 1501,2685 1501,2687 1564,2687 1564,2685 1567,2682 1573,2682 1574,2683 1574,2684 1575,2685 1575,2687 1665,2687 1665,2685 1668,2682 1670,2682 1671,2683 1671,2684 1672,2685 1672,2700 1744,2700 1746,2698 1749,2698 1749,2696 1750,2695 1750,2694 1751,2693 1753,2693 1753,2689 1755,2687 2018,2687 2020,2689 2020,2706 2025,2706 2026,2707 2026,2708 2027,2709 2027,2711 2115,2711 2115,2689 2117,2687 2242,2687 2242,2676 2244,2674 2281,2674 2281,2643 2275,2643 2274,2642 2273,2642 2272,2641 2248,2641 2246,2639 2246,2634 2244,2634 2242,2632 2242,2630 2240,2630 2239,2629 2238,2629 2237,2628 2099,2628 2097,2630 2077,2630 2075,2628 2075,2606 2005,2606 2005,2608 2003,2610 1998,2610 1998,2614 1997,2615 1997,2616 1996,2617 1994,2617 1992,2619 1992,2625 1991,2626 1991,2627 1990,2628 1847,2628 1846,2627 1846,2626 1845,2625 1845,2606 1843,2606 1842,2605 1842,2604 1841,2603 1768,2603 1767,2604 1767,2605 1766,2606 1760,2606 1760,2608 1759,2609 1758,2609 1757,2610 1755,2610 1753,2612 1751,2612 1751,2617 1749,2619 1746,2619 1746,2628 1744,2630 1742,2630 1742,2652 1740,2654 1716,2654 1714,2652 1714,2628 1523,2628 1522,2627 1522,2626 1521,2625 1521,2623 1453,2623 1453,2625 1452,2626 1452,2627 1451,2628 1429,2628 1426,2625 1426,2623 1409,2623 1408,2622 1408,2621 1406,2619 1406,2618 1405,2617 1405,2616 1403,2614 1403,2613 1402,2612 1402,2611 1400,2609 1400,2608 1398,2606 1398,2605 1397,2604 1397,2603 1395,2601 1395,2600 1394,2599 1394,2598 1392,2596 1392,2595 1391,2594 1391,2593 1389,2591 1389,2590 1388,2589 1389,2588 1464,2588 1464,2586 1466,2584 1470,2584 1470,2582 1475,2577 1477,2577 1479,2579 1479,2597 1569,2597 1569,2579 1571,2577 1808,2577 1810,2579 2242,2579 2242,2573 2244,2571 2255,2571 2255,2568 2257,2566 2281,2566 2281,2540 2279,2540 2277,2538 2248,2538 2247,2537 2247,2536 2246,2535 2246,2520 2240,2520 2239,2519 2238,2519 2237,2518 2237,2505 2178,2505 2176,2503 2176,2500 2042,2500 2042,2522 2041,2523 2041,2524 2040,2525 2031,2525 2030,2524 2030,2523 2029,2522 2029,2518 2027,2516 1998,2516 1996,2514 1996,2500 1924,2500 1924,2518 1922,2520 1906,2520 1904,2518 1904,2505 1902,2503 1902,2500 1821,2500 1819,2502 1819,2503 1817,2505 1812,2505 1810,2503 1810,2500 1698,2500 1698,2503 1696,2505 1689,2505 1689,2509 1687,2511 1685,2511 1684,2512 1684,2513 1683,2514 1681,2514 1681,2518 1680,2519 1679,2519 1678,2520 1654,2520 1652,2518 1652,2505 1650,2505 1648,2503 1648,2500 1575,2500 1575,2518 1573,2520 1488,2520 1488,2522 1487,2523 1487,2524 1486,2525 1461,2525 1459,2527 1459,2531 1455,2535 1453,2535 1453,2546 1452,2547 1452,2548 1451,2549 1429,2549 1426,2546 1426,2529 1422,2525 1422,2520 1415,2520 1413,2518 1413,2516 1367,2516 1365,2514 1365,2496 1364,2496 1363,2495 1363,2493 1364,2492 1364,2488 1365,2487 1365,2483 1366,2482 1366,2477 1367,2476 1367,2472 1368,2471 1368,2469 1369,2468 1429,2468 1431,2470 1431,2492 1521,2492 1521,2474 1523,2472 1828,2472 1830,2474 2277,2474 2279,2472 2281,2472 2281,2448 2275,2448 2274,2447 2273,2447 2272,2446 2275,2443 2281,2443 2281,2422 2275,2422 2272,2419 2272,2417 2270,2417 2268,2415 2268,2411 2240,2411 2237,2408 2174,2408 2174,2413 2172,2415 2112,2415 2110,2417 2047,2417 2045,2415 2045,2397 1970,2397 1968,2399 1968,2400 1966,2402 1963,2402 1963,2413 1961,2415 1891,2415 1889,2413 1889,2393 1887,2393 1885,2391 1808,2391 1806,2393 1799,2393 1799,2395 1797,2397 1795,2397 1795,2402 1794,2403 1793,2403 1792,2404 1790,2404 1790,2413 1788,2415 1738,2415 1737,2414 1736,2414 1735,2413 1735,2411 1672,2411 1672,2413 1670,2415 1615,2415 1613,2413 1613,2411 1575,2411 1574,2410 1574,2409 1573,2408 1573,2393 1571,2393 1569,2391 1569,2390 1570,2389 1570,2388 1573,2385 1573,2384 1575,2382 1575,2381 1578,2378 1578,2377 1581,2374 1581,2373 1583,2371 1583,2370 1586,2367 1586,2366 1587,2365 1683,2365 1685,2367 1685,2369 1749,2369 1751,2367 1753,2367 1755,2365 1792,2365 1793,2366 1794,2366 1795,2367 1795,2369 1863,2369 1863,2367 1865,2365 1871,2365 1871,2362 1872,2361 1873,2361 1874,2360 1876,2360 1878,2362 1878,2369 1933,2369 1935,2371 2071,2371 2073,2369 2128,2369 2130,2371 2242,2371 2244,2369 2251,2369 2251,2367 2253,2365 2277,2365 2277,2360 2279,2358 2281,2358 2281,2338 2279,2338 2277,2336 2277,2332 2257,2332 2256,2331 2256,2330 2255,2329 2255,2319 2253,2319 2252,2318 2252,2317 2251,2316 2251,2314 2244,2314 2242,2312 2165,2312 2163,2310 2163,2294 2161,2294 2160,2293 2159,2293 2158,2292 2158,2290 2091,2290 2091,2292 2090,2293 2089,2293 2088,2294 2086,2294 2086,2310 2084,2312 2012,2312 2011,2311 2010,2311 2009,2310 2009,2294 2005,2290 1937,2290 1937,2310 1935,2312 1878,2312 1878,2329 1877,2330 1877,2331 1876,2332 1874,2332 1871,2329 1871,2312 1825,2312 1823,2310 1823,2308 1781,2308 1780,2307 1780,2306 1779,2305 1779,2299 1716,2299 1716,2305 1715,2306 1715,2307 1714,2308 1650,2308 1649,2307 1649,2306 1648,2305 1648,2288 1650,2286 1678,2286 1678,2283 1679,2282 1680,2282 1681,2281 1692,2281 1692,2264 1694,2262 1784,2262 1786,2264 1786,2279 1854,2279 1854,2277 1856,2275 1863,2275 1864,2274 1864,2273 1865,2272 1866,2273 1866,2274 1867,2275 1867,2286 1939,2286 1939,2281 1940,2280 1941,2280 1942,2279 1946,2279 1946,2268 1948,2266 2005,2266 2007,2268 2007,2286 2097,2286 2097,2268 2099,2266 2281,2266 2281,2240 2275,2240 2272,2237 2272,2235 2273,2234 2274,2234 2275,2233 2277,2233 2277,2209 2213,2209 2211,2207 2211,2205 2183,2205 2180,2202 2178,2202 2176,2200 2176,2196 2174,2196 2172,2194 2172,2191 2095,2191 2095,2207 2093,2209 2060,2209 2058,2207 2058,2187 2055,2187 2053,2185 1972,2185 1970,2187 1970,2189 1968,2191 1963,2191 1963,2196 1961,2198 1959,2198 1959,2207 1957,2209 1948,2209 1946,2207 1946,2187 1942,2187 1941,2186 1940,2186 1939,2185 1865,2185 1865,2231 1867,2233 1867,2237 1866,2238 1866,2239 1865,2240 1864,2239 1864,2238 1863,2237 1863,2235 1821,2235 1819,2233 1819,2226 1817,2226 1816,2225 1815,2225 1814,2224 1814,2211 1812,2211 1810,2209 1808,2209 1806,2207 1806,2205 1742,2205 1742,2207 1740,2209 1650,2209 1648,2207 1648,2205 1603,2205 1575,2177 1575,2176 1558,2159 1559,2158 1621,2158 1624,2161 1624,2169 1630,2169 1631,2170 1631,2171 1632,2172 1696,2172 1697,2171 1697,2170 1698,2169 1705,2169 1705,2167 1707,2165 1709,2165 1709,2161 1710,2160 1710,2159 1711,2158 1933,2158 1934,2159 1934,2160 1935,2161 1935,2178 2007,2178 2007,2174 2009,2172 2009,2161 2012,2158 2097,2158 2098,2159 2098,2160 2099,2161 2099,2163 2268,2163 2268,2161 2269,2160 2269,2159 2270,2158 2277,2158 2277,2156 2279,2154 2281,2154 2283,2152 2286,2152 2286,2130 2283,2130 2281,2128 2281,2106 2279,2106 2277,2104 2187,2104 2185,2102 2185,2093 2156,2093 2154,2091 2154,2080 2073,2080 2071,2082 2064,2082 2062,2084 2060,2084 2060,2093 2058,2095 2055,2095 2055,2102 2053,2104 2012,2104 2011,2103 2010,2103 2009,2102 2009,2082 1937,2082 1935,2084 1935,2102 1933,2104 1904,2104 1902,2102 1902,2082 1830,2082 1830,2102 1828,2104 1663,2104 1661,2102 1661,2099 1593,2099 1593,2102 1591,2104 1584,2104 1582,2102 1582,2099 1550,2099 1549,2098 1550,2097 1551,2097 1553,2095 1554,2095 1556,2093 1557,2093 1559,2091 1560,2091 1562,2089 1563,2089 1564,2088 1565,2088 1567,2086 1568,2086 1570,2084 1571,2084 1573,2082 1574,2082 1576,2080 1577,2080 1579,2078 1580,2078 1582,2076 1583,2076 1584,2075 1600,2075 1602,2073 1604,2073 1604,2062 1605,2061 1606,2061 1608,2059 1609,2059 1610,2058 1611,2058 1613,2056 1614,2056 1616,2054 1617,2054 1619,2052 1620,2052 1621,2051 1626,2051 1628,2053 1628,2055 1696,2055 1696,2053 1698,2051 1705,2051 1707,2053 1707,2055 1771,2055 1771,2053 1773,2051 1865,2051 1867,2053 1867,2055 1933,2055 1933,2053 1935,2051 1946,2051 1948,2049 1950,2049 1950,2031 1952,2029 1952,2020 1953,2019 1956,2019 1957,2020 1957,2040 1959,2042 1959,2047 1961,2047 1963,2049 1968,2049 1970,2051 1974,2051 1975,2052 1976,2052 1977,2053 1977,2055 2040,2055 2042,2053 2043,2053 2045,2051 2097,2051 2099,2053 2099,2055 2211,2055 2211,2053 2213,2051 2242,2051 2242,2045 2243,2044 2243,2043 2244,2042 2281,2042 2283,2040 2286,2040 2286,2012 2283,2012 2282,2011 2282,2010 2281,2009 2244,2009 2242,2007 2242,2001 2240,2001 2237,1998 2237,1996 2152,1996 2150,1994 2150,1979 2148,1979 2147,1978 2146,1978 2145,1977 2143,1977 2142,1976 2142,1975 2141,1974 2141,1972 2042,1972 2042,1974 2041,1975 2041,1976 2040,1977 2029,1977 2027,1979 2027,1981 2025,1983 2020,1983 2018,1985 2016,1985 2016,1994 2014,1996 1970,1996 1968,1998 1968,1999 1966,2001 1963,2001 1961,2003 1959,2003 1959,2007 1957,2009 1957,2016 1956,2017 1953,2017 1952,2016 1952,2007 1950,2005 1950,2003 1948,2003 1946,2001 1944,2001 1939,1996 1764,1996 1762,1994 1762,1977 1760,1977 1757,1974 1757,1972 1676,1972 1676,1974 1675,1975 1675,1976 1674,1977 1632,1977 1632,1994 1630,1996 1536,1996 1536,1998 1535,1999 1535,2000 1534,2001 1512,2001 1510,1999 1510,1998 1508,1996 1501,1996 1499,1994 1499,1992 1477,1992 1476,1991 1476,1990 1475,1989 1475,1987 1474,1986 1474,1984 1473,1983 1473,1981 1472,1980 1472,1978 1471,1977 1471,1975 1470,1974 1470,1972 1469,1971 1469,1969 1468,1968 1468,1966 1467,1965 1467,1963 1466,1962 1466,1960 1467,1959 1518,1959 1518,1952 1519,1951 1520,1951 1521,1950 1635,1950 1635,1948 1637,1946 1648,1946 1650,1948 1650,1950 1911,1950 1911,1948 1913,1946 1970,1946 1972,1948 1972,1950 2036,1950 2036,1948 2038,1946 2045,1946 2047,1948 2047,1950 2202,1950 2203,1951 2204,1951 2205,1952 2205,1957 2207,1957 2209,1959 2272,1959 2273,1958 2274,1958 2275,1957 2281,1957 2281,1955 2282,1954 2282,1953 2283,1952 2286,1952 2286,1922 2283,1922 2281,1920 2281,1917 2244,1917 2242,1915 2242,1898 2240,1898 2237,1895 2237,1893 2191,1893 2189,1891 2189,1889 2073,1889 2071,1887 2071,1869 1998,1869 1998,1871 1997,1872 1997,1873 1996,1874 1994,1874 1994,1885 1992,1887 1961,1887 1959,1885 1959,1869 1895,1869 1891,1865 1817,1865 1817,1867 1816,1868 1815,1868 1814,1869 1808,1869 1808,1871 1807,1872 1807,1873 1806,1874 1799,1874 1799,1887 1797,1889 1698,1889 1696,1887 1696,1880 1632,1880 1632,1887 1630,1889 1453,1889 1452,1888 1452,1882 1453,1881 1453,1874 1454,1873 1454,1866 1455,1865 1455,1859 1456,1858 1456,1851 1457,1850 1457,1844 1458,1843 1683,1843 1685,1845 1685,1860 1687,1860 1688,1861 1688,1862 1689,1863 1689,1865 1775,1865 1775,1845 1777,1843 1876,1843 1878,1841 1880,1843 1961,1843 1963,1841 2036,1841 2038,1843 2106,1843 2108,1841 2145,1841 2146,1842 2147,1842 2148,1843 2202,1843 2203,1844 2204,1844 2205,1845 2205,1856 2277,1856 2279,1854 2281,1854 2281,1849 2283,1847 2286,1847 2286,1821 2283,1821 2281,1819 2281,1814 2279,1814 2277,1812 2277,1810 2240,1810 2239,1809 2238,1809 2237,1808 2235,1808 2233,1806 2233,1790 2231,1790 2229,1788 2229,1786 2183,1786 2182,1785 2181,1785 2180,1784 2069,1784 2066,1781 2066,1766 2062,1762 1944,1762 1944,1764 1942,1766 1937,1766 1937,1771 1935,1773 1933,1771 1933,1766 1852,1766 1852,1768 1849,1771 1845,1771 1843,1773 1843,1784 1841,1786 1838,1786 1836,1784 1768,1784 1766,1786 1672,1786 1670,1784 1628,1784 1627,1783 1627,1782 1626,1781 1626,1766 1624,1766 1623,1765 1622,1765 1621,1764 1621,1762 1514,1762 1514,1781 1513,1782 1513,1783 1512,1784 1465,1784 1464,1783 1464,1776 1465,1775 1465,1759 1466,1758 1466,1742 1467,1741 1467,1739 1468,1738 1508,1738 1508,1735 1510,1733 1534,1733 1536,1735 1536,1738 1705,1738 1707,1740 1707,1753 1784,1753 1786,1751 1788,1751 1788,1746 1790,1744 1792,1744 1792,1740 1793,1739 1794,1739 1795,1738 1871,1738 1872,1739 1873,1739 1874,1740 1874,1746 1950,1746 1952,1744 1953,1744 1955,1742 1959,1742 1959,1740 1961,1738 2097,1738 2102,1733 2104,1735 2104,1757 2172,1757 2172,1755 2174,1753 2180,1753 2180,1740 2181,1739 2182,1739 2183,1738 2202,1738 2203,1739 2204,1739 2205,1740 2205,1746 2207,1746 2208,1747 2208,1748 2209,1749 2209,1751 2277,1751 2277,1749 2278,1748 2278,1747 2279,1746 2286,1746 2286,1707 2283,1707 2281,1705 2248,1705 2246,1703 2246,1687 2244,1687 2242,1685 2242,1683 2240,1683 2239,1682 2238,1682 2237,1681 2231,1681 2230,1680 2230,1679 2229,1678 2229,1670 2183,1670 2182,1669 2181,1669 2180,1668 2180,1659 2178,1659 2176,1657 2112,1657 2106,1663 2104,1663 2104,1678 2103,1679 2103,1680 2102,1681 2073,1681 2072,1680 2072,1679 2071,1678 2071,1659 1957,1659 1957,1678 1956,1679 1956,1680 1955,1681 1948,1681 1946,1683 1937,1683 1937,1685 1935,1687 1935,1692 1933,1694 1928,1694 1928,1705 1926,1707 1917,1707 1915,1705 1915,1703 1913,1703 1912,1702 1912,1701 1911,1700 1911,1683 1906,1683 1904,1681 1874,1681 1871,1678 1871,1663 1869,1663 1867,1661 1867,1659 1795,1659 1795,1678 1792,1681 1790,1681 1789,1680 1789,1679 1788,1678 1764,1678 1762,1676 1762,1657 1681,1657 1680,1658 1679,1658 1678,1659 1676,1659 1676,1661 1674,1663 1672,1663 1672,1668 1670,1670 1668,1670 1668,1678 1665,1681 1510,1681 1509,1680 1509,1679 1508,1678 1471,1678 1470,1677 1470,1674 1471,1673 1471,1664 1472,1663 1472,1662 1473,1661 1473,1660 1474,1659 1474,1658 1475,1657 1475,1656 1476,1655 1476,1653 1477,1652 1516,1652 1518,1650 1518,1632 1519,1631 1520,1631 1521,1630 1556,1630 1558,1628 1560,1628 1562,1630 1674,1630 1676,1632 1676,1652 1762,1652 1762,1632 1764,1630 1906,1630 1907,1631 1908,1631 1909,1632 1909,1652 2001,1652 2003,1650 2003,1632 2005,1630 2023,1630 2025,1632 2025,1633 2027,1635 2093,1635 2093,1632 2095,1630 2224,1630 2226,1632 2226,1635 2290,1635 2290,1632 2292,1630 2294,1630 2294,1613 2292,1613 2290,1611 2290,1608 2288,1608 2286,1606 2286,1578 2283,1578 2282,1577 2282,1576 2281,1575 2281,1571 2244,1571 2242,1569 2242,1564 2178,1564 2178,1573 2176,1575 1948,1575 1947,1576 1947,1577 1946,1578 1939,1578 1938,1577 1938,1576 1937,1575 1935,1575 1933,1573 1933,1554 1860,1554 1860,1569 1858,1571 1786,1571 1786,1573 1784,1575 1632,1575 1630,1573 1630,1571 1562,1571 1562,1573 1560,1575 1514,1575 1513,1574 1513,1573 1514,1572 1514,1571 1515,1570 1515,1568 1516,1567 1516,1566 1517,1565 1517,1564 1518,1563 1518,1562 1519,1561 1519,1560 1520,1559 1520,1558 1521,1557 1521,1555 1522,1554 1522,1553 1523,1552 1523,1551 1524,1550 1524,1549 1525,1548 1525,1547 1526,1546 1526,1544 1527,1543 1534,1543 1534,1540 1536,1538 1538,1538 1538,1534 1540,1532 1543,1532 1543,1527 1545,1525 1547,1525 1549,1527 1617,1527 1619,1529 1619,1549 1621,1549 1622,1550 1623,1550 1624,1551 1626,1551 1627,1552 1627,1553 1628,1554 1628,1556 1630,1556 1632,1558 1632,1560 1696,1560 1696,1536 1694,1536 1692,1534 1689,1534 1687,1532 1687,1529 1689,1527 1727,1527 1729,1525 1788,1525 1790,1527 1854,1527 1856,1525 1885,1525 1887,1527 1961,1527 1963,1525 1974,1525 1975,1526 1976,1526 1977,1527 2115,1527 2117,1525 2119,1525 2121,1527 2189,1527 2191,1525 2281,1525 2281,1523 2283,1521 2286,1521 2286,1488 2283,1488 2281,1486 2281,1472 2279,1472 2277,1470 2277,1468 2183,1468 2182,1467 2181,1467 2180,1466 2180,1464 2112,1464 2112,1466 2110,1468 2073,1468 2071,1466 2071,1448 1985,1448 1985,1470 1983,1472 1977,1472 1974,1475 1970,1475 1969,1474 1969,1473 1968,1472 1942,1472 1941,1471 1940,1471 1939,1470 1939,1468 1878,1468 1878,1470 1876,1472 1768,1472 1766,1470 1766,1451 1681,1451 1681,1453 1680,1454 1679,1454 1678,1455 1676,1455 1674,1457 1672,1457 1672,1459 1670,1461 1668,1461 1665,1464 1663,1464 1662,1463 1662,1462 1661,1461 1659,1461 1657,1459 1657,1457 1584,1457 1584,1459 1582,1461 1580,1461 1580,1470 1578,1472 1549,1472 1548,1473 1548,1474 1547,1475 1540,1475 1540,1477 1538,1479 1532,1479 1531,1478 1530,1478 1529,1477 1529,1475 1524,1475 1521,1472 1520,1472 1518,1470 1517,1470 1515,1468 1514,1468 1512,1466 1511,1466 1509,1464 1508,1464 1506,1462 1505,1462 1503,1460 1502,1460 1500,1458 1499,1458 1497,1456 1496,1456 1494,1454 1493,1454 1490,1451 1489,1451 1487,1449 1486,1449 1484,1447 1483,1447 1481,1445 1480,1445 1478,1443 1477,1443 1475,1441 1474,1441 1472,1439 1471,1439 1469,1437 1468,1437 1466,1435 1465,1435 1462,1432 1461,1432 1459,1430 1458,1430 1456,1428 1455,1428 1453,1426 1452,1426 1450,1424 1449,1424 1448,1423 1449,1422 1477,1422 1479,1424 1920,1424 1922,1422 1933,1422 1935,1424 2007,1424 2009,1422 2277,1422 2277,1420 2279,1418 2281,1418 2282,1417 2282,1416 2283,1415 2286,1415 2286,1376 2283,1376 2281,1374 2281,1369 2279,1369 2277,1367 2277,1365 2275,1365 2274,1364 2273,1364 2272,1363 2272,1361 2244,1361 2243,1360 2243,1359 2242,1358 2242,1350 2240,1350 2239,1349 2238,1349 2237,1348 2237,1345 2143,1345 2143,1363 2141,1365 2134,1365 2134,1367 2132,1369 2130,1369 2128,1367 2128,1365 2104,1365 2102,1363 2102,1345 2091,1345 2090,1344 2089,1344 2088,1343 2088,1341 1994,1341 1994,1343 1992,1345 1981,1345 1981,1348 1979,1350 1977,1350 1976,1351 1975,1351 1974,1352 1972,1352 1972,1363 1970,1365 1716,1365 1714,1363 1714,1341 1641,1341 1641,1343 1639,1345 1628,1345 1628,1367 1626,1369 1589,1369 1588,1368 1587,1368 1586,1367 1586,1365 1383,1365 1382,1364 1382,1363 1383,1362 1383,1358 1384,1357 1384,1354 1385,1353 1385,1350 1386,1349 1386,1346 1387,1345 1387,1342 1388,1341 1437,1341 1437,1321 1438,1320 1439,1320 1440,1319 1477,1319 1479,1317 1578,1317 1580,1319 1801,1319 1803,1317 1806,1317 1806,1315 1807,1314 1807,1313 1808,1312 1810,1314 1810,1315 1812,1317 1814,1317 1815,1318 1816,1318 1817,1319 1950,1319 1952,1317 1952,1315 1955,1312 1961,1312 1962,1313 1962,1314 1963,1315 1963,1317 1974,1317 1975,1318 1976,1318 1977,1319 2040,1319 2042,1317 2145,1317 2146,1318 2147,1318 2148,1319 2220,1319 2222,1317 2229,1317 2229,1315 2230,1314 2230,1313 2231,1312 2237,1312 2237,1308 2238,1307 2239,1307 2240,1306 2268,1306 2268,1304 2269,1303 2269,1302 2270,1301 2286,1301 2286,1299 2288,1297 2290,1297 2290,1277 2288,1277 2286,1275 2286,1273 2253,1273 2251,1271 2251,1262 2226,1262 2224,1260 2224,1258 2205,1258 2202,1255 2202,1238 2200,1238 2198,1236 2121,1236 2119,1238 2112,1238 2112,1240 2110,1242 2108,1242 2108,1244 2107,1245 2107,1246 2106,1247 2104,1247 2104,1251 2102,1253 2099,1253 2099,1288 2098,1289 2098,1290 2097,1291 2095,1291 2094,1290 2094,1289 2093,1288 2093,1262 2091,1262 2090,1261 2089,1261 2088,1260 2088,1258 2038,1258 2037,1257 2037,1256 2036,1255 1970,1255 1969,1256 1969,1257 1968,1258 1963,1258 1963,1260 1961,1262 1952,1262 1948,1258 1922,1258 1921,1257 1921,1256 1920,1255 1920,1242 1917,1242 1915,1240 1915,1238 1878,1238 1876,1236 1876,1225 1830,1225 1828,1223 1828,1216 1830,1214 1898,1214 1898,1212 1899,1211 1899,1210 1900,1209 1942,1209 1943,1210 1943,1211 1944,1212 1944,1214 2009,1214 2009,1212 2012,1209 2088,1209 2091,1212 2091,1216 2158,1216 2158,1212 2161,1209 2286,1209 2286,1207 2288,1205 2290,1205 2290,1187 2288,1187 2286,1185 2286,1183 2279,1183 2277,1181 2279,1179 2281,1179 2281,1177 2282,1176 2282,1175 2283,1174 2286,1174 2286,1157 2283,1157 2281,1155 2281,1152 2279,1152 2277,1150 2277,1133 2270,1133 2268,1131 2268,1128 2200,1128 2200,1131 2198,1133 2187,1133 2185,1135 2183,1135 2183,1137 2182,1138 2181,1138 2180,1139 2178,1139 2178,1150 2176,1152 2174,1152 2172,1150 2172,1139 2165,1139 2163,1137 2163,1135 2099,1135 2099,1137 2097,1139 2095,1139 2095,1150 2093,1152 2055,1152 2055,1155 2053,1157 2051,1155 2051,1135 2047,1135 2045,1133 1959,1133 1957,1135 1950,1135 1950,1141 1949,1142 1949,1143 1948,1144 1948,1155 1946,1157 1944,1157 1942,1159 1941,1158 1940,1158 1939,1157 1913,1157 1911,1155 1911,1152 1906,1152 1904,1150 1904,1135 1902,1133 1834,1133 1832,1135 1830,1135 1830,1150 1828,1152 1803,1152 1801,1150 1801,1133 1790,1133 1788,1131 1788,1128 1790,1126 1863,1126 1863,1104 1865,1102 2007,1102 2009,1100 2009,1098 2012,1095 2018,1095 2019,1096 2019,1097 2020,1098 2020,1102 2277,1102 2279,1100 2281,1100 2281,1098 2282,1097 2282,1096 2283,1095 2286,1095 2288,1093 2290,1093 2290,1060 2288,1060 2286,1058 2286,1049 2283,1049 2281,1047 2281,1043 2257,1043 2255,1041 2183,1041 2182,1042 2181,1042 2180,1043 2139,1043 2137,1041 2137,1030 2134,1030 2133,1029 2133,1028 2132,1027 2132,1025 2060,1025 2060,1045 2058,1047 1974,1047 1972,1045 1972,1030 1970,1030 1969,1029 1969,1028 1968,1027 1968,1025 1900,1025 1900,1027 1899,1028 1899,1029 1898,1030 1893,1030 1893,1045 1891,1047 1781,1047 1779,1049 1777,1049 1775,1047 1624,1047 1623,1048 1622,1048 1621,1049 1575,1049 1573,1047 1573,1025 1567,1025 1566,1024 1565,1024 1564,1023 1497,1023 1497,1047 1496,1048 1495,1048 1494,1049 1475,1049 1474,1048 1473,1048 1472,1047 1351,1047 1350,1046 1350,1045 1345,1040 1345,1039 1341,1035 1341,1034 1336,1029 1336,1028 1332,1024 1332,1023 1327,1018 1327,1017 1323,1013 1323,1012 1319,1008 1319,1007 1314,1002 1314,1001 1313,1000 1314,999 1426,999 1427,998 1428,998 1429,997 1429,995 1430,994 1430,993 1431,992 1435,992 1435,979 1437,977 1437,951 1435,949 1435,946 1431,946 1429,944 1319,944 1318,943 1319,942 1320,942 1322,940 1323,940 1324,939 1325,939 1326,938 1327,938 1329,936 1330,936 1331,935 1332,935 1333,934 1334,934 1336,932 1337,932 1338,931 1339,931 1340,930 1341,930 1343,928 1344,928 1345,927 1346,927 1347,926 1348,926 1350,924 1351,924 1352,923 1353,923 1354,922 1355,922 1357,920 1358,920 1359,919 1360,919 1362,917 1363,917 1364,916 1365,916 1366,915 1367,915 1369,913 1370,913 1371,912 1372,912 1373,911 1374,911 1376,909 1377,909 1378,908 1379,908 1380,907 1381,907 1383,905 1384,905 1385,904 1386,904 1387,903 1388,903 1390,901 1391,901 1392,900 1393,900 1394,899 1395,899 1397,897 1398,897 1399,896 1400,896 1402,894 1545,894 1547,896 1548,896 1550,898 1551,898 1553,900 1554,900 1556,902 1557,902 1560,905 1561,905 1563,907 1564,907 1566,909 1567,909 1570,912 1571,912 1573,914 1574,914 1576,916 1577,916 1580,919 1581,919 1583,921 1584,921 1586,923 1587,923 1589,925 1590,925 1593,928 1594,928 1596,930 1597,930 1599,932 1600,932 1603,935 1604,935 1606,937 1607,937 1609,939 1610,939 1613,942 1614,942 1615,943 1614,944 1558,944 1556,942 1556,920 1470,920 1468,922 1461,922 1461,924 1460,925 1460,926 1459,927 1459,942 1457,944 1453,944 1453,966 1457,966 1459,968 1459,973 1457,975 1453,975 1453,997 1499,997 1501,999 1573,999 1575,997 1626,997 1628,999 1757,999 1758,998 1759,998 1760,997 1788,997 1790,999 1790,1014 1858,1014 1858,1012 1860,1010 1867,1010 1871,1006 1871,971 1812,971 1811,970 1811,969 1810,968 1810,944 1808,944 1806,942 1806,940 1768,940 1766,938 1766,922 1764,922 1762,920 1685,920 1683,922 1677,922 1676,921 1677,920 1677,919 1679,917 1679,916 1681,914 1681,913 1684,910 1684,909 1686,907 1686,906 1688,904 1688,903 1690,901 1690,900 1692,898 1692,897 1694,895 1694,894 1696,892 1696,891 1698,889 1700,889 1703,892 1703,894 1832,894 1832,892 1833,891 1833,890 1834,889 1913,889 1914,890 1914,891 1915,892 1915,894 2031,894 2031,892 2034,889 2104,889 2105,890 2105,892 2104,893 2104,895 2103,896 2103,898 2102,899 2102,901 2101,902 2101,905 2100,906 2100,908 2099,909 2099,911 2098,912 2098,914 2097,915 2097,918 2096,919 2096,921 2095,922 2095,924 2094,925 2094,927 2093,928 2093,931 2092,932 2092,934 2091,935 2091,937 2089,939 2088,938 2088,920 2084,916 2009,916 2007,918 2007,938 2009,938 2010,939 2011,939 2012,940 2012,942 2011,943 2010,943 2009,944 1990,944 1988,942 1988,927 1985,927 1984,926 1984,925 1983,924 1983,922 1977,922 1976,921 1975,921 1974,920 1902,920 1900,922 1893,922 1893,927 1891,929 1891,944 1889,946 1887,946 1887,949 1885,951 1880,951 1880,955 1878,957 1878,990 1880,992 1885,992 1886,993 1886,994 1887,995 1887,997 2009,997 2010,998 2011,998 2012,999 2012,1017 2014,1017 2016,1019 2016,1021 2080,1021 2080,1019 2082,1017 2086,1017 2087,1016 2087,1015 2088,1014 2088,999 2089,998 2090,998 2091,997 2137,997 2137,995 2138,994 2138,993 2139,992 2141,992 2143,990 2145,990 2145,975 2146,974 2147,974 2148,973 2150,973 2152,975 2152,992 2198,992 2199,993 2199,994 2200,995 2200,997 2277,997 2277,995 2278,994 2278,993 2279,992 2286,992 2288,990 2290,990 2290,944 2288,944 2286,942 2286,940 2283,940 2281,938 2240,938 2237,935 2237,916 2156,916 2156,938 2158,938 2159,939 2160,939 2161,940 2161,942 2160,943 2159,943 2158,944 2156,944 2156,962 2158,962 2159,963 2160,963 2161,964 2161,968 2158,971 2152,971 2151,970 2151,969 2150,968 2150,946 2148,946 2147,945 2146,945 2145,944 2143,944 2141,942 2141,940 2093,940 2092,939 2092,938 2093,937 2093,935 2094,934 2094,931 2095,930 2095,928 2096,927 2096,925 2097,924 2097,922 2098,921 2098,918 2099,917 2099,915 2100,914 2100,912 2101,911 2101,909 2102,908 2102,905 2103,904 2103,902 2104,901 2104,899 2105,898 2105,896 2106,895 2106,892 2107,891 2107,890 2108,889 2119,889 2121,887 2163,887 2165,889 2237,889 2238,888 2239,888 2240,887 2242,887 2244,885 2246,885 2246,878 2248,876 2290,876 2290,848 2279,848 2277,846 2257,846 2256,845 2256,844 2255,843 2255,841 2253,841 2251,839 2251,835 2248,835 2247,834 2247,833 2246,832 2246,810 2213,810 2211,808 2211,806 2134,806 2133,805 2134,804 2134,801 2135,800 2135,798 2136,797 2136,795 2137,794 2137,792 2138,791 2138,788 2139,787 2139,785 2140,784 2237,784 2237,780 2238,779 2239,779 2240,778 2277,778 2277,775 2279,773 2286,773 2286,749 2235,749 2233,747 2233,727 2191,727 2189,725 2189,714 2187,714 2185,712 2185,710 2117,710 2117,712 2115,714 2112,714 2112,729 2111,730 2111,731 2110,732 2027,732 2025,734 2020,734 2020,745 2019,746 1971,746 1970,747 1962,747 1961,746 1961,743 1960,742 1960,741 1959,740 1959,734 1955,734 1954,733 1953,733 1952,732 1900,732 1899,731 1899,730 1898,729 1898,725 1834,725 1832,727 1830,727 1830,729 1829,730 1829,731 1828,732 1733,732 1732,731 1732,730 1731,729 1731,710 1659,710 1659,712 1657,714 1654,714 1654,725 1652,727 1624,727 1624,729 1621,732 1619,732 1617,734 1615,734 1615,758 1617,758 1619,760 1619,784 1621,784 1622,785 1623,785 1624,786 1624,789 1626,789 1628,791 1700,791 1701,790 1702,790 1703,789 1761,789 1762,790 1761,791 1761,792 1759,794 1759,795 1757,797 1757,798 1755,800 1755,801 1752,804 1752,805 1750,807 1750,808 1748,810 1748,811 1746,813 1711,813 1711,835 1709,837 1698,837 1698,839 1696,841 1694,841 1694,843 1693,844 1693,845 1692,846 1689,846 1688,845 1688,844 1687,843 1687,841 1681,841 1680,840 1679,840 1678,839 1678,837 1676,837 1674,835 1597,835 1595,837 1536,837 1534,835 1534,821 1532,821 1531,820 1530,820 1529,819 1529,817 1527,817 1525,815 1525,813 1471,813 1470,812 1470,810 1469,809 1469,807 1468,806 1468,804 1467,803 1467,801 1466,800 1466,798 1465,797 1465,795 1464,794 1464,792 1463,791 1463,790 1464,789 1538,789 1540,791 1604,791 1606,789 1613,789 1613,767 1611,767 1608,764 1608,762 1606,762 1604,760 1604,738 1602,738 1600,736 1600,734 1597,734 1595,732 1558,732 1557,731 1557,730 1556,729 1556,710 1475,710 1475,732 1474,733 1473,733 1472,734 1466,734 1464,732 1464,718 1463,717 1462,717 1461,716 1461,712 1459,710 1457,710 1456,709 1456,708 1455,707 1437,707 1435,705 1435,703 1434,702 1434,699 1433,698 1433,696 1432,695 1432,693 1431,692 1431,690 1430,689 1430,687 1429,686 1429,684 1428,683 1428,682 1429,681 1578,681 1580,683 1580,705 1670,705 1670,683 1672,681 1696,681 1698,683 1698,686 1766,686 1766,683 1768,681 1946,681 1948,679 2150,679 2152,681 2198,681 2200,683 2200,688 2277,688 2277,683 2279,681 2281,681 2283,679 2286,679 2286,653 2283,653 2282,652 2282,651 2281,650 2281,648 2279,648 2277,646 2244,646 2242,644 2242,635 2240,635 2239,634 2238,634 2237,633 2237,624 2235,624 2233,622 1915,622 1913,624 1619,624 1619,626 1618,627 1618,628 1617,629 1593,629 1591,631 1580,631 1578,629 1575,629 1574,628 1574,627 1573,626 1573,624 1532,624 1531,623 1530,623 1529,622 1529,604 1453,604 1452,605 1452,606 1451,607 1428,607 1427,606 1428,605 1428,603 1429,602 1429,599 1430,598 1430,596 1431,595 1431,593 1432,592 1432,589 1433,588 1433,586 1434,585 1434,582 1435,581 1435,579 1436,578 1630,578 1632,576 1735,576 1736,577 1737,577 1738,578 1946,578 1948,576 1994,576 1994,574 1996,572 1998,574 1998,576 2075,576 2075,574 2077,572 2084,572 2086,574 2086,591 2088,591 2089,592 2090,592 2091,593 2091,596 2167,596 2167,593 2169,591 2172,591 2172,574 2174,572 2237,572 2237,569 2238,568 2239,568 2240,567 2242,567 2244,565 2246,565 2246,563 2248,561 2281,561 2281,556 2283,554 2286,554 2286,543 2288,541 2311,541 2311,521 2253,521 2251,519 2248,519 2246,517 2246,495 2240,495 2239,494 2238,494 2237,493"/><TextEquiv><Unicode/></TextEquiv><TextLine id="r3_l001"><Coords points="664,501 2285,501 2285,593 664,593"/><TextEquiv index="1"><Unicode>j'en fis hier la douce &amp; trite exp-</Unicode></TextEquiv></TextLine><TextLine id="r3_l002"><Coords points="664,610 2258,610 2258,699 664,699"/><TextEquiv index="1"><Unicode>rience. Il me embla que mon ame,</Unicode></TextEquiv></TextLine><TextLine id="r3_l003"><Coords points="664,717 2258,717 2258,789 664,789"/><TextEquiv index="1"><Unicode>fortement unie  la tienne, m'a-</Unicode></TextEquiv></TextLine><TextLine id="r3_l004"><Coords points="647,816 2263,816 2263,888 647,888"/><TextEquiv index="1"><Unicode>bandonnoit  l'intant de notre -</Unicode></TextEquiv></TextLine><TextLine id="r3_l005"><Coords points="668,926 2263,926 2263,1015 668,1015"/><TextEquiv index="1"><Unicode>paration. Il me embla, &amp; je le</Unicode></TextEquiv></TextLine><TextLine id="r3_l006"><Coords points="664,1032 2263,1032 2263,1121 664,1121"/><TextEquiv index="1"><Unicode>ens encore, que je ne puis vivre</Unicode></TextEquiv></TextLine><TextLine id="r3_l007"><Coords points="668,1138 2263,1138 2263,1239 668,1239"/><TextEquiv index="1"><Unicode>loigne de toi: je ne ais i c'et</Unicode></TextEquiv></TextLine><TextLine id="r3_l008"><Coords points="664,1239 2263,1239 2263,1334 664,1334"/><TextEquiv index="1"><Unicode>le charme inexprimable de ta o-</Unicode></TextEquiv></TextLine><TextLine id="r3_l009"><Coords points="664,1351 2258,1351 2258,1429 664,1429"/><TextEquiv index="1"><Unicode>cit, la douceur enchanteree de</Unicode></TextEquiv></TextLine><TextLine id="r3_l010"><Coords points="668,1457 2258,1457 2258,1553 668,1553"/><TextEquiv index="1"><Unicode>ton caractere; car; c'et une de tes</Unicode></TextEquiv></TextLine><TextLine id="r3_l011"><Coords points="664,1556 2267,1556 2267,1649 664,1649"/><TextEquiv index="1"><Unicode>vertus acquies que tu pratiques au</Unicode></TextEquiv></TextLine><TextLine id="r3_l012"><Coords points="647,1663 2258,1663 2258,1755 647,1755"/><TextEquiv index="1"><Unicode>uprme degr: je ne ais, dis-je,</Unicode></TextEquiv></TextLine><TextLine id="r3_l013"><Coords points="651,1769 2258,1769 2258,1858 651,1858"/><TextEquiv index="1"><Unicode>i ce ont tes nouvelles perfections,</Unicode></TextEquiv></TextLine><TextLine id="r3_l014"><Coords points="664,1875 2258,1875 2258,1954 664,1954"/><TextEquiv index="1"><Unicode>ou le beoin de mes conolations,</Unicode></TextEquiv></TextLine><TextLine id="r3_l015"><Coords points="651,1981 2258,1981 2258,2070 651,2070"/><TextEquiv index="1"><Unicode>qui ont rendu ta prence een-</Unicode></TextEquiv></TextLine><TextLine id="r3_l016"><Coords points="664,2084 2258,2084 2258,2173 664,2173"/><TextEquiv index="1"><Unicode>tielle  mon bonheur; mais je ens</Unicode></TextEquiv></TextLine><TextLine id="r3_l017"><Coords points="664,2190 2254,2190 2254,2280 664,2280"/><TextEquiv index="1"><Unicode>que je n'aurai nul repos, juqu'au</Unicode></TextEquiv></TextLine><TextLine id="r3_l018"><Coords points="642,2293 2254,2293 2254,2365 642,2365"/><TextEquiv index="1"><Unicode>moment o nous erons runies.</Unicode></TextEquiv></TextLine><TextLine id="r3_l019"><Coords points="638,2400 2254,2400 2254,2485 638,2485"/><TextEquiv index="1"><Unicode>Mon amiti n'et plus ce entiment</Unicode></TextEquiv></TextLine><TextLine id="r3_l020"><Coords points="629,2502 2254,2502 2254,2591 629,2591"/><TextEquiv index="1"><Unicode>doux &amp; paiible, qui affectoit dli-</Unicode></TextEquiv></TextLine><TextLine id="r3_l021"><Coords points="638,2612 2254,2612 2254,2705 638,2705"/><TextEquiv index="1"><Unicode>cieufement mon cur, ans rpan-</Unicode></TextEquiv></TextLine><TextLine id="r3_l022"><Coords points="633,2718 2254,2718 2254,2801 633,2801"/><TextEquiv index="1"><Unicode>dre de P'amertume ur mes devoirs</Unicode></TextEquiv></TextLine></TextRegion></Page></PcGts>