2480 3507
698 459 2255 549 tai dans l'intention d'uer du pr-
698 562 2259 655 texte de le remercier, pour lui
692 668 2262 774 crire & lui faire mes vives repr-
692 772 2297 866 entations, au cas qu'il perite dans
654 878 2272 974 la rolution d'un mariage i me-
645 987 2272 1076 ant. Mais je commence  me flatter
645 1094 2276 1186 que tu eras moins percute. Je
689 1196 2281 1289 lui parlai beaucoup du chagrin que
688 1302 2284 1409 j'avois de te quitter & du deir que
684 1408 2288 1500 j'aurois de vivre avec toi. Je le
689 1515 2289 1614 crois, dit-il, c'et une fille adora-
685 1614 2294 1700 ble: outre es vertus, es talents, &
632 1721 2298 1817 les admirables qualits de a per-
685 1831 2298 1920 onne, elle a un agrment dans
685 1933 2298 2026 Peprit au - deus de tout ce que
680 2040 2298 2132 j'ai vu. On applaudit ouvent  mes
685 2146 2289 2235 aillies, mais je uis forc de con-
624 2245 2302 2338 venir qu'elle et bien uprreure
667 2352 2298 2448 tous gards. Les plus indiffrents
676 2458 2302 2550 ne peuvent l'entendre ans une orte
685 2564 2350 2653 de plaiir, & les autres l'coutent
680 2670 2311 2766 avec extae. Elle parle de tout avec
2128 2794 2320 2849 n
