2480 3507
250 494 1822 583 adieux avec le chevalier furent
246 603 1831 696 trs nergiques; quoique contraints
237 710 1836 806 par la prence du baron, nos
242 816 1831 908 curs s'entendirent par l'expreion
242 919 1844 1008 de nos yeux. Le mien lui recom-
242 1025 1840 1111 mandoit ton bonheur, lui faiant
242 1135 1840 1220 entendre qu'il dpendoit unique-
237 1238 1849 1327 ment de lui. De on ct il implo-
237 1340 1849 1436 roit avec confiance ma protection,
242 1443 1853 1532 en cas de fcheux vnement. Le
242 1549 1849 1652 bon Saintr ajouta  ce dialogtte
237 1656 1858 1748 muet les effuions de on cur
233 1759 1853 1848 obligeant, & nous conjura, avec
233 1868 1853 1954 aez peu de prcautions, d'tre
233 1971 1849 2060 tranquilles ur le upcs que nous
233 2081 1866 2180 deiripns; que i cette voip ne
233 2180 1871 2280 ruioit pas, on zele lui en infpi-
237 2290 1866 2386 reroit quelqu'autre plus henreue.
233 2393 1866 2492 Si tu avois vu avec quel air erein
233 2499 1862 2585 & aecueux il m'auroit de tout
215 2602 1871 2691 ela, tu n'aurois pu te dfendre,
233 2708 1866 2814 ' prendre confiance. Ce jee
1335 2811 1519 2903 i
1647 363 1840 459 13
