2480 3507
626 504 2214 605 homme, en vrit, ma chere, a une
621 605 2241 706 belle ame; je dirois la plus belle,
617 717 2219 806 fi Luzan, dans ton opinion, n'avoit
613 823 2219 915 le ublime des perfections exclui-
608 929 2219 1011 vement  tout, mme  on ami.
613 1035 2214 1124 Par les remarques que j'ai eu occa-
617 1138 2223 1227 fion de faire en me parant e ces
608 1244 2232 1343 etimables amis, j'ai acquis une
608 1343 2219 1440 parfaite connoiance de leurs ca-
604 1457 2227 1532 racteres; elle m'a mis en tat de
604 1556 2227 1645 tenir la promee que je t'ai faite
604 1663 2236 1752 de tracer leurs portraits; mais ce
604 1765 2236 1858 era pour une autre fois: j'ai main-
600 1879 2245 1964 tenant trop de trouble dans le cur,
604 1981 2249 2070 & pas aez de libert d'eprit, pour
604 2091 2245 2177 entreprendre cette peinture. Il me
595 2194 2241 2280 faut quelque temps, non pour d-
595 2293 2249 2386 truire mon chagrin, car je coute
600 2400 2245 2492 que cela e puie; mais pour m'ac-
600 2509 2245 2595 coutumer  le ouffrir. Puie la loi
600 2612 2249 2687 de la nceit avoir autant de
600 2718 2249 2818 pouvoir ur moi en cette occaion,
626 381 792 470 ra
