<PcGts xmlns="http://schema.primaresearch.org/PAGE/gts/pagecontent/2017-07-15" xmlns:xsi="http://www.w3.org/2001/XMLSchema-instance" xsi:schemaLocation="http://schema.primaresearch.org/PAGE/gts/pagecontent/2017-07-15 http://schema.primaresearch.org/PAGE/gts/pagecontent/2017-07-15/pagecontent.xsd"><Metadata><Creator/><Created>2020-09-14T10:49:11</Created><LastChange>1970-01-01T00:00:00</LastChange><Comments/></Metadata><Page imageFilename="0174.png" imageHeight="3507" imageWidth="2480"><ReadingOrder><OrderedGroup id="g1"><RegionRefIndexed index="0" regionRef="r2"/><RegionRefIndexed index="1" regionRef="r1"/></OrderedGroup></ReadingOrder><TextRegion id="r1" orientation="0.0" type="paragraph"><Coords points="747,458 743,462 743,480 742,481 741,481 740,482 635,482 633,484 556,484 556,486 554,488 547,488 547,490 546,491 546,492 545,493 543,493 543,537 545,537 547,539 547,541 558,541 559,542 560,542 561,543 561,565 629,565 629,563 631,561 655,561 655,543 657,541 683,541 684,542 685,542 686,543 686,552 745,552 747,554 747,561 751,561 752,562 753,562 754,563 754,565 753,566 752,566 751,567 725,567 723,569 600,569 600,589 598,591 539,591 539,615 541,615 542,616 542,617 543,618 543,644 541,646 539,646 537,648 534,648 534,668 537,668 539,670 615,670 616,669 617,669 618,668 624,668 624,648 626,646 714,646 721,653 721,655 784,655 784,648 786,646 981,646 982,645 983,645 984,644 990,644 990,629 991,628 991,627 992,626 995,626 995,593 988,593 986,591 944,591 942,589 942,587 878,587 878,589 876,591 815,591 813,589 813,569 808,569 806,567 808,565 815,565 815,563 817,561 819,561 819,556 821,554 824,554 824,543 826,541 1001,541 1003,543 1063,543 1065,545 1065,561 1150,561 1150,543 1152,541 1198,541 1199,542 1200,542 1201,543 1201,547 1264,547 1264,543 1266,541 1345,541 1346,542 1347,542 1348,543 1348,558 1375,558 1376,559 1372,563 1371,563 1364,570 1363,570 1357,576 1356,576 1349,583 1348,583 1341,590 1340,590 1339,591 1187,591 1185,593 1183,593 1183,606 1182,607 1173,607 1172,606 1172,591 1122,591 1120,589 1120,569 1117,569 1115,567 1025,567 1025,585 1027,585 1028,586 1029,586 1030,587 1030,589 1029,590 1028,590 1027,591 1017,591 1016,592 1015,592 1014,593 1014,596 1012,598 1008,598 1008,602 1006,604 1003,604 1003,633 1006,633 1008,635 1008,640 1012,640 1014,642 1014,644 1015,645 1016,645 1017,646 1163,646 1164,645 1165,645 1166,644 1168,644 1168,642 1170,640 1172,640 1172,610 1173,609 1182,609 1183,610 1183,646 1371,646 1372,647 1373,647 1377,651 1378,651 1382,655 1383,655 1388,660 1389,660 1393,664 1394,664 1398,668 1399,668 1402,671 1401,672 1387,672 1387,694 1386,695 1386,696 1385,697 1378,697 1377,696 1377,695 1376,694 1376,677 1374,677 1372,675 1372,672 1304,672 1304,675 1303,676 1302,676 1301,677 1299,677 1299,694 1298,695 1298,696 1297,697 1296,696 1296,695 1295,694 1266,694 1264,692 1264,677 1192,677 1190,679 1187,679 1187,681 1185,683 1148,683 1148,694 1147,695 1147,696 1146,697 1111,697 1110,696 1110,695 1109,694 1109,672 1025,672 1025,675 1023,677 988,677 986,675 986,672 918,672 918,677 916,679 887,679 887,694 886,695 886,696 885,697 817,697 817,699 815,701 786,701 784,699 784,697 723,697 722,696 722,695 721,694 683,694 681,692 681,677 534,677 534,699 537,699 539,701 539,725 537,727 534,727 534,754 780,754 782,752 782,751 784,749 786,751 786,754 797,754 798,755 799,755 800,756 800,773 889,773 889,756 890,755 891,755 892,754 1049,754 1050,755 1051,755 1052,756 1052,758 1120,758 1120,756 1122,754 1394,754 1396,756 1396,773 1445,773 1446,774 1446,781 1445,782 1391,782 1391,800 1389,802 1280,802 1279,801 1278,801 1277,800 1277,786 1275,786 1273,784 1273,782 1205,782 1205,784 1203,786 1201,786 1201,804 1200,805 1199,805 1198,806 1131,806 1130,805 1129,805 1128,804 1128,802 984,802 983,801 982,801 981,800 981,786 979,786 977,784 977,782 848,782 848,800 846,802 782,802 780,800 780,780 697,780 696,781 695,781 694,782 692,782 692,784 690,786 686,786 686,789 685,790 684,790 683,791 683,800 681,802 534,802 534,828 537,828 539,830 539,861 545,861 547,863 694,863 695,864 696,864 697,865 697,870 758,870 758,865 760,863 837,863 839,861 846,861 848,863 916,863 918,861 955,861 957,863 1076,863 1078,861 1084,861 1086,859 1087,859 1089,857 1091,859 1091,861 1106,861 1107,862 1108,862 1109,863 1109,885 1194,885 1194,865 1196,863 1269,863 1271,861 1282,861 1284,863 1367,863 1369,865 1391,865 1392,866 1389,869 1388,869 1384,873 1383,873 1379,877 1378,877 1374,881 1373,881 1369,885 1326,885 1326,887 1325,888 1324,888 1323,889 1271,889 1271,892 1269,894 1227,894 1225,896 1218,896 1216,898 1214,898 1214,931 1218,935 1217,936 1217,937 1216,938 1205,938 1204,937 1204,936 1203,935 1203,929 1201,929 1200,928 1199,928 1198,927 1198,909 1043,909 1041,907 1041,894 1040,893 1039,893 1038,892 1038,889 966,889 964,891 964,892 962,894 957,894 955,896 953,896 953,903 951,905 909,905 909,907 907,909 857,909 857,911 854,914 808,914 807,913 807,912 806,911 806,905 782,905 780,903 780,885 699,885 699,887 697,889 692,889 692,894 690,896 686,896 686,907 685,908 684,908 683,909 653,909 652,908 651,908 650,907 650,894 648,894 646,892 646,889 556,889 556,911 555,912 555,913 554,914 543,914 541,916 539,916 539,918 537,920 534,920 534,924 533,925 533,926 532,927 530,927 530,944 532,944 534,946 534,960 537,960 539,962 541,962 543,964 543,966 550,966 552,968 580,968 583,971 583,973 585,973 587,975 587,977 659,977 659,971 660,970 660,969 661,968 690,968 692,966 723,966 725,968 738,968 739,969 739,970 740,971 740,973 775,973 777,975 778,975 780,977 841,977 841,971 842,970 842,969 843,968 850,968 851,969 851,970 852,971 852,977 916,977 916,971 917,970 917,969 918,968 929,968 931,966 944,966 946,968 1067,968 1068,969 1068,970 1069,971 1069,977 1137,977 1139,979 1203,979 1203,971 1204,970 1204,969 1205,968 1262,968 1263,969 1260,972 1259,972 1255,976 1254,976 1250,980 1249,980 1245,984 1244,984 1240,988 1239,988 1235,992 1234,992 1233,993 1233,994 1232,995 1183,995 1183,997 1181,999 1179,999 1179,1017 1177,1019 1170,1019 1168,1017 1131,1017 1128,1014 1128,1012 1100,1012 1098,1010 1098,995 1091,995 1090,994 1090,993 1089,992 1021,992 1020,993 1020,994 1019,995 1014,995 1014,997 1012,999 1008,999 1006,1001 1003,1001 1003,1003 1002,1004 1002,1005 1001,1006 1001,1021 999,1023 992,1023 990,1021 990,1019 944,1019 942,1017 905,1017 904,1016 904,1015 903,1014 903,1012 865,1012 863,1010 863,1006 861,1006 860,1005 860,1004 859,1003 859,999 791,999 789,1001 786,1001 786,1003 785,1004 785,1005 784,1006 782,1006 782,1010 780,1012 778,1012 778,1014 775,1017 707,1017 705,1019 683,1019 681,1017 609,1017 607,1019 530,1019 530,1041 532,1041 534,1043 534,1071 533,1072 533,1073 532,1074 530,1074 530,1095 532,1095 533,1096 533,1097 534,1098 534,1100 598,1100 598,1098 599,1097 599,1096 600,1095 620,1095 620,1089 622,1087 664,1087 664,1084 666,1082 677,1082 679,1080 683,1080 684,1081 685,1081 686,1082 751,1082 751,1078 752,1077 753,1077 754,1076 789,1076 791,1078 791,1080 854,1080 855,1081 856,1081 857,1082 857,1087 924,1087 924,1078 925,1077 926,1077 927,1076 933,1076 935,1078 935,1080 999,1080 999,1078 1001,1076 1282,1076 1284,1078 1284,1095 1286,1095 1287,1096 1287,1097 1288,1098 1288,1100 1350,1100 1350,1098 1351,1097 1351,1096 1352,1095 1354,1095 1359,1100 1360,1100 1363,1103 1362,1104 1223,1104 1223,1120 1222,1121 1221,1121 1220,1122 1152,1122 1152,1124 1150,1126 1082,1126 1080,1124 1080,1122 1063,1122 1062,1121 1061,1121 1060,1120 1060,1102 988,1102 988,1106 987,1107 987,1108 986,1109 940,1109 938,1111 935,1111 935,1124 933,1126 861,1126 859,1128 826,1128 824,1126 817,1126 815,1124 815,1122 754,1122 754,1124 753,1125 752,1125 751,1126 732,1126 731,1125 730,1125 729,1124 729,1122 604,1122 604,1124 602,1126 530,1126 530,1150 532,1150 534,1152 534,1174 533,1175 533,1176 532,1177 530,1177 530,1179 528,1181 526,1181 526,1203 615,1203 615,1185 616,1184 617,1184 618,1183 819,1183 819,1181 821,1179 828,1179 830,1181 830,1183 841,1183 843,1185 843,1203 933,1203 933,1185 935,1183 977,1183 979,1185 1041,1185 1043,1183 1407,1183 1409,1185 1460,1185 1464,1189 1465,1189 1471,1195 1472,1195 1479,1202 1480,1202 1486,1208 1487,1208 1494,1215 1495,1215 1501,1221 1502,1221 1509,1228 1510,1228 1512,1230 1511,1231 1426,1231 1426,1234 1424,1236 1288,1236 1286,1234 1286,1225 1284,1225 1282,1223 1282,1218 1280,1218 1277,1215 1276,1215 1273,1212 1201,1212 1201,1229 1200,1230 1199,1230 1198,1231 1100,1231 1098,1229 1098,1214 1097,1213 1096,1213 1095,1212 1025,1212 1023,1214 1021,1214 1021,1227 1019,1229 992,1229 990,1231 887,1231 885,1229 885,1212 883,1212 882,1211 882,1210 881,1209 881,1207 808,1207 808,1209 807,1210 807,1211 806,1212 795,1212 793,1214 745,1214 743,1216 743,1220 740,1223 740,1227 738,1229 675,1229 674,1230 673,1230 672,1231 600,1231 598,1229 534,1229 532,1231 526,1231 526,1253 528,1253 530,1255 530,1271 532,1271 534,1273 534,1286 541,1286 543,1288 743,1288 745,1286 780,1286 782,1288 1023,1288 1030,1295 1095,1295 1096,1294 1097,1294 1098,1293 1185,1293 1185,1291 1186,1290 1186,1289 1187,1288 1198,1288 1201,1291 1201,1293 1225,1293 1227,1295 1295,1295 1297,1293 1459,1293 1459,1291 1460,1290 1460,1289 1461,1288 1481,1288 1482,1289 1480,1291 1479,1291 1477,1293 1476,1293 1473,1296 1472,1296 1470,1298 1469,1298 1466,1301 1465,1301 1463,1303 1462,1303 1459,1306 1458,1306 1456,1308 1455,1308 1453,1310 1452,1310 1449,1313 1448,1313 1446,1315 1445,1315 1442,1318 1441,1318 1439,1320 1438,1320 1435,1323 1434,1323 1432,1325 1431,1325 1428,1328 1427,1328 1425,1330 1424,1330 1422,1332 1421,1332 1418,1335 1417,1335 1415,1337 1414,1337 1412,1339 1409,1339 1407,1341 1387,1341 1385,1339 1345,1339 1343,1337 1343,1321 1339,1321 1337,1319 1337,1317 1275,1317 1273,1315 1205,1315 1203,1317 1192,1317 1192,1319 1190,1321 1187,1321 1187,1326 1185,1328 1183,1328 1183,1339 1181,1341 1170,1341 1168,1339 1168,1321 1166,1321 1165,1320 1164,1320 1163,1319 1163,1317 1095,1317 1095,1319 1093,1321 1091,1321 1091,1337 1089,1339 1021,1339 1019,1341 944,1341 942,1339 942,1321 940,1321 938,1319 938,1317 870,1317 870,1319 869,1320 868,1320 867,1321 861,1321 861,1337 859,1339 839,1339 837,1337 837,1317 747,1317 747,1337 751,1337 752,1338 753,1338 754,1339 753,1340 752,1340 751,1341 745,1341 743,1339 710,1339 709,1338 708,1338 707,1337 707,1317 705,1317 703,1315 635,1315 633,1317 631,1317 631,1337 629,1339 622,1339 620,1337 620,1334 556,1334 556,1337 554,1339 526,1339 526,1365 528,1365 530,1367 528,1369 526,1369 526,1394 740,1394 741,1395 742,1395 743,1396 743,1398 767,1398 769,1400 832,1400 833,1399 834,1399 835,1398 907,1398 909,1400 973,1400 975,1398 1080,1398 1080,1396 1082,1394 1089,1394 1091,1396 1091,1398 1212,1398 1214,1400 1214,1418 1216,1418 1218,1420 1218,1422 1282,1422 1282,1420 1284,1418 1291,1418 1291,1413 1293,1411 1356,1411 1356,1402 1358,1400 1421,1400 1424,1403 1424,1404 1427,1407 1427,1408 1430,1411 1430,1412 1433,1415 1433,1416 1436,1419 1436,1420 1439,1423 1439,1424 1442,1427 1442,1428 1444,1430 1444,1442 1446,1442 1448,1444 1448,1446 1446,1448 1387,1448 1385,1446 1385,1426 1383,1426 1382,1425 1381,1425 1380,1424 1297,1424 1295,1426 1291,1426 1291,1446 1290,1447 1289,1447 1288,1448 1214,1448 1212,1446 1212,1444 1148,1444 1148,1446 1146,1448 1043,1448 1041,1446 1041,1426 1040,1425 1039,1425 1038,1424 971,1424 970,1423 969,1423 968,1422 968,1420 905,1420 905,1422 903,1424 900,1424 900,1446 898,1448 870,1448 869,1447 868,1447 867,1446 867,1444 526,1444 526,1470 528,1470 530,1472 530,1497 528,1499 526,1499 526,1521 528,1521 530,1523 530,1525 598,1525 598,1523 600,1521 615,1521 615,1503 616,1502 617,1502 618,1501 681,1501 683,1503 683,1521 690,1521 692,1523 692,1525 758,1525 758,1523 760,1521 767,1521 767,1503 769,1501 793,1501 795,1503 992,1503 993,1504 994,1504 995,1505 995,1508 1067,1508 1067,1505 1069,1503 1462,1503 1463,1504 1462,1505 1462,1507 1461,1508 1461,1511 1460,1512 1460,1515 1459,1516 1459,1519 1458,1520 1458,1523 1457,1524 1457,1527 1455,1529 1400,1529 1400,1549 1398,1551 1365,1551 1364,1552 1364,1553 1363,1554 1315,1554 1312,1551 1275,1551 1273,1549 1273,1529 1187,1529 1187,1532 1185,1534 1183,1534 1183,1551 1182,1552 1182,1553 1181,1554 1174,1554 1174,1556 1172,1558 1170,1558 1168,1556 1168,1554 1157,1554 1156,1553 1156,1552 1155,1551 988,1551 987,1552 987,1553 986,1554 979,1554 978,1553 978,1552 977,1551 804,1551 802,1549 802,1529 721,1529 721,1549 720,1550 719,1550 718,1551 679,1551 677,1549 677,1547 609,1547 609,1549 607,1551 526,1551 526,1575 528,1575 529,1576 529,1577 530,1578 530,1589 528,1591 526,1591 526,1604 525,1605 524,1605 523,1606 521,1606 521,1628 523,1628 524,1629 525,1629 526,1630 589,1630 591,1628 615,1628 615,1608 616,1607 617,1607 618,1606 681,1606 683,1604 703,1604 705,1606 771,1606 773,1608 773,1611 841,1611 841,1608 843,1606 942,1606 944,1608 944,1611 1163,1611 1163,1608 1164,1607 1165,1607 1166,1606 1177,1606 1179,1608 1179,1611 1220,1611 1221,1612 1222,1612 1223,1613 1223,1615 1286,1615 1286,1613 1288,1611 1348,1611 1348,1608 1350,1606 1415,1606 1416,1607 1410,1613 1410,1614 1402,1622 1402,1623 1394,1631 1394,1632 1391,1635 1345,1635 1345,1637 1343,1639 1339,1639 1339,1654 1338,1655 1338,1656 1337,1657 1319,1657 1318,1656 1318,1655 1317,1654 1317,1639 1293,1639 1291,1637 1290,1637 1288,1635 1227,1635 1227,1637 1225,1639 1223,1639 1223,1657 1222,1658 1221,1658 1220,1659 1218,1659 1216,1657 1179,1657 1178,1656 1178,1655 1177,1654 1177,1639 1174,1639 1172,1637 1172,1635 1089,1635 1087,1637 1087,1657 1086,1658 1085,1658 1084,1659 1078,1659 1078,1661 1076,1663 1069,1663 1069,1668 1067,1670 1065,1670 1063,1668 1063,1663 1062,1662 1061,1662 1060,1661 1060,1657 1063,1654 1063,1632 992,1632 991,1633 991,1634 990,1635 988,1635 988,1641 986,1643 981,1643 981,1646 979,1648 979,1652 977,1654 975,1654 973,1652 973,1635 870,1635 870,1654 867,1657 791,1657 789,1659 712,1659 710,1657 526,1657 526,1678 528,1678 529,1679 529,1680 530,1681 530,1689 529,1690 529,1691 528,1692 526,1692 526,1709 528,1709 530,1711 530,1714 642,1714 644,1716 644,1718 646,1718 648,1720 710,1720 712,1718 716,1718 716,1716 718,1714 729,1714 730,1715 731,1715 732,1716 732,1738 815,1738 815,1735 817,1733 819,1733 819,1720 821,1718 1054,1718 1054,1716 1056,1714 1060,1714 1060,1711 1062,1709 1063,1709 1065,1707 1067,1707 1069,1709 1071,1709 1072,1710 1073,1710 1074,1711 1074,1714 1080,1714 1082,1716 1082,1718 1216,1718 1216,1716 1218,1714 1234,1714 1236,1716 1236,1718 1279,1718 1280,1719 1279,1720 1278,1720 1277,1721 1276,1721 1274,1723 1273,1723 1272,1724 1271,1724 1270,1725 1269,1725 1268,1726 1267,1726 1266,1727 1265,1727 1264,1728 1263,1728 1262,1729 1261,1729 1260,1730 1259,1730 1258,1731 1257,1731 1255,1733 1254,1733 1253,1734 1252,1734 1251,1735 1250,1735 1249,1736 1248,1736 1247,1737 1246,1737 1245,1738 1201,1738 1201,1740 1200,1741 1199,1741 1198,1742 1196,1742 1196,1744 1194,1746 1187,1746 1187,1753 1185,1755 1183,1755 1183,1768 1182,1769 1182,1770 1181,1771 1179,1771 1179,1772 1177,1774 1176,1774 1175,1775 1174,1775 1173,1776 1172,1775 1172,1766 1170,1766 1168,1764 1168,1762 1161,1762 1159,1760 1091,1760 1089,1762 995,1762 995,1764 994,1765 993,1765 992,1766 935,1766 933,1764 933,1762 852,1762 852,1764 850,1766 843,1766 841,1764 841,1762 804,1762 802,1760 802,1755 800,1753 800,1751 797,1751 795,1749 795,1748 793,1746 793,1742 721,1742 721,1749 719,1751 718,1751 716,1753 712,1753 712,1760 710,1762 705,1762 703,1760 640,1760 639,1761 638,1761 637,1762 539,1762 539,1764 537,1766 530,1766 530,1768 529,1769 529,1770 528,1771 526,1771 526,1775 525,1776 524,1776 523,1777 521,1777 521,1806 523,1806 524,1807 525,1807 526,1808 526,1812 528,1812 530,1814 530,1817 532,1817 534,1819 545,1819 547,1821 547,1823 664,1823 664,1821 666,1819 716,1819 718,1821 718,1823 784,1823 784,1821 786,1819 819,1819 821,1821 821,1823 933,1823 933,1821 935,1819 955,1819 957,1821 957,1823 1168,1823 1168,1821 1170,1819 1172,1819 1174,1817 1177,1817 1179,1819 1181,1819 1183,1821 1183,1823 1350,1823 1352,1825 1352,1843 1374,1843 1375,1844 1375,1847 1376,1848 1375,1849 1361,1849 1361,1871 1358,1874 1356,1874 1354,1876 1352,1876 1350,1874 1345,1874 1344,1873 1344,1872 1343,1871 1343,1869 1284,1869 1282,1867 1282,1863 1218,1863 1218,1871 1217,1872 1217,1873 1216,1874 1054,1874 1053,1873 1053,1872 1052,1871 1052,1869 988,1869 988,1871 987,1872 987,1873 986,1874 962,1874 961,1873 961,1872 960,1871 960,1869 874,1869 872,1867 872,1852 870,1852 867,1849 800,1849 797,1852 795,1852 795,1871 794,1872 794,1873 793,1874 786,1874 785,1873 785,1872 784,1871 784,1869 697,1869 692,1874 686,1874 685,1875 684,1875 683,1876 681,1874 675,1874 672,1871 672,1869 561,1869 561,1871 558,1874 539,1874 537,1876 530,1876 530,1880 528,1882 526,1882 526,1915 528,1915 530,1917 530,1922 532,1922 534,1924 534,1926 541,1926 543,1928 672,1928 673,1927 674,1927 675,1926 681,1926 681,1924 683,1922 686,1922 688,1920 690,1920 692,1922 710,1922 712,1924 712,1926 710,1928 707,1928 707,1946 710,1946 712,1948 712,1950 784,1950 784,1948 786,1946 791,1946 791,1931 792,1930 792,1929 793,1928 1047,1928 1048,1929 1048,1930 1049,1931 1049,1950 1050,1951 1051,1951 1052,1952 1181,1952 1183,1950 1194,1950 1194,1935 1196,1933 1251,1933 1251,1931 1252,1930 1252,1929 1253,1928 1275,1928 1276,1929 1276,1930 1277,1931 1277,1933 1343,1933 1343,1931 1344,1930 1344,1929 1345,1928 1350,1928 1352,1926 1372,1926 1375,1929 1375,1933 1374,1934 1374,1938 1373,1939 1373,1943 1372,1944 1372,1948 1371,1949 1371,1953 1370,1954 1370,1958 1369,1959 1369,1963 1368,1964 1368,1968 1367,1969 1367,1973 1366,1974 1366,1978 1365,1979 1365,1983 1364,1984 1364,1987 1363,1988 1363,1992 1362,1993 1362,1997 1361,1998 1361,2002 1360,2003 1360,2006 1359,2007 1319,2007 1317,2005 1317,1985 1315,1985 1314,1984 1313,1984 1312,1983 1310,1983 1308,1981 1308,1979 1271,1979 1269,1977 1201,1977 1200,1978 1199,1978 1198,1979 1161,1979 1159,1977 1159,1959 1069,1959 1067,1961 1065,1961 1065,1963 1064,1964 1064,1965 1063,1966 1060,1966 1060,1977 1058,1979 962,1979 962,1981 960,1983 953,1983 951,1985 946,1985 946,1990 944,1992 944,2025 946,2027 947,2027 949,2029 951,2029 953,2031 955,2031 956,2032 956,2033 957,2034 957,2036 964,2036 966,2038 966,2040 1041,2040 1041,2038 1043,2036 1058,2036 1060,2038 1061,2038 1063,2040 1308,2040 1310,2042 1310,2047 1315,2047 1317,2049 1350,2049 1351,2050 1351,2051 1350,2052 1350,2056 1349,2057 1349,2061 1348,2062 1348,2063 1347,2064 1334,2064 1334,2066 1333,2067 1333,2068 1332,2069 1332,2080 1330,2082 1312,2082 1310,2084 1258,2084 1258,2086 1257,2087 1256,2087 1255,2088 1244,2088 1242,2086 1242,2084 1196,2084 1194,2082 1122,2082 1120,2080 1117,2080 1116,2079 1116,2078 1115,2077 1115,2075 1113,2075 1111,2073 1111,2069 1049,2069 1048,2068 1048,2067 1047,2066 1047,2064 1041,2064 1040,2063 1039,2063 1038,2062 1038,2060 962,2060 962,2082 960,2084 953,2084 953,2086 951,2088 949,2088 948,2087 947,2087 946,2086 946,2084 861,2084 859,2082 859,2064 782,2064 782,2082 780,2084 754,2084 753,2083 752,2083 751,2082 751,2069 749,2069 747,2067 747,2066 745,2064 726,2064 725,2063 726,2062 726,2060 727,2059 727,2056 728,2055 728,2052 729,2051 729,2048 730,2047 730,2044 731,2043 731,2040 732,2039 732,2037 733,2036 762,2036 764,2038 765,2038 767,2040 881,2040 881,2038 883,2036 924,2036 924,2034 927,2031 929,2031 929,2001 927,2001 924,1998 924,1983 922,1983 920,1981 920,1979 600,1979 600,1981 598,1983 526,1983 526,2005 528,2005 530,2007 530,2034 528,2036 526,2036 526,2060 615,2060 615,2042 616,2041 617,2041 618,2040 690,2040 690,2038 692,2036 729,2036 730,2037 730,2040 729,2041 729,2043 728,2044 728,2047 727,2048 727,2051 726,2052 726,2055 725,2056 725,2059 724,2060 724,2063 723,2064 675,2064 670,2069 669,2068 669,2067 668,2066 668,2064 591,2064 591,2082 589,2084 530,2084 530,2086 528,2088 526,2088 526,2110 528,2110 530,2112 530,2115 532,2115 534,2117 534,2137 532,2139 530,2139 530,2141 528,2143 526,2143 526,2165 615,2165 615,2145 616,2144 617,2144 618,2143 701,2143 702,2144 702,2147 701,2148 701,2151 700,2152 700,2154 699,2155 699,2158 698,2159 698,2162 697,2163 697,2166 696,2167 696,2170 695,2171 695,2173 694,2174 694,2177 693,2178 693,2181 692,2182 692,2185 690,2187 644,2187 644,2189 642,2191 618,2191 617,2190 616,2190 615,2189 615,2187 539,2187 539,2189 537,2191 534,2191 534,2194 532,2196 530,2196 530,2213 532,2213 534,2215 534,2242 537,2242 539,2244 545,2244 547,2246 554,2246 556,2248 585,2248 586,2249 586,2250 587,2251 655,2251 656,2250 656,2249 657,2248 664,2248 664,2246 666,2244 675,2244 676,2245 676,2246 675,2247 675,2250 674,2251 674,2254 673,2255 673,2258 672,2259 672,2261 671,2262 671,2265 670,2266 670,2269 669,2270 669,2273 667,2275 640,2275 639,2276 638,2276 637,2277 618,2277 617,2276 616,2276 615,2275 613,2275 612,2274 612,2273 611,2272 611,2270 534,2270 534,2272 533,2273 533,2274 532,2275 530,2275 530,2321 532,2321 534,2323 537,2323 539,2325 539,2351 538,2352 538,2353 537,2354 534,2354 532,2356 530,2356 530,2375 611,2375 611,2373 613,2371 615,2371 615,2354 618,2351 850,2351 850,2349 852,2347 854,2347 855,2346 856,2346 857,2345 859,2345 859,2325 857,2325 856,2324 855,2324 854,2323 854,2322 855,2321 886,2321 887,2322 887,2347 889,2347 890,2348 891,2348 892,2349 892,2351 1053,2351 1054,2352 1055,2352 1056,2353 1057,2353 1058,2354 1059,2354 1060,2355 1061,2355 1063,2357 1064,2357 1065,2358 1066,2358 1067,2359 1068,2359 1069,2360 1070,2360 1071,2361 1072,2361 1073,2362 1074,2362 1075,2363 1076,2363 1077,2364 1078,2364 1080,2366 1081,2366 1082,2367 1083,2367 1084,2368 1085,2368 1086,2369 1087,2369 1088,2370 1089,2370 1090,2371 1091,2371 1092,2372 1093,2372 1094,2373 1095,2373 1097,2375 1098,2375 1099,2376 1100,2376 1101,2377 1102,2377 1103,2378 1104,2378 1105,2379 1106,2379 1107,2380 1108,2380 1109,2381 1110,2381 1111,2382 1112,2382 1114,2384 1115,2384 1116,2385 1117,2385 1118,2386 1119,2386 1120,2387 1121,2387 1122,2388 1123,2388 1124,2389 1125,2389 1126,2390 1126,2391 1124,2393 1060,2393 1060,2395 1058,2397 896,2397 896,2400 894,2402 887,2402 885,2400 885,2397 821,2397 821,2400 819,2402 780,2402 778,2400 778,2380 767,2380 766,2379 765,2379 764,2378 670,2378 668,2380 661,2380 661,2382 659,2384 657,2384 655,2386 650,2386 650,2391 648,2393 648,2395 646,2397 613,2397 611,2399 611,2400 609,2402 534,2402 534,2406 532,2408 530,2408 530,2426 532,2426 534,2428 534,2430 537,2430 539,2432 539,2457 537,2459 534,2459 534,2479 537,2479 539,2481 620,2481 620,2463 622,2461 624,2461 624,2459 626,2457 754,2457 756,2459 756,2461 824,2461 824,2459 826,2457 889,2457 892,2454 894,2454 895,2455 895,2456 896,2457 896,2474 898,2474 900,2476 900,2479 898,2481 861,2481 859,2483 857,2483 857,2485 856,2486 855,2486 854,2487 852,2487 852,2505 854,2505 855,2506 856,2506 857,2507 857,2509 856,2510 855,2510 854,2511 852,2511 852,2529 854,2529 855,2530 856,2530 857,2531 859,2531 861,2533 859,2535 830,2535 828,2533 828,2511 826,2511 824,2509 824,2507 780,2507 778,2505 778,2494 777,2493 776,2493 775,2492 773,2492 772,2491 772,2490 771,2489 771,2487 699,2487 699,2505 697,2507 561,2507 561,2509 560,2510 559,2510 558,2511 547,2511 546,2512 546,2513 545,2514 543,2514 541,2516 539,2516 539,2555 541,2555 543,2557 543,2560 545,2560 547,2562 547,2564 554,2564 556,2566 633,2566 635,2564 751,2564 752,2565 753,2565 754,2566 793,2566 795,2568 795,2577 859,2577 861,2579 861,2588 929,2588 929,2586 931,2584 933,2584 933,2566 935,2564 1167,2564 1168,2565 1166,2567 1165,2567 1161,2571 1160,2571 1156,2575 1155,2575 1151,2579 1150,2579 1146,2583 1145,2583 1141,2587 1140,2587 1136,2591 1135,2591 1131,2595 1091,2595 1091,2614 1090,2615 1090,2616 1089,2617 1041,2617 1038,2614 1038,2612 914,2612 914,2614 911,2617 808,2617 807,2616 807,2615 806,2614 806,2612 740,2612 740,2614 739,2615 739,2616 738,2617 635,2617 634,2616 634,2615 633,2614 633,2599 631,2599 629,2597 629,2595 622,2595 621,2594 621,2593 620,2592 543,2592 543,2614 545,2614 546,2615 546,2616 547,2617 545,2619 534,2619 534,2645 537,2645 539,2647 539,2649 538,2650 538,2651 537,2652 534,2652 534,2669 537,2669 539,2671 539,2674 545,2674 547,2676 611,2676 613,2674 846,2674 846,2671 848,2669 854,2669 855,2670 856,2670 857,2671 857,2691 867,2691 868,2692 869,2692 870,2693 938,2693 938,2671 940,2669 966,2669 968,2671 968,2674 1038,2674 1038,2671 1039,2670 1040,2670 1041,2669 1063,2669 1065,2671 1065,2674 1099,2674 1101,2676 1101,2677 1102,2678 1102,2679 1103,2680 1103,2681 1104,2682 1104,2683 1106,2685 1106,2686 1107,2687 1107,2688 1108,2689 1108,2690 1109,2691 1109,2692 1110,2693 1110,2694 1112,2696 1112,2697 1113,2698 1113,2699 1114,2700 1114,2701 1115,2702 1115,2703 1116,2704 1116,2705 1118,2707 1118,2708 1119,2709 1119,2710 1120,2711 1120,2712 1121,2713 1121,2714 1123,2716 1123,2717 1124,2718 1124,2719 1125,2720 1125,2721 1124,2722 1041,2722 1039,2724 1038,2724 1036,2726 1034,2724 1034,2722 1032,2722 1030,2720 914,2720 911,2717 911,2709 905,2709 904,2708 904,2707 903,2706 896,2706 894,2704 894,2702 826,2702 826,2706 825,2707 825,2708 824,2709 821,2709 821,2717 820,2718 820,2719 819,2720 773,2720 772,2719 772,2718 771,2717 771,2698 653,2698 652,2699 651,2699 650,2700 650,2724 655,2724 657,2726 657,2744 655,2746 653,2746 651,2748 650,2748 648,2750 626,2750 626,2770 646,2770 648,2772 648,2783 758,2783 758,2781 760,2779 775,2779 776,2780 777,2780 778,2781 778,2792 780,2794 841,2794 841,2781 843,2779 846,2779 848,2781 848,2796 850,2796 851,2797 851,2798 852,2799 852,2801 854,2801 855,2802 856,2802 857,2803 920,2803 922,2801 929,2801 929,2799 930,2798 930,2797 931,2796 938,2796 940,2794 942,2794 942,2781 944,2779 1041,2779 1043,2781 1043,2803 1133,2803 1135,2801 1168,2801 1170,2803 1170,2820 1172,2820 1173,2821 1173,2822 1174,2823 1174,2824 1238,2824 1238,2801 1192,2801 1190,2799 1191,2798 1191,2797 1192,2796 1194,2796 1194,2785 1196,2783 1229,2783 1229,2781 1231,2779 1238,2779 1240,2777 1242,2777 1242,2768 1244,2766 1247,2766 1249,2768 1249,2779 1251,2779 1253,2781 1253,2785 1317,2785 1319,2783 1356,2783 1356,2781 1358,2779 1372,2779 1374,2781 1374,2796 1376,2796 1377,2797 1377,2798 1378,2799 1378,2803 1389,2803 1391,2805 1391,2816 1394,2816 1396,2818 1396,2820 1398,2820 1399,2821 1399,2822 1400,2823 1400,2824 1468,2824 1468,2823 1469,2822 1469,2821 1470,2820 1472,2820 1472,2818 1473,2817 1474,2817 1475,2816 1477,2816 1477,2805 1479,2803 1481,2803 1483,2801 1486,2801 1486,2799 1487,2798 1487,2797 1488,2796 1490,2796 1492,2794 1494,2794 1494,2788 1497,2785 1499,2785 1499,2781 1501,2779 1516,2779 1518,2777 1521,2777 1521,2768 1523,2766 1525,2766 1525,2739 1518,2739 1516,2737 1516,2720 1488,2720 1487,2719 1487,2718 1486,2717 1486,2706 1422,2706 1422,2720 1420,2722 1418,2722 1417,2721 1416,2721 1415,2720 1413,2720 1412,2719 1412,2718 1411,2717 1411,2698 1297,2698 1297,2700 1295,2702 1291,2702 1291,2717 1288,2720 1236,2720 1234,2722 1128,2722 1126,2720 1126,2719 1125,2718 1125,2717 1124,2716 1124,2715 1123,2714 1123,2713 1122,2712 1122,2711 1120,2709 1120,2708 1119,2707 1119,2706 1118,2705 1118,2704 1117,2703 1117,2702 1116,2701 1116,2700 1114,2698 1114,2697 1113,2696 1113,2695 1112,2694 1112,2693 1111,2692 1111,2691 1109,2689 1109,2688 1108,2687 1108,2686 1107,2685 1107,2684 1106,2683 1106,2682 1105,2681 1105,2680 1103,2678 1103,2677 1102,2676 1102,2675 1103,2674 1128,2674 1129,2675 1130,2675 1131,2676 1198,2676 1199,2675 1200,2675 1201,2674 1291,2674 1291,2671 1293,2669 1297,2669 1299,2671 1299,2674 1619,2674 1621,2676 1689,2676 1690,2675 1691,2675 1692,2674 1700,2674 1700,2671 1701,2670 1702,2670 1703,2669 1707,2669 1707,2641 1670,2641 1668,2639 1668,2619 1667,2618 1666,2618 1665,2617 1600,2617 1597,2614 1597,2595 1514,2595 1514,2614 1513,2615 1513,2616 1512,2617 1505,2617 1504,2616 1504,2615 1503,2614 1503,2612 1440,2612 1440,2614 1437,2617 1407,2617 1404,2614 1404,2597 1402,2595 1396,2595 1395,2594 1395,2593 1394,2592 1317,2592 1312,2597 1312,2614 1311,2615 1311,2616 1310,2617 1304,2617 1303,2618 1302,2618 1301,2619 1293,2619 1291,2617 1262,2617 1261,2616 1261,2615 1260,2614 1260,2612 1192,2612 1192,2614 1191,2615 1191,2616 1190,2617 1174,2617 1173,2616 1173,2615 1172,2614 1172,2595 1137,2595 1136,2594 1139,2591 1140,2591 1144,2587 1145,2587 1149,2583 1150,2583 1154,2579 1155,2579 1159,2575 1160,2575 1164,2571 1165,2571 1169,2567 1170,2567 1173,2564 1372,2564 1374,2566 1374,2584 1376,2584 1378,2586 1378,2588 1446,2588 1446,2586 1448,2584 1451,2584 1451,2566 1453,2564 1486,2564 1488,2566 1551,2566 1552,2565 1553,2565 1554,2564 1578,2564 1580,2566 1646,2566 1648,2568 1648,2571 1716,2571 1716,2568 1718,2566 1990,2566 1992,2568 1992,2571 2035,2571 2036,2572 2036,2573 2035,2574 2035,2576 2034,2577 2034,2579 2033,2580 2033,2582 2032,2583 2032,2584 2031,2585 2031,2587 2030,2588 2030,2590 2029,2591 2029,2592 2028,2593 2028,2595 2027,2596 2027,2598 2026,2599 2026,2601 2025,2602 2025,2603 2024,2604 2024,2606 2023,2607 2023,2609 2022,2610 2022,2611 2021,2612 2021,2614 2020,2615 2020,2617 2019,2618 2019,2620 2018,2621 2018,2622 2017,2623 2017,2625 2016,2626 2016,2628 2015,2629 2015,2630 2014,2631 2014,2633 2013,2634 2013,2636 2012,2637 2012,2639 2011,2640 2011,2641 2010,2642 2010,2644 2009,2645 2009,2647 2008,2648 2008,2650 2007,2651 2007,2652 2006,2653 2006,2655 2005,2656 2005,2658 2004,2659 2004,2660 2003,2661 2003,2663 2002,2664 2002,2666 2001,2667 2001,2669 2000,2670 2000,2671 1999,2672 1999,2674 1998,2675 1998,2677 1997,2678 1997,2679 1996,2680 1996,2682 1995,2683 1995,2685 1994,2686 1994,2688 1993,2689 1993,2690 1992,2691 1992,2693 1991,2694 1991,2696 1990,2697 1990,2698 1989,2699 1989,2701 1988,2702 1988,2704 1987,2705 1987,2707 1986,2708 1986,2709 1985,2710 1985,2712 1984,2713 1984,2715 1983,2716 1983,2717 1982,2718 1982,2719 1981,2720 1917,2720 1916,2719 1916,2718 1915,2717 1915,2691 1854,2691 1854,2693 1853,2694 1853,2695 1852,2696 1828,2696 1828,2717 1830,2717 1831,2718 1831,2719 1832,2720 1830,2722 1819,2722 1817,2720 1749,2720 1748,2721 1747,2721 1746,2722 1740,2722 1740,2724 1738,2726 1735,2726 1760,2726 1761,2727 1760,2728 1527,2728 1527,2799 1760,2799 1760,2761 1761,2760 1762,2761 1762,2783 1821,2783 1821,2781 1823,2779 1915,2779 1917,2781 1917,2783 1963,2783 1964,2784 1965,2784 1966,2785 1968,2785 1969,2786 1969,2787 1970,2788 1970,2794 1977,2794 1979,2796 2051,2796 2051,2785 2053,2783 2130,2783 2132,2785 2148,2785 2149,2786 2149,2787 2150,2788 2150,2790 2218,2790 2218,2785 2220,2783 2235,2783 2235,2750 2237,2748 2237,2731 2226,2731 2225,2730 2225,2729 2224,2728 2224,2722 2115,2722 2114,2721 2113,2721 2112,2720 2049,2720 2047,2722 2023,2722 2022,2721 2021,2721 2020,2720 1985,2720 1984,2719 1984,2718 1985,2717 1985,2715 1986,2714 1986,2713 1987,2712 1987,2710 1988,2709 1988,2707 1989,2706 1989,2705 1990,2704 1990,2702 1991,2701 1991,2699 1992,2698 1992,2696 1993,2695 1993,2694 1994,2693 1994,2691 1995,2690 1995,2688 1996,2687 1996,2685 1997,2684 1997,2683 1998,2682 1998,2680 1999,2679 1999,2677 2000,2676 2000,2675 2001,2674 2001,2672 2002,2671 2002,2669 2003,2668 2003,2666 2004,2665 2004,2664 2005,2663 2005,2661 2006,2660 2006,2658 2007,2657 2007,2656 2008,2655 2008,2653 2009,2652 2009,2650 2010,2649 2010,2647 2011,2646 2011,2645 2012,2644 2012,2642 2013,2641 2013,2639 2014,2638 2014,2637 2015,2636 2015,2634 2016,2633 2016,2631 2017,2630 2017,2628 2018,2627 2018,2626 2019,2625 2019,2623 2020,2622 2020,2620 2021,2619 2021,2618 2022,2617 2022,2615 2023,2614 2023,2612 2024,2611 2024,2609 2025,2608 2025,2607 2026,2606 2026,2604 2027,2603 2027,2601 2028,2600 2028,2599 2029,2598 2029,2596 2030,2595 2030,2593 2031,2592 2031,2590 2032,2589 2032,2588 2033,2587 2033,2585 2034,2584 2034,2582 2035,2581 2035,2580 2036,2579 2036,2577 2037,2576 2037,2574 2038,2573 2038,2572 2039,2571 2211,2571 2213,2569 2213,2568 2215,2566 2222,2566 2222,2562 2224,2560 2244,2560 2244,2538 2233,2538 2232,2537 2232,2536 2231,2535 2231,2516 2226,2516 2224,2514 2224,2513 2222,2511 2154,2511 2152,2509 2152,2489 2070,2489 2069,2488 2069,2487 2070,2486 2070,2484 2071,2483 2071,2482 2072,2481 2072,2479 2073,2478 2073,2476 2074,2475 2074,2474 2075,2473 2075,2471 2076,2470 2076,2468 2077,2467 2077,2465 2078,2464 2078,2463 2080,2461 2139,2461 2141,2463 2209,2463 2211,2461 2220,2461 2222,2459 2222,2435 2223,2434 2223,2433 2224,2432 2237,2432 2237,2415 2224,2415 2222,2413 2222,2408 2213,2408 2211,2406 2211,2404 2207,2404 2205,2402 2132,2402 2130,2404 2110,2404 2108,2402 2108,2381 2109,2380 2109,2378 2110,2377 2110,2376 2111,2375 2111,2373 2112,2372 2112,2370 2113,2369 2113,2368 2114,2367 2114,2365 2115,2364 2115,2362 2117,2360 2156,2360 2158,2358 2209,2358 2209,2356 2211,2354 2211,2353 2213,2351 2218,2351 2218,2349 2220,2347 2222,2347 2222,2329 2224,2327 2231,2327 2231,2308 2226,2308 2225,2307 2225,2306 2224,2305 2224,2301 2222,2299 1970,2299 1970,2321 1972,2321 1974,2323 1981,2323 1983,2325 1983,2331 1982,2332 1952,2332 1950,2330 1950,2299 1937,2299 1935,2297 1935,2294 1835,2294 1834,2293 1834,2288 1835,2287 1835,2281 1836,2280 1836,2273 1837,2272 1837,2269 1838,2268 1860,2268 1860,2251 1863,2248 1985,2248 1988,2251 1990,2251 1992,2253 1992,2255 1998,2255 1999,2256 2000,2256 2001,2257 2001,2272 2003,2272 2004,2273 2004,2274 2005,2275 2069,2275 2070,2274 2070,2273 2071,2272 2086,2272 2086,2270 2088,2268 2095,2268 2095,2253 2097,2251 2205,2251 2206,2250 2206,2249 2207,2248 2209,2248 2209,2246 2213,2242 2218,2242 2218,2226 2220,2224 2237,2224 2237,2222 2238,2221 2239,2221 2240,2220 2244,2220 2244,2202 2224,2202 2222,2200 2222,2196 2207,2196 2205,2194 2205,2191 2045,2191 2045,2194 2044,2195 2043,2195 2042,2196 2027,2196 2025,2194 2025,2174 2023,2174 2022,2173 2021,2173 2020,2172 1939,2172 1939,2189 1937,2191 1848,2191 1847,2190 1847,2189 1848,2188 1848,2181 1849,2180 1849,2173 1850,2172 1850,2166 1851,2165 1851,2158 1852,2157 1852,2150 1853,2149 1853,2144 1854,2143 1889,2143 1891,2145 1891,2165 1955,2165 1955,2145 1957,2143 2034,2143 2036,2145 2036,2148 2099,2148 2102,2145 2165,2145 2167,2143 2172,2143 2174,2141 2174,2132 2176,2130 2218,2130 2220,2128 2222,2128 2222,2121 2224,2119 2242,2119 2244,2117 2244,2095 2176,2095 2172,2099 2171,2098 2170,2098 2169,2097 2169,2095 2163,2095 2161,2093 2161,2088 2158,2088 2156,2086 2156,2084 2150,2084 2148,2082 2071,2082 2069,2084 1937,2084 1935,2082 1885,2082 1884,2081 1883,2081 1882,2080 1882,2062 1880,2060 1865,2060 1864,2059 1865,2058 1865,2051 1866,2050 1866,2043 1867,2042 1867,2041 1868,2040 1924,2040 1928,2036 2016,2036 2018,2038 2018,2040 2082,2040 2082,2038 2084,2036 2086,2036 2086,2034 2087,2033 2087,2032 2088,2031 2091,2031 2091,2009 2088,2009 2086,2007 2080,2007 2079,2006 2078,2006 2077,2005 2077,2003 2078,2002 2079,2002 2080,2001 2086,2001 2086,1977 2071,1977 2070,1976 2070,1975 2069,1974 2069,1972 2005,1972 2005,1974 2004,1975 2004,1976 2003,1977 1952,1977 1951,1976 1951,1975 1950,1974 1950,1959 1948,1957 1948,1955 1944,1955 1943,1954 1943,1953 1942,1952 1898,1952 1897,1951 1897,1950 1898,1949 1898,1948 1900,1946 1900,1945 1901,1944 1901,1943 1902,1942 1902,1941 1904,1939 1904,1938 1905,1937 1905,1936 1906,1935 1906,1934 1908,1932 1908,1931 1909,1930 1909,1929 1910,1928 1913,1928 1915,1926 1917,1928 1990,1928 1990,1924 1992,1922 2003,1922 2005,1924 2005,1926 2069,1926 2071,1928 2077,1928 2080,1931 2080,1933 2110,1933 2112,1935 2112,1936 2117,1941 2117,1942 2122,1947 2122,1948 2127,1953 2127,1954 2126,1955 2106,1955 2106,1974 2108,1974 2109,1975 2109,1976 2110,1977 2108,1979 2106,1979 2106,1981 2104,1983 2102,1983 2102,2029 2104,2029 2106,2031 2108,2031 2109,2032 2109,2033 2110,2034 2110,2036 2121,2036 2123,2038 2123,2040 2205,2040 2205,2038 2207,2036 2211,2036 2213,2034 2213,2033 2215,2031 2222,2031 2224,2029 2224,2009 2222,2007 2220,2007 2218,2005 2218,1983 2213,1983 2211,1981 2211,1979 2202,1979 2200,1977 2200,1970 2196,1966 2194,1966 2191,1963 2191,1959 2189,1959 2187,1957 2187,1955 2132,1955 2127,1950 2127,1949 2121,1943 2121,1942 2116,1937 2116,1936 2114,1934 2115,1933 2148,1933 2148,1931 2149,1930 2149,1929 2150,1928 2200,1928 2202,1926 2209,1926 2209,1924 2213,1920 2218,1920 2218,1911 2220,1909 2222,1909 2222,1889 2220,1889 2218,1887 2218,1874 2215,1874 2213,1872 2213,1871 2211,1869 2060,1869 2054,1863 2054,1862 2048,1856 2048,1855 2043,1850 2043,1849 2038,1844 2038,1843 2033,1838 2033,1837 2028,1832 2028,1831 2022,1825 2022,1824 2023,1823 2077,1823 2077,1821 2078,1820 2079,1820 2080,1819 2086,1819 2088,1821 2088,1830 2091,1830 2093,1832 2093,1834 2156,1834 2156,1832 2158,1830 2165,1830 2165,1825 2167,1823 2209,1823 2209,1821 2211,1819 2218,1819 2220,1817 2222,1817 2222,1795 2220,1795 2219,1794 2219,1793 2218,1792 2218,1790 2220,1788 2237,1788 2237,1771 2236,1770 2236,1769 2235,1768 2235,1766 2233,1766 2231,1764 2231,1762 2198,1762 2196,1760 2194,1760 2191,1757 2191,1755 2123,1755 2123,1757 2122,1758 2122,1759 2121,1760 2117,1760 2115,1762 2023,1762 2022,1761 2021,1761 2020,1760 1948,1760 1946,1762 1944,1762 1944,1764 1942,1766 1940,1764 1939,1764 1937,1762 1863,1762 1862,1761 1861,1761 1860,1760 1860,1742 1858,1742 1854,1738 1779,1738 1779,1740 1777,1742 1775,1742 1775,1744 1773,1746 1771,1746 1771,1749 1770,1750 1769,1750 1768,1751 1766,1751 1766,1757 1765,1758 1765,1759 1764,1760 1762,1760 1762,1764 1760,1766 1757,1766 1757,1786 1760,1786 1762,1788 1762,1795 1760,1797 1757,1797 1757,1819 1768,1819 1769,1820 1770,1820 1771,1821 1771,1823 1838,1823 1838,1821 1839,1820 1840,1820 1841,1819 1922,1819 1924,1817 1935,1817 1935,1797 1924,1797 1922,1795 1923,1794 1923,1793 1924,1792 1939,1792 1939,1788 1940,1787 1941,1787 1942,1786 1944,1788 1946,1788 1948,1790 1948,1817 1950,1817 1952,1819 1968,1819 1969,1820 1969,1821 1968,1822 1968,1823 1967,1824 1967,1825 1965,1827 1965,1828 1964,1829 1964,1830 1963,1831 1963,1832 1961,1834 1961,1835 1960,1836 1960,1837 1959,1838 1959,1839 1957,1841 1957,1842 1956,1843 1956,1844 1955,1845 1955,1846 1953,1848 1953,1849 1952,1850 1952,1851 1951,1852 1951,1853 1950,1854 1950,1855 1948,1857 1948,1858 1947,1859 1947,1860 1946,1861 1946,1862 1944,1864 1944,1865 1943,1866 1942,1865 1942,1845 1856,1845 1856,1847 1854,1849 1854,1867 1852,1869 1845,1869 1843,1871 1843,1872 1841,1874 1828,1874 1825,1871 1825,1869 1823,1869 1821,1867 1821,1865 1797,1865 1795,1863 1792,1863 1791,1862 1791,1861 1790,1860 1790,1852 1788,1852 1787,1851 1787,1850 1786,1849 1718,1849 1717,1850 1717,1851 1716,1852 1714,1852 1714,1856 1713,1857 1712,1857 1711,1858 1709,1858 1709,1867 1707,1869 1703,1869 1702,1868 1701,1868 1700,1867 1700,1847 1698,1845 1635,1845 1635,1847 1634,1848 1633,1848 1632,1849 1630,1849 1629,1850 1629,1851 1628,1852 1628,1856 1626,1858 1621,1858 1621,1867 1619,1869 1584,1869 1582,1871 1582,1872 1580,1874 1571,1874 1570,1873 1570,1872 1569,1871 1569,1852 1567,1852 1564,1849 1444,1849 1443,1850 1443,1851 1442,1852 1435,1852 1435,1867 1433,1869 1431,1869 1429,1867 1429,1849 1379,1849 1377,1847 1377,1844 1378,1843 1437,1843 1437,1821 1438,1820 1439,1820 1440,1819 1446,1819 1448,1821 1448,1823 1536,1823 1538,1825 1604,1825 1606,1823 1654,1823 1655,1824 1656,1824 1657,1825 1720,1825 1722,1823 1729,1823 1729,1821 1731,1819 1742,1819 1742,1801 1744,1799 1746,1799 1746,1795 1749,1792 1751,1792 1751,1771 1749,1771 1746,1768 1746,1766 1727,1766 1725,1764 1725,1762 1718,1762 1716,1760 1716,1755 1714,1755 1713,1754 1712,1754 1711,1753 1711,1742 1705,1742 1703,1740 1703,1738 1628,1738 1628,1740 1626,1742 1617,1742 1617,1744 1615,1746 1613,1746 1613,1764 1611,1766 1593,1766 1591,1764 1591,1762 1549,1762 1547,1760 1547,1742 1470,1742 1470,1760 1468,1762 1444,1762 1444,1764 1442,1766 1365,1766 1363,1764 1363,1759 1362,1758 1362,1753 1361,1752 1361,1747 1360,1746 1360,1741 1359,1740 1359,1735 1358,1734 1358,1729 1357,1728 1357,1723 1356,1722 1356,1719 1357,1718 1372,1718 1372,1716 1374,1714 1389,1714 1391,1716 1391,1718 1486,1718 1486,1716 1488,1714 1529,1714 1530,1715 1531,1715 1532,1716 1532,1718 1595,1718 1595,1716 1597,1714 1598,1715 1599,1715 1600,1716 1600,1718 1672,1718 1672,1716 1674,1714 1685,1714 1687,1716 1687,1718 1760,1718 1760,1716 1762,1714 1865,1714 1867,1716 1867,1718 1874,1718 1876,1720 1876,1722 1939,1722 1939,1716 1940,1715 1941,1715 1942,1714 2077,1714 2078,1715 2079,1715 2080,1716 2080,1720 2126,1720 2128,1722 2196,1722 2196,1720 2198,1718 2205,1718 2205,1716 2207,1714 2211,1714 2211,1709 2213,1707 2218,1707 2218,1687 2213,1687 2211,1685 2211,1674 2213,1672 2237,1672 2237,1654 2213,1654 2211,1652 2211,1635 2210,1634 2210,1633 2209,1632 2128,1632 2127,1633 2127,1634 2126,1635 2115,1635 2115,1654 2112,1657 1775,1657 1773,1659 1771,1659 1770,1658 1769,1658 1768,1657 1757,1657 1756,1656 1756,1655 1755,1654 1692,1654 1689,1657 1593,1657 1591,1659 1589,1659 1588,1658 1587,1658 1586,1657 1518,1657 1516,1659 1497,1659 1496,1658 1495,1658 1494,1657 1453,1657 1452,1656 1452,1655 1451,1654 1451,1635 1396,1635 1395,1634 1400,1629 1400,1628 1408,1620 1408,1619 1416,1611 1416,1610 1420,1606 1521,1606 1523,1608 1523,1611 1687,1611 1687,1608 1689,1606 1790,1606 1792,1608 1792,1611 1856,1611 1856,1608 1858,1606 1911,1606 1913,1608 1913,1617 1977,1617 1977,1608 1979,1606 1985,1606 1986,1607 1987,1607 1988,1608 1988,1617 2055,1617 2055,1613 2056,1612 2057,1612 2058,1611 2115,1611 2117,1613 2117,1624 2191,1624 2194,1621 2200,1621 2200,1619 2202,1617 2209,1617 2209,1608 2211,1606 2211,1584 2209,1582 2211,1580 2231,1580 2231,1558 2233,1556 2285,1556 2285,1536 2222,1536 2222,1556 2220,1558 2165,1558 2165,1575 2164,1576 2164,1577 2163,1578 2150,1578 2149,1577 2149,1576 2148,1575 2148,1567 2141,1567 2140,1566 2140,1565 2139,1564 2139,1554 2097,1554 2096,1553 2096,1552 2095,1551 2093,1551 2091,1549 2091,1529 2014,1529 2014,1549 2012,1551 1788,1551 1787,1552 1787,1553 1786,1554 1784,1554 1781,1551 1727,1551 1725,1549 1725,1536 1722,1536 1720,1534 1718,1534 1716,1532 1716,1529 1613,1529 1613,1532 1611,1534 1600,1534 1600,1538 1599,1539 1598,1539 1597,1540 1595,1540 1595,1549 1593,1551 1567,1551 1566,1550 1565,1550 1564,1549 1564,1527 1479,1527 1479,1532 1477,1534 1475,1534 1474,1533 1473,1533 1472,1532 1472,1529 1459,1529 1458,1528 1459,1527 1459,1524 1460,1523 1460,1520 1461,1519 1461,1516 1462,1515 1462,1512 1463,1511 1463,1508 1464,1507 1464,1504 1465,1503 1781,1503 1782,1502 1783,1502 1784,1501 1830,1501 1832,1503 1832,1512 1902,1512 1906,1508 1909,1508 1909,1505 1911,1503 1913,1503 1915,1501 2077,1501 2078,1502 2079,1502 2080,1503 2080,1508 2143,1508 2143,1505 2145,1503 2152,1503 2154,1501 2161,1501 2161,1499 2163,1497 2169,1497 2169,1492 2170,1491 2171,1491 2172,1490 2209,1490 2211,1488 2211,1486 2212,1485 2212,1484 2213,1483 2237,1483 2237,1461 2213,1461 2211,1459 2211,1433 2172,1433 2171,1432 2170,1432 2169,1431 2169,1418 2106,1418 2104,1420 2088,1420 2088,1422 2086,1424 2023,1424 2023,1442 2022,1443 2021,1443 2020,1444 1979,1444 1977,1442 1977,1426 1974,1426 1972,1424 1904,1424 1902,1426 1902,1446 1900,1448 1895,1448 1895,1466 1900,1466 1902,1468 1902,1470 1900,1472 1863,1472 1862,1471 1861,1471 1860,1470 1860,1468 1861,1467 1862,1467 1863,1466 1869,1466 1869,1448 1867,1448 1865,1446 1865,1444 1801,1444 1801,1446 1799,1448 1703,1448 1702,1447 1701,1447 1700,1446 1700,1444 1635,1444 1635,1446 1634,1447 1633,1447 1632,1448 1536,1448 1534,1446 1534,1424 1518,1424 1516,1422 1516,1420 1453,1420 1453,1422 1451,1424 1444,1424 1443,1425 1442,1424 1442,1423 1439,1420 1439,1419 1436,1416 1436,1415 1433,1412 1433,1411 1430,1408 1430,1407 1427,1404 1427,1403 1424,1400 1424,1399 1425,1398 1455,1398 1455,1396 1457,1394 1477,1394 1479,1396 1479,1398 1659,1398 1659,1396 1661,1394 1689,1394 1690,1395 1691,1395 1692,1396 1692,1398 1755,1398 1755,1396 1757,1394 1895,1394 1898,1391 1922,1391 1923,1392 1923,1393 1924,1394 1924,1404 1985,1404 1985,1396 1986,1395 1987,1395 1988,1394 2034,1394 2035,1393 2035,1392 2036,1391 2077,1391 2080,1394 2080,1411 2143,1411 2143,1402 2145,1400 2183,1400 2183,1394 2184,1393 2184,1392 2185,1391 2191,1391 2192,1390 2193,1390 2194,1389 2196,1389 2196,1387 2198,1385 2200,1385 2200,1378 2202,1376 2235,1376 2235,1358 2233,1358 2231,1356 2231,1350 2202,1350 2200,1348 2200,1334 2145,1334 2143,1332 2143,1330 2066,1330 2066,1332 2064,1334 1952,1334 1952,1337 1950,1339 1902,1339 1900,1337 1900,1317 1893,1317 1891,1315 1828,1315 1827,1316 1826,1316 1825,1317 1823,1317 1823,1332 1821,1334 1788,1334 1788,1337 1786,1339 1749,1339 1748,1338 1747,1338 1746,1337 1746,1317 1744,1317 1742,1315 1661,1315 1659,1317 1654,1317 1652,1319 1652,1323 1651,1324 1651,1325 1650,1326 1648,1326 1648,1337 1646,1339 1643,1339 1641,1341 1580,1341 1578,1339 1578,1317 1492,1317 1492,1339 1490,1341 1479,1341 1477,1339 1419,1339 1418,1338 1420,1336 1421,1336 1424,1333 1425,1333 1427,1331 1428,1331 1431,1328 1432,1328 1434,1326 1435,1326 1438,1323 1439,1323 1441,1321 1442,1321 1444,1319 1445,1319 1448,1316 1449,1316 1451,1314 1452,1314 1455,1311 1456,1311 1458,1309 1459,1309 1462,1306 1463,1306 1465,1304 1466,1304 1469,1301 1470,1301 1472,1299 1473,1299 1475,1297 1476,1297 1479,1294 1480,1294 1482,1292 1483,1292 1486,1289 1487,1289 1488,1288 1512,1288 1513,1289 1513,1290 1514,1291 1514,1301 1516,1301 1517,1302 1517,1303 1518,1304 1518,1308 1523,1308 1527,1312 1617,1312 1617,1310 1621,1306 1626,1306 1626,1304 1627,1303 1627,1302 1628,1301 1630,1301 1630,1291 1631,1290 1631,1289 1632,1288 1681,1288 1682,1289 1682,1290 1683,1291 1683,1301 1742,1301 1743,1302 1743,1303 1744,1304 1744,1308 1746,1308 1747,1309 1748,1309 1749,1310 1749,1312 1812,1312 1812,1310 1814,1308 1817,1308 1817,1304 1818,1303 1818,1302 1819,1301 1821,1301 1821,1291 1822,1290 1822,1289 1823,1288 1963,1288 1964,1287 1965,1287 1966,1286 2064,1286 2066,1288 2066,1297 2130,1297 2130,1291 2131,1290 2131,1289 2132,1288 2152,1288 2154,1286 2161,1286 2161,1284 2163,1282 2169,1282 2169,1277 2170,1276 2171,1276 2172,1275 2194,1275 2198,1271 2231,1271 2231,1253 2211,1253 2209,1251 2209,1247 2207,1247 2206,1246 2206,1245 2205,1244 2205,1242 2172,1242 2171,1241 2170,1241 2169,1240 2169,1231 2167,1231 2165,1229 2150,1229 2148,1227 2148,1225 2084,1225 2082,1223 2082,1205 2075,1205 2073,1203 2073,1201 2005,1201 2005,1203 2003,1205 1988,1205 1988,1223 1990,1223 1992,1225 1992,1227 1990,1229 1979,1229 1977,1227 1977,1212 1970,1205 1904,1205 1901,1208 1901,1209 1898,1212 1895,1212 1895,1216 1893,1218 1891,1218 1891,1223 1889,1225 1856,1225 1856,1227 1852,1231 1819,1231 1817,1229 1819,1227 1821,1227 1821,1207 1735,1207 1735,1229 1738,1229 1740,1231 1740,1234 1738,1236 1735,1236 1735,1253 1738,1253 1740,1255 1739,1256 1739,1257 1738,1258 1718,1258 1717,1257 1717,1256 1716,1255 1716,1242 1714,1242 1713,1241 1712,1241 1711,1240 1711,1238 1709,1238 1707,1236 1707,1231 1709,1229 1711,1229 1711,1207 1641,1207 1639,1209 1639,1210 1637,1212 1635,1212 1635,1216 1634,1217 1633,1217 1632,1218 1630,1218 1630,1220 1629,1221 1629,1222 1628,1223 1628,1229 1626,1231 1532,1231 1532,1234 1531,1235 1530,1235 1529,1236 1527,1236 1525,1234 1525,1231 1517,1231 1515,1229 1514,1229 1508,1223 1507,1223 1500,1216 1499,1216 1493,1210 1492,1210 1486,1204 1485,1204 1478,1197 1477,1197 1471,1191 1470,1191 1465,1186 1466,1185 1472,1185 1473,1184 1474,1184 1475,1183 1615,1183 1619,1179 1641,1179 1643,1181 1644,1181 1646,1183 1781,1183 1781,1181 1782,1180 1783,1180 1784,1179 1821,1179 1823,1181 1823,1183 1902,1183 1906,1179 1994,1179 1996,1181 1996,1190 2060,1190 2060,1181 2062,1179 2064,1179 2066,1181 2066,1183 2069,1183 2071,1185 2112,1185 2113,1186 2114,1186 2115,1187 2115,1196 2187,1196 2187,1194 2189,1192 2224,1192 2224,1185 2226,1183 2231,1183 2231,1163 2233,1161 2235,1161 2235,1144 2207,1144 2206,1143 2206,1142 2205,1141 2205,1139 2207,1137 2209,1137 2209,1120 2207,1120 2206,1119 2206,1118 2205,1117 2205,1115 2128,1115 2128,1117 2127,1118 2127,1119 2126,1120 1996,1120 1994,1122 1915,1122 1913,1120 1913,1098 1849,1098 1849,1100 1847,1102 1823,1102 1823,1120 1821,1122 1670,1122 1668,1120 1668,1102 1593,1102 1593,1120 1591,1122 1575,1122 1573,1120 1573,1104 1567,1104 1566,1103 1565,1103 1564,1102 1488,1102 1488,1124 1486,1126 1440,1126 1439,1125 1438,1125 1437,1124 1437,1122 1390,1122 1389,1121 1388,1121 1383,1116 1382,1116 1377,1111 1376,1111 1371,1106 1370,1106 1369,1105 1369,1104 1368,1104 1365,1101 1364,1101 1359,1096 1358,1096 1357,1095 1357,1094 1358,1093 1358,1078 1359,1077 1360,1077 1361,1076 1404,1076 1404,1074 1407,1071 1411,1071 1413,1069 1415,1069 1416,1070 1417,1070 1418,1071 1429,1071 1431,1073 1431,1074 1433,1076 1503,1076 1503,1074 1504,1073 1504,1072 1505,1071 1523,1071 1525,1073 1525,1074 1527,1076 1681,1076 1681,1074 1682,1073 1682,1072 1683,1071 1746,1071 1749,1074 1749,1076 1882,1076 1882,1074 1885,1071 1937,1071 1938,1072 1938,1073 1939,1074 1939,1087 1985,1087 1986,1088 1987,1088 1988,1089 2051,1089 2051,1074 2052,1073 2052,1072 2053,1071 2112,1071 2115,1074 2115,1080 2117,1082 2139,1082 2141,1084 2141,1087 2143,1087 2145,1089 2209,1089 2211,1087 2235,1087 2235,1067 2207,1067 2205,1065 2205,1047 2202,1047 2200,1045 2200,1043 2198,1043 2196,1041 2189,1041 2188,1040 2188,1039 2187,1038 2187,1036 2154,1036 2152,1034 2154,1032 2198,1032 2200,1030 2200,1010 2198,1008 2137,1008 2137,1010 2136,1011 2135,1011 2134,1012 2080,1012 2079,1011 2078,1011 2077,1010 2077,1008 2005,1008 2005,1010 2003,1012 1957,1012 1957,1014 1956,1015 1956,1016 1955,1017 1944,1017 1943,1016 1943,1015 1942,1014 1942,995 1757,995 1757,1017 1755,1019 1703,1019 1702,1018 1701,1018 1700,1017 1648,1017 1647,1016 1647,1015 1646,1014 1646,999 1645,998 1644,998 1643,997 1643,995 1573,995 1573,997 1571,999 1571,1014 1570,1015 1570,1016 1569,1017 1532,1017 1531,1018 1530,1018 1529,1019 1422,1019 1422,1034 1420,1036 1418,1036 1417,1035 1416,1035 1415,1034 1415,1025 1413,1025 1411,1023 1409,1023 1407,1021 1407,1019 1400,1019 1398,1017 1361,1017 1358,1014 1358,995 1352,995 1351,994 1351,993 1350,992 1352,990 1398,990 1398,986 1400,984 1404,984 1404,971 1407,968 1472,968 1473,967 1474,967 1475,966 1534,966 1536,968 1536,984 1597,984 1597,979 1598,978 1599,978 1600,977 1639,977 1639,968 1641,966 1685,966 1687,968 1786,968 1788,966 1847,966 1847,944 1845,944 1843,942 1843,938 1844,937 1844,936 1845,935 1856,935 1856,909 1705,909 1703,907 1703,889 1621,889 1621,907 1619,909 1600,909 1599,908 1598,908 1597,907 1597,894 1595,892 1595,889 1527,889 1525,891 1525,892 1523,894 1523,907 1521,909 1501,909 1499,907 1499,905 1475,905 1474,904 1473,904 1472,903 1472,885 1404,885 1404,892 1402,894 1400,894 1398,892 1398,885 1375,885 1374,884 1377,881 1378,881 1382,877 1383,877 1387,873 1388,873 1392,869 1393,869 1397,865 1433,865 1435,863 1468,863 1470,861 1558,861 1560,863 1681,863 1683,861 1900,861 1902,863 1902,874 1963,874 1963,865 1964,864 1966,866 1967,866 1970,869 1971,869 1975,873 1976,873 1979,876 1980,876 1983,879 1984,879 1987,882 1988,882 1991,885 1992,885 1996,889 1997,889 2000,892 2001,892 2004,895 2005,895 2008,898 2009,898 2013,902 2014,902 2016,904 2015,905 1966,905 1966,907 1965,908 1964,908 1963,909 1952,909 1950,907 1950,905 1882,905 1882,907 1880,909 1863,909 1863,966 1928,966 1929,967 1930,967 1931,968 1931,977 1959,977 1961,979 1961,984 2029,984 2029,971 2030,970 2030,969 2031,968 2034,968 2036,966 2042,966 2042,964 2043,963 2044,963 2045,962 2064,962 2066,964 2066,966 2108,966 2110,968 2110,977 2126,977 2128,979 2196,979 2196,971 2197,970 2197,969 2198,968 2200,968 2200,964 2202,962 2205,962 2207,960 2209,960 2209,938 2207,938 2206,937 2206,936 2205,935 2205,933 2154,933 2152,931 2152,922 2154,920 2200,920 2200,903 2137,903 2136,904 2135,904 2134,905 2132,905 2130,903 2066,903 2064,905 2021,905 2017,901 2016,901 2013,898 2012,898 2009,895 2008,895 2005,892 2004,892 2000,888 1999,888 1996,885 1995,885 1992,882 1991,882 1988,879 1987,879 1984,876 1983,876 1979,872 1978,872 1975,869 1974,869 1971,866 1970,866 1967,863 1966,863 1963,860 1963,859 1964,858 1965,858 1966,857 1977,857 1979,859 1979,861 2029,861 2031,863 2031,881 2095,881 2095,878 2097,876 2104,876 2104,872 2106,870 2108,870 2108,863 2110,861 2196,861 2196,854 2198,852 2209,852 2209,830 2202,830 2200,828 2200,817 2198,817 2196,815 2196,802 2185,802 2183,800 2180,800 2179,799 2179,798 2178,797 2106,797 2105,798 2105,799 2104,800 2005,800 2004,799 2004,798 2003,797 1931,797 1928,800 1911,800 1909,802 1902,802 1900,800 1900,786 1898,786 1897,785 1896,785 1895,784 1895,780 1858,780 1857,779 1856,779 1853,776 1852,776 1848,772 1847,772 1844,769 1843,769 1840,766 1839,766 1836,763 1835,763 1831,759 1830,759 1827,756 1826,756 1823,753 1822,753 1819,750 1820,749 2196,749 2198,747 2200,747 2200,721 2194,721 2191,718 2191,690 2185,690 2183,688 2158,688 2156,686 2156,679 2154,679 2152,677 2152,672 2150,672 2148,670 2128,670 2126,668 2126,666 2062,666 2062,668 2060,670 2053,670 2051,672 2049,672 2049,675 2047,677 2045,677 2044,678 2043,678 2042,679 2040,679 2040,688 2038,690 1961,690 1961,692 1959,694 1880,694 1878,692 1878,672 1771,672 1771,675 1770,676 1769,676 1768,677 1744,677 1742,679 1735,679 1735,684 1734,685 1733,685 1730,682 1729,682 1726,679 1725,679 1722,676 1721,676 1717,672 1716,672 1713,669 1712,669 1709,666 1708,666 1705,663 1704,663 1700,659 1699,659 1696,656 1695,656 1692,653 1691,653 1688,650 1687,650 1684,647 1685,646 1716,646 1718,648 1718,655 1790,655 1790,653 1791,652 1791,651 1792,650 1795,650 1795,622 1792,622 1790,620 1790,618 1771,618 1768,615 1768,600 1727,600 1725,598 1725,591 1722,591 1720,589 1720,569 1718,569 1716,567 1648,567 1646,569 1643,569 1643,572 1641,574 1641,585 1639,587 1621,587 1621,589 1619,591 1466,591 1466,615 1468,615 1469,616 1469,617 1470,618 1470,622 1468,624 1466,624 1466,644 1468,644 1470,646 1508,646 1510,648 1510,655 1543,655 1546,658 1545,659 1544,659 1543,660 1542,660 1541,661 1540,661 1539,662 1538,662 1537,663 1535,663 1534,664 1533,664 1532,665 1531,665 1530,666 1529,666 1528,667 1527,667 1526,668 1524,668 1523,669 1522,669 1521,670 1520,670 1519,671 1518,671 1517,672 1497,672 1497,675 1496,676 1495,676 1494,677 1492,677 1490,679 1488,679 1488,681 1486,683 1483,683 1483,687 1482,688 1481,688 1480,689 1478,689 1477,690 1476,690 1475,691 1474,691 1473,692 1472,692 1471,693 1470,693 1469,694 1467,694 1466,695 1465,695 1464,694 1464,672 1407,672 1404,669 1403,669 1398,664 1397,664 1393,660 1392,660 1388,656 1387,656 1382,651 1381,651 1377,647 1378,646 1437,646 1437,600 1435,600 1433,598 1433,591 1345,591 1344,590 1346,588 1347,588 1354,581 1355,581 1361,575 1362,575 1369,568 1370,568 1377,561 1378,561 1381,558 1442,558 1442,556 1444,554 1446,554 1448,552 1451,552 1451,543 1453,541 1459,541 1461,543 1461,554 1464,554 1466,556 1466,558 1556,558 1556,550 1557,549 1557,548 1558,547 1613,547 1613,545 1615,543 1617,543 1619,541 1619,539 1621,537 1626,537 1628,539 1628,541 1694,541 1696,543 1720,543 1722,545 1722,558 1781,558 1784,561 1786,561 1788,563 1788,565 1821,565 1823,567 1821,569 1819,569 1819,578 1817,580 1814,580 1814,589 1812,591 1810,591 1810,613 1812,613 1814,615 1814,620 1812,622 1810,622 1810,640 1812,640 1814,642 1814,644 1821,644 1823,646 1922,646 1924,644 2025,644 2027,646 2091,646 2093,644 2095,644 2095,642 2097,640 2112,640 2113,641 2114,641 2115,642 2115,644 2196,644 2196,642 2198,640 2200,640 2201,639 2201,638 2202,637 2205,637 2205,615 2198,615 2196,613 2196,585 2194,585 2193,584 2192,584 2191,583 2191,580 2102,580 2102,583 2101,584 2100,584 2099,585 2027,585 2025,583 2025,580 1957,580 1957,583 1955,585 1917,585 1915,587 1913,585 1913,563 1858,563 1856,561 1856,556 1858,554 1874,554 1876,552 1878,552 1878,543 1880,541 1882,541 1882,539 1883,538 1884,538 1885,537 2091,537 2092,536 2092,535 2093,534 2121,534 2122,535 2122,536 2123,537 2211,537 2211,517 2207,517 2205,515 2205,512 2194,512 2193,511 2192,511 2191,510 2191,495 2189,495 2187,493 2185,493 2184,492 2184,491 2183,490 2183,464 2115,464 2115,466 2112,469 2102,469 2101,470 2100,470 2099,471 2088,471 2088,475 2086,477 1966,477 1966,480 1965,481 1964,481 1963,482 1904,482 1902,484 1898,484 1897,483 1896,483 1895,482 1858,482 1856,480 1856,460 1775,460 1775,462 1773,464 1771,464 1771,482 1770,483 1769,483 1768,484 1727,484 1725,482 1725,464 1643,464 1643,482 1641,484 1635,484 1634,483 1633,483 1632,482 1633,481 1634,481 1635,480 1639,480 1639,460 1532,460 1532,462 1531,463 1530,463 1529,464 1523,464 1523,466 1522,467 1522,468 1521,469 1518,469 1518,471 1516,473 1514,473 1514,482 1512,484 1483,484 1481,482 1481,464 1391,464 1391,466 1390,467 1390,468 1389,469 1387,469 1387,480 1385,482 1266,482 1264,480 1264,469 1262,469 1261,468 1261,467 1260,466 1260,464 1187,464 1187,466 1186,467 1186,468 1185,469 1183,469 1181,471 1139,471 1137,473 1135,473 1135,480 1133,482 1131,482 1130,483 1129,483 1128,484 1089,484 1087,482 1087,464 1008,464 1008,466 1007,467 1007,468 1006,469 940,469 938,471 935,471 935,480 933,482 905,482 903,484 826,484 824,482 824,460 817,460 815,458"/><TextEquiv><Unicode/></TextEquiv><TextLine id="r1_l001"><Coords points="575,466 2185,466 2185,559 575,559"/><TextEquiv index="1"><Unicode>que je n'ai point abu de la com-</Unicode></TextEquiv></TextLine><TextLine id="r1_l002"><Coords points="566,573 2177,573 2177,665 566,665"/><TextEquiv index="1"><Unicode>plaiance de mon mari, entant</Unicode></TextEquiv></TextLine><TextLine id="r1_l003"><Coords points="566,675 2172,675 2172,768 566,768"/><TextEquiv index="1"><Unicode>bien qu'il eroit injute qu'il me ft</Unicode></TextEquiv></TextLine><TextLine id="r1_l004"><Coords points="566,789 2181,789 2181,878 566,878"/><TextEquiv index="1"><Unicode>un acrifice qui nuiroit  la fortune</Unicode></TextEquiv></TextLine><TextLine id="r1_l005"><Coords points="562,895 2181,895 2181,984 562,984"/><TextEquiv index="1"><Unicode>de es onfants. Si j'tois leur mere,</Unicode></TextEquiv></TextLine><TextLine id="r1_l006"><Coords points="562,1001 2207,1001 2207,1094 562,1094"/><TextEquiv index="1"><Unicode>peut-tre erois-je moins dlicate,</Unicode></TextEquiv></TextLine><TextLine id="r1_l007"><Coords points="557,1107 2207,1107 2207,1196 557,1196"/><TextEquiv index="1"><Unicode>parce qu'tant libre de leur donner.</Unicode></TextEquiv></TextLine><TextLine id="r1_l008"><Coords points="557,1210 2203,1210 2203,1306 557,1306"/><TextEquiv index="1"><Unicode>une ducation  mon gr, je tche-</Unicode></TextEquiv></TextLine><TextLine id="r1_l009"><Coords points="557,1323 2207,1323 2207,1416 557,1416"/><TextEquiv index="1"><Unicode>rois de leur inpirer des entiments</Unicode></TextEquiv></TextLine><TextLine id="r1_l010"><Coords points="557,1426 2211,1426 2211,1519 557,1519"/><TextEquiv index="1"><Unicode>propres  les rendre heureux, ind-</Unicode></TextEquiv></TextLine><TextLine id="r1_l011"><Coords points="553,1536 2259,1536 2259,1625 553,1625"/><TextEquiv index="1"><Unicode>pendamment des richees: mais,</Unicode></TextEquiv></TextLine><TextLine id="r1_l012"><Coords points="557,1642 2211,1642 2211,1731 557,1731"/><TextEquiv index="1"><Unicode>ma qualit de belle-mere me rend</Unicode></TextEquiv></TextLine><TextLine id="r1_l013"><Coords points="553,1748 2211,1748 2211,1837 553,1837"/><TextEquiv index="1"><Unicode>extrmement crupuleue ur tout</Unicode></TextEquiv></TextLine><TextLine id="r1_l014"><Coords points="557,1855 2194,1855 2194,1947 557,1947"/><TextEquiv index="1"><Unicode>ce qui a rapport  l'intrt de ces</Unicode></TextEquiv></TextLine><TextLine id="r1_l015"><Coords points="557,1961 2198,1961 2198,2053 557,2053"/><TextEquiv index="1"><Unicode>pauvres enfants, qui font fort </Unicode></TextEquiv></TextLine><TextLine id="r1_l016"><Coords points="557,2067 2216,2067 2216,2160 557,2160"/><TextEquiv index="1"><Unicode>plaindre d'tre privs des oins ma-</Unicode></TextEquiv></TextLine><TextLine id="r1_l017"><Coords points="562,2177 2216,2177 2216,2269 562,2269"/><TextEquiv index="1"><Unicode>ternels. Aini, tu vois que, quorue</Unicode></TextEquiv></TextLine><TextLine id="r1_l018"><Coords points="562,2280 2203,2280 2203,2369 562,2369"/><TextEquiv index="1"><Unicode>j'aime mon Elifabeth avec une</Unicode></TextEquiv></TextLine><TextLine id="r1_l019"><Coords points="562,2386 2211,2386 2211,2475 562,2475"/><TextEquiv index="1"><Unicode>paion peut-tre blamable par on</Unicode></TextEquiv></TextLine><TextLine id="r1_l020"><Coords points="570,2489 2216,2489 2216,2581 570,2581"/><TextEquiv index="1"><Unicode>excs, je n'en fuis pas moins fideIle</Unicode></TextEquiv></TextLine><TextLine id="r1_l021"><Coords points="566,2602 1680,2602 1680,2687 566,2687"/><TextEquiv index="1"><Unicode> mes premiers devoirs.</Unicode></TextEquiv></TextLine><TextLine id="r1_l022"><Coords points="657,2701 2211,2701 2211,2818 657,2818"/><TextEquiv index="1"><Unicode>n'y a que vingr-catre Luex</Unicode></TextEquiv></TextLine></TextRegion><TextRegion id="r2" orientation="0.0" type="page-number"><Coords points="543,341 543,372 554,372 556,374 556,383 558,383 561,385 561,387 563,387 565,390 563,392 561,392 561,394 558,396 556,396 556,418 572,418 574,420 602,420 604,423 604,429 607,429 609,431 609,436 672,436 672,427 675,425 677,425 677,423 679,420 681,420 683,418 690,418 692,420 740,420 743,423 743,427 745,429 806,429 806,409 767,409 764,407 767,405 767,398 769,396 800,396 802,394 806,394 806,374 795,374 793,372 780,372 778,370 778,344 773,344 771,341 644,341 642,344 640,344 640,346 637,348 631,348 629,350 626,350 626,352 624,355 618,355 615,352 615,341"/><TextEquiv><Unicode/></TextEquiv><TextLine id="r2_l002"><Coords points="543,341 543,372 554,372 556,374 556,383 558,383 561,385 561,387 563,387 565,390 563,392 561,392 561,394 558,396 556,396 556,418 572,418 574,420 602,420 604,423 604,429 607,429 609,431 609,436 672,436 672,427 675,425 677,425 677,423 679,420 681,420 683,418 690,418 692,420 740,420 743,423 743,427 745,429 806,429 806,409 767,409 764,407 767,405 767,398 769,396 800,396 802,394 806,394 806,374 795,374 793,372 780,372 778,370 778,344 773,344 771,341 644,341 642,344 640,344 640,346 637,348 631,348 629,350 626,350 626,352 624,355 618,355 615,352 615,341"/><TextEquiv index="1"><Unicode>1.</Unicode></TextEquiv></TextLine></TextRegion><ImageRegion id="r3" orientation="0.0"><Coords points="962,337 962,363 964,363 966,366 966,370 968,372 968,390 966,392 966,418 979,418 981,420 981,431 986,431 988,433 988,436 1089,436 1089,423 1091,420 1172,420 1174,418 1177,418 1177,416 1179,414 1234,414 1236,416 1236,418 1310,418 1312,420 1407,420 1409,418 1490,418 1492,420 1591,420 1593,418 1595,420 1755,420 1757,423 1757,431 1821,431 1823,429 1825,429 1825,416 1828,414 1830,414 1832,412 1834,412 1834,381 1832,381 1830,379 1828,379 1825,377 1825,372 1828,370 1834,370 1834,344 1766,344 1766,352 1764,355 1714,355 1711,357 1613,357 1613,359 1611,361 1597,361 1595,359 1595,357 1518,357 1518,359 1516,361 1514,361 1512,359 1512,357 1505,357 1503,355 1409,355 1407,357 1404,355 1400,355 1398,352 1398,350 1332,350 1332,363 1330,366 1328,366 1326,363 1326,361 1319,361 1317,359 1317,357 1253,357 1253,359 1251,361 1249,361 1247,359 1247,355 1152,355 1150,357 1089,357 1087,355 1087,337"/></ImageRegion></Page></PcGts>