2480 3507
545 357 716 425 e
531 459 2126 555 à Paris, logeant auprès ou ſous le
531 566 2126 655 même toit de ſon unique amie, ne
531 669 2126 761 ſe ſéparant plus que pour quelques
531 775 2187 867 jours, l'aimant & lui tenant fidelle
523 884 2112 974 compagnie juſqu'au dernier ſoupir.
637 984 2126 1073 Tu vois, chere Eliſabeth, qu'il
523 1097 2130 1183 n'y a rien là que de très poſſible;
523 1200 2130 1297 c'eſt cependant où ſe bornent tous
518 1297 2139 1392 nos vœux. Ils ſont trop juſtes pour
523 1409 2134 1498 ne pas être exaucés. Dût cet eſpoir
518 1515 2134 1601 me tromper; j'ai trop beſoin de ces
518 1615 2143 1707 flatteuſes promeſſes, pour me tenir
514 1721 2126 1810 en garde contre ſes perfidies. Je ne
514 1827 2139 1916 connois que ce moyen d'adoucir
509 1933 1058 2040 mes peines.
