2480 3507
516 459 2114 549 qu'elles attirent  ceux qu'elles gou-
1044 562 2122 651 . je m'expoe  leur
516 586 1044 634 verntent.
521 665 2118 761 joug; car ne uis-je pas ous l'em-
521 775 2127 864 pire de la plus redoutable? L'a-
525 878 2131 967 mour, ce entiment que je croyois
521 980 2131 1052 detin  faire le charme de mon
521 1090 2136 1183 exitence, ne m'a-t-il pas dja fait
521 1196 2140 1286 craindre, gmir, rpandre des lar-
525 1303 2140 1395 mes? ..... Eh! qui ait encore
521 1405 2149 1498 les malheurs qu'il me prpare, pui-
525 1512 2153 1601 que tout emble e runir pour
521 1618 2157 1707 ruiner nos eprances! le comte ne
525 1724 1387 1813 vient point  Paris.
639 1831 2162 1916 Vaine prudence humaine! nos
525 1933 2166 2029 projets ont vanouis, il va paer
525 2040 2166 2132 pluieurs mois  a terre; pays aride
538 2146 2171 2235 & auvage, i jamais il en fut. Ce-
534 2249 2175 2341 pendant il prfre ce jour  celui
534 2355 2171 2448 de la ville, parce qu'il y exerce un
534 2461 2179 2550 empire abolu; faiant oublier  es
534 2567 2179 2660 vaaux, par a rigueur, on fate,
538 2670 2179 2766 & a libralit, qu'ils ont un matre
538 2783 1287 2852 au-deus de lui.
