2480 3507
1428 2787 1608 2855 Piv
472 453 1966 552 Il a écrit à ſon fils de partir ſans
363 562 1961 655 délai. Monſieur de P.... qui n'y
363 672 1961 771 eſt point invité, & qui ne pouvoi
358 775 1961 867 pas l'être de cette année, eſt preſ-
345 884 1961 974 qu'auſſi fâché que nous, de voir
358 991 1961 1076 rompre nos meſures. Outre le plaiſir
358 1094 1961 1179 que cet excellent homme trouve à
363 1200 1961 1298 obliger, je me ſuis apperçue qu'il
358 1298 1961 1395 a un goût déterminé à ſe mêler des
363 1409 1961 1501 affaires d'autrui. Il y attache une
358 1515 1961 1608 ſinguliere importance. S'il étoit
354 1615 1961 1690 inſtruit du deſſein où eſt monſieur
358 1728 1961 1817 d'Albi de vendre ſa charge, je ſuis
354 1831 1957 1923 perſuadée qu'il prendroit la poſte
354 1940 1957 2029 pour aller vous offrir ſes bons ſer-
354 2043 1966 2125 vices, & certainement ce ſeroit
354 2149 1961 2242 un très habile agent; il eſt vrai
358 2259 1961 2348 qu'il eſt méthodique, comme tu l'as
353 2361 1956 2462 remarqué. Néanmoins il ſe paſſionne
353 2461 1956 2560 pour toutes les choſes qu'il entre-
354 2578 1953 2663 prend, & met une grande gloire à
358 2681 1957 2763 les faire réuſſir. Qu'il eſt fâcheux
