2480 3507
512 453 2105 542 qu'un homme de ce caractere ne
508 555 2114 651 puie agir pour nos intrts, dans
508 669 1715 765 ne circontance dlicate.
621 768 2114 860 Le chevalier part demain; il
508 874 2122 963 ignore le terme de on abence. Je
503 980 2114 1080 le crois fort inquiet, quoiqu'il s'ef-
503 1087 2122 1179 force de le cacher, de l'ordre pr-
503 1193 1855 1282 cipit de on grand-pere ...
503 1299 2127 1388 Henriette, il n'y a que cinq jours
499 1402 2127 1491 que je jouiois de ta prence, que
499 1508 2131 1597 j'tois environne de tout ce qui
494 1611 2136 1700 m'et cher; ton abence m'a prive
499 1717 2136 1803 de la moiti de mon honheur, de-
499 1827 2131 1899 main l'autre m'et ravie; demain
499 1927 2140 2019 je reterai eule, peut-tre expofe
499 2033 2136 2122 aux percutions de mon oncle,
499 2139 2140 2218 livre  l'incertitude,  mes crain-
499 2245 2140 2334 tes, que ce contre-temps imprvu
503 2352 2140 2437 augmente ...... Mais, s'il et vrai
508 2454 2140 2547 que deux douleurs aigus mou-
503 2564 2140 2653 ent nceairement leurs traits, par
499 2667 2144 2742 le choc continuel des diffrentes
