<PcGts xmlns="http://schema.primaresearch.org/PAGE/gts/pagecontent/2017-07-15" xmlns:xsi="http://www.w3.org/2001/XMLSchema-instance" xsi:schemaLocation="http://schema.primaresearch.org/PAGE/gts/pagecontent/2017-07-15 http://schema.primaresearch.org/PAGE/gts/pagecontent/2017-07-15/pagecontent.xsd"><Metadata><Creator/><Created>2020-09-14T11:00:50</Created><LastChange>1970-01-01T00:00:00</LastChange><Comments/></Metadata><Page imageFilename="0185.png" imageHeight="3507" imageWidth="2480"><ReadingOrder><OrderedGroup id="g1"><RegionRefIndexed index="0" regionRef="r3"/><RegionRefIndexed index="1" regionRef="r2"/></OrderedGroup></ReadingOrder><ImageRegion id="r1" orientation="0.0"><Coords points="749,333 749,359 756,359 758,361 758,377 756,379 754,379 754,387 751,390 749,390 749,414 962,414 962,409 964,407 1023,407 1025,409 1025,412 1286,412 1286,409 1288,407 1291,407 1293,409 1293,412 1374,412 1374,409 1376,407 1387,407 1389,409 1389,412 1457,412 1457,409 1459,407 1470,407 1472,409 1472,412 1611,412 1611,409 1613,407 1615,407 1619,403 1619,398 1621,396 1637,396 1637,379 1613,379 1611,377 1611,374 1595,374 1593,372 1593,368 1595,366 1597,366 1597,348 1586,348 1584,346 1584,344 1512,344 1512,346 1510,348 1424,348 1422,350 1394,350 1391,348 1319,348 1317,350 1301,350 1299,348 1231,348 1229,350 1201,350 1198,348 1192,348 1190,346 1190,344 1126,344 1126,348 1124,350 1122,350 1122,366 1120,368 1117,368 1115,366 1115,357 1113,357 1111,355 1043,355 1041,352 1041,348 977,348 975,350 973,350 973,352 971,355 955,355 955,377 957,377 960,379 960,381 962,381 964,383 962,385 942,385 940,383 942,381 944,381 944,379 946,377 949,377 949,357 946,357 944,355 920,355 918,352 918,344 872,344 870,341 870,337 867,337 865,335 865,333"/></ImageRegion><TextRegion id="r2" orientation="0.0" type="paragraph"><Coords points="490,440 490,460 493,460 495,462 550,462 552,464 552,466 551,467 551,468 550,469 486,469 484,471 398,471 396,473 385,473 385,475 383,477 381,477 381,499 379,501 377,501 377,523 379,523 380,524 380,525 381,526 381,528 383,528 385,530 385,532 392,532 394,534 734,534 735,535 735,536 736,537 800,537 801,536 801,535 802,534 817,534 818,535 818,536 819,537 819,558 909,558 909,539 911,537 957,537 960,534 1143,534 1144,535 1144,539 1145,540 1145,548 1146,549 1146,556 1147,557 1147,564 1148,565 1148,573 1149,574 1149,581 1150,582 1150,584 1149,585 1025,585 1023,583 1023,580 903,580 903,583 902,584 901,584 900,585 828,585 826,587 824,587 823,586 822,586 821,585 758,585 756,587 710,587 709,586 708,586 707,585 707,567 705,567 703,565 703,563 631,563 631,583 629,585 626,585 624,583 624,563 609,563 607,561 539,561 539,583 537,585 526,585 525,586 524,586 523,587 517,587 515,585 512,585 510,583 510,580 464,580 462,578 462,561 460,561 459,560 459,559 458,558 458,556 385,556 385,561 383,563 381,563 381,607 387,607 388,608 389,608 390,609 390,633 389,634 388,634 387,635 385,635 385,661 458,661 458,659 460,657 462,657 462,640 463,639 463,638 464,637 519,637 520,638 520,639 521,640 835,640 837,642 837,644 909,644 909,642 911,640 1147,640 1148,641 1148,657 1147,658 1147,675 1146,676 1146,687 1145,688 1104,688 1102,686 1102,666 1017,666 1017,686 1016,687 1015,687 1014,688 867,688 865,690 846,690 846,716 848,716 850,718 850,740 849,741 849,742 848,743 846,743 845,744 841,744 840,743 837,743 836,742 833,742 832,741 831,741 830,740 830,725 832,723 835,723 835,697 832,697 831,696 831,695 830,694 828,694 826,692 826,690 824,690 823,689 822,689 821,688 784,688 782,686 782,670 780,670 778,668 778,666 692,666 692,686 690,688 688,688 686,690 679,690 679,692 677,694 670,694 670,701 668,703 666,703 664,701 664,697 661,697 660,696 660,695 659,694 657,694 655,692 655,690 648,690 646,688 631,688 629,686 629,666 626,666 624,664 547,664 545,666 539,666 539,670 537,672 534,672 534,686 532,688 464,688 462,686 462,683 398,683 398,686 396,688 377,688 377,710 383,710 385,712 385,716 383,718 381,718 381,743 655,743 656,742 656,741 657,740 659,740 659,721 660,720 660,719 661,718 664,718 665,719 665,720 666,721 666,729 668,729 669,730 669,731 670,732 670,736 672,736 673,737 674,737 675,738 675,740 677,740 678,741 678,742 679,743 826,743 827,742 828,743 832,743 833,744 836,744 837,745 841,745 842,746 845,746 846,747 846,767 927,767 927,766 928,765 929,765 930,766 934,766 935,767 938,767 939,768 943,768 944,769 947,769 948,770 951,770 952,771 956,771 957,772 956,773 929,773 929,791 927,793 885,793 885,795 883,797 876,797 874,795 874,793 732,793 731,792 730,792 729,791 729,769 718,769 716,767 653,767 652,768 651,768 650,769 644,769 644,771 642,773 640,773 640,791 646,791 648,793 648,795 646,797 604,797 602,795 602,793 517,793 515,791 515,775 508,775 506,773 438,773 438,791 436,793 377,793 377,795 376,796 375,796 374,797 372,797 372,800 370,802 363,802 363,826 374,826 375,827 376,827 377,828 377,848 376,849 375,849 374,850 372,850 372,870 374,870 375,871 376,871 377,872 377,874 449,874 449,872 451,870 462,870 462,852 464,850 501,850 502,851 503,851 504,852 567,852 569,850 593,850 594,851 595,851 596,852 596,863 664,863 664,852 666,850 874,850 874,848 876,846 883,846 885,848 885,850 992,850 993,851 994,851 995,852 995,870 1067,870 1067,852 1069,850 1140,850 1141,851 1141,864 1142,865 1142,877 1141,878 1139,878 1137,876 1137,874 1060,874 1060,876 1058,878 1056,878 1055,879 1055,880 1054,881 1047,881 1047,887 1045,889 1043,889 1043,894 1041,896 841,896 839,898 604,898 604,900 603,901 603,902 602,903 596,903 596,907 595,908 594,908 593,909 591,909 591,918 589,920 587,920 587,924 586,925 586,926 585,927 569,927 568,926 568,925 567,924 567,922 569,920 572,920 572,898 569,898 567,896 438,896 436,898 390,898 390,900 387,903 377,903 377,949 383,949 385,951 385,953 392,953 394,955 523,955 524,954 525,954 526,953 532,953 534,955 534,962 537,962 539,964 539,966 602,966 602,964 604,962 607,962 609,960 615,960 616,961 617,961 618,962 618,977 699,977 699,957 701,955 1187,955 1188,956 1189,956 1196,963 1197,963 1203,969 1204,969 1210,975 1211,975 1217,981 1218,981 1224,987 1225,987 1232,994 1233,994 1239,1000 1240,1000 1246,1006 1247,1006 1248,1007 1247,1008 1240,1008 1240,1010 1238,1012 1236,1012 1234,1010 1234,1008 1227,1008 1225,1006 1183,1006 1182,1005 1182,1004 1181,1003 1181,984 1179,984 1178,983 1178,982 1177,981 1104,981 1103,982 1103,983 1102,984 1100,984 1100,1006 1098,1008 1091,1008 1089,1006 1012,1006 1010,1008 1008,1008 1006,1006 938,1006 937,1007 936,1007 935,1008 889,1008 889,1010 887,1012 885,1012 885,1014 884,1015 884,1016 883,1017 881,1017 878,1014 878,1012 876,1012 874,1010 874,1008 867,1008 865,1006 758,1006 756,1008 736,1008 736,1010 734,1012 727,1012 725,1010 725,1008 683,1008 681,1006 681,988 679,988 677,986 677,984 600,984 600,986 598,988 596,988 596,1006 595,1007 594,1007 593,1008 583,1008 583,1010 582,1011 581,1011 580,1012 569,1012 567,1010 567,1008 565,1008 563,1006 495,1006 493,1008 482,1008 480,1006 480,984 477,984 476,983 476,982 475,981 398,981 397,982 397,983 396,984 390,984 390,986 389,987 388,987 387,988 385,988 385,992 384,993 384,994 383,995 381,995 381,1006 379,1008 377,1008 377,1021 376,1022 375,1022 374,1023 368,1023 368,1045 370,1045 372,1047 372,1063 423,1063 425,1065 501,1065 502,1064 503,1064 504,1063 580,1063 581,1064 582,1064 583,1065 725,1065 727,1063 729,1063 729,1060 730,1059 731,1059 732,1058 734,1058 736,1060 736,1063 795,1063 797,1065 874,1065 876,1063 878,1063 878,1060 879,1059 880,1059 881,1058 883,1058 885,1060 885,1063 905,1063 907,1065 905,1067 903,1067 903,1087 988,1087 988,1065 990,1063 1014,1063 1015,1064 1016,1064 1017,1065 1089,1065 1091,1063 1098,1063 1098,1060 1100,1058 1102,1058 1102,1043 1104,1041 1106,1041 1107,1042 1108,1042 1109,1043 1109,1063 1108,1064 1107,1064 1106,1065 1104,1065 1104,1087 1111,1087 1113,1089 1177,1089 1177,1084 1179,1082 1181,1082 1181,1067 1183,1065 1225,1065 1227,1063 1234,1063 1234,1043 1236,1041 1238,1041 1238,1036 1240,1034 1242,1034 1244,1036 1244,1063 1242,1065 1240,1065 1240,1080 1239,1081 1238,1081 1236,1083 1235,1083 1234,1084 1233,1084 1231,1086 1230,1086 1228,1088 1227,1088 1226,1089 1225,1089 1223,1091 1222,1091 1221,1092 1220,1092 1218,1094 1217,1094 1215,1096 1214,1096 1213,1097 1212,1097 1210,1099 1209,1099 1208,1100 1207,1100 1205,1102 1204,1102 1202,1104 1201,1104 1200,1105 1199,1105 1197,1107 1196,1107 1194,1109 1193,1109 1192,1110 1191,1110 1189,1112 1188,1112 1187,1113 1186,1113 1184,1115 1183,1115 1181,1117 1180,1117 1179,1118 1178,1118 1176,1120 1175,1120 1174,1121 1173,1121 1171,1123 1170,1123 1168,1125 1167,1125 1166,1126 1165,1126 1163,1128 1162,1128 1161,1129 1160,1129 1158,1131 1157,1131 1155,1133 1154,1133 1153,1134 1152,1134 1150,1136 1149,1136 1147,1138 1146,1137 1146,1135 968,1135 966,1133 966,1111 964,1111 962,1109 960,1109 957,1106 957,1104 955,1104 953,1102 951,1102 949,1100 949,1098 881,1098 881,1100 880,1101 879,1101 878,1102 876,1102 876,1109 874,1111 714,1111 712,1109 712,1095 710,1095 709,1094 708,1094 707,1093 707,1091 635,1091 635,1137 637,1137 638,1138 639,1138 640,1139 640,1161 639,1162 638,1162 637,1163 635,1163 635,1190 703,1190 705,1192 703,1194 640,1194 640,1196 639,1197 638,1197 637,1198 635,1198 635,1209 634,1210 634,1211 633,1212 631,1212 630,1211 630,1210 629,1209 629,1207 626,1207 624,1205 569,1205 567,1203 567,1198 565,1198 563,1196 563,1194 565,1192 624,1192 624,1139 626,1137 629,1137 629,1120 626,1120 625,1119 625,1118 624,1117 624,1115 552,1115 550,1113 550,1111 508,1111 506,1109 506,1095 504,1095 503,1094 502,1094 501,1093 501,1091 433,1091 433,1109 431,1111 398,1111 398,1113 396,1115 381,1115 381,1120 379,1122 377,1122 377,1131 376,1132 375,1132 374,1133 372,1133 372,1150 374,1150 375,1151 376,1151 377,1152 377,1159 379,1159 381,1161 381,1166 383,1166 385,1168 396,1168 398,1170 398,1172 462,1172 462,1170 464,1168 532,1168 534,1170 534,1172 541,1172 543,1174 543,1192 541,1194 464,1194 464,1196 462,1198 460,1198 460,1216 458,1218 455,1218 453,1216 453,1214 451,1214 449,1212 381,1212 381,1216 379,1218 377,1218 377,1220 374,1223 372,1223 372,1240 374,1240 375,1241 376,1241 377,1242 377,1244 379,1244 380,1245 380,1246 381,1247 381,1271 383,1271 385,1273 385,1275 466,1275 466,1273 467,1272 468,1272 469,1271 493,1271 495,1273 495,1275 567,1275 567,1273 569,1271 629,1271 631,1273 631,1275 716,1275 718,1277 718,1293 721,1293 723,1295 729,1295 730,1296 731,1296 732,1297 813,1297 815,1295 826,1295 826,1291 827,1290 827,1289 828,1288 830,1288 830,1273 832,1271 843,1271 844,1272 845,1272 846,1273 846,1275 1079,1275 1081,1277 1081,1282 1082,1283 1082,1287 1083,1288 1083,1293 1084,1294 1084,1299 1085,1300 1085,1303 1084,1304 1082,1304 1081,1303 1081,1302 1080,1301 1008,1301 1008,1319 1006,1321 1003,1321 1003,1343 1006,1343 1008,1345 1008,1352 1006,1354 1003,1354 1003,1376 1097,1376 1098,1377 1098,1378 1099,1379 1099,1383 1100,1384 1100,1389 1101,1390 1101,1395 1102,1396 1102,1400 1103,1401 1103,1406 1104,1407 1104,1412 1105,1413 1105,1417 1106,1418 1106,1423 1105,1424 1091,1424 1089,1426 1069,1426 1067,1424 1003,1424 1001,1426 986,1426 986,1429 984,1431 981,1431 981,1435 979,1437 977,1437 977,1448 976,1449 971,1449 970,1450 954,1450 953,1449 953,1426 951,1426 949,1424 815,1424 813,1426 806,1426 801,1421 801,1420 791,1410 791,1409 781,1399 781,1398 771,1388 771,1387 761,1377 762,1376 975,1376 977,1374 984,1374 984,1326 981,1326 980,1325 980,1324 979,1323 979,1321 973,1321 971,1319 971,1317 872,1317 870,1315 870,1301 784,1301 783,1302 783,1303 782,1304 780,1304 780,1319 778,1321 711,1321 707,1317 707,1297 705,1297 703,1295 703,1293 631,1293 631,1295 629,1297 618,1297 618,1301 615,1304 613,1304 613,1308 611,1310 609,1310 609,1352 607,1354 604,1354 604,1376 627,1376 628,1377 625,1380 624,1380 621,1383 620,1383 616,1387 615,1387 612,1390 611,1390 608,1393 607,1393 604,1396 603,1396 600,1399 599,1399 596,1402 595,1402 594,1403 593,1402 526,1402 526,1404 523,1407 521,1405 521,1404 520,1403 520,1402 519,1401 519,1400 517,1398 517,1397 516,1396 516,1395 515,1394 515,1393 514,1392 514,1391 513,1390 513,1389 512,1388 512,1387 511,1386 511,1385 510,1384 510,1383 509,1382 509,1381 508,1380 508,1379 507,1378 507,1377 508,1376 563,1376 565,1374 567,1374 567,1352 565,1352 563,1350 563,1328 561,1328 560,1327 559,1327 558,1326 558,1321 552,1321 550,1319 550,1317 473,1317 473,1319 471,1321 372,1321 372,1345 374,1345 377,1348 377,1350 376,1351 375,1351 374,1352 372,1352 372,1376 504,1376 505,1377 505,1378 506,1379 506,1380 507,1381 507,1382 508,1383 508,1384 509,1385 509,1386 511,1388 511,1389 512,1390 512,1391 513,1392 513,1393 514,1394 514,1395 515,1396 515,1397 516,1398 516,1399 517,1400 517,1401 518,1402 518,1403 519,1404 519,1405 520,1406 520,1407 521,1408 521,1422 519,1424 398,1424 396,1426 372,1426 372,1453 374,1453 375,1454 376,1454 377,1455 377,1479 376,1480 375,1480 374,1481 372,1481 372,1503 462,1503 462,1486 463,1485 463,1484 464,1483 642,1483 642,1481 644,1479 686,1479 686,1457 683,1457 681,1455 683,1453 694,1453 694,1426 692,1426 690,1424 600,1424 598,1422 598,1407 596,1407 595,1406 598,1403 599,1403 603,1399 604,1399 607,1396 608,1396 611,1393 612,1393 615,1390 616,1390 619,1387 620,1387 623,1384 624,1384 627,1381 628,1381 632,1377 633,1377 634,1376 757,1376 764,1383 764,1384 774,1394 774,1395 784,1405 784,1406 795,1417 795,1418 802,1425 801,1426 701,1426 701,1448 703,1448 704,1449 704,1450 705,1451 705,1455 703,1457 701,1457 701,1483 878,1483 878,1481 879,1480 880,1480 881,1479 957,1479 957,1457 955,1457 953,1455 953,1453 954,1452 970,1452 971,1451 976,1451 977,1452 977,1472 979,1472 980,1473 980,1474 981,1475 981,1477 984,1477 986,1479 992,1479 993,1480 994,1480 995,1481 995,1483 1099,1483 1100,1484 1099,1485 1099,1488 1098,1489 1098,1491 1097,1492 1097,1494 1096,1495 1096,1497 1095,1498 1095,1500 1094,1501 1094,1503 1093,1504 1093,1506 1092,1507 1092,1509 1091,1510 1091,1512 1090,1513 1090,1516 1089,1517 1089,1519 1088,1520 1088,1522 1087,1523 1087,1525 1086,1526 1086,1528 1085,1529 1085,1531 1084,1532 1084,1533 1083,1534 1082,1534 1080,1532 1080,1512 1078,1512 1076,1510 1012,1510 1010,1508 1010,1505 929,1505 929,1508 927,1510 924,1510 924,1514 922,1516 920,1516 920,1525 918,1527 916,1527 916,1532 914,1534 907,1534 905,1532 905,1529 863,1529 861,1527 861,1512 859,1512 857,1510 784,1510 784,1532 782,1534 775,1534 773,1532 773,1529 701,1529 701,1532 699,1534 578,1534 576,1536 574,1536 572,1534 565,1534 563,1532 563,1529 377,1529 377,1532 376,1533 375,1533 374,1534 372,1534 372,1556 374,1556 375,1557 376,1557 377,1558 377,1582 376,1583 375,1583 374,1584 372,1584 372,1611 405,1611 407,1613 405,1615 403,1615 403,1632 402,1633 402,1634 401,1635 390,1635 390,1637 389,1638 388,1638 387,1639 381,1639 381,1641 379,1643 377,1643 377,1683 379,1683 381,1685 381,1689 427,1689 428,1690 428,1691 429,1692 429,1694 497,1694 497,1692 498,1691 498,1690 499,1689 918,1689 919,1690 919,1691 920,1692 920,1696 992,1696 993,1695 994,1695 995,1694 997,1694 997,1692 998,1691 998,1690 999,1689 1001,1689 1002,1690 1002,1691 1003,1692 1003,1694 1014,1694 1015,1695 1016,1695 1017,1696 1017,1709 1019,1709 1021,1711 1021,1714 1019,1716 938,1716 938,1727 937,1728 936,1728 935,1729 924,1729 922,1727 846,1727 846,1733 845,1734 844,1734 843,1735 635,1735 633,1733 633,1718 547,1718 547,1720 545,1722 543,1722 543,1735 542,1736 542,1737 541,1738 534,1738 533,1737 533,1736 532,1735 495,1735 493,1733 493,1716 403,1716 403,1735 402,1736 402,1737 401,1738 385,1738 385,1740 383,1742 381,1742 381,1749 379,1751 377,1751 377,1781 379,1781 380,1782 380,1783 381,1784 381,1788 383,1788 385,1790 385,1792 458,1792 459,1793 459,1794 460,1795 528,1795 529,1794 529,1793 530,1792 541,1792 542,1793 542,1794 543,1795 655,1795 656,1794 656,1793 657,1792 848,1792 849,1793 849,1794 850,1795 922,1795 922,1773 924,1771 931,1771 932,1770 932,1769 933,1768 935,1768 938,1771 938,1792 1098,1792 1099,1793 1099,1794 1100,1795 1172,1795 1173,1794 1173,1793 1174,1792 1177,1792 1177,1788 1179,1786 1181,1786 1181,1784 1182,1783 1182,1782 1183,1781 1212,1781 1213,1782 1213,1783 1214,1784 1212,1786 1205,1786 1205,1788 1203,1790 1201,1790 1201,1810 1203,1810 1205,1812 1277,1812 1278,1811 1279,1811 1280,1810 1282,1810 1282,1808 1284,1806 1286,1806 1286,1797 1288,1795 1317,1795 1319,1797 1319,1799 1321,1799 1323,1801 1391,1801 1392,1800 1393,1800 1394,1799 1396,1799 1396,1766 1394,1766 1392,1764 1391,1764 1389,1762 1345,1762 1343,1760 1343,1751 1341,1751 1339,1749 1339,1742 1337,1742 1335,1740 1334,1740 1332,1738 1288,1738 1287,1737 1287,1736 1286,1735 1286,1722 1284,1722 1282,1720 1282,1718 1214,1718 1214,1720 1212,1722 1209,1722 1209,1753 1207,1755 1179,1755 1177,1753 1177,1742 1174,1742 1172,1740 1172,1738 1139,1738 1138,1737 1138,1736 1137,1735 1137,1718 1065,1718 1065,1735 1064,1736 1064,1737 1063,1738 1052,1738 1049,1735 1049,1722 1047,1722 1045,1720 1045,1718 1043,1718 1041,1716 1043,1714 1093,1714 1093,1711 1095,1709 1102,1709 1102,1692 1103,1691 1103,1690 1104,1689 1124,1689 1125,1690 1125,1691 1126,1692 1126,1694 1198,1694 1198,1692 1201,1689 1207,1689 1207,1687 1209,1685 1212,1685 1212,1643 1209,1643 1207,1641 1207,1639 1205,1639 1203,1637 1203,1635 1055,1635 1054,1634 1054,1631 1055,1630 1055,1628 1056,1627 1056,1625 1057,1624 1057,1622 1058,1621 1058,1619 1059,1618 1059,1616 1060,1615 1060,1613 1061,1612 1061,1610 1062,1609 1062,1607 1063,1606 1063,1603 1064,1602 1064,1600 1065,1599 1065,1597 1066,1596 1066,1594 1067,1593 1067,1592 1068,1591 1177,1591 1177,1589 1178,1588 1178,1587 1179,1586 1295,1586 1296,1587 1296,1588 1297,1589 1297,1591 1365,1591 1365,1589 1366,1588 1366,1587 1367,1586 1391,1586 1394,1589 1394,1591 1461,1591 1461,1589 1464,1586 1523,1586 1524,1587 1524,1588 1525,1589 1525,1591 1614,1591 1615,1592 1615,1594 1614,1595 1614,1597 1613,1598 1613,1600 1612,1601 1612,1602 1611,1603 1611,1605 1610,1606 1610,1608 1609,1609 1609,1611 1608,1612 1608,1613 1607,1614 1607,1616 1606,1617 1606,1618 1605,1619 1578,1619 1578,1637 1577,1638 1576,1638 1575,1639 1573,1639 1573,1654 1572,1655 1572,1656 1571,1657 1569,1657 1568,1656 1568,1655 1567,1654 1567,1639 1529,1639 1527,1637 1527,1619 1525,1619 1523,1617 1523,1615 1459,1615 1457,1613 1389,1613 1387,1615 1376,1615 1376,1617 1374,1619 1372,1619 1372,1621 1369,1624 1367,1624 1367,1637 1365,1639 1363,1639 1363,1663 1365,1663 1367,1665 1367,1668 1365,1670 1358,1670 1356,1668 1356,1643 1354,1643 1352,1641 1352,1639 1350,1639 1348,1637 1348,1635 1297,1635 1296,1634 1296,1633 1295,1632 1295,1615 1293,1615 1291,1613 1218,1613 1218,1659 1220,1659 1221,1660 1222,1660 1223,1661 1223,1714 1291,1714 1291,1711 1293,1709 1295,1709 1297,1707 1299,1707 1299,1696 1301,1694 1348,1694 1348,1692 1349,1691 1349,1690 1350,1689 1352,1689 1352,1687 1354,1685 1356,1685 1358,1687 1358,1689 1400,1689 1401,1690 1401,1691 1402,1692 1402,1694 1538,1694 1539,1695 1534,1700 1533,1700 1529,1704 1528,1704 1523,1709 1522,1709 1517,1714 1516,1714 1512,1718 1508,1718 1507,1717 1506,1717 1505,1716 1429,1716 1428,1717 1427,1717 1426,1718 1420,1718 1420,1720 1418,1722 1415,1722 1415,1727 1413,1729 1411,1729 1411,1740 1409,1742 1407,1742 1407,1762 1409,1762 1411,1764 1411,1771 1409,1773 1407,1773 1407,1795 1416,1795 1417,1796 1416,1797 1415,1797 1411,1801 1410,1801 1405,1806 1404,1806 1399,1811 1398,1811 1394,1815 1393,1815 1388,1820 1387,1820 1385,1822 1384,1822 1383,1823 1382,1823 1381,1824 1380,1824 1379,1825 1378,1825 1377,1826 1376,1826 1375,1827 1374,1827 1373,1828 1371,1828 1370,1829 1369,1829 1368,1830 1367,1830 1366,1831 1365,1831 1364,1832 1363,1832 1362,1833 1361,1833 1360,1834 1358,1834 1357,1835 1356,1835 1355,1836 1354,1836 1353,1837 1352,1837 1351,1838 1350,1838 1349,1839 1348,1839 1347,1840 1345,1840 1344,1841 1343,1841 1342,1842 1341,1842 1340,1843 1339,1842 1339,1841 1284,1841 1283,1840 1283,1839 1282,1838 1218,1838 1217,1839 1217,1840 1216,1841 916,1841 915,1840 915,1839 914,1838 846,1838 843,1841 666,1841 666,1865 668,1865 670,1867 668,1869 640,1869 639,1868 638,1868 637,1867 637,1849 635,1849 633,1847 633,1841 626,1841 625,1840 625,1839 624,1838 587,1838 585,1836 585,1819 504,1819 504,1838 501,1841 460,1841 459,1840 459,1839 458,1838 451,1838 449,1836 449,1834 385,1834 385,1836 383,1838 381,1838 380,1839 380,1840 379,1841 377,1841 377,1843 376,1844 375,1844 374,1845 372,1845 372,1865 374,1865 375,1866 376,1866 377,1867 379,1867 381,1869 381,1871 380,1872 380,1873 379,1874 377,1874 377,1895 379,1895 380,1896 380,1897 381,1898 602,1898 604,1900 604,1904 607,1904 609,1906 609,1909 672,1909 672,1906 673,1905 674,1905 675,1904 677,1904 679,1902 681,1902 681,1898 682,1897 682,1896 683,1895 769,1895 770,1896 770,1897 771,1898 1216,1898 1217,1899 1216,1900 1215,1900 1214,1901 1213,1901 1212,1902 1211,1902 1210,1903 1209,1903 1208,1904 1206,1904 1205,1905 1204,1905 1203,1906 1202,1906 1201,1907 1200,1907 1199,1908 1198,1908 1197,1909 1196,1909 1195,1910 1193,1910 1192,1911 1191,1911 1190,1912 1189,1912 1188,1913 1187,1913 1186,1914 1185,1914 1184,1915 1183,1915 1182,1916 1180,1916 1179,1917 1178,1917 1177,1918 1176,1918 1175,1919 1174,1919 1173,1920 1172,1920 1171,1921 1170,1921 1169,1922 1167,1922 1166,1923 1165,1923 1164,1924 1163,1924 1162,1925 1161,1925 1160,1926 1159,1926 1158,1927 1156,1927 1155,1926 1155,1924 1078,1924 1078,1926 1076,1928 1074,1928 1074,1942 1073,1943 1072,1943 1071,1944 1060,1944 1060,1946 1058,1948 1056,1948 1056,1950 1054,1952 1052,1952 1051,1951 1050,1951 1049,1950 1049,1948 990,1948 988,1946 988,1944 881,1944 880,1943 879,1943 878,1942 878,1924 745,1924 745,1926 743,1928 740,1928 740,1935 738,1937 732,1937 731,1936 730,1936 729,1935 727,1935 725,1933 725,1931 657,1931 657,1933 655,1935 653,1935 653,1942 652,1943 651,1943 650,1944 631,1944 629,1942 629,1924 552,1924 552,1942 550,1944 455,1944 453,1942 385,1942 383,1944 381,1944 381,1946 379,1948 377,1948 377,1974 379,1974 380,1975 380,1976 381,1977 381,1998 383,1998 384,1999 384,2000 385,2001 385,2005 734,2005 734,1983 736,1981 738,1981 740,1983 740,2001 743,2001 745,2003 745,2005 813,2005 813,2003 815,2001 852,2001 854,2003 854,2005 918,2005 918,2003 920,2001 975,2001 977,2003 977,2005 1047,2005 1049,2003 1050,2003 1052,2001 1184,2001 1186,2003 1186,2004 1187,2005 1187,2007 1188,2008 1188,2009 1189,2010 1189,2012 1190,2013 1190,2014 1191,2015 1191,2017 1192,2018 1192,2019 1193,2020 1193,2022 1194,2023 1194,2024 1195,2025 1195,2026 1194,2027 1113,2027 1113,2029 1111,2031 1109,2031 1106,2034 1104,2034 1102,2036 1100,2036 1100,2049 1098,2051 1017,2051 1016,2050 1015,2050 1014,2049 1014,2034 1017,2031 1049,2031 1049,2014 1047,2012 986,2012 986,2029 984,2031 933,2031 933,2049 931,2051 881,2051 881,2053 880,2054 879,2054 878,2055 872,2055 870,2053 870,2051 828,2051 826,2049 826,2034 824,2034 821,2031 745,2031 745,2049 743,2051 714,2051 712,2049 712,2031 635,2031 635,2049 633,2051 591,2051 589,2049 589,2027 508,2027 508,2029 506,2031 499,2031 498,2032 498,2033 497,2034 495,2034 495,2038 493,2040 490,2040 488,2038 488,2036 486,2036 484,2034 460,2034 459,2033 459,2032 458,2031 377,2031 377,2051 379,2051 381,2053 381,2055 380,2056 380,2057 379,2058 377,2058 377,2080 383,2080 385,2082 383,2084 377,2084 377,2086 376,2087 375,2087 374,2088 372,2088 372,2108 374,2108 375,2109 376,2109 377,2110 510,2110 512,2112 512,2128 515,2128 517,2130 602,2130 602,2112 604,2110 668,2110 670,2108 874,2108 876,2110 876,2128 896,2128 898,2130 962,2130 964,2128 966,2128 966,2110 968,2108 1001,2108 1003,2110 1067,2110 1069,2108 1227,2108 1228,2109 1228,2110 1229,2111 1229,2113 1230,2114 1230,2115 1231,2116 1231,2118 1232,2119 1232,2120 1233,2121 1233,2123 1234,2124 1234,2125 1235,2126 1235,2128 1236,2129 1236,2130 1237,2131 1237,2133 1238,2134 1238,2135 1239,2136 1239,2138 1240,2139 1240,2140 1241,2141 1241,2143 1242,2144 1242,2145 1243,2146 1243,2148 1244,2149 1244,2150 1245,2151 1245,2153 1246,2154 1246,2155 1245,2156 1218,2156 1216,2154 1216,2132 1126,2132 1126,2137 1124,2139 1082,2139 1082,2154 1080,2156 1043,2156 1041,2154 973,2154 971,2156 960,2156 960,2158 957,2161 955,2161 955,2165 953,2167 951,2167 951,2189 949,2191 946,2191 944,2189 944,2156 881,2156 880,2155 879,2155 878,2154 876,2154 874,2152 874,2150 810,2150 810,2152 808,2154 806,2154 804,2156 784,2156 782,2154 782,2148 780,2148 779,2147 779,2146 778,2145 778,2137 775,2137 774,2136 774,2135 773,2134 773,2132 705,2132 705,2154 703,2156 648,2156 648,2158 647,2159 647,2160 646,2161 640,2161 639,2162 638,2162 637,2163 635,2163 635,2172 633,2174 631,2174 631,2200 633,2200 635,2202 635,2207 637,2207 638,2208 639,2208 640,2209 640,2211 642,2211 644,2213 804,2213 806,2211 808,2211 810,2213 949,2213 949,2202 951,2200 953,2200 955,2202 955,2207 957,2207 958,2208 959,2208 960,2209 960,2211 966,2211 968,2213 1084,2213 1085,2212 1086,2212 1087,2211 1093,2211 1093,2209 1095,2207 1098,2207 1098,2196 1100,2194 1102,2194 1104,2196 1104,2207 1106,2207 1107,2208 1108,2208 1109,2209 1109,2211 1124,2211 1126,2213 1208,2213 1209,2214 1200,2223 1199,2223 1191,2231 1190,2231 1181,2240 1180,2240 1172,2248 1171,2248 1164,2255 1163,2254 1163,2242 1161,2242 1159,2240 1074,2240 1073,2241 1072,2241 1071,2242 1069,2242 1069,2244 1067,2246 1065,2246 1065,2251 1063,2253 1060,2253 1060,2257 1058,2259 1021,2259 1021,2262 1019,2264 863,2264 861,2262 861,2259 828,2259 826,2257 826,2242 736,2242 736,2262 734,2264 631,2264 629,2262 629,2259 565,2259 565,2262 563,2264 526,2264 525,2263 524,2263 523,2262 523,2240 508,2240 507,2239 507,2238 506,2237 506,2235 485,2235 484,2234 484,2228 483,2227 483,2219 484,2218 541,2218 541,2215 543,2213 620,2213 620,2187 618,2187 617,2186 616,2186 615,2185 615,2163 613,2163 611,2161 611,2156 604,2156 602,2154 539,2154 537,2156 499,2156 497,2154 497,2139 495,2139 493,2137 490,2137 489,2136 489,2135 488,2134 488,2132 425,2132 425,2134 424,2135 424,2136 423,2137 420,2137 418,2139 416,2139 416,2152 414,2154 385,2154 383,2156 377,2156 377,2187 379,2187 381,2189 381,2211 383,2211 385,2213 387,2213 388,2214 389,2214 390,2215 390,2218 462,2218 462,2215 464,2213 471,2213 473,2215 473,2218 480,2218 481,2219 481,2227 482,2228 482,2234 481,2235 442,2235 442,2237 441,2238 441,2239 440,2240 429,2240 429,2257 431,2257 433,2259 433,2262 431,2264 394,2264 392,2266 390,2266 390,2268 389,2269 388,2269 387,2270 385,2270 385,2272 384,2273 384,2274 383,2275 381,2275 381,2310 383,2310 385,2312 385,2316 387,2316 390,2319 390,2321 396,2321 398,2323 485,2323 486,2324 486,2335 487,2336 487,2356 488,2357 488,2368 487,2369 394,2369 394,2371 392,2373 390,2373 390,2375 387,2378 385,2378 385,2382 383,2384 381,2384 381,2419 383,2419 384,2420 384,2421 385,2422 385,2424 387,2424 388,2425 389,2425 390,2426 401,2426 403,2428 403,2448 491,2448 492,2449 492,2464 493,2465 493,2471 492,2472 398,2472 398,2474 396,2476 394,2476 394,2479 392,2481 390,2481 389,2482 388,2482 387,2483 385,2483 385,2514 383,2516 381,2516 381,2546 383,2546 384,2547 384,2548 385,2549 385,2553 466,2553 467,2552 468,2552 469,2551 493,2551 493,2542 495,2540 496,2540 497,2541 498,2541 499,2540 501,2540 502,2539 503,2539 504,2538 506,2538 507,2537 509,2537 510,2536 512,2536 513,2535 515,2535 516,2534 518,2534 519,2533 520,2533 521,2532 523,2532 524,2531 576,2531 578,2529 712,2529 714,2527 734,2527 736,2529 878,2529 879,2528 880,2528 881,2527 909,2527 911,2529 911,2542 914,2542 916,2544 916,2546 979,2546 979,2544 981,2542 984,2542 986,2540 992,2540 992,2533 993,2532 994,2532 995,2531 997,2531 997,2529 999,2527 1102,2527 1104,2529 1144,2529 1145,2530 1145,2532 1146,2533 1146,2535 1147,2536 1147,2537 1148,2538 1148,2540 1149,2541 1149,2543 1150,2544 1150,2546 1151,2547 1151,2549 1152,2550 1152,2551 1153,2552 1153,2554 1152,2555 1052,2555 1052,2573 1051,2574 1050,2574 1049,2575 946,2575 946,2577 944,2579 938,2579 937,2578 936,2578 935,2577 935,2575 929,2575 927,2573 894,2573 892,2571 892,2555 810,2555 810,2571 808,2573 740,2573 738,2575 736,2575 734,2573 734,2551 648,2551 648,2553 646,2555 644,2555 642,2557 640,2557 640,2566 639,2567 638,2567 637,2568 635,2568 635,2573 633,2575 385,2575 385,2577 383,2579 381,2579 381,2601 383,2601 385,2603 387,2603 390,2606 390,2610 392,2610 394,2612 394,2621 396,2621 398,2623 398,2625 401,2625 402,2626 402,2627 403,2628 403,2634 532,2634 534,2632 795,2632 795,2630 797,2628 808,2628 810,2630 810,2632 909,2632 911,2634 911,2656 984,2656 984,2654 986,2652 1001,2652 1001,2634 1003,2632 1180,2632 1182,2634 1182,2635 1183,2636 1183,2638 1184,2639 1184,2641 1185,2642 1185,2644 1186,2645 1186,2647 1187,2648 1187,2649 1188,2650 1188,2652 1189,2653 1189,2655 1190,2656 1190,2658 1191,2659 1191,2661 1192,2662 1192,2663 1193,2664 1193,2666 1194,2667 1194,2669 1195,2670 1195,2672 1196,2673 1196,2675 1197,2676 1197,2677 1198,2678 1198,2680 1199,2681 1198,2682 1170,2682 1168,2680 1168,2678 1047,2678 1047,2680 1045,2682 1025,2682 1023,2680 1023,2678 951,2678 951,2680 949,2682 942,2682 941,2683 941,2684 940,2685 938,2685 935,2682 929,2682 927,2680 927,2678 780,2678 778,2676 778,2667 775,2667 773,2665 736,2665 734,2663 734,2660 613,2660 613,2663 611,2665 539,2665 537,2667 534,2667 534,2676 532,2678 499,2678 499,2680 497,2682 469,2682 468,2681 467,2681 466,2680 466,2678 394,2678 394,2682 393,2683 393,2684 392,2685 390,2685 390,2687 389,2688 388,2688 387,2689 385,2689 385,2724 387,2724 388,2725 389,2725 390,2726 390,2742 405,2742 407,2744 407,2746 471,2746 471,2744 473,2742 519,2742 519,2739 521,2737 545,2737 547,2739 547,2742 611,2742 613,2744 613,2755 681,2755 681,2739 683,2737 721,2737 723,2735 729,2735 730,2736 731,2736 732,2737 786,2737 787,2738 788,2738 789,2739 789,2742 922,2742 922,2739 924,2737 935,2737 936,2736 937,2736 938,2735 940,2735 942,2737 992,2737 993,2738 994,2738 995,2739 995,2742 1120,2742 1120,2739 1122,2737 1128,2737 1129,2738 1130,2738 1131,2739 1131,2742 1177,2742 1179,2744 1179,2752 1181,2752 1182,2753 1182,2754 1183,2755 1183,2759 1198,2759 1199,2760 1200,2760 1201,2761 1212,2761 1214,2763 1214,2765 1282,2765 1282,2763 1284,2761 1286,2761 1286,2739 1288,2737 1308,2737 1310,2739 1310,2742 1409,2742 1411,2744 1411,2752 1488,2752 1488,2748 1490,2746 1492,2746 1492,2744 1494,2742 1575,2742 1576,2743 1577,2743 1578,2744 1578,2746 1641,2746 1641,2744 1643,2742 1654,2742 1655,2743 1656,2743 1657,2744 1657,2746 1720,2746 1720,2744 1722,2742 1751,2742 1753,2744 1753,2746 1760,2746 1762,2748 1825,2748 1826,2747 1827,2747 1828,2746 1830,2746 1830,2744 1832,2742 1834,2742 1836,2744 1836,2746 1983,2746 1983,2731 1984,2730 1984,2729 1985,2728 2023,2728 2023,2726 2025,2724 2027,2724 2028,2723 2028,2697 2027,2696 1985,2696 1984,2695 1984,2694 1983,2693 1983,2689 1981,2689 1979,2687 1979,2685 1933,2685 1932,2684 1932,2683 1931,2682 1931,2665 1849,2665 1849,2682 1848,2683 1848,2684 1847,2685 1814,2685 1813,2684 1813,2683 1812,2682 1812,2660 1727,2660 1727,2663 1725,2665 1722,2665 1720,2667 1718,2667 1718,2680 1716,2682 1714,2682 1711,2685 1591,2685 1590,2684 1590,2683 1589,2682 1521,2682 1518,2685 1490,2685 1490,2711 1488,2713 1486,2713 1485,2712 1484,2712 1483,2711 1483,2709 1437,2709 1436,2708 1436,2707 1435,2706 1435,2685 1429,2685 1426,2682 1424,2682 1422,2680 1422,2678 1350,2678 1350,2680 1348,2682 1202,2682 1200,2680 1200,2679 1199,2678 1199,2676 1198,2675 1198,2673 1197,2672 1197,2670 1196,2669 1196,2667 1195,2666 1195,2665 1194,2664 1194,2662 1193,2661 1193,2659 1192,2658 1192,2656 1191,2655 1191,2653 1190,2652 1190,2651 1189,2650 1189,2648 1188,2647 1188,2645 1187,2644 1187,2642 1186,2641 1186,2639 1185,2638 1185,2637 1184,2636 1184,2634 1183,2633 1184,2632 1207,2632 1209,2634 1209,2652 1282,2652 1283,2651 1283,2650 1284,2649 1286,2649 1286,2647 1288,2645 1291,2645 1291,2634 1293,2632 1435,2632 1437,2634 1510,2634 1512,2632 1527,2632 1529,2634 1676,2634 1678,2632 1703,2632 1705,2634 1878,2634 1880,2636 1880,2656 1882,2656 1883,2657 1884,2657 1885,2658 1966,2658 1968,2656 1970,2656 1970,2636 1972,2634 1979,2634 1981,2632 1983,2632 1983,2630 1985,2628 1988,2628 1989,2627 1989,2626 1990,2625 2027,2625 2027,2592 1990,2592 1988,2590 1988,2586 1985,2586 1983,2584 1983,2582 1981,2582 1980,2581 1980,2580 1979,2579 1779,2579 1777,2577 1777,2575 1714,2575 1714,2577 1713,2578 1712,2578 1711,2579 1696,2579 1695,2580 1695,2581 1694,2582 1692,2582 1689,2579 1652,2579 1650,2577 1650,2557 1648,2557 1646,2555 1582,2555 1580,2553 1580,2549 1543,2549 1540,2546 1540,2531 1541,2530 1542,2530 1543,2529 1777,2529 1779,2531 1852,2531 1854,2529 1856,2531 1988,2531 1988,2525 1989,2524 1989,2523 1990,2522 2028,2522 2028,2489 1990,2489 1988,2487 1988,2483 1985,2483 1983,2481 1983,2476 1968,2476 1966,2474 1966,2472 1959,2472 1957,2470 1957,2452 1880,2452 1878,2454 1878,2455 1876,2457 1871,2457 1869,2459 1867,2459 1867,2461 1865,2463 1863,2463 1863,2474 1862,2475 1861,2475 1860,2476 1801,2476 1799,2474 1799,2472 1604,2472 1602,2470 1538,2470 1536,2472 1459,2472 1457,2470 1415,2470 1413,2468 1413,2448 1301,2448 1301,2468 1299,2470 1266,2470 1264,2472 1249,2472 1247,2470 1247,2452 1244,2452 1242,2450 1242,2448 1240,2448 1238,2446 1157,2446 1155,2448 1152,2448 1152,2450 1150,2452 1148,2452 1148,2461 1146,2463 1144,2463 1143,2462 1142,2462 1141,2461 1141,2459 1139,2459 1137,2457 1135,2457 1134,2456 1134,2455 1133,2454 1133,2452 1119,2452 1118,2451 1118,2449 1117,2448 1117,2446 1116,2445 1116,2443 1115,2442 1115,2441 1114,2440 1114,2438 1113,2437 1113,2435 1112,2434 1112,2432 1111,2431 1111,2429 1110,2428 1110,2427 1109,2426 1109,2425 1110,2424 1295,2424 1297,2426 1297,2437 1361,2437 1361,2426 1363,2424 1554,2424 1556,2426 1624,2426 1626,2424 1630,2424 1632,2422 1633,2423 1634,2423 1635,2424 1694,2424 1696,2426 1698,2426 1700,2428 1700,2430 1764,2430 1764,2428 1766,2426 1966,2426 1968,2428 1968,2432 2028,2432 2028,2385 2027,2384 1981,2384 1979,2382 1979,2378 1977,2378 1972,2373 1972,2369 1970,2367 1845,2367 1843,2369 1823,2369 1821,2367 1639,2367 1637,2369 1635,2369 1634,2370 1633,2370 1632,2371 1628,2367 1547,2367 1545,2365 1545,2345 1306,2345 1306,2365 1304,2367 1301,2367 1299,2369 1293,2369 1293,2371 1291,2373 1288,2373 1286,2371 1286,2369 1284,2369 1282,2367 1183,2367 1181,2365 1181,2356 1179,2356 1177,2354 1109,2354 1108,2355 1107,2355 1106,2356 1104,2356 1104,2365 1102,2367 1089,2367 1088,2366 1088,2365 1087,2364 1087,2362 1086,2361 1086,2359 1085,2358 1085,2357 1084,2356 1084,2354 1083,2353 1083,2351 1082,2350 1082,2348 1081,2347 1081,2345 1080,2344 1080,2343 1079,2342 1079,2340 1078,2339 1078,2337 1077,2336 1084,2329 1085,2329 1093,2321 1584,2321 1586,2323 1586,2327 1589,2327 1591,2329 1650,2329 1651,2330 1651,2331 1652,2332 1652,2340 1729,2340 1729,2325 1731,2323 1799,2323 1801,2321 1803,2321 1804,2322 1805,2322 1806,2323 1874,2323 1876,2321 1878,2321 1880,2323 2028,2323 2028,2298 2027,2297 2027,2294 2028,2293 2028,2274 2027,2273 2027,2266 2025,2266 2023,2264 1652,2264 1650,2266 1648,2266 1648,2286 1646,2288 1621,2288 1619,2286 1619,2264 1617,2264 1615,2262 1615,2242 1398,2242 1396,2240 1301,2240 1301,2257 1299,2259 1249,2259 1249,2262 1247,2264 1205,2264 1203,2262 1203,2259 1166,2259 1165,2258 1165,2257 1168,2254 1169,2254 1178,2245 1179,2245 1187,2237 1188,2237 1197,2228 1198,2228 1206,2220 1207,2220 1214,2213 1255,2213 1256,2212 1257,2212 1258,2211 1343,2211 1345,2213 1514,2213 1518,2209 1518,2191 1519,2190 1520,2190 1521,2189 1523,2189 1523,2180 1525,2178 1527,2178 1529,2180 1529,2183 1532,2183 1534,2185 1534,2189 1536,2191 1536,2192 1538,2194 1538,2200 1540,2200 1541,2201 1542,2201 1543,2202 1543,2211 1545,2211 1547,2213 1547,2218 1611,2218 1611,2215 1613,2213 1887,2213 1889,2211 1891,2213 1952,2213 1953,2214 1954,2214 1955,2215 1955,2218 2023,2218 2023,2215 2025,2213 2028,2213 2028,2186 2027,2185 2027,2163 2025,2163 2023,2161 2023,2156 1981,2156 1979,2154 1979,2137 1891,2137 1891,2158 1890,2159 1890,2160 1889,2161 1885,2161 1882,2158 1882,2156 1810,2156 1808,2154 1808,2137 1792,2137 1791,2136 1791,2135 1790,2134 1790,2132 1727,2132 1727,2134 1726,2135 1726,2136 1725,2137 1718,2137 1718,2154 1716,2156 1525,2156 1525,2165 1523,2167 1521,2167 1520,2166 1519,2166 1518,2165 1518,2161 1516,2161 1515,2160 1515,2159 1514,2158 1514,2156 1429,2156 1428,2155 1427,2155 1426,2154 1426,2141 1422,2137 1422,2132 1288,2132 1288,2134 1287,2135 1287,2136 1286,2137 1284,2137 1282,2139 1275,2139 1275,2148 1273,2150 1271,2150 1271,2158 1270,2159 1270,2160 1269,2161 1262,2161 1261,2160 1261,2159 1260,2158 1260,2156 1249,2156 1248,2155 1248,2154 1247,2153 1247,2152 1246,2151 1246,2149 1245,2148 1245,2147 1244,2146 1244,2144 1243,2143 1243,2142 1242,2141 1242,2139 1241,2138 1241,2137 1240,2136 1240,2134 1239,2133 1239,2132 1238,2131 1238,2129 1237,2128 1237,2127 1236,2126 1236,2124 1235,2123 1235,2121 1234,2120 1234,2119 1233,2118 1233,2116 1232,2115 1232,2114 1231,2113 1231,2111 1230,2110 1230,2109 1231,2108 1400,2108 1402,2110 1402,2128 1466,2128 1466,2110 1468,2108 1525,2108 1529,2104 1532,2104 1534,2106 1534,2108 1668,2108 1670,2110 1795,2110 1797,2108 1799,2110 1988,2110 1988,2099 1990,2097 2027,2097 2028,2096 2028,2069 1985,2069 1984,2068 1984,2067 1983,2066 1983,2058 1981,2058 1980,2057 1980,2056 1979,2055 1924,2055 1922,2053 1922,2034 1858,2034 1857,2033 1857,2032 1856,2031 1858,2029 1911,2029 1913,2027 1913,2009 1915,2007 2023,2007 2025,2005 2027,2005 2027,2003 2028,2002 2028,1976 2027,1975 2027,1955 2025,1955 2024,1954 2024,1953 2023,1952 2009,1952 2007,1950 2007,1948 1898,1948 1898,1950 1897,1951 1896,1951 1895,1952 1784,1952 1783,1951 1782,1951 1781,1950 1781,1928 1779,1928 1777,1926 1777,1924 1709,1924 1709,1926 1707,1928 1643,1928 1642,1929 1642,1930 1641,1931 1639,1931 1639,1933 1637,1935 1630,1935 1628,1933 1628,1931 1564,1931 1564,1933 1562,1935 1560,1935 1560,1946 1558,1948 1508,1948 1508,1950 1507,1951 1506,1951 1505,1952 1499,1952 1497,1950 1497,1948 1468,1948 1466,1946 1466,1944 1398,1944 1398,1946 1396,1948 1358,1948 1354,1944 1319,1944 1317,1942 1317,1928 1310,1928 1308,1926 1308,1924 1183,1924 1183,1926 1181,1928 1163,1928 1162,1927 1163,1926 1164,1926 1165,1925 1166,1925 1167,1924 1168,1924 1169,1923 1170,1923 1171,1922 1173,1922 1174,1921 1175,1921 1176,1920 1177,1920 1178,1919 1179,1919 1180,1918 1181,1918 1182,1917 1183,1917 1184,1916 1186,1916 1187,1915 1188,1915 1189,1914 1190,1914 1191,1913 1192,1913 1193,1912 1194,1912 1195,1911 1196,1911 1197,1910 1199,1910 1200,1909 1201,1909 1202,1908 1203,1908 1204,1907 1205,1907 1206,1906 1207,1906 1208,1905 1209,1905 1210,1904 1212,1904 1213,1903 1214,1903 1215,1902 1216,1902 1217,1901 1218,1901 1219,1900 1220,1900 1221,1899 1223,1899 1224,1898 1225,1898 1227,1900 1227,1902 1291,1902 1291,1900 1293,1898 1378,1898 1380,1900 1380,1902 1843,1902 1845,1904 1970,1904 1972,1902 1972,1893 1974,1891 2027,1891 2028,1890 2028,1864 2027,1863 1990,1863 1989,1862 1989,1861 1988,1860 1988,1852 1985,1852 1984,1851 1984,1850 1983,1849 1983,1845 1911,1845 1911,1847 1909,1849 1902,1849 1900,1847 1900,1828 1898,1828 1895,1825 1823,1825 1822,1826 1822,1827 1821,1828 1814,1828 1814,1830 1812,1832 1810,1832 1810,1838 1809,1839 1809,1840 1808,1841 1806,1841 1806,1847 1805,1848 1804,1848 1803,1849 1797,1849 1795,1847 1795,1845 1792,1845 1790,1843 1790,1828 1788,1828 1787,1827 1787,1826 1786,1825 1788,1823 1808,1823 1808,1821 1810,1819 1812,1819 1814,1817 1834,1817 1834,1801 1836,1799 1983,1799 1983,1788 1985,1786 2016,1786 2018,1784 2018,1783 2020,1781 2028,1781 2028,1759 2027,1758 2027,1755 1985,1755 1983,1753 1983,1742 1981,1742 1979,1740 1979,1727 1977,1727 1972,1722 1906,1722 1906,1725 1904,1727 1902,1727 1902,1735 1901,1736 1901,1737 1900,1738 1871,1738 1871,1740 1869,1742 1714,1742 1713,1741 1712,1741 1711,1740 1711,1722 1639,1722 1639,1740 1637,1742 1635,1742 1635,1757 1632,1760 1630,1760 1629,1759 1629,1758 1628,1757 1628,1742 1529,1742 1525,1738 1512,1738 1511,1737 1511,1736 1510,1735 1510,1723 1515,1718 1516,1718 1521,1713 1522,1713 1527,1708 1528,1708 1532,1704 1533,1704 1538,1699 1539,1699 1543,1695 1544,1695 1545,1694 1562,1694 1562,1692 1563,1691 1563,1690 1564,1689 1569,1689 1571,1691 1571,1692 1573,1694 1683,1694 1685,1696 1751,1696 1753,1694 1808,1694 1810,1696 2023,1696 2025,1694 2027,1694 2027,1674 2028,1673 2028,1653 2027,1652 2027,1648 2025,1648 2023,1646 2023,1643 2020,1643 2018,1641 2018,1639 2016,1639 2012,1635 1972,1635 1971,1634 1971,1633 1970,1632 1970,1615 1898,1615 1898,1621 1895,1624 1891,1624 1891,1628 1887,1632 1885,1632 1885,1637 1884,1638 1883,1638 1882,1639 1876,1639 1874,1637 1874,1635 1845,1635 1844,1634 1844,1633 1843,1632 1843,1626 1841,1626 1840,1625 1839,1625 1838,1624 1838,1619 1836,1619 1834,1617 1834,1615 1771,1615 1771,1617 1770,1618 1769,1618 1768,1619 1718,1619 1716,1617 1716,1615 1630,1615 1626,1619 1609,1619 1608,1618 1608,1617 1609,1616 1609,1614 1610,1613 1610,1611 1611,1610 1611,1609 1612,1608 1612,1606 1613,1605 1613,1603 1614,1602 1614,1600 1615,1599 1615,1598 1616,1597 1616,1595 1617,1594 1617,1592 1618,1591 1707,1591 1707,1589 1708,1588 1708,1587 1709,1586 1786,1586 1787,1587 1787,1588 1788,1589 1788,1591 2023,1591 2023,1589 2024,1588 2024,1587 2025,1586 2027,1586 2027,1564 2028,1563 2028,1544 2027,1543 2027,1540 2025,1540 2023,1538 2023,1536 2020,1536 2018,1534 2016,1534 2014,1532 2014,1529 1972,1529 1970,1527 1970,1512 1968,1512 1966,1510 1898,1510 1897,1511 1896,1511 1895,1512 1893,1512 1891,1514 1891,1521 1889,1523 1889,1532 1887,1534 1841,1534 1840,1533 1839,1533 1838,1532 1838,1516 1836,1516 1834,1514 1834,1512 1832,1512 1830,1510 1757,1510 1755,1512 1753,1512 1753,1527 1751,1529 1714,1529 1714,1532 1713,1533 1712,1533 1711,1534 1709,1534 1707,1536 1705,1536 1703,1534 1703,1529 1642,1529 1641,1528 1641,1526 1642,1525 1642,1523 1643,1522 1643,1520 1644,1519 1644,1518 1645,1517 1645,1515 1646,1514 1646,1512 1647,1511 1647,1509 1648,1508 1648,1507 1649,1506 1649,1504 1650,1503 1650,1501 1651,1500 1651,1498 1652,1497 1652,1496 1653,1495 1653,1493 1654,1492 1654,1490 1655,1489 1655,1487 1656,1486 1656,1485 1658,1483 1729,1483 1729,1481 1731,1479 1733,1479 1733,1442 1734,1441 1737,1441 1738,1440 1741,1440 1742,1441 1742,1477 1746,1477 1749,1480 1750,1480 1753,1483 2027,1483 2027,1433 2025,1433 2023,1431 2025,1429 2027,1429 2027,1407 1913,1407 1911,1409 1911,1422 1909,1424 1885,1424 1884,1423 1883,1423 1882,1422 1882,1411 1878,1407 1867,1407 1866,1406 1866,1405 1865,1404 1865,1400 1853,1400 1852,1399 1852,1393 1851,1392 1851,1377 1852,1376 1946,1376 1948,1378 1948,1380 2018,1380 2018,1378 2020,1376 2027,1376 2027,1326 2007,1326 2006,1325 2006,1324 2005,1323 2005,1321 1950,1321 1948,1319 1948,1304 1946,1304 1945,1303 1945,1302 1944,1301 1788,1301 1787,1302 1787,1303 1786,1304 1784,1304 1781,1301 1705,1301 1704,1302 1704,1303 1703,1304 1700,1304 1700,1321 1705,1321 1707,1323 1706,1324 1706,1325 1705,1326 1705,1350 1707,1350 1709,1352 1707,1354 1700,1354 1700,1376 1848,1376 1849,1377 1849,1392 1850,1393 1850,1399 1849,1400 1799,1400 1799,1404 1798,1405 1798,1406 1797,1407 1766,1407 1766,1424 1764,1426 1762,1426 1762,1429 1760,1431 1753,1431 1751,1433 1749,1433 1749,1435 1748,1436 1747,1436 1746,1437 1742,1437 1741,1438 1738,1438 1737,1439 1734,1439 1733,1438 1733,1433 1731,1433 1729,1431 1727,1431 1725,1429 1725,1426 1551,1426 1551,1429 1549,1431 1547,1431 1547,1447 1546,1448 1533,1448 1532,1449 1524,1449 1523,1448 1523,1437 1521,1437 1518,1434 1517,1434 1514,1431 1512,1431 1510,1429 1510,1426 1503,1426 1501,1424 1437,1424 1435,1426 1423,1426 1420,1423 1419,1423 1414,1418 1413,1418 1408,1413 1407,1413 1402,1408 1401,1408 1396,1403 1395,1403 1390,1398 1389,1398 1384,1393 1383,1393 1378,1388 1377,1388 1372,1383 1371,1383 1366,1378 1365,1378 1364,1377 1365,1376 1593,1376 1595,1378 1595,1389 1672,1389 1672,1383 1673,1382 1673,1381 1674,1380 1676,1380 1676,1358 1674,1358 1672,1356 1672,1352 1670,1352 1668,1350 1600,1350 1599,1349 1598,1349 1597,1348 1597,1328 1595,1328 1593,1326 1593,1321 1481,1321 1479,1319 1479,1304 1477,1304 1476,1303 1476,1302 1475,1301 1402,1301 1402,1315 1400,1317 1332,1317 1332,1319 1330,1321 1306,1321 1304,1319 1304,1301 1231,1301 1231,1319 1229,1321 1214,1321 1212,1319 1212,1317 1139,1317 1139,1319 1137,1321 1091,1321 1090,1320 1090,1317 1089,1316 1089,1311 1088,1310 1088,1305 1087,1304 1087,1300 1086,1299 1086,1294 1085,1293 1085,1288 1084,1287 1084,1283 1083,1282 1083,1277 1082,1276 1083,1275 1155,1275 1157,1277 1225,1277 1231,1271 1277,1271 1278,1272 1279,1272 1280,1273 1280,1275 1282,1275 1284,1277 1352,1277 1358,1271 1369,1271 1370,1272 1371,1272 1372,1273 1372,1275 1446,1275 1448,1273 1449,1273 1451,1271 1545,1271 1547,1273 1547,1275 1674,1275 1678,1271 1681,1271 1681,1264 1683,1262 1720,1262 1722,1264 1722,1269 1725,1269 1727,1271 1727,1275 1939,1275 1940,1276 1941,1276 1942,1277 1942,1282 1944,1282 1946,1284 1946,1286 2016,1286 2020,1282 2023,1282 2023,1280 2024,1279 2024,1278 2025,1277 2027,1277 2027,1249 2025,1249 2023,1247 2020,1247 2019,1246 2019,1245 2018,1244 2018,1242 1974,1242 1972,1240 1972,1238 1970,1236 1970,1218 1968,1218 1966,1216 1966,1214 1893,1214 1889,1218 1709,1218 1709,1234 1707,1236 1692,1236 1691,1235 1690,1235 1689,1234 1689,1223 1687,1223 1686,1222 1686,1221 1685,1220 1685,1218 1608,1218 1606,1216 1606,1194 1604,1194 1602,1192 1602,1190 1529,1190 1529,1192 1527,1194 1521,1194 1521,1196 1520,1197 1519,1197 1518,1198 1472,1198 1470,1196 1470,1194 1358,1194 1358,1196 1356,1198 1341,1198 1340,1199 1340,1200 1339,1201 1337,1201 1337,1220 1339,1220 1340,1221 1340,1222 1341,1223 1365,1223 1367,1225 1367,1247 1365,1249 1358,1249 1356,1247 1354,1247 1353,1246 1353,1245 1352,1244 1352,1242 1350,1242 1348,1240 1348,1238 1280,1238 1280,1240 1279,1241 1278,1241 1277,1242 1077,1242 1076,1241 1076,1238 1075,1237 1075,1232 1074,1231 1074,1226 1073,1225 1073,1221 1072,1220 1072,1215 1071,1214 1071,1209 1070,1208 1070,1204 1069,1203 1069,1198 1068,1197 1068,1192 1067,1191 1067,1190 1068,1189 1069,1189 1071,1187 1072,1187 1073,1186 1074,1186 1076,1184 1077,1184 1079,1182 1080,1182 1081,1181 1082,1181 1084,1179 1085,1179 1086,1178 1087,1178 1089,1176 1090,1176 1092,1174 1093,1174 1094,1173 1095,1173 1096,1172 1212,1172 1212,1170 1214,1168 1269,1168 1271,1166 1286,1166 1288,1168 1291,1168 1293,1170 1293,1172 1295,1172 1297,1174 1299,1174 1300,1175 1300,1176 1301,1177 1301,1179 1304,1179 1306,1181 1306,1183 1317,1183 1319,1185 1383,1185 1385,1183 1400,1183 1400,1170 1402,1168 1501,1168 1503,1166 1505,1166 1506,1167 1507,1167 1508,1168 1694,1168 1696,1166 1698,1166 1698,1163 1700,1161 1703,1161 1703,1120 1700,1120 1699,1119 1699,1118 1698,1117 1698,1115 1696,1115 1694,1113 1694,1111 1687,1111 1685,1109 1621,1109 1619,1111 1512,1111 1512,1117 1511,1118 1511,1119 1510,1120 1508,1120 1505,1117 1505,1115 1503,1115 1501,1113 1501,1111 1398,1111 1396,1109 1396,1104 1394,1104 1393,1103 1392,1103 1391,1102 1389,1102 1387,1100 1387,1098 1385,1098 1384,1097 1384,1096 1383,1095 1376,1095 1374,1093 1374,1091 1306,1091 1306,1093 1304,1095 1280,1095 1277,1098 1275,1098 1275,1100 1273,1102 1271,1102 1271,1106 1270,1107 1270,1108 1269,1109 1266,1109 1266,1113 1264,1115 1262,1115 1262,1133 1260,1135 1201,1135 1201,1137 1200,1138 1199,1138 1198,1139 1152,1139 1151,1138 1152,1137 1153,1137 1154,1136 1155,1136 1157,1134 1158,1134 1160,1132 1161,1132 1162,1131 1163,1131 1165,1129 1166,1129 1168,1127 1169,1127 1170,1126 1171,1126 1173,1124 1174,1124 1175,1123 1176,1123 1178,1121 1179,1121 1181,1119 1182,1119 1183,1118 1184,1118 1186,1116 1187,1116 1188,1115 1189,1115 1191,1113 1192,1113 1194,1111 1195,1111 1196,1110 1197,1110 1199,1108 1200,1108 1201,1107 1202,1107 1204,1105 1205,1105 1207,1103 1208,1103 1209,1102 1210,1102 1212,1100 1213,1100 1215,1098 1216,1098 1217,1097 1218,1097 1220,1095 1221,1095 1222,1094 1223,1094 1225,1092 1226,1092 1228,1090 1229,1090 1230,1089 1231,1089 1233,1087 1234,1087 1235,1086 1236,1086 1238,1084 1239,1084 1240,1085 1240,1087 1326,1087 1326,1065 1328,1063 1808,1063 1810,1065 1810,1082 1838,1082 1839,1083 1840,1083 1841,1084 1838,1087 1828,1087 1828,1089 1827,1090 1826,1090 1825,1091 1823,1091 1819,1095 1819,1102 1817,1104 1814,1104 1814,1109 1812,1111 1810,1111 1808,1109 1722,1109 1720,1111 1714,1111 1714,1131 1716,1131 1718,1133 1718,1135 1720,1135 1722,1137 1722,1144 1720,1146 1718,1146 1718,1166 1720,1166 1722,1168 1847,1168 1849,1166 1889,1166 1891,1168 1970,1168 1972,1166 1972,1163 1974,1161 1979,1161 1979,1157 1981,1155 2023,1155 2023,1152 2025,1150 2027,1150 2027,1126 2020,1126 2018,1124 2018,1122 1981,1122 1979,1120 1979,1115 1974,1115 1972,1113 1972,1111 1968,1111 1966,1109 1917,1109 1916,1108 1916,1107 1915,1106 1915,1095 1913,1093 1913,1091 1911,1091 1909,1089 1909,1087 1906,1087 1905,1086 1905,1085 1904,1084 1885,1084 1884,1083 1883,1083 1882,1082 1883,1081 1884,1081 1885,1080 1887,1080 1887,1078 1889,1076 1913,1076 1913,1054 1902,1054 1900,1052 1900,1049 1902,1047 1917,1047 1918,1048 1919,1048 1920,1049 1920,1056 1922,1056 1924,1058 2023,1058 2025,1056 2027,1056 2027,1032 2025,1032 2023,1030 2023,1017 2020,1017 2019,1016 2019,1015 2018,1014 2018,1006 2009,1006 2008,1005 2008,1004 2007,1003 2007,1001 1946,1001 1946,1003 1945,1004 1945,1005 1944,1006 1928,1006 1926,1008 1917,1008 1915,1006 1810,1006 1809,1005 1809,1004 1808,1003 1808,984 1700,984 1700,1003 1699,1004 1699,1005 1698,1006 1665,1006 1664,1005 1664,1004 1663,1003 1663,986 1661,984 1595,984 1595,986 1593,988 1591,988 1591,1003 1590,1004 1590,1005 1589,1006 1586,1006 1585,1005 1585,1004 1584,1003 1584,986 1582,984 1521,984 1518,981 1389,981 1388,982 1388,983 1387,984 1380,984 1380,986 1378,988 1372,988 1372,990 1371,991 1370,991 1369,992 1367,992 1367,999 1365,1001 1363,1001 1363,1003 1362,1004 1362,1005 1361,1006 1266,1006 1264,1008 1253,1008 1252,1007 1251,1007 1245,1001 1244,1001 1238,995 1237,995 1231,989 1230,989 1224,983 1223,983 1217,977 1216,977 1209,970 1208,970 1202,964 1201,964 1195,958 1194,958 1192,956 1193,955 1194,955 1196,953 1203,953 1205,955 1273,955 1275,953 1711,953 1712,954 1713,954 1714,955 1714,973 1786,973 1786,957 1788,955 1838,955 1839,954 1840,954 1841,953 1988,953 1988,944 1990,942 2023,942 2023,940 2025,938 2027,938 2027,914 2025,914 2024,913 2024,912 2023,911 2023,909 1990,909 1988,907 1988,896 1985,896 1983,894 1983,878 1981,878 1979,876 1979,874 1906,874 1906,876 1904,878 1902,878 1902,894 1900,896 1775,896 1773,898 1744,898 1742,896 1389,896 1387,898 1385,898 1383,896 1383,878 1380,878 1378,876 1378,874 1275,874 1275,896 1273,898 1271,898 1269,896 1269,894 1201,894 1200,895 1199,895 1198,896 1146,896 1145,895 1145,886 1144,885 1144,865 1143,864 1143,851 1144,850 1190,850 1190,848 1192,846 1203,846 1205,848 1205,850 1339,850 1339,848 1341,846 1426,846 1427,847 1428,847 1429,848 1429,850 1497,850 1497,848 1499,846 1527,846 1529,848 1529,850 1593,850 1593,848 1595,846 1676,846 1678,848 1678,850 1742,850 1742,848 1744,846 1768,846 1769,847 1770,847 1771,848 1771,850 1838,850 1838,848 1839,847 1840,847 1841,846 1882,846 1883,847 1884,847 1885,848 1885,850 1948,850 1948,848 1950,846 2007,846 2012,841 2023,841 2023,824 2020,824 2019,823 2019,822 2018,821 2018,791 1942,791 1941,790 1940,790 1939,789 1939,773 1937,773 1935,771 1935,769 1828,769 1828,771 1827,772 1826,772 1825,773 1819,773 1817,775 1814,775 1814,789 1812,791 1771,791 1770,790 1769,790 1768,789 1768,769 1692,769 1692,771 1691,772 1690,772 1689,773 1683,773 1683,791 1681,793 1591,793 1589,791 1516,791 1514,793 1508,793 1507,792 1506,792 1505,791 1429,791 1428,792 1427,792 1426,793 1301,793 1299,791 1299,769 1209,769 1209,791 1207,793 1196,793 1196,795 1194,797 1192,797 1190,795 1190,793 1148,793 1146,791 1143,791 1142,790 1142,785 1143,784 1143,767 1144,766 1144,749 1145,748 1145,744 1146,743 1185,743 1186,742 1186,741 1187,740 1190,740 1190,718 1192,716 1194,716 1194,714 1196,712 1198,712 1199,713 1200,713 1201,714 1201,740 1203,740 1204,741 1204,742 1205,743 1707,743 1708,742 1708,741 1709,740 2014,740 2014,738 2016,736 2018,736 2020,734 2023,734 2023,688 2020,688 2018,686 2018,683 1928,683 1926,681 1926,664 1845,664 1845,686 1843,688 1806,688 1801,683 1801,664 1657,664 1656,665 1655,665 1654,666 1652,666 1652,668 1650,670 1648,670 1648,677 1646,679 1643,679 1643,694 1642,695 1642,696 1641,697 1639,697 1638,696 1638,695 1637,694 1637,688 1630,688 1628,686 1628,683 1595,683 1593,681 1593,666 1591,666 1589,664 1516,664 1514,666 1512,666 1512,675 1510,677 1508,677 1507,676 1506,676 1505,675 1505,670 1503,670 1501,668 1501,666 1499,666 1497,664 1429,664 1429,686 1428,687 1427,687 1426,688 1424,688 1422,686 1422,683 1405,683 1404,682 1402,682 1401,681 1399,681 1398,680 1396,680 1395,679 1394,679 1393,678 1391,678 1390,677 1388,677 1387,676 1385,676 1384,675 1382,675 1381,674 1379,674 1378,673 1377,673 1376,672 1374,672 1373,671 1371,671 1370,670 1368,670 1367,669 1365,669 1364,668 1363,668 1362,667 1360,667 1359,666 1357,666 1356,665 1354,665 1353,664 1351,664 1350,663 1348,663 1347,662 1346,662 1345,661 1343,661 1342,660 1340,660 1339,659 1337,659 1336,658 1334,658 1333,657 1332,657 1331,656 1329,656 1328,655 1326,655 1325,654 1323,654 1322,653 1320,653 1319,652 1317,652 1316,651 1315,651 1314,650 1312,650 1311,649 1309,649 1308,648 1306,648 1305,647 1303,647 1302,646 1300,646 1299,645 1298,645 1297,644 1295,644 1294,643 1292,643 1291,642 1289,642 1288,641 1286,641 1285,640 1284,640 1283,639 1281,639 1280,638 1281,637 1378,637 1379,638 1379,639 1380,640 1448,640 1451,637 1589,637 1589,635 1591,633 1597,633 1598,634 1599,634 1600,635 1600,637 1685,637 1685,635 1687,633 1825,633 1826,634 1827,634 1828,635 1828,637 1970,637 1970,635 1972,633 1972,622 1974,620 2023,620 2023,598 2020,598 2018,596 2018,593 1974,593 1972,591 1972,585 1970,583 1970,580 1968,580 1966,578 1966,576 1841,576 1840,575 1839,575 1838,574 1838,556 1836,556 1834,554 1834,552 1762,552 1762,554 1760,556 1731,556 1729,558 1729,559 1727,561 1722,561 1722,578 1720,580 1499,580 1497,578 1497,563 1494,563 1492,561 1477,561 1476,560 1476,559 1475,558 1475,556 1411,556 1411,558 1410,559 1410,560 1409,561 1402,561 1402,578 1400,580 1297,580 1295,582 1295,583 1293,585 1284,585 1282,583 1282,580 1157,580 1157,583 1155,585 1153,585 1152,584 1152,582 1151,581 1151,574 1150,573 1150,565 1149,564 1149,557 1148,556 1148,549 1147,548 1147,540 1146,539 1146,535 1147,534 1172,534 1173,535 1173,536 1174,537 1174,554 1260,554 1260,537 1261,536 1261,535 1262,534 1558,534 1560,532 1755,532 1757,534 1917,534 1920,537 1920,541 2005,541 2005,539 2007,537 2014,537 2015,536 2015,535 2016,534 2018,534 2018,506 2016,504 2016,503 2014,501 2007,501 2005,499 2005,497 1974,497 1972,495 1972,488 1974,486 2023,486 2023,469 1959,469 1957,471 1902,471 1900,473 1705,473 1705,475 1703,477 1700,477 1698,475 1698,473 1556,473 1556,475 1554,477 1551,477 1549,475 1549,473 1446,473 1446,475 1444,477 1407,477 1406,476 1405,476 1404,475 1404,473 1402,473 1400,471 1337,471 1336,472 1335,472 1334,473 1253,473 1253,475 1251,477 1095,477 1093,475 1093,458 986,458 986,462 984,464 981,464 979,462 979,460 911,460 911,475 909,477 854,477 854,480 852,482 810,482 808,480 808,477 714,477 712,475 712,473 631,473 629,471 629,453 561,453 560,452 559,452 558,451 558,440"/><TextEquiv><Unicode/></TextEquiv><TextLine id="r2_l001"><Coords points="408,449 1995,449 1995,552 408,552"/><TextEquiv index="1"><Unicode>atteintes qu'elles portent au cur,</Unicode></TextEquiv></TextLine><TextLine id="r2_l002"><Coords points="412,562 1995,562 1995,655 412,655"/><TextEquiv index="1"><Unicode>je dois me trouver moins malheu-</Unicode></TextEquiv></TextLine><TextLine id="r2_l003"><Coords points="408,672 1995,672 1995,770 408,770"/><TextEquiv index="1"><Unicode>reue de perdre tout--la-fois les</Unicode></TextEquiv></TextLine><TextLine id="r2_l004"><Coords points="395,770 1995,770 1995,867 395,867"/><TextEquiv index="1"><Unicode>plus chers objets de ma tendree:</Unicode></TextEquiv></TextLine><TextLine id="r2_l005"><Coords points="408,884 1999,884 1999,970 408,970"/><TextEquiv index="1"><Unicode>car, que me rete-t-il en comparai-</Unicode></TextEquiv></TextLine><TextLine id="r2_l006"><Coords points="399,991 1999,991 1999,1083 399,1083"/><TextEquiv index="1"><Unicode>on de ce que je podois il y a</Unicode></TextEquiv></TextLine><TextLine id="r2_l007"><Coords points="1350,1178 1349,1178 1349,1176 1349,1175 1337,1175 1336,1175 1336,1172 1336,1171 1333,1171 1332,1171 1332,1169 1332,1168 1328,1168 1327,1168 1327,1166 1327,1165 1324,1165 1323,1165 1323,1162 1323,1161 1184,1161 1183,1162 1183,1165 1183,1165 1117,1165 1116,1165 1116,1162 1117,1161 1117,1148 1118,1147 1231,1147 1231,1147 1231,1145 1232,1144 1297,1144 1297,1144 1297,1138 1297,1137 1293,1137 1292,1137 1292,1124 1293,1123 1297,1123 1297,1123 1297,1118 1298,1117 1301,1117 1301,1117 1301,1111 1302,1110 1305,1110 1305,1110 1305,1107 1306,1106 1310,1106 1310,1106 1310,1104 1311,1103 1336,1103 1336,1103 1336,1100 1337,1099 1345,1099 1345,1100 1345,1103 1346,1103 1354,1103 1354,1104 1354,1106 1355,1106 1358,1106 1358,1107 1358,1110 1359,1110 1362,1110 1362,1111 1362,1113 1363,1113 1367,1113 1367,1114 1367,1120 1368,1120 1652,1120 1652,1120 1652,1118 1653,1117 1656,1117 1656,1118 1656,1120 1657,1120 1753,1120 1753,1120 1753,1118 1754,1117 1845,1117 1845,1117 1845,1114 1846,1113 1849,1113 1849,1113 1849,1104 1850,1103 1853,1103 1853,1103 1853,1100 1854,1099 1858,1099 1858,1099 1858,1097 1859,1096 1871,1096 1871,1096 1871,1094 1872,1093 1875,1093 1875,1094 1875,1096 1876,1096 1880,1096 1880,1097 1880,1099 1881,1099 1884,1099 1884,1100 1884,1103 1885,1103 1888,1103 1888,1104 1888,1117 1889,1117 1937,1117 1937,1118 1937,1120 1938,1120 1945,1120 1945,1121 1945,1123 1946,1123 1950,1123 1950,1124 1950,1130 1951,1130 1989,1130 1989,1131 1989,1134 1990,1134 1998,1134 1998,1135 1998,1144 1998,1144 1995,1144 1994,1145 1994,1147 1994,1147 1951,1147 1950,1148 1950,1154 1950,1154 1946,1154 1945,1155 1945,1158 1945,1158 1942,1158 1941,1159 1941,1161 1941,1161 1924,1161 1923,1161 1923,1159 1923,1158 1870,1158 1819,1158 1818,1159 1818,1161 1818,1161 1372,1161 1371,1162 1371,1175 1371,1175 1355,1175 1354,1176 1354,1178 1354,1178"/><TextEquiv index="1"><Unicode>.. Que me rete-</Unicode></TextEquiv></TextLine><TextLine id="r2_l008"><Coords points="574,1185 573,1185 573,1166 573,1165 566,1165 565,1165 565,1162 565,1161 434,1161 433,1162 433,1165 433,1165 430,1165 429,1165 429,1162 429,1161 416,1161 415,1161 415,1159 415,1158 412,1158 411,1158 411,1152 411,1151 408,1151 407,1151 407,1145 407,1144 403,1144 402,1144 402,1142 403,1141 407,1141 407,1141 407,1131 408,1130 411,1130 411,1130 411,1124 412,1123 429,1123 429,1123 429,1121 430,1120 464,1120 464,1120 464,1100 465,1099 472,1099 472,1100 472,1103 473,1103 477,1103 477,1104 477,1120 478,1120 521,1120 521,1121 521,1123 522,1123 665,1123 665,1123 665,1100 666,1099 678,1099 678,1100 678,1103 679,1103 683,1103 683,1104 683,1120 684,1120 911,1120 911,1120 911,1118 911,1117 907,1117 906,1117 906,1111 907,1110 911,1110 911,1110 911,1107 912,1106 920,1106 920,1107 920,1110 921,1110 924,1110 924,1111 924,1113 925,1113 928,1113 928,1114 928,1117 929,1117 933,1117 933,1118 933,1120 934,1120 937,1120 937,1121 937,1137 937,1137 934,1137 933,1138 933,1141 933,1141 929,1141 928,1142 928,1144 929,1144 1117,1144 1117,1145 1117,1161 1116,1162 1116,1165 1116,1165 912,1165 911,1165 911,1162 911,1161 837,1161 798,1161 797,1162 797,1165 797,1165 684,1165 683,1166 683,1171 683,1171 679,1171 678,1172 678,1178 678,1178 675,1178 674,1179 674,1182 674,1182 596,1182 595,1183 595,1185 595,1185"/><TextEquiv index="1"><Unicode>cinq jours?...</Unicode></TextEquiv></TextLine><TextLine id="r2_l009"><Coords points="403,1196 1999,1196 1999,1292 403,1292"/><TextEquiv index="1"><Unicode>t-il? ingrate!..... Taiez - vous,</Unicode></TextEquiv></TextLine><TextLine id="r2_l010"><Coords points="403,1303 1999,1303 1999,1395 403,1395"/><TextEquiv index="1"><Unicode>ma ombre imagination, laiez</Unicode></TextEquiv></TextLine><TextLine id="r2_l011"><Coords points="403,1409 1999,1409 1999,1498 403,1498"/><TextEquiv index="1"><Unicode>parler mon cur: ne me dit-il</Unicode></TextEquiv></TextLine><TextLine id="r2_l012"><Coords points="403,1515 2003,1515 2003,1604 403,1604"/><TextEquiv index="1"><Unicode>pas que je uis incerement aime</Unicode></TextEquiv></TextLine><TextLine id="r2_l013"><Coords points="408,1621 2003,1621 2003,1707 408,1707"/><TextEquiv index="1"><Unicode>d'Henriette, que je uis idoltre</Unicode></TextEquiv></TextLine><TextLine id="r2_l014"><Coords points="408,1724 2003,1724 2003,1817 408,1817"/><TextEquiv index="1"><Unicode>de Luzan? Puis -- je, ans ingrati-</Unicode></TextEquiv></TextLine><TextLine id="r2_l015"><Coords points="403,1827 2003,1827 2003,1903 403,1903"/><TextEquiv index="1"><Unicode>tude, me trouver tout  fait infor-</Unicode></TextEquiv></TextLine><TextLine id="r2_l016"><Coords points="408,1933 2003,1933 2003,2026 408,2026"/><TextEquiv index="1"><Unicode>tune? Non: d'ailleurs n'ai-je pas</Unicode></TextEquiv></TextLine><TextLine id="r2_l017"><Coords points="403,2036 2003,2036 2003,2125 403,2125"/><TextEquiv index="1"><Unicode>l'epoir le plus flatteur? la rolu-</Unicode></TextEquiv></TextLine><TextLine id="r2_l018"><Coords points="408,2142 2003,2142 2003,2211 408,2211"/><TextEquiv index="1"><Unicode>tion o tu es de faire vendre la</Unicode></TextEquiv></TextLine><TextLine id="r2_l019"><Coords points="412,2245 2003,2245 2003,2341 412,2341"/><TextEquiv index="1"><Unicode>charge de monieur d'Albi, pourvu</Unicode></TextEquiv></TextLine><TextLine id="r2_l020"><Coords points="412,2355 2003,2355 2003,2441 412,2441"/><TextEquiv index="1"><Unicode>qu'il trouve  s'en dfaire avanta-</Unicode></TextEquiv></TextLine><TextLine id="r2_l021"><Coords points="412,2454 2003,2454 2003,2547 412,2547"/><TextEquiv index="1"><Unicode>geuement, n'et-elle pas une a-</Unicode></TextEquiv></TextLine><TextLine id="r2_l022"><Coords points="412,2557 1999,2557 1999,2653 412,2653"/><TextEquiv index="1"><Unicode>veur ur laquelle je n'oois comp-</Unicode></TextEquiv></TextLine><TextLine id="r2_l023"><Coords points="416,2670 2003,2670 2003,2759 416,2759"/><TextEquiv index="1"><Unicode>ter? D'une autre part, non eule-</Unicode></TextEquiv></TextLine></TextRegion><TextRegion id="r3" orientation="0.0" type="page-number"><Coords points="1788,348 1788,377 1795,377 1797,379 1795,381 1788,381 1788,405 1854,405 1856,407 1856,427 1858,429 1988,429 1988,423 1990,420 1992,420 1992,416 1994,414 1996,414 1996,409 1998,407 2001,407 2001,392 2003,390 2005,390 2005,385 2007,383 2007,377 2012,372 2014,372 2018,368 2018,350 2016,350 2014,348 1948,348 1946,350 1942,350 1939,348"/><TextEquiv><Unicode/></TextEquiv><TextLine id="r3_l001"><Coords points="1819,357 1990,357 1990,422 1819,422"/><TextEquiv index="1"><Unicode>L.</Unicode></TextEquiv></TextLine></TextRegion></Page></PcGts>