2480 3507
529 429 2119 525 ment j'ai lieu de tout eſpérer des
524 531 2119 634 ſentiments du chevalier; il m'aſſure
529 645 2127 737 qu'il n'a rien à redouter, depuis
529 744 2132 840 que ſa mere à conſenti qu'il ne fit
524 854 2132 950 pas ſes vœux ſans l'agrément du
1035 963 2132 1032 .Mais le baron ſera-
524 977 996 1028 comnte,
524 1066 2136 1159 t-il auſſi raiſonnable que tu ſembles
524 1169 2136 1262 t'en flatter. Depuis ton abſence il
529 1275 2136 1375 s'eſt aſſez bien conduit; je n'ai rien
524 1382 2141 1481 à lui reproc her, excepté la profu-
524 1491 2141 1577 ſion de préſents dont il m'accable
524 1594 2141 1683 depuis quelques jours. Il a droit
529 1700 2136 1793 de me les offrir, puiſque je tiens
529 1807 2145 1899 tout de ſa généroſité. Cependant,
529 1909 2141 2002 je friffonne à chaque nouvelle choſe
533 2019 2145 2108 qu'il me donne; mon embarras eſt
533 2125 2149 2218 extrême; je crains de l'offenſer, ſi je
463 2225 2145 2324 refuſe, & je crains plus encore que
533 2331 2145 2430 ſa vanité ne lui faſſe tirer avantage
537 2441 2197 2537 de ma réſerve, ſur-tout, s'il s'ap-
537 2547 2145 2639 perçoit de ma répugnance à les
542 2657 2141 2749 accepter. Il ne lui échappe pas un
537 305 708 391 Le
