2480 3507
407 449 2004 538 mot du dolent ujet. Quel peut-
411 555 2004 624 tre on but? Se flatte-t-il d'int-
407 662 2000 744 reer ma reconnoiance, & de
407 765 2000 857 m'amener par degr  es vues. S'il
403 874 2017 960 pouvoit lire dans ma penfe, s'il
407 977 2000 1077 pouvoit entir combien une offrande
403 1077 2000 1176 intree rvolte un cur gn-
403 1190 2039 1279 reux, il e garderoit d'employer ce
398 1296 2000 1388 moyen. Celui qui, ne pouvant e
403 1402 2000 1495 faire aimer, donne, pour engager
389 1515 2000 1597 au retour, peut obtenir d'une ame
407 1615 2000 1700 vile les apparences de l'amour;
407 1714 2000 1810 mais,  coup r, avec la plus ab-
398 1824 2000 1913 jecte, comme avec la plus noble,
398 1927 2004 2027 a folle & injurieue libralit ne
394 2027 2000 2122 fera jamais natre une vritable ten-
394 2139 2000 2232 dree: ce entiment s'inpire, & ne
398 2245 2000 2338 s'achette pas ...... J'epere, avec
394 2355 1996 2441 e temps, que mon oncle conno-
1287 2465 1996 2533 . Mon Dieu!
385 2458 1252 2526 tra cette vrit ...
398 2561 1930 2636 comment finira cette trite cene?
512 2667 1987 2763 Si tu tois auprs de nous,
1829 343 2048 405 L
