2480 3507
536 411 2124 504 comme tu le deires, je ne doute
532 514 2124 603 pas que ta prence ne le contnt
536 621 2124 710 dans le repect qu'il e doit  lui-
532 723 2119 795 mme. L'envie d'attirer les louan-
519 830 2124 927 ges que tu ais i bien donner ans
528 927 2124 1022 bleer la vrit, le outiendroit
532 1042 2128 1131 contre on malheureux penchant.
506 1148 2132 1238 Enfin, i Luzan parvient  faire
532 1255 2128 1344 agrer on choix au comte, comme
528 1361 2128 1433 il ne retera vraiemblablement
532 1467 2132 1556 d'obtacle que du ct de mon
532 1573 2137 1663 oncle, parce que la marquie n'o-
532 1680 2128 1769 era s'oppoer aux volonts de on
532 1783 2132 1872 beau-pere; i, dis-je, l'vnement
532 1892 2137 1985 et tel que nous le deirons, j'im-
528 1998 2137 2091 plore d'avance ton gnreux e-
532 2105 2137 2200 cours. Il n'y a que toi, dont l'in-
536 2200 2132 2300 comparable prudence & la perua-
532 2314 2132 2403 ive douceur, puient dterminer
532 2420 2141 2516 le baron au acrifice de a paion.
532 2516 2132 2615 J'epere que monieur d'Albi ne te
532 2633 2137 2725 refueroit pas la libert de venir
532 285 715 350 1e
