2480 3507
1794 343 2013 408 m
368 459 1965 563 Paris quelques jours, pour une i
363 563 1965 658 importante affaire, quand il eroit
368 672 1978 761 intruit des motifs. Son amour pour
363 778 1965 867 le bon ordre lui peruaderoit faci-
368 881 1969 974 lement qu'il et plus conforme  es
368 991 1960 1076 loix &  celles de la nature, qu'une
368 1094 1960 1186 jeune peronne oit unie  un
368 1196 1982 1303 homme de on ge qui et ver-
368 1303 1974 1405 tueux, plein de belles qualits,
368 1412 1960 1501 aimable, charmant & aim, qu'
363 1519 1956 1608 un parent preque exagnaire, peu
363 1625 1960 1711 favori du ct de la figure, &
368 1724 1991 1825 dont les vertus, quelque etimables
368 1825 1956 1923 qu'elles oient, ne ont point aez
372 1940 1991 2026 clatantes pour effacer les dfauts.
368 2040 1952 2132 N'et-il pas vrai, chere Henriette,
368 2153 1952 2242 qu'avec la plus grande impartialit,
363 2259 1952 2357 ces choes ne peuvent tre envia-
363 2357 1987 2454 ges ous un autre point de vue?
368 2468 1987 2557 N'es-tu pas force de convenir que
368 2571 1982 2660 Luzan et un compo de tout ce
368 2681 1982 2766 qu'il y a de plus admirable? La
