<PcGts xmlns="http://schema.primaresearch.org/PAGE/gts/pagecontent/2017-07-15" xmlns:xsi="http://www.w3.org/2001/XMLSchema-instance" xsi:schemaLocation="http://schema.primaresearch.org/PAGE/gts/pagecontent/2017-07-15 http://schema.primaresearch.org/PAGE/gts/pagecontent/2017-07-15/pagecontent.xsd"><Metadata><Creator/><Created>2020-09-14T11:04:36</Created><LastChange>1970-01-01T00:00:00</LastChange><Comments/></Metadata><Page imageFilename="0190.png" imageHeight="3507" imageWidth="2480"><ReadingOrder><OrderedGroup id="g1"><RegionRefIndexed index="0" regionRef="r3"/><RegionRefIndexed index="1" regionRef="r2"/></OrderedGroup></ReadingOrder><ImageRegion id="r1"><Coords points="933,295 933,298 931,300 889,300 887,302 885,302 885,322 887,322 889,324 889,328 892,330 892,335 896,335 898,337 898,341 896,344 892,344 892,355 889,357 889,381 995,381 997,383 1063,383 1065,381 1095,381 1095,379 1098,377 1170,377 1172,379 1172,381 1240,381 1240,379 1242,377 1409,377 1409,374 1411,372 1413,372 1415,374 1415,381 1501,381 1501,379 1503,377 1518,377 1521,379 1521,381 1584,381 1584,379 1586,377 1597,377 1600,379 1600,381 1751,381 1751,379 1753,377 1755,377 1755,344 1753,344 1751,341 1725,341 1722,339 1722,337 1725,335 1757,335 1757,317 1731,317 1729,315 1729,313 1725,313 1722,311 1661,311 1659,313 1621,313 1621,315 1619,317 1433,317 1431,315 1431,313 1429,313 1426,311 1332,311 1330,313 1321,313 1319,311 1253,311 1251,313 1251,322 1249,324 1247,324 1244,322 1244,320 1181,320 1179,317 1177,317 1174,315 1172,315 1170,313 1106,313 1106,315 1104,317 1080,317 1078,320 1010,320 1008,317 1008,300 997,300 995,298 995,295"/></ImageRegion><TextRegion id="r2" orientation="0.0" type="paragraph"><Coords points="815,423 813,425 806,425 806,427 804,429 802,429 802,431 800,433 797,433 797,442 795,444 793,444 792,445 792,446 791,447 644,447 643,446 643,445 642,444 580,444 579,445 579,446 578,447 488,447 488,473 490,473 491,474 492,474 493,475 493,488 495,488 497,490 497,493 495,495 493,495 493,499 492,500 491,500 490,501 488,501 488,528 512,528 513,529 514,529 515,530 514,531 513,531 512,532 504,532 504,534 501,537 501,543 499,545 497,545 497,554 495,556 488,556 488,578 493,583 492,584 491,584 490,585 488,585 488,609 543,609 545,611 545,613 618,613 618,611 620,609 690,609 692,607 694,607 694,587 692,587 690,585 690,556 688,556 686,554 686,552 600,552 598,550 598,528 585,528 583,526 584,525 584,524 585,523 585,506 587,504 607,504 609,506 609,508 677,508 677,506 679,504 751,504 752,505 753,505 754,506 754,508 821,508 821,506 822,505 823,505 824,504 870,504 872,506 872,508 905,508 907,510 973,510 975,512 975,523 1051,523 1052,524 1050,526 1049,526 1047,528 995,528 993,530 992,530 990,532 988,532 988,547 987,548 987,549 986,550 850,550 848,552 714,552 714,554 712,556 710,556 710,578 712,578 714,580 714,604 713,605 713,606 712,607 710,607 710,609 709,610 708,610 707,611 705,611 705,631 795,631 795,611 797,609 939,609 940,610 929,621 929,622 917,634 917,635 905,647 905,648 898,655 881,655 879,657 878,657 876,659 867,659 865,657 865,648 863,648 861,646 861,640 859,640 858,639 858,638 857,637 857,635 784,635 784,657 786,657 787,658 788,658 789,659 789,661 786,664 710,664 707,661 707,659 708,658 709,658 710,657 712,657 712,635 626,635 626,653 624,655 622,655 620,653 620,648 618,646 618,642 613,642 611,640 539,640 537,642 537,646 536,647 535,647 534,648 532,648 532,653 530,655 501,655 501,657 499,659 493,659 488,664 488,688 490,688 491,689 492,689 493,690 493,716 499,716 501,718 624,718 626,716 840,716 841,717 833,725 833,726 821,738 821,739 817,743 749,743 749,747 747,749 745,749 743,751 740,751 740,756 738,758 736,758 736,764 735,765 735,766 734,767 587,767 586,766 586,765 585,764 585,745 510,745 510,747 508,749 501,749 501,754 499,756 497,756 497,760 495,762 493,762 493,767 492,768 491,768 490,769 488,769 488,791 490,791 491,792 492,792 493,793 493,797 490,800 488,800 488,821 493,826 591,826 591,824 592,823 592,822 593,821 602,821 603,822 603,823 604,824 604,846 686,846 686,843 688,841 747,841 747,824 748,823 748,822 749,821 848,821 848,819 850,817 857,817 859,815 861,815 863,817 885,817 887,819 885,821 885,822 883,824 878,824 878,841 971,841 971,821 968,821 966,819 968,817 990,817 992,819 992,821 1063,821 1063,819 1065,817 1074,817 1076,815 1078,815 1078,773 1076,773 1074,771 1074,767 1067,767 1066,766 1066,765 1065,764 1065,762 988,762 988,764 987,765 987,766 986,767 892,767 891,768 890,768 889,769 867,769 867,771 865,773 863,773 861,771 861,769 859,769 857,767 824,767 821,764 821,742 828,735 828,734 840,722 840,721 845,716 1030,716 1032,718 1032,736 1117,736 1117,718 1118,717 1119,717 1120,716 1157,716 1157,714 1159,712 1227,712 1229,714 1229,716 1297,716 1297,714 1299,712 1314,712 1315,713 1315,714 1316,715 1316,717 1317,718 1317,719 1318,720 1318,721 1319,722 1319,724 1320,725 1320,726 1321,727 1321,729 1322,730 1322,731 1323,732 1323,734 1324,735 1324,736 1325,737 1325,739 1326,740 1326,741 1327,742 1327,743 1328,744 1328,746 1329,747 1329,748 1330,749 1330,754 1328,756 1323,756 1321,758 1321,760 1319,762 1225,762 1223,760 1223,751 1220,751 1218,749 1198,749 1196,747 1196,743 1111,743 1111,764 1110,765 1110,766 1109,767 1098,767 1097,768 1096,768 1095,769 1089,769 1089,773 1087,775 1084,775 1084,808 1087,808 1089,810 1089,815 1091,815 1093,817 1214,817 1216,819 1216,839 1218,839 1220,841 1227,841 1229,843 1229,846 1293,846 1293,843 1295,841 1323,841 1323,839 1324,838 1325,838 1326,837 1328,837 1328,824 1329,823 1329,822 1330,821 1341,821 1342,822 1342,830 1341,831 1341,842 1340,843 1340,847 1339,848 1330,848 1330,870 1328,872 1288,872 1286,874 1286,876 1284,878 1282,878 1280,876 1280,870 1238,870 1237,869 1237,868 1236,867 1236,859 1234,859 1233,858 1232,858 1231,857 1231,854 1229,854 1227,852 1227,850 1159,850 1159,852 1157,854 1155,854 1155,867 1152,870 832,870 831,869 831,868 830,867 830,850 828,850 826,848 758,848 756,850 754,850 754,870 753,871 752,871 751,872 697,872 697,878 694,881 692,881 691,880 691,879 690,878 690,872 683,872 681,870 613,870 611,872 572,872 571,871 570,871 569,870 497,870 495,872 488,872 488,898 490,898 491,899 492,899 493,900 490,903 488,903 488,920 490,922 491,922 493,924 499,924 500,925 500,926 501,927 501,929 618,929 618,927 619,926 619,925 620,924 690,924 691,925 691,926 692,927 692,949 778,949 778,927 779,926 779,925 780,924 791,924 792,925 792,926 793,927 793,929 857,929 857,927 858,926 858,925 859,924 1299,924 1300,925 1300,926 1301,927 1301,949 1388,949 1389,950 1389,951 1390,952 1389,953 1315,953 1315,973 1314,974 1313,974 1312,975 1242,975 1240,973 1240,971 1172,971 1172,973 1170,975 1080,975 1078,973 1078,953 971,953 971,973 970,974 969,974 968,975 946,975 944,973 944,953 859,953 859,955 857,957 854,957 854,975 852,977 837,977 835,975 780,975 778,973 778,953 701,953 701,975 699,977 620,977 618,975 576,975 574,973 574,953 488,953 488,1001 495,1001 497,1003 497,1006 495,1008 488,1008 488,1032 490,1032 491,1033 492,1033 493,1034 558,1034 559,1035 560,1035 561,1036 561,1041 624,1041 624,1034 626,1032 637,1032 638,1033 639,1033 640,1034 640,1052 642,1052 644,1054 644,1056 729,1056 729,1034 730,1033 731,1033 732,1032 1362,1032 1363,1033 1360,1036 1359,1036 1348,1047 1347,1047 1336,1058 1335,1058 1324,1069 1323,1069 1320,1072 1319,1071 1319,1065 1247,1065 1246,1066 1245,1066 1244,1067 1242,1067 1242,1078 1240,1080 1185,1080 1185,1102 1187,1102 1188,1103 1189,1103 1190,1104 1190,1109 1189,1110 1188,1110 1187,1111 1181,1111 1179,1109 1133,1109 1132,1108 1132,1107 1131,1106 1131,1095 1128,1095 1126,1093 1126,1087 1124,1087 1123,1086 1123,1085 1122,1084 1120,1084 1119,1083 1118,1083 1117,1082 1117,1080 1071,1080 1069,1078 1069,1060 997,1060 997,1078 995,1080 957,1080 957,1082 955,1084 946,1084 944,1082 944,1080 894,1080 892,1078 892,1056 824,1056 824,1063 823,1064 822,1064 821,1065 810,1065 808,1063 808,1060 736,1060 736,1065 734,1067 710,1067 709,1066 708,1066 707,1065 707,1060 644,1060 644,1063 642,1065 635,1065 635,1082 633,1084 611,1084 609,1082 611,1080 611,1060 515,1060 515,1082 514,1083 513,1083 512,1084 504,1084 501,1087 497,1087 497,1089 495,1091 493,1091 493,1100 492,1101 491,1101 490,1102 488,1102 488,1124 490,1124 491,1125 492,1125 493,1126 493,1135 495,1135 497,1137 501,1137 502,1138 503,1138 504,1139 504,1141 703,1141 703,1139 705,1137 835,1137 837,1139 837,1155 839,1155 841,1157 841,1159 843,1159 844,1160 845,1160 846,1161 935,1161 936,1160 937,1160 938,1159 944,1159 944,1157 946,1155 949,1155 949,1152 951,1150 951,1139 953,1137 1100,1137 1102,1139 1102,1150 1179,1150 1181,1148 1183,1148 1183,1144 1184,1143 1184,1142 1185,1141 1187,1141 1187,1137 1188,1136 1189,1136 1190,1135 1209,1135 1210,1136 1211,1136 1212,1137 1275,1137 1276,1138 1275,1139 1275,1141 1274,1142 1274,1145 1273,1146 1273,1149 1272,1150 1272,1153 1271,1154 1271,1156 1270,1157 1270,1160 1269,1161 1269,1164 1268,1165 1268,1168 1267,1169 1267,1171 1266,1172 1266,1175 1265,1176 1265,1179 1264,1180 1264,1183 1263,1184 1263,1186 1262,1187 1185,1187 1183,1185 1183,1183 1115,1183 1115,1185 1113,1187 988,1187 986,1185 986,1183 920,1183 920,1185 918,1187 907,1187 905,1185 905,1170 903,1170 902,1169 901,1169 900,1168 832,1168 830,1170 828,1170 828,1185 826,1187 789,1187 786,1190 657,1190 656,1189 656,1188 655,1187 655,1170 598,1170 596,1168 515,1168 514,1169 513,1169 512,1170 510,1170 510,1172 508,1174 504,1174 501,1177 501,1179 499,1181 497,1181 497,1192 495,1194 488,1194 488,1216 490,1216 491,1217 492,1217 493,1218 493,1223 492,1224 491,1224 490,1225 488,1225 488,1247 490,1247 491,1248 492,1248 493,1249 493,1251 556,1251 556,1249 558,1247 690,1247 691,1246 691,1245 692,1244 716,1244 717,1245 717,1246 718,1247 718,1269 795,1269 795,1247 796,1246 796,1245 797,1244 1122,1244 1122,1242 1124,1240 1131,1240 1133,1242 1133,1244 1261,1244 1262,1245 1262,1254 1263,1255 1263,1270 1264,1271 1264,1286 1265,1287 1265,1292 1264,1293 1234,1293 1233,1292 1232,1292 1231,1291 1212,1291 1209,1288 1209,1271 1207,1271 1205,1269 1205,1266 1137,1266 1137,1269 1135,1271 1124,1271 1122,1273 1120,1273 1120,1275 1119,1276 1118,1276 1117,1277 1115,1277 1115,1291 1113,1293 1071,1293 1069,1291 1069,1273 962,1273 962,1291 960,1293 959,1293 957,1295 957,1312 960,1312 961,1313 961,1314 962,1315 960,1317 924,1317 922,1315 922,1297 920,1297 918,1295 918,1293 832,1293 830,1291 830,1273 666,1273 666,1291 664,1293 493,1293 493,1295 492,1296 491,1296 490,1297 488,1297 488,1317 490,1317 491,1318 492,1318 493,1319 493,1354 556,1354 556,1352 558,1350 889,1350 890,1351 891,1351 892,1352 892,1367 962,1367 964,1365 968,1365 970,1363 971,1363 973,1361 973,1358 975,1356 979,1356 979,1352 981,1350 1095,1350 1095,1348 1098,1345 1113,1345 1114,1346 1114,1347 1115,1348 1115,1350 1223,1350 1225,1352 1225,1369 1292,1369 1293,1370 1293,1371 1294,1372 1294,1373 1295,1374 1295,1375 1296,1376 1296,1378 1297,1379 1297,1380 1298,1381 1298,1382 1299,1383 1299,1384 1300,1385 1300,1387 1301,1388 1301,1389 1302,1390 1302,1391 1303,1392 1303,1393 1304,1394 1304,1395 1303,1396 1301,1396 1301,1398 1299,1400 1269,1400 1268,1399 1267,1399 1266,1398 1266,1396 1203,1396 1203,1398 1201,1400 1137,1400 1135,1398 1135,1396 1102,1396 1100,1394 1100,1383 1098,1383 1095,1380 1095,1378 1065,1378 1063,1376 992,1376 992,1398 990,1400 964,1400 962,1398 962,1378 885,1378 885,1398 883,1400 881,1400 880,1399 879,1399 878,1398 878,1396 806,1396 806,1398 804,1400 598,1400 596,1398 596,1378 593,1378 591,1376 510,1376 508,1378 504,1378 504,1380 501,1383 501,1387 499,1389 497,1389 497,1400 495,1402 488,1402 488,1424 490,1424 491,1425 492,1425 493,1426 493,1431 492,1432 491,1432 490,1433 488,1433 488,1459 690,1459 692,1457 1144,1457 1144,1455 1146,1453 1196,1453 1198,1455 1198,1457 1250,1457 1251,1458 1250,1459 1249,1459 1246,1462 1245,1462 1242,1465 1241,1465 1238,1468 1237,1468 1234,1471 1233,1471 1230,1474 1229,1474 1226,1477 1225,1477 1222,1480 1221,1480 1218,1483 1217,1483 1214,1486 1213,1486 1210,1489 1209,1489 1206,1492 1205,1492 1202,1495 1201,1495 1198,1498 1197,1498 1196,1499 1163,1499 1163,1503 1161,1505 1089,1505 1087,1503 1084,1503 1082,1501 1082,1499 1014,1499 1014,1501 1012,1503 962,1503 960,1505 959,1504 958,1504 957,1503 957,1481 876,1481 876,1483 875,1484 875,1485 874,1486 867,1486 865,1488 863,1488 863,1501 861,1503 859,1503 857,1505 854,1505 852,1503 852,1488 850,1488 848,1486 841,1486 840,1485 840,1484 839,1483 839,1481 771,1481 771,1483 770,1484 770,1485 769,1486 762,1486 760,1488 758,1488 758,1494 757,1495 757,1496 756,1497 754,1497 754,1510 753,1511 752,1511 751,1512 749,1512 749,1514 747,1516 745,1516 745,1521 743,1523 740,1523 740,1534 738,1536 727,1536 725,1534 725,1529 723,1529 721,1527 721,1512 718,1512 716,1510 714,1510 712,1508 712,1505 596,1505 596,1508 595,1509 594,1509 593,1510 488,1510 488,1532 490,1532 491,1533 492,1533 493,1534 493,1540 488,1545 488,1562 490,1562 491,1563 492,1563 493,1564 493,1567 672,1567 672,1564 673,1563 674,1563 675,1562 681,1562 683,1564 683,1573 760,1573 760,1569 762,1567 764,1567 764,1564 765,1563 766,1563 767,1562 830,1562 832,1560 857,1560 859,1562 986,1562 988,1560 1056,1560 1058,1562 1122,1562 1124,1560 1137,1560 1138,1561 1138,1562 1135,1565 1135,1566 1132,1569 1132,1570 1130,1572 1130,1573 1127,1576 1127,1577 1124,1580 1124,1581 1121,1584 1121,1585 1119,1587 1119,1588 1116,1591 1116,1592 1113,1595 1113,1596 1111,1598 1111,1599 1108,1602 1108,1603 1105,1606 1032,1606 1030,1608 859,1608 859,1611 857,1613 797,1613 795,1611 795,1608 688,1608 686,1606 686,1591 609,1591 609,1611 607,1613 550,1613 549,1614 548,1614 547,1615 501,1615 501,1617 499,1619 497,1619 497,1624 495,1626 493,1626 493,1637 492,1638 491,1638 490,1639 488,1639 488,1663 490,1663 491,1664 492,1664 493,1665 495,1665 496,1666 496,1667 497,1668 497,1670 512,1670 513,1671 514,1671 515,1672 515,1694 604,1694 604,1692 607,1689 609,1689 609,1672 611,1670 999,1670 999,1668 1000,1667 1000,1666 1001,1665 1034,1665 1035,1666 1035,1667 1036,1668 1036,1670 1057,1670 1058,1671 1057,1672 1057,1673 1054,1676 1054,1677 1051,1680 1051,1681 1048,1684 1048,1685 1046,1687 1046,1688 1043,1691 1043,1692 1041,1694 1017,1694 1016,1695 1015,1695 1014,1696 1014,1714 1012,1716 973,1716 971,1714 971,1694 889,1694 889,1716 887,1718 745,1718 743,1716 743,1698 736,1698 734,1696 734,1694 631,1694 631,1696 629,1698 622,1698 622,1700 621,1701 621,1702 620,1703 618,1703 617,1704 616,1704 615,1705 613,1705 613,1716 611,1718 607,1718 606,1717 605,1717 604,1716 604,1698 523,1698 523,1720 521,1722 504,1722 504,1725 503,1726 502,1726 501,1727 497,1727 495,1729 493,1729 493,1768 495,1768 496,1769 496,1770 497,1771 499,1771 501,1773 501,1775 502,1776 503,1776 504,1777 642,1777 644,1775 861,1775 861,1773 863,1771 1196,1771 1198,1773 1198,1788 1201,1788 1203,1790 1203,1792 1205,1792 1206,1793 1206,1794 1207,1795 1301,1795 1304,1792 1306,1792 1306,1788 1308,1786 1310,1786 1310,1773 1312,1771 1337,1771 1338,1770 1338,1769 1339,1768 1352,1768 1353,1769 1353,1778 1354,1779 1354,1792 1355,1793 1355,1805 1356,1806 1356,1819 1357,1820 1356,1821 1321,1821 1319,1819 1251,1819 1249,1821 1190,1821 1189,1820 1188,1820 1187,1819 1187,1801 1146,1801 1144,1799 1144,1797 1137,1797 1135,1795 1071,1795 1069,1797 1058,1797 1058,1799 1056,1801 1054,1801 1052,1803 1049,1803 1049,1819 1047,1821 953,1821 951,1819 951,1803 949,1801 872,1801 870,1803 863,1803 863,1806 861,1808 859,1808 857,1810 854,1810 854,1814 851,1817 851,1818 848,1821 837,1821 835,1819 835,1801 832,1801 830,1799 830,1797 762,1797 762,1799 760,1801 758,1801 758,1819 756,1821 736,1821 734,1819 734,1803 609,1803 609,1806 607,1808 604,1808 604,1836 629,1836 631,1838 631,1854 629,1856 622,1856 622,1878 712,1878 714,1880 760,1880 762,1882 762,1902 835,1902 835,1900 837,1898 839,1898 839,1880 841,1878 1276,1878 1277,1879 1275,1881 1274,1881 1272,1883 1271,1883 1269,1885 1268,1885 1265,1888 1264,1888 1262,1890 1261,1890 1259,1892 1258,1892 1256,1894 1255,1894 1253,1896 1252,1896 1250,1898 1249,1898 1247,1900 1246,1900 1244,1902 1243,1902 1241,1904 1240,1904 1238,1906 1177,1906 1177,1926 1176,1927 1175,1927 1174,1928 1019,1928 1017,1926 1017,1922 960,1922 959,1921 958,1921 957,1920 957,1906 867,1906 867,1926 870,1926 872,1928 871,1929 871,1930 870,1931 854,1931 854,1933 852,1935 846,1935 845,1934 844,1934 843,1933 843,1931 841,1931 840,1930 840,1929 839,1928 762,1928 761,1929 761,1930 760,1931 710,1931 707,1928 707,1922 657,1922 655,1920 655,1913 653,1911 583,1911 583,1915 582,1916 581,1916 580,1917 580,1922 578,1924 574,1924 574,1928 573,1929 573,1930 572,1931 493,1931 493,1933 492,1934 491,1934 490,1935 488,1935 486,1937 484,1937 484,1963 486,1963 487,1964 487,1965 488,1966 488,1988 490,1988 491,1989 492,1989 493,1990 493,1992 495,1992 497,1994 576,1994 578,1992 653,1992 653,1990 656,1987 656,1986 659,1983 668,1983 670,1985 670,1988 830,1988 830,1985 832,1983 843,1983 844,1982 845,1982 846,1981 852,1981 854,1983 924,1983 925,1984 926,1984 927,1985 927,1988 992,1988 992,1985 993,1984 994,1984 995,1983 1189,1983 1191,1985 1191,1987 1192,1988 1192,1989 1193,1990 1193,1992 1194,1993 1194,1995 1195,1996 1195,1998 1196,1999 1196,2000 1197,2001 1197,2003 1198,2004 1198,2006 1199,2007 1199,2008 1200,2009 1200,2011 1199,2012 1141,2012 1141,2031 1140,2032 1140,2033 1139,2034 1076,2034 1074,2036 1071,2036 1069,2034 927,2034 926,2035 925,2035 924,2036 718,2036 718,2038 716,2040 710,2040 709,2039 708,2039 707,2038 707,2020 705,2020 703,2018 703,2016 635,2016 635,2018 633,2020 626,2020 626,2023 624,2025 622,2025 620,2027 618,2027 618,2031 615,2034 613,2034 613,2042 612,2043 612,2044 611,2045 576,2045 575,2044 575,2043 574,2042 574,2040 497,2040 497,2042 496,2043 496,2044 495,2045 493,2045 492,2046 491,2046 490,2047 488,2047 488,2071 490,2071 491,2072 492,2072 493,2073 493,2097 495,2097 497,2099 501,2099 504,2102 504,2104 569,2104 569,2102 572,2099 640,2099 642,2097 769,2097 771,2095 865,2095 865,2093 867,2091 874,2091 876,2093 876,2095 1065,2095 1065,2093 1067,2091 1207,2091 1208,2092 1208,2093 1207,2094 1207,2097 1206,2098 1206,2102 1205,2103 1205,2106 1204,2107 1204,2111 1203,2112 1203,2116 1202,2117 1202,2118 1201,2119 1155,2119 1155,2121 1154,2122 1153,2122 1152,2123 1150,2123 1150,2134 1149,2135 1149,2136 1148,2137 1111,2137 1109,2139 1019,2139 1019,2141 1017,2143 975,2143 973,2141 973,2139 903,2139 901,2141 900,2141 898,2143 881,2143 880,2142 879,2142 878,2141 878,2139 789,2139 789,2141 788,2142 787,2142 786,2143 670,2143 670,2145 669,2146 669,2147 668,2148 600,2148 599,2147 599,2146 598,2145 598,2128 593,2128 591,2126 591,2123 523,2123 521,2125 521,2126 519,2128 510,2128 508,2130 504,2130 503,2131 502,2131 501,2132 501,2134 500,2135 500,2136 499,2137 497,2137 497,2148 495,2150 493,2150 493,2152 492,2153 491,2153 490,2154 488,2154 488,2172 495,2172 497,2174 497,2178 495,2180 488,2180 488,2207 620,2207 621,2208 622,2208 623,2209 624,2209 625,2210 626,2210 627,2211 628,2211 630,2213 631,2213 632,2214 633,2214 634,2215 635,2215 636,2216 637,2216 638,2217 639,2217 641,2219 642,2219 643,2220 644,2220 645,2221 646,2221 647,2222 648,2222 649,2223 650,2223 652,2225 653,2225 654,2226 655,2226 656,2227 657,2227 658,2228 659,2228 660,2229 661,2229 663,2231 664,2231 665,2232 666,2232 667,2233 668,2233 669,2234 670,2234 671,2235 672,2235 674,2237 675,2237 676,2238 677,2238 678,2239 679,2239 680,2240 681,2240 682,2241 683,2241 685,2243 686,2243 687,2244 688,2244 689,2245 690,2245 691,2246 692,2246 693,2247 694,2247 696,2249 697,2249 698,2250 697,2251 635,2251 634,2250 634,2249 633,2248 633,2233 550,2233 550,2251 549,2252 548,2252 547,2253 493,2253 493,2255 492,2256 491,2256 490,2257 488,2257 486,2259 484,2259 484,2279 486,2279 493,2286 493,2310 492,2311 491,2311 490,2312 488,2312 488,2334 495,2334 497,2336 561,2336 563,2334 585,2334 585,2314 583,2312 585,2310 633,2310 633,2308 634,2307 634,2306 635,2305 800,2305 801,2306 802,2306 803,2307 804,2307 806,2309 807,2309 808,2310 809,2310 810,2311 811,2311 812,2312 813,2312 814,2313 815,2313 817,2315 818,2315 819,2316 820,2316 821,2317 822,2317 823,2318 824,2318 825,2319 826,2319 828,2321 829,2321 830,2322 831,2322 832,2323 833,2323 834,2324 835,2324 836,2325 837,2325 839,2327 840,2327 841,2328 842,2328 843,2329 844,2329 845,2330 846,2330 847,2331 848,2331 850,2333 851,2333 852,2334 853,2334 854,2335 855,2335 856,2336 857,2336 858,2337 859,2337 861,2339 862,2339 863,2340 864,2340 865,2341 866,2341 867,2342 868,2342 869,2343 870,2343 872,2345 873,2345 874,2346 875,2346 876,2347 877,2347 878,2348 879,2348 880,2349 881,2349 883,2351 884,2351 885,2352 886,2352 887,2353 888,2353 889,2354 890,2354 891,2355 890,2356 872,2356 870,2354 749,2354 747,2356 611,2356 609,2354 609,2347 607,2345 606,2345 604,2343 526,2343 526,2354 525,2355 524,2355 523,2356 497,2356 497,2358 495,2360 493,2360 492,2361 491,2361 490,2362 488,2362 488,2384 490,2384 491,2385 492,2385 493,2386 493,2417 501,2417 502,2418 503,2418 504,2419 576,2419 578,2417 743,2417 743,2415 745,2413 821,2413 821,2411 824,2408 874,2408 876,2406 883,2406 885,2408 889,2408 892,2411 892,2430 898,2430 900,2432 973,2432 975,2430 984,2430 984,2408 985,2407 987,2407 988,2408 989,2408 990,2409 991,2409 993,2411 994,2411 995,2412 996,2412 997,2413 998,2413 999,2414 1000,2414 1001,2415 1002,2415 1004,2417 1005,2417 1006,2418 1007,2418 1008,2419 1009,2419 1010,2420 1011,2420 1012,2421 1013,2421 1015,2423 1016,2423 1017,2424 1018,2424 1019,2425 1020,2425 1021,2426 1022,2426 1023,2427 1024,2427 1026,2429 1027,2429 1028,2430 1029,2430 1030,2431 1031,2431 1032,2432 1033,2432 1034,2433 1035,2433 1036,2434 1035,2435 992,2435 992,2437 990,2439 924,2439 924,2457 925,2458 926,2458 927,2459 927,2461 931,2461 933,2463 933,2489 932,2490 932,2491 931,2492 924,2492 923,2491 923,2490 922,2489 911,2489 909,2487 911,2485 922,2485 922,2463 916,2463 914,2461 914,2459 911,2459 909,2457 841,2457 839,2459 780,2459 780,2461 778,2463 736,2463 734,2465 732,2465 731,2464 730,2464 729,2463 666,2463 664,2465 635,2465 633,2463 633,2441 572,2441 567,2446 488,2446 488,2450 486,2452 484,2452 484,2498 486,2498 488,2500 488,2527 569,2527 569,2525 572,2522 677,2522 679,2520 817,2520 817,2518 819,2516 843,2516 844,2517 845,2517 846,2518 846,2520 911,2520 913,2518 914,2518 916,2516 922,2516 922,2514 923,2513 923,2512 924,2511 927,2514 927,2516 1006,2516 1006,2514 1007,2513 1007,2512 1008,2511 1043,2511 1044,2512 1044,2513 1045,2514 1045,2516 1109,2516 1109,2514 1110,2513 1110,2512 1111,2511 1175,2511 1177,2513 1178,2513 1179,2514 1180,2514 1181,2515 1182,2515 1184,2517 1185,2517 1186,2518 1187,2518 1188,2519 1189,2519 1191,2521 1192,2521 1193,2522 1194,2522 1195,2523 1196,2523 1198,2525 1199,2525 1200,2526 1201,2526 1202,2527 1203,2527 1205,2529 1206,2529 1207,2530 1208,2530 1209,2531 1210,2531 1212,2533 1213,2533 1214,2534 1215,2534 1216,2535 1217,2535 1219,2537 1220,2537 1221,2538 1222,2538 1224,2540 1225,2540 1226,2541 1227,2541 1228,2542 1229,2542 1230,2543 1229,2544 1128,2544 1128,2566 1126,2568 1124,2568 1122,2566 1122,2564 1080,2564 1078,2562 992,2562 990,2564 964,2564 962,2562 964,2560 966,2560 966,2540 953,2540 951,2538 889,2538 887,2540 876,2540 876,2560 878,2562 876,2564 850,2564 850,2566 848,2568 837,2568 837,2571 835,2573 832,2573 830,2575 828,2575 828,2579 827,2580 827,2581 826,2582 824,2582 824,2592 821,2595 784,2595 783,2594 783,2593 782,2592 782,2568 705,2568 705,2571 703,2573 504,2573 503,2574 502,2574 501,2575 501,2577 499,2579 497,2579 496,2580 496,2581 495,2582 493,2582 493,2625 495,2625 496,2626 496,2627 497,2628 501,2628 502,2629 503,2629 504,2630 504,2632 642,2632 642,2630 644,2628 747,2628 749,2630 749,2639 751,2639 752,2640 753,2640 754,2641 754,2643 821,2643 821,2641 822,2640 823,2640 824,2639 830,2639 830,2634 832,2632 835,2632 835,2623 837,2621 839,2621 841,2623 841,2625 918,2625 918,2623 920,2621 953,2621 955,2623 955,2625 1017,2625 1017,2623 1019,2621 1117,2621 1118,2620 1119,2620 1120,2619 1223,2619 1225,2621 1325,2621 1327,2623 1327,2624 1328,2625 1328,2626 1329,2627 1329,2628 1330,2629 1330,2630 1331,2631 1331,2633 1332,2634 1332,2635 1333,2636 1333,2637 1334,2638 1334,2639 1335,2640 1335,2641 1336,2642 1336,2643 1337,2644 1337,2646 1338,2647 1338,2648 1339,2649 1339,2650 1340,2651 1340,2652 1341,2653 1341,2654 1342,2655 1342,2656 1343,2657 1343,2659 1344,2660 1344,2661 1345,2662 1345,2663 1346,2664 1346,2665 1347,2666 1347,2667 1348,2668 1348,2669 1349,2670 1349,2671 1350,2672 1350,2674 1351,2675 1350,2676 1277,2676 1275,2678 1273,2678 1271,2676 1269,2676 1268,2675 1267,2675 1266,2674 1266,2671 1255,2671 1253,2669 1253,2667 1190,2667 1190,2669 1189,2670 1188,2670 1187,2671 1172,2671 1170,2669 1170,2652 1093,2652 1093,2674 1091,2676 929,2676 927,2674 927,2671 850,2671 850,2674 848,2676 784,2676 782,2678 622,2678 622,2680 620,2682 558,2682 557,2683 557,2684 556,2685 501,2685 501,2687 499,2689 493,2689 493,2696 492,2697 491,2697 490,2698 488,2698 488,2724 490,2724 491,2725 492,2725 493,2726 493,2742 499,2742 501,2744 499,2746 497,2746 497,2765 563,2765 567,2761 591,2761 591,2757 593,2755 596,2755 596,2744 598,2742 668,2742 668,2739 670,2737 808,2737 810,2735 852,2735 852,2733 854,2731 857,2731 859,2733 859,2735 966,2735 966,2733 968,2731 969,2732 970,2732 971,2733 971,2755 1065,2755 1065,2737 1067,2735 1117,2735 1117,2733 1118,2732 1119,2732 1120,2731 1266,2731 1269,2728 1271,2728 1272,2729 1272,2730 1273,2731 1275,2731 1277,2733 1277,2752 1280,2752 1281,2753 1281,2754 1282,2755 1348,2755 1349,2754 1349,2753 1350,2752 1374,2752 1374,2733 1376,2731 1735,2731 1736,2732 1737,2732 1738,2733 1738,2755 1832,2755 1832,2737 1830,2737 1828,2735 1828,2733 1830,2731 1836,2731 1838,2733 1838,2735 1906,2735 1906,2733 1907,2732 1908,2732 1909,2731 2145,2731 2145,2702 2134,2702 2132,2700 2134,2698 2145,2698 2145,2676 2137,2676 2132,2671 2132,2667 2093,2667 2091,2665 2091,2660 2088,2660 2086,2658 2086,2654 2084,2654 2082,2652 2014,2652 2012,2654 2009,2654 2009,2656 2007,2658 2005,2658 2005,2663 2003,2665 2001,2665 2000,2666 1999,2666 1998,2667 1961,2667 1961,2669 1959,2671 1957,2671 1957,2674 1955,2676 1878,2676 1876,2674 1876,2652 1799,2652 1797,2654 1795,2654 1795,2674 1794,2675 1793,2675 1792,2676 1757,2676 1755,2674 1755,2667 1722,2667 1720,2665 1720,2660 1718,2660 1716,2658 1716,2654 1714,2654 1713,2653 1712,2653 1711,2652 1608,2652 1606,2654 1604,2654 1604,2656 1602,2658 1600,2658 1599,2659 1598,2659 1597,2660 1595,2660 1595,2669 1593,2671 1481,2671 1481,2674 1479,2676 1472,2676 1470,2674 1470,2671 1356,2671 1354,2673 1354,2674 1353,2675 1352,2674 1352,2673 1351,2672 1351,2671 1350,2670 1350,2669 1349,2668 1349,2666 1348,2665 1348,2664 1347,2663 1347,2662 1346,2661 1346,2660 1345,2659 1345,2658 1344,2657 1344,2656 1343,2655 1343,2653 1342,2652 1342,2651 1341,2650 1341,2649 1340,2648 1340,2647 1339,2646 1339,2645 1338,2644 1338,2643 1337,2642 1337,2640 1336,2639 1336,2638 1335,2637 1335,2636 1334,2635 1334,2634 1333,2633 1333,2632 1332,2631 1332,2630 1331,2629 1331,2627 1330,2626 1330,2625 1329,2624 1329,2623 1328,2622 1329,2621 1584,2621 1586,2623 1586,2632 1659,2632 1659,2630 1661,2628 1663,2628 1664,2627 1664,2626 1665,2625 1668,2625 1668,2623 1670,2621 1880,2621 1882,2623 1882,2625 1950,2625 1950,2623 1952,2621 1977,2621 1979,2623 1979,2645 2073,2645 2073,2623 2075,2621 2086,2621 2088,2619 2091,2619 2091,2612 2093,2610 2143,2610 2145,2608 2145,2586 2143,2584 2143,2582 2097,2582 2096,2581 2096,2580 2095,2579 2095,2575 2093,2575 2091,2573 2088,2573 2086,2571 2086,2568 2080,2568 2079,2567 2078,2567 2077,2566 2077,2564 1935,2564 1933,2562 1933,2540 1847,2540 1847,2542 1845,2544 1843,2544 1843,2546 1842,2547 1842,2548 1841,2549 1838,2549 1838,2553 1836,2555 1834,2555 1834,2562 1832,2564 1821,2564 1819,2562 1755,2562 1753,2564 1674,2564 1674,2590 1672,2592 1670,2592 1668,2590 1668,2568 1665,2568 1663,2566 1663,2564 1600,2564 1599,2563 1598,2563 1597,2562 1446,2562 1444,2564 1440,2564 1439,2563 1438,2563 1437,2562 1437,2540 1373,2540 1372,2539 1374,2537 1375,2537 1381,2531 1382,2531 1388,2525 1389,2525 1395,2519 1396,2519 1399,2516 1440,2516 1442,2518 1442,2520 1505,2520 1505,2518 1506,2517 1507,2517 1508,2516 1545,2516 1547,2518 1547,2535 1619,2535 1619,2518 1621,2516 1663,2516 1663,2514 1664,2513 1664,2512 1665,2511 1676,2511 1676,2509 1678,2507 1681,2507 1681,2465 1678,2465 1676,2463 1674,2463 1672,2461 1672,2459 1670,2459 1668,2457 1621,2457 1620,2456 1620,2455 1619,2454 1619,2435 1617,2435 1616,2434 1616,2433 1615,2432 1547,2432 1546,2433 1546,2434 1545,2435 1543,2435 1543,2457 1542,2458 1541,2458 1540,2459 1538,2459 1538,2479 1540,2479 1541,2480 1542,2480 1543,2481 1542,2482 1541,2482 1540,2483 1440,2483 1439,2482 1444,2477 1445,2477 1451,2471 1452,2471 1458,2465 1459,2465 1465,2459 1466,2459 1472,2453 1473,2453 1479,2447 1480,2447 1486,2441 1487,2441 1493,2435 1494,2435 1500,2429 1501,2429 1507,2423 1508,2423 1514,2417 1515,2417 1521,2411 1522,2411 1527,2406 1707,2406 1709,2408 1727,2408 1728,2409 1729,2409 1730,2410 1732,2410 1733,2411 1734,2411 1735,2412 1736,2412 1737,2413 1739,2413 1740,2414 1741,2414 1742,2415 1743,2415 1744,2416 1745,2416 1746,2417 1748,2417 1749,2418 1750,2418 1751,2419 1752,2419 1753,2420 1754,2420 1755,2421 1757,2421 1758,2422 1759,2422 1760,2423 1761,2423 1762,2424 1763,2424 1764,2425 1766,2425 1767,2426 1768,2426 1769,2427 1770,2427 1771,2428 1772,2428 1773,2429 1775,2429 1776,2430 1777,2430 1778,2431 1779,2431 1780,2432 1781,2432 1782,2433 1784,2433 1785,2434 1784,2435 1718,2435 1718,2457 1716,2459 1705,2459 1705,2461 1703,2463 1692,2463 1692,2505 1694,2505 1698,2509 1698,2511 1703,2511 1704,2512 1704,2513 1705,2514 1705,2516 1863,2516 1863,2514 1864,2513 1864,2512 1865,2511 1867,2511 1867,2509 1869,2507 1871,2507 1872,2508 1873,2508 1874,2509 1874,2516 1990,2516 1992,2518 1992,2520 2058,2520 2062,2516 2077,2516 2078,2517 2079,2517 2080,2518 2080,2520 2141,2520 2145,2516 2145,2492 2144,2491 2144,2490 2143,2489 2143,2465 2141,2465 2139,2463 2139,2459 2128,2459 2126,2457 2058,2457 2057,2458 2056,2458 2055,2459 1912,2459 1911,2458 1911,2456 1912,2455 1912,2451 1913,2450 1913,2445 1914,2444 1914,2440 1915,2439 1915,2434 1916,2433 1916,2429 1917,2428 1917,2423 1918,2422 1918,2418 1919,2417 1919,2412 1920,2411 1920,2409 1921,2408 2012,2408 2013,2409 2013,2410 2014,2411 2014,2413 2108,2413 2108,2411 2109,2410 2109,2409 2110,2408 2110,2402 2112,2400 2143,2400 2143,2397 2145,2395 2152,2395 2152,2367 2112,2367 2110,2365 2110,2356 2108,2354 2108,2336 2106,2336 2104,2334 2104,2332 2097,2332 2096,2331 2096,2330 2095,2329 2088,2329 2086,2327 2086,2325 2088,2323 2091,2323 2091,2308 2092,2307 2092,2306 2093,2305 2139,2305 2141,2303 2145,2303 2145,2301 2146,2300 2147,2300 2148,2299 2152,2299 2153,2298 2153,2276 2152,2275 2152,2253 2148,2253 2147,2252 2146,2252 2145,2251 2141,2251 2140,2250 2140,2249 2139,2248 2139,2246 2088,2246 2086,2244 2086,2222 2009,2222 2009,2224 2007,2226 2005,2226 2005,2268 2007,2268 2009,2270 2009,2272 2012,2272 2013,2273 2013,2274 2014,2275 2014,2327 2025,2327 2027,2329 2026,2330 2026,2331 2025,2332 2014,2332 2014,2334 2012,2336 2009,2336 2007,2338 2005,2338 2005,2343 2003,2345 2001,2345 2001,2351 1998,2354 1952,2354 1951,2353 1951,2352 1950,2351 1950,2332 1948,2332 1947,2331 1947,2330 1946,2329 1944,2329 1942,2327 1942,2325 1937,2325 1936,2324 1936,2322 1937,2321 1990,2321 1990,2319 1991,2318 1991,2317 1992,2316 2003,2316 2003,2312 2005,2310 2007,2310 2007,2281 2005,2281 2003,2279 2003,2277 2001,2277 2000,2276 1999,2276 1998,2275 1946,2275 1945,2274 1945,2270 1946,2269 1946,2265 1947,2264 1947,2259 1948,2258 1948,2254 1949,2253 1949,2248 1950,2247 1950,2243 1951,2242 1951,2237 1952,2236 1952,2232 1953,2231 1953,2226 1954,2225 1954,2221 1955,2220 1955,2215 1956,2214 1956,2210 1957,2209 1957,2204 1958,2203 1958,2201 1959,2200 2145,2200 2145,2198 2146,2197 2147,2197 2148,2196 2152,2196 2152,2174 2141,2174 2139,2172 2140,2171 2140,2170 2141,2169 2145,2169 2147,2167 2148,2167 2150,2165 2152,2165 2152,2143 2141,2143 2139,2141 2139,2139 2134,2139 2132,2137 2110,2137 2109,2136 2109,2135 2108,2134 2108,2123 2106,2123 2104,2121 2104,2119 2036,2119 2036,2121 2034,2123 2031,2123 2031,2126 2029,2128 2027,2128 2027,2141 2025,2143 2009,2143 2007,2141 2007,2139 2005,2139 2003,2137 1979,2137 1978,2136 1978,2135 1977,2134 1977,2115 1975,2115 1974,2114 1974,2111 1975,2110 1975,2106 1976,2105 1976,2100 1977,2099 1977,2096 1978,2095 2139,2095 2139,2093 2141,2091 2145,2091 2145,2040 2141,2036 2097,2036 2095,2034 2095,2014 2093,2012 2005,2012 2005,2034 2003,2036 1992,2036 1989,2033 1989,2029 1990,2028 1990,2023 1991,2022 1991,2018 1992,2017 1992,2012 1993,2011 1993,2008 1994,2007 2025,2007 2027,2005 2029,2005 2029,1990 2031,1988 2143,1988 2143,1985 2145,1983 2145,1937 2143,1935 2141,1935 2139,1933 2139,1931 2132,1931 2131,1930 2131,1929 2130,1928 1979,1928 1978,1929 1978,1930 1977,1931 1922,1931 1922,1933 1920,1935 1917,1935 1915,1937 1913,1937 1913,1939 1912,1940 1912,1941 1911,1942 1909,1942 1909,1974 1911,1974 1912,1975 1912,1976 1913,1977 1913,1981 1920,1981 1922,1983 1933,1983 1935,1985 1935,2007 1990,2007 1991,2008 1991,2012 1990,2013 1990,2017 1989,2018 1989,2023 1988,2024 1988,2028 1987,2029 1987,2033 1986,2034 1838,2034 1837,2033 1837,2032 1836,2031 1773,2031 1772,2032 1772,2033 1771,2034 1753,2034 1752,2033 1752,2032 1751,2031 1751,2012 1678,2012 1674,2016 1674,2031 1673,2032 1673,2033 1672,2034 1582,2034 1580,2036 1564,2036 1562,2034 1516,2034 1515,2033 1515,2032 1514,2031 1514,2012 1383,2012 1381,2014 1380,2014 1378,2016 1378,2031 1377,2032 1377,2033 1376,2034 1343,2034 1342,2033 1342,2032 1341,2031 1341,2012 1269,2012 1269,2014 1268,2015 1267,2015 1266,2016 1264,2016 1264,2031 1263,2032 1263,2033 1262,2034 1234,2034 1231,2031 1231,2012 1203,2012 1202,2011 1202,2010 1201,2009 1201,2007 1200,2006 1200,2004 1199,2003 1199,2002 1198,2001 1198,1999 1197,1998 1197,1996 1196,1995 1196,1994 1195,1993 1195,1991 1194,1990 1194,1988 1193,1987 1193,1985 1192,1984 1193,1983 1402,1983 1404,1981 1405,1982 1406,1982 1407,1983 1545,1983 1547,1981 1549,1981 1549,1979 1551,1977 1554,1977 1554,1952 1556,1950 1558,1950 1560,1952 1560,1983 1558,1985 1556,1985 1556,2007 1641,2007 1641,1994 1643,1992 1698,1992 1698,1990 1700,1988 1703,1988 1703,1985 1705,1983 1893,1983 1893,1961 1887,1961 1885,1959 1882,1959 1880,1957 1880,1955 1881,1954 1881,1953 1882,1952 1898,1952 1898,1928 1830,1928 1828,1926 1828,1906 1827,1905 1826,1905 1825,1904 1746,1904 1744,1906 1738,1906 1738,1909 1737,1910 1736,1910 1735,1911 1733,1911 1731,1913 1731,1926 1729,1928 1560,1928 1559,1929 1559,1930 1558,1931 1556,1931 1556,1933 1554,1935 1551,1935 1549,1933 1549,1931 1547,1931 1546,1930 1546,1929 1545,1928 1508,1928 1507,1927 1506,1927 1505,1926 1505,1906 1415,1906 1415,1926 1413,1928 1411,1928 1410,1929 1410,1930 1409,1931 1402,1931 1402,1933 1400,1935 1398,1935 1396,1933 1396,1928 1286,1928 1284,1926 1284,1906 1245,1906 1244,1905 1246,1903 1247,1903 1249,1901 1250,1901 1252,1899 1253,1899 1255,1897 1256,1897 1258,1895 1259,1895 1261,1893 1262,1893 1264,1891 1265,1891 1267,1889 1268,1889 1271,1886 1272,1886 1274,1884 1275,1884 1277,1882 1278,1882 1280,1880 1281,1880 1283,1878 1299,1878 1301,1880 1301,1898 1389,1898 1389,1880 1391,1878 1841,1878 1841,1876 1843,1874 1849,1874 1850,1875 1851,1875 1852,1876 1852,1878 2104,1878 2104,1869 2106,1867 2145,1867 2146,1866 2147,1866 2148,1865 2152,1865 2152,1843 2150,1841 2148,1841 2143,1836 2143,1834 2097,1834 2095,1832 2095,1825 2093,1825 2091,1823 2091,1821 2040,1821 2038,1819 2038,1803 2036,1803 2034,1801 1961,1801 1959,1803 1957,1803 1957,1819 1955,1821 1952,1821 1950,1819 1950,1801 1860,1801 1858,1803 1856,1803 1856,1806 1854,1808 1852,1808 1852,1819 1851,1820 1850,1820 1849,1821 1738,1821 1737,1820 1736,1820 1735,1819 1735,1801 1731,1797 1665,1797 1661,1801 1643,1801 1643,1817 1641,1819 1626,1819 1624,1817 1624,1801 1621,1801 1619,1799 1619,1797 1556,1797 1556,1799 1554,1801 1543,1801 1543,1806 1542,1807 1541,1807 1540,1808 1512,1808 1512,1817 1510,1819 1503,1819 1501,1821 1360,1821 1358,1819 1358,1806 1357,1805 1357,1793 1356,1792 1356,1780 1355,1779 1355,1772 1356,1771 1470,1771 1471,1770 1471,1769 1472,1768 1501,1768 1501,1742 1499,1742 1497,1740 1497,1738 1472,1738 1471,1737 1471,1736 1470,1735 1470,1716 1472,1714 1475,1714 1475,1694 1394,1694 1394,1709 1393,1710 1392,1710 1391,1711 1358,1711 1358,1714 1356,1716 1352,1716 1351,1715 1351,1712 1350,1711 1350,1699 1349,1698 1349,1686 1348,1685 1348,1672 1347,1671 1347,1666 1348,1665 1510,1665 1512,1663 1549,1663 1551,1665 1707,1665 1708,1666 1708,1667 1709,1668 1709,1670 1744,1670 1746,1672 1746,1694 1812,1694 1812,1692 1813,1691 1813,1690 1814,1689 1836,1689 1836,1672 1838,1670 1937,1670 1937,1668 1938,1667 1938,1666 1939,1665 1942,1665 1943,1666 1943,1667 1944,1668 1944,1670 2025,1670 2027,1672 2108,1672 2108,1665 2110,1663 2150,1663 2153,1660 2153,1632 2099,1632 2097,1630 2097,1615 2058,1615 2057,1614 2056,1614 2055,1613 1944,1613 1942,1615 1935,1615 1933,1613 1882,1613 1880,1611 1880,1591 1878,1591 1876,1589 1812,1589 1810,1591 1808,1591 1808,1611 1806,1613 1731,1613 1729,1611 1729,1608 1657,1608 1657,1611 1656,1612 1655,1612 1654,1613 1648,1613 1646,1615 1643,1615 1641,1613 1639,1613 1637,1611 1637,1608 1591,1608 1589,1606 1589,1584 1516,1584 1516,1611 1518,1611 1519,1612 1520,1612 1521,1613 1521,1630 1520,1631 1519,1631 1518,1632 1516,1632 1514,1630 1514,1615 1512,1615 1510,1613 1481,1613 1479,1611 1479,1608 1315,1608 1314,1607 1313,1607 1312,1606 1312,1589 1273,1589 1272,1588 1271,1588 1269,1586 1268,1586 1266,1584 1265,1584 1263,1582 1262,1582 1260,1580 1259,1580 1257,1578 1256,1578 1254,1576 1253,1576 1251,1574 1250,1574 1248,1572 1247,1572 1245,1570 1244,1570 1242,1568 1241,1568 1239,1566 1238,1566 1236,1564 1235,1564 1234,1563 1235,1562 1297,1562 1299,1560 1343,1560 1345,1562 1461,1562 1462,1561 1463,1561 1464,1560 1646,1560 1648,1562 1790,1562 1792,1560 1836,1560 1838,1562 2064,1562 2066,1564 2066,1573 2145,1573 2145,1569 2146,1568 2147,1568 2148,1567 2152,1567 2152,1536 2148,1536 2147,1535 2146,1535 2145,1534 2110,1534 2108,1532 2108,1529 2106,1529 2104,1527 2104,1510 2097,1510 2095,1508 2095,1505 1900,1505 1898,1503 1830,1503 1828,1505 1827,1504 1826,1504 1825,1503 1825,1486 1746,1486 1746,1503 1744,1505 1742,1503 1742,1486 1657,1486 1657,1501 1656,1502 1655,1502 1654,1503 1591,1503 1589,1505 1573,1505 1571,1503 1503,1503 1501,1505 1468,1505 1466,1503 1420,1503 1418,1501 1418,1486 1343,1486 1343,1503 1341,1505 1326,1505 1325,1504 1324,1504 1323,1503 1323,1486 1304,1486 1301,1483 1301,1481 1238,1481 1238,1501 1236,1503 1234,1503 1233,1502 1232,1502 1231,1501 1231,1499 1203,1499 1202,1498 1204,1496 1205,1496 1208,1493 1209,1493 1212,1490 1213,1490 1216,1487 1217,1487 1220,1484 1221,1484 1224,1481 1225,1481 1228,1478 1229,1478 1232,1475 1233,1475 1236,1472 1237,1472 1240,1469 1241,1469 1244,1466 1245,1466 1248,1463 1249,1463 1252,1460 1253,1460 1256,1457 1365,1457 1367,1459 1367,1477 1457,1477 1457,1459 1459,1457 1497,1457 1497,1455 1499,1453 1518,1453 1519,1454 1520,1454 1521,1455 1521,1477 1611,1477 1611,1459 1613,1457 1924,1457 1926,1459 1990,1459 1992,1457 2106,1457 2108,1455 2108,1448 2110,1446 2152,1446 2152,1437 2153,1436 2153,1418 2106,1418 2105,1417 2105,1416 2104,1415 2104,1407 2099,1407 2098,1406 2098,1405 2097,1404 2097,1402 2093,1402 2091,1400 1983,1400 1981,1398 1981,1378 1900,1378 1900,1380 1899,1381 1899,1382 1898,1383 1891,1383 1889,1385 1887,1385 1887,1398 1885,1400 1817,1400 1816,1399 1815,1399 1814,1398 1814,1378 1733,1378 1733,1398 1731,1400 1725,1400 1724,1401 1723,1401 1722,1402 1718,1402 1716,1400 1396,1400 1394,1398 1394,1396 1307,1396 1305,1394 1305,1392 1304,1391 1304,1390 1303,1389 1303,1388 1302,1387 1302,1386 1301,1385 1301,1383 1300,1382 1300,1381 1299,1380 1299,1379 1298,1378 1298,1377 1297,1376 1297,1375 1296,1374 1296,1372 1295,1371 1295,1370 1296,1369 1310,1369 1310,1352 1312,1350 1348,1350 1348,1348 1349,1347 1349,1346 1350,1345 1461,1345 1464,1348 1464,1350 2139,1350 2139,1348 2140,1347 2140,1346 2141,1345 2145,1345 2145,1339 2146,1338 2147,1338 2148,1337 2152,1337 2152,1317 2148,1317 2147,1316 2146,1316 2145,1315 2145,1297 2141,1293 2045,1293 2044,1292 2043,1292 2042,1291 2042,1273 1966,1273 1966,1291 1965,1292 1964,1292 1963,1293 1828,1293 1827,1292 1826,1292 1825,1291 1753,1291 1751,1293 1687,1293 1685,1291 1685,1273 1608,1273 1608,1291 1606,1293 1600,1293 1599,1292 1598,1292 1597,1291 1560,1291 1559,1290 1559,1289 1558,1288 1558,1273 1477,1273 1477,1288 1476,1289 1476,1290 1475,1291 1440,1291 1437,1288 1437,1273 1361,1273 1360,1272 1359,1272 1358,1271 1282,1271 1282,1291 1280,1293 1268,1293 1267,1292 1267,1287 1266,1286 1266,1271 1265,1270 1265,1256 1264,1255 1264,1245 1265,1244 1383,1244 1383,1242 1385,1240 1413,1240 1415,1242 1415,1244 2016,1244 2017,1245 2017,1246 2018,1247 2091,1247 2092,1246 2092,1245 2093,1244 2139,1244 2139,1242 2141,1240 2145,1240 2145,1236 2146,1235 2147,1235 2148,1234 2152,1234 2152,1212 2148,1212 2145,1209 2145,1187 2141,1187 2139,1185 2139,1183 2073,1183 2073,1185 2071,1187 2053,1187 2051,1185 2051,1170 2049,1170 2047,1168 1974,1168 1972,1170 1913,1170 1911,1168 1766,1168 1766,1187 1765,1188 1765,1189 1764,1190 1731,1190 1730,1189 1730,1188 1729,1187 1700,1187 1698,1185 1698,1163 1617,1163 1614,1166 1614,1167 1611,1170 1608,1170 1608,1172 1606,1174 1604,1174 1604,1185 1602,1187 1578,1187 1577,1186 1576,1186 1575,1185 1575,1168 1494,1168 1494,1185 1492,1187 1481,1187 1479,1185 1479,1183 1378,1183 1378,1185 1376,1187 1343,1187 1341,1185 1341,1170 1339,1170 1337,1168 1271,1168 1270,1167 1270,1165 1271,1164 1271,1161 1272,1160 1272,1157 1273,1156 1273,1153 1274,1152 1274,1150 1275,1149 1275,1146 1276,1145 1276,1142 1277,1141 1277,1138 1278,1137 1510,1137 1512,1139 1512,1159 1597,1159 1597,1139 1598,1138 1599,1138 1600,1137 1606,1137 1608,1135 1624,1135 1626,1137 1703,1137 1705,1135 1707,1135 1707,1133 1709,1131 1711,1131 1711,1120 1714,1117 1716,1117 1717,1118 1717,1119 1718,1120 1718,1131 1720,1133 1720,1137 1722,1137 1723,1138 1724,1138 1725,1139 1725,1141 1790,1141 1790,1139 1792,1137 1937,1137 1939,1139 1939,1161 2029,1161 2031,1159 2034,1159 2034,1139 2036,1137 2060,1137 2062,1139 2062,1161 2132,1161 2134,1159 2139,1159 2139,1139 2134,1139 2132,1137 2134,1135 2141,1135 2143,1133 2143,1113 2145,1111 2145,1091 2143,1089 2143,1084 2141,1084 2139,1082 2139,1080 2005,1080 2005,1082 2003,1084 1939,1084 1938,1085 1938,1086 1937,1087 1935,1087 1934,1086 1934,1085 1933,1084 1931,1084 1930,1083 1929,1083 1928,1082 1928,1080 1926,1080 1924,1078 1924,1060 1852,1060 1852,1078 1851,1079 1850,1079 1849,1080 1534,1080 1532,1078 1532,1060 1464,1060 1461,1063 1433,1063 1431,1065 1429,1065 1429,1078 1428,1079 1427,1079 1426,1080 1424,1080 1422,1078 1422,1060 1339,1060 1338,1059 1343,1054 1344,1054 1355,1043 1356,1043 1367,1032 1784,1032 1786,1034 1854,1034 1856,1032 1898,1032 1900,1034 2064,1034 2066,1032 2141,1032 2143,1030 2143,1010 2139,1006 2132,1006 2131,1005 2131,1004 2130,1003 2132,1001 2141,1001 2143,999 2143,995 2144,994 2144,993 2145,992 2145,975 2143,973 2143,971 2099,971 2098,970 2098,969 2097,968 2097,953 2095,951 2031,951 2029,953 2027,953 2027,955 2025,957 2023,957 2023,968 2020,971 1992,971 1992,973 1990,975 1961,975 1959,973 1959,957 1957,957 1955,955 1955,953 1952,953 1950,951 1878,951 1876,953 1869,953 1869,955 1867,957 1865,957 1865,960 1863,962 1860,962 1860,973 1858,975 1718,975 1716,973 1716,962 1714,962 1713,961 1712,961 1711,960 1711,955 1709,953 1630,953 1626,957 1621,957 1621,960 1619,962 1617,962 1617,966 1615,968 1613,968 1613,992 1615,992 1616,993 1616,994 1617,995 1617,999 1615,1001 1613,1001 1611,999 1582,999 1580,997 1580,977 1573,977 1571,975 1547,975 1545,973 1545,971 1477,971 1477,973 1475,975 1412,975 1411,974 1411,973 1407,969 1407,968 1402,963 1402,962 1398,958 1398,957 1393,952 1393,951 1389,947 1389,927 1390,926 1390,925 1391,924 1514,924 1514,922 1516,920 1518,920 1519,921 1520,921 1521,922 1521,924 1632,924 1635,927 1635,929 1777,929 1777,927 1778,926 1778,925 1779,924 1849,924 1849,920 1850,919 1851,919 1852,918 1854,918 1856,920 1858,920 1860,922 1860,924 1863,924 1864,925 1864,926 1865,927 1865,929 1946,929 1946,927 1947,926 1947,925 1948,924 2132,924 2134,922 2135,922 2137,920 2139,920 2141,918 2143,918 2143,874 2141,874 2139,872 2134,872 2132,870 2040,870 2039,869 2039,868 2038,867 2038,865 1970,865 1970,867 1969,868 1969,869 1968,870 1878,870 1876,872 1860,872 1858,874 1856,874 1854,872 1854,870 1817,870 1814,867 1814,850 1812,848 1683,848 1683,867 1682,868 1682,869 1681,870 1639,870 1638,869 1638,868 1637,867 1637,865 1639,863 1646,863 1646,846 1560,846 1560,863 1562,863 1564,865 1564,867 1563,868 1563,869 1562,870 1525,870 1523,872 1516,872 1514,874 1512,874 1510,872 1508,872 1507,871 1506,871 1505,870 1505,861 1503,861 1501,859 1501,854 1499,854 1497,852 1497,850 1494,850 1492,848 1424,848 1422,850 1398,850 1398,852 1396,854 1394,852 1394,848 1343,848 1342,847 1342,843 1343,842 1343,831 1344,830 1344,822 1345,821 1394,821 1394,819 1396,817 1514,817 1516,819 1516,821 1589,821 1589,819 1591,817 1637,817 1637,815 1639,813 1641,813 1641,786 1639,786 1637,784 1637,769 1635,769 1634,768 1633,768 1632,767 1630,767 1629,766 1629,765 1628,764 1628,762 1547,762 1545,760 1545,745 1543,745 1542,744 1541,744 1540,743 1411,743 1410,742 1410,741 1409,740 1409,738 1337,738 1337,740 1334,743 1332,743 1332,746 1331,747 1330,746 1330,745 1329,744 1329,742 1328,741 1328,740 1327,739 1327,738 1326,737 1326,735 1325,734 1325,733 1324,732 1324,730 1323,729 1323,728 1322,727 1322,725 1321,724 1321,723 1320,722 1320,720 1319,719 1319,718 1318,717 1318,716 1317,715 1317,713 1318,712 1422,712 1424,714 1424,734 1426,734 1427,735 1428,735 1429,736 1497,736 1499,734 1501,734 1501,727 1503,725 1505,725 1505,718 1506,717 1507,717 1508,716 1637,716 1637,714 1639,712 1744,712 1746,714 1746,716 1825,716 1825,714 1826,713 1827,713 1828,712 1841,712 1842,713 1842,729 1841,730 1841,742 1840,743 1777,743 1775,745 1773,745 1773,760 1771,762 1725,762 1724,761 1723,761 1722,760 1722,758 1657,758 1657,760 1656,761 1655,761 1654,762 1652,762 1650,764 1650,765 1648,767 1648,789 1650,789 1652,791 1652,817 1657,817 1661,821 1733,821 1733,819 1735,817 1810,817 1812,819 1812,821 1902,821 1903,822 1903,823 1904,824 1904,837 1972,837 1972,835 1973,834 1973,833 1974,832 1981,832 1981,830 1983,828 1985,828 1986,827 1987,827 1988,826 1990,826 1990,797 1988,797 1987,796 1986,796 1985,795 1985,793 1979,793 1977,791 1931,791 1930,790 1929,790 1928,789 1928,786 1929,785 1933,785 1934,784 1950,784 1951,783 1967,783 1968,782 1984,782 1985,781 2000,781 2001,782 2001,813 2003,813 2005,815 2012,815 2014,817 2143,817 2143,793 2141,793 2139,791 2139,786 2141,784 2143,784 2143,762 2112,762 2110,760 2110,745 2108,743 2023,743 2022,744 2021,744 2020,745 2018,745 2018,747 2016,749 2014,749 2014,767 2012,769 2005,769 2005,773 2003,775 2001,775 2001,778 2000,779 1985,779 1984,780 1968,780 1967,781 1951,781 1950,782 1934,782 1933,783 1925,783 1924,782 1924,767 1882,767 1881,766 1881,765 1880,764 1880,762 1878,762 1876,760 1876,758 1852,758 1851,757 1850,757 1849,756 1849,745 1847,745 1845,743 1844,743 1843,742 1843,730 1844,729 1844,713 1845,712 2132,712 2134,710 2139,710 2139,707 2141,705 2143,705 2143,683 2134,683 2132,681 2134,679 2139,679 2139,655 2128,655 2126,653 2018,653 2016,655 1983,655 1981,653 1917,653 1915,655 1913,655 1911,653 1911,635 1909,635 1908,634 1907,634 1906,633 1906,631 1849,631 1848,630 1848,610 1849,609 1849,608 1850,607 1977,607 1977,604 1979,602 2001,602 2003,604 2003,605 2005,607 2117,607 2117,604 2119,602 2130,602 2132,600 2132,585 2134,583 2139,583 2139,556 2134,556 2132,554 2132,552 2130,550 2123,550 2122,549 2122,548 2121,547 2121,545 1895,545 1895,547 1894,548 1894,549 1893,550 1738,550 1735,547 1735,526 1657,526 1657,547 1654,550 1621,550 1619,552 1613,552 1613,554 1611,556 1604,556 1604,558 1603,559 1603,560 1602,561 1600,561 1600,578 1599,579 1576,579 1575,578 1575,556 1573,556 1571,554 1571,552 1564,552 1562,550 1358,550 1356,552 1356,576 1358,578 1358,598 1360,600 1361,600 1363,602 1363,607 1433,607 1434,608 1433,609 1432,609 1431,610 1429,610 1428,611 1427,611 1426,612 1425,612 1424,613 1423,613 1422,614 1421,614 1420,615 1419,615 1418,616 1417,616 1416,617 1414,617 1413,618 1412,618 1411,619 1410,619 1409,620 1408,620 1407,621 1406,621 1405,622 1404,622 1403,623 1402,623 1401,624 1399,624 1398,625 1397,625 1396,626 1395,626 1394,627 1393,627 1392,628 1391,628 1390,629 1389,629 1388,630 1387,630 1386,631 1384,631 1383,632 1382,632 1381,633 1380,633 1379,634 1378,634 1377,635 1376,635 1375,636 1374,636 1373,637 1371,637 1370,638 1369,638 1368,639 1367,639 1366,640 1365,640 1364,641 1363,641 1362,642 1361,642 1360,643 1359,643 1358,644 1356,644 1355,645 1354,644 1354,635 1285,635 1284,634 1284,633 1283,632 1283,631 1282,630 1282,629 1281,628 1281,626 1280,625 1280,624 1279,623 1279,621 1278,620 1278,619 1277,618 1277,617 1276,616 1276,614 1275,613 1275,612 1274,611 1274,609 1273,608 1274,607 1345,607 1345,604 1346,603 1347,603 1348,602 1348,585 1343,585 1341,583 1341,574 1343,572 1345,572 1345,552 1343,552 1341,550 1341,537 1339,537 1338,536 1338,535 1337,534 1337,530 1336,529 1335,529 1334,528 1251,528 1251,530 1249,532 1247,532 1247,534 1244,537 1242,537 1240,539 1238,539 1238,547 1237,548 1237,549 1236,550 1230,550 1229,549 1228,549 1226,547 1225,547 1224,546 1223,546 1221,544 1220,544 1218,542 1217,542 1216,541 1215,541 1213,539 1212,539 1210,537 1209,537 1208,536 1207,536 1205,534 1204,534 1202,532 1201,532 1200,531 1199,531 1197,529 1196,529 1194,527 1193,527 1192,526 1191,526 1189,524 1188,524 1186,522 1185,522 1184,521 1183,521 1181,519 1180,519 1178,517 1177,517 1176,516 1175,516 1173,514 1172,514 1170,512 1169,512 1168,511 1167,511 1165,509 1164,509 1162,507 1161,507 1160,506 1159,506 1158,505 1159,504 1280,504 1280,501 1282,499 1391,499 1392,500 1393,500 1394,501 1394,504 1836,504 1841,499 2132,499 2132,477 2130,475 2130,473 2123,473 2121,471 2123,469 2132,469 2137,464 2139,464 2139,436 2134,436 2133,435 2133,434 2132,433 2071,433 2070,434 2070,435 2069,436 2018,436 2018,438 2016,440 1979,440 1977,438 1977,436 1904,436 1904,438 1902,440 1895,440 1893,438 1893,436 1828,436 1826,438 1825,438 1823,440 1821,440 1821,442 1819,444 1808,444 1806,442 1806,423 1720,423 1718,425 1718,444 1717,445 1717,446 1716,447 1709,447 1708,446 1708,445 1707,444 1630,444 1628,442 1628,425 1564,425 1562,423 1494,423 1492,425 1481,425 1481,431 1479,433 1477,433 1476,434 1476,435 1475,436 1472,436 1472,444 1471,445 1471,446 1470,447 1455,447 1454,446 1454,445 1453,444 1418,444 1417,443 1416,443 1415,442 1415,433 1411,433 1409,431 1409,429 1334,429 1332,431 1332,442 1330,444 1273,444 1272,445 1272,446 1271,447 1255,447 1254,446 1254,445 1253,444 1084,444 1083,445 1083,446 1082,447 992,447 990,449 962,449 962,451 960,453 957,453 957,455 956,456 956,457 955,458 955,469 953,471 951,469 951,453 948,450 947,450 944,447 929,447 928,446 928,445 927,444 927,427 925,425 924,425 922,423"/><TextEquiv><Unicode/></TextEquiv><TextLine id="r2_l001"><Coords points="519,432 2111,432 2111,521 519,521"/><TextEquiv index="1"><Unicode>promee, que tu m'as faite de tracer</Unicode></TextEquiv></TextLine><TextLine id="r2_l002"><Coords points="519,535 2111,535 2111,624 519,624"/><TextEquiv index="1"><Unicode>on portrait, et une charmante</Unicode></TextEquiv></TextLine><TextLine id="r2_l003"><Coords points="519,641 2115,641 2115,730 519,730"/><TextEquiv index="1"><Unicode>tche  remplir: les yeux ne eront</Unicode></TextEquiv></TextLine><TextLine id="r2_l004"><Coords points="519,747 2115,747 2115,840 519,840"/><TextEquiv index="1"><Unicode>frapps que d'agrables traits, &amp;</Unicode></TextEquiv></TextLine><TextLine id="r2_l005"><Coords points="519,854 2115,854 2115,943 519,943"/><TextEquiv index="1"><Unicode>ton pinceau n'a qu' choiir entre</Unicode></TextEquiv></TextLine><TextLine id="r2_l006"><Coords points="519,960 2119,960 2119,1049 519,1049"/><TextEquiv index="1"><Unicode>les plus belles couleurs. Sans ortir</Unicode></TextEquiv></TextLine><TextLine id="r2_l007"><Coords points="519,1066 2119,1066 2119,1155 519,1155"/><TextEquiv index="1"><Unicode>de l'allgorie, n'et-il pas vrai que</Unicode></TextEquiv></TextLine><TextLine id="r2_l008"><Coords points="519,1172 2124,1172 2124,1262 519,1262"/><TextEquiv index="1"><Unicode>i les peintres avoient de emblables</Unicode></TextEquiv></TextLine><TextLine id="r2_l009"><Coords points="519,1275 2124,1275 2124,1364 519,1364"/><TextEquiv index="1"><Unicode>modeles, ils e plaindroient moins</Unicode></TextEquiv></TextLine><TextLine id="r2_l010"><Coords points="519,1385 2128,1385 2128,1471 519,1471"/><TextEquiv index="1"><Unicode>ouvent de l'amour-propre des fem-</Unicode></TextEquiv></TextLine><TextLine id="r2_l011"><Coords points="519,1491 2124,1491 2124,1567 519,1567"/><TextEquiv index="1"><Unicode>mes, &amp; ur-tout de leurs adulateurs,</Unicode></TextEquiv></TextLine><TextLine id="r2_l012"><Coords points="519,1594 2128,1594 2128,1687 519,1687"/><TextEquiv index="1"><Unicode>qui trouvent toujours la copie au-</Unicode></TextEquiv></TextLine><TextLine id="r2_l013"><Coords points="523,1704 1474,1704 1474,1789 523,1789"/><TextEquiv index="1"><Unicode>deous de l'original.</Unicode></TextEquiv></TextLine><TextLine id="r2_l014"><Coords points="637,1805 2124,1805 2124,1896 637,1896"/><TextEquiv index="1"><Unicode>Ta jute etime pour le bon Sain-</Unicode></TextEquiv></TextLine><TextLine id="r2_l015"><Coords points="515,1913 2119,1913 2119,2002 515,2002"/><TextEquiv index="1"><Unicode>tr me donne lieu de pener que</Unicode></TextEquiv></TextLine><TextLine id="r2_l016"><Coords points="519,2022 2119,2022 2119,2108 519,2108"/><TextEquiv index="1"><Unicode>tu feras une admirable peinture de</Unicode></TextEquiv></TextLine><TextLine id="r2_l017"><Coords points="519,2125 2124,2125 2124,2214 519,2214"/><TextEquiv index="1"><Unicode>es vertus: mais i le portrait toit</Unicode></TextEquiv></TextLine><TextLine id="r2_l018"><Coords points="515,2232 2128,2232 2128,2331 515,2331"/><TextEquiv index="1"><Unicode>plus beau que celui de Luzan, je</Unicode></TextEquiv></TextLine><TextLine id="r2_l019"><Coords points="519,2334 2124,2334 2124,2427 519,2427"/><TextEquiv index="1"><Unicode>t'avoue que mon cur eroit eni-</Unicode></TextEquiv></TextLine><TextLine id="r2_l020"><Coords points="515,2441 1378,2441 1378,2520 515,2520"/><TextEquiv index="1"><Unicode>blement ble ...</Unicode></TextEquiv></TextLine><TextLine id="r2_l021"><Coords points="1409,2441 2119,2441 2119,2530 1409,2530"/><TextEquiv index="1"><Unicode>je dis mon</Unicode></TextEquiv></TextLine><TextLine id="r2_l022"><Coords points="523,2547 2119,2547 2119,2639 523,2639"/><TextEquiv index="1"><Unicode>cur, chere Henriette; ne oup-</Unicode></TextEquiv></TextLine><TextLine id="r2_l023"><Coords points="519,2660 2119,2660 2119,2759 519,2759"/><TextEquiv index="1"><Unicode>onnes-tu point que ce ft plus tt</Unicode></TextEquiv></TextLine></TextRegion><TextRegion id="r3" orientation="0.0" type="page-number"><Coords points="572,300 569,302 561,302 561,311 558,313 558,315 556,317 523,317 521,320 504,320 504,348 508,348 510,350 510,355 508,357 506,357 504,359 504,381 707,381 707,379 710,377 716,377 716,374 718,372 721,372 723,370 725,370 725,344 714,344 712,341 712,326 710,326 707,324 707,320 668,320 666,317 666,311 661,311 659,309 659,306 657,306 655,304 655,302 653,300"/><TextEquiv><Unicode/></TextEquiv><TextLine id="r3_l001"><Coords points="536,309 698,309 698,374 536,374"/><TextEquiv index="1"><Unicode>a</Unicode></TextEquiv></TextLine></TextRegion></Page></PcGts>