2480 3507
297 418 1897 514 futile prcaution de celles qui em-
305 531 1914 621 pruntent la couleur du Iys & de la
305 634 1901 723 roe pour e faire peindre, de ma-
310 744 1906 830 niere, que i elles oublioient mal-
305 843 1910 946 heureuement un jour de e revtir
318 950 1910 1042 de ce charme factice, le portrait
314 1056 1827 1148 ne reembleroit plus au modele.
427 1166 1910 1234 Le chevalier emmene Saintr
323 1268 1914 1364 chez on grand-pere. J'aurois deir
318 1382 1914 1467 qu'il rett, pour m'entretenir avec
310 1484 1919 1573 ti de on prcieux ami, comme il
318 1594 1919 1680 le nomme. Mais, outre qu'il eroit
323 1693 1919 1783 cruel de priver Luzan de la eule
323 1800 1919 1885 douceur qu'il aura dans un lieu o
323 1903 1923 1992 il e dplait, j'aime mieux que ce
323 2005 1936 2098 oit lui qui ait l'occaion de parler
327 2115 1932 2204 de moi ans cee. Tu devines ai-
331 2221 1932 2310 ment la raion de cette prfrence;
331 2328 1927 2417 ajoute  cela le plaiir que j'ai de
270 2434 1936 2523 paroitre gnreue au chevalier, en
336 2537 1936 2629 refuant le acrifice qu'il vouloit
331 2646 1949 2739 me faire de la compagnie de on
449 2753 829 2825 Partie I.
1727 305 1879 387 Ls.
