<PcGts xmlns="http://schema.primaresearch.org/PAGE/gts/pagecontent/2017-07-15" xmlns:xsi="http://www.w3.org/2001/XMLSchema-instance" xsi:schemaLocation="http://schema.primaresearch.org/PAGE/gts/pagecontent/2017-07-15 http://schema.primaresearch.org/PAGE/gts/pagecontent/2017-07-15/pagecontent.xsd"><Metadata><Creator/><Created>2020-09-14T11:12:16</Created><LastChange>1970-01-01T00:00:00</LastChange><Comments/></Metadata><Page imageFilename="0194.png" imageHeight="3507" imageWidth="2480"><ReadingOrder><OrderedGroup id="g1"><RegionRefIndexed index="0" regionRef="r2"/><RegionRefIndexed index="1" regionRef="r3"/></OrderedGroup></ReadingOrder><ImageRegion id="r1"><Coords points="1038,293 1036,295 986,295 986,298 984,300 981,300 981,322 984,322 986,324 986,328 988,328 990,330 990,335 992,335 995,337 995,348 992,350 986,350 986,372 990,377 1271,377 1273,374 1275,377 1341,377 1341,374 1343,372 1444,372 1446,374 1446,377 1538,377 1538,374 1540,372 1632,372 1635,374 1635,377 1641,377 1643,379 1643,381 1841,381 1841,374 1843,372 1858,372 1860,370 1867,370 1867,366 1869,363 1871,363 1871,341 1869,341 1867,339 1867,337 1847,337 1845,335 1845,324 1847,322 1871,322 1871,300 1797,300 1797,311 1795,313 1735,313 1735,315 1733,317 1646,317 1643,315 1643,313 1641,313 1639,311 1543,311 1540,313 1538,311 1455,311 1453,313 1446,313 1446,315 1444,317 1442,315 1442,313 1440,313 1437,311 1437,306 1367,306 1363,311 1363,324 1361,326 1356,326 1354,324 1354,317 1343,317 1341,315 1341,313 1242,313 1240,311 1240,300 1170,300 1170,315 1168,317 1111,317 1109,315 1109,295 1106,295 1104,293"/></ImageRegion><TextRegion id="r2" type="page-number" orientation="-0.0"><Coords points="670,293 668,295 666,295 666,300 664,302 661,302 661,304 659,306 609,306 609,315 607,317 600,317 600,339 602,339 604,341 604,346 607,346 609,348 607,350 604,350 604,352 602,355 596,355 596,377 692,377 692,374 694,372 721,372 723,374 723,377 806,377 806,374 808,372 815,372 817,370 819,370 819,335 821,333 824,333 824,330 826,328 828,328 828,302 826,302 824,300 756,300 754,298 754,295 743,295 740,293"/><TextEquiv><Unicode/></TextEquiv><TextLine id="r2_l001"><Coords points="627,302 798,302 798,370 627,370"/><TextEquiv index="1"><Unicode>ie</Unicode></TextEquiv></TextLine></TextRegion><TextRegion id="r3" type="paragraph" orientation="-0.0"><Coords points="1358,416 1358,418 1356,420 1354,420 1353,421 1353,422 1352,423 1350,423 1350,427 1348,429 1345,429 1345,442 1343,444 1341,444 1340,445 1340,446 1339,447 1337,447 1337,464 1339,464 1341,466 1341,471 1339,473 1337,471 1337,469 1334,469 1333,468 1333,467 1332,466 1332,464 1264,464 1262,462 1262,447 1260,447 1259,446 1259,445 1258,444 1255,444 1253,442 1253,440 1225,440 1223,438 1223,420 1148,420 1147,421 1147,422 1146,423 1144,423 1144,438 1143,439 1142,439 1141,440 1124,440 1122,438 1122,420 1034,420 1033,421 1033,422 1032,423 1025,423 1025,427 1023,429 1021,429 1021,442 1019,444 971,444 970,443 969,443 968,442 968,420 841,420 840,421 840,422 839,423 837,423 837,451 861,451 863,453 863,471 861,473 854,473 854,493 857,493 859,495 859,497 927,497 929,499 1058,499 1060,501 1060,521 1115,521 1117,523 1116,524 1116,525 1115,526 1113,526 1113,530 1111,532 1109,532 1109,534 1106,537 1104,537 1104,543 1102,545 1017,545 1017,547 1014,550 1013,549 1013,548 1012,547 1012,545 979,545 977,543 977,528 975,528 973,526 889,526 889,547 888,548 888,549 887,550 886,549 886,548 885,547 885,545 843,545 841,543 841,526 771,526 769,528 726,528 725,527 725,506 724,505 724,500 725,499 837,499 839,497 841,497 841,473 839,473 837,471 837,469 835,469 832,466 832,464 813,464 812,463 811,463 810,462 810,423 732,423 732,442 731,443 730,443 729,444 677,444 675,442 675,440 591,440 591,442 589,444 587,444 587,464 589,464 591,466 591,497 593,497 594,498 595,498 596,499 721,499 722,500 722,504 723,505 723,527 722,528 701,528 701,543 699,545 672,545 670,543 670,537 600,537 600,547 599,548 599,549 598,550 583,550 583,572 589,572 591,574 591,602 589,604 587,604 587,626 679,626 679,604 681,602 703,602 705,604 705,607 725,607 726,608 726,617 727,618 727,633 725,635 723,635 723,653 721,655 720,654 719,654 718,653 672,653 671,652 671,651 670,650 670,648 596,648 596,650 593,653 587,653 587,681 589,681 591,683 591,705 593,705 594,706 595,706 596,707 596,710 633,710 635,712 729,712 730,713 730,729 731,730 731,757 730,758 712,758 710,756 710,738 613,738 613,756 611,758 596,758 596,760 595,761 594,761 593,762 591,762 591,767 589,769 587,769 587,802 589,802 591,804 591,813 593,813 594,814 595,814 596,815 602,815 604,817 733,817 734,818 734,841 735,842 735,864 734,865 677,865 675,863 675,861 659,861 657,859 657,848 591,848 591,863 589,865 583,865 583,887 585,887 587,889 587,896 585,898 583,898 583,918 585,918 587,920 726,920 727,921 727,922 726,923 726,926 725,927 725,930 724,931 724,934 723,935 723,938 722,939 722,942 721,943 721,946 720,947 720,950 719,951 719,952 718,953 697,953 697,966 696,967 695,967 694,968 604,968 603,969 603,970 602,971 596,971 596,973 595,974 594,974 593,975 587,975 585,977 583,977 583,1014 585,1014 586,1015 586,1016 587,1017 587,1021 589,1021 591,1023 598,1023 600,1025 600,1027 607,1027 608,1028 608,1029 609,1030 609,1047 705,1047 706,1048 705,1049 705,1063 704,1064 704,1073 703,1074 596,1074 596,1076 595,1077 594,1077 593,1078 578,1078 578,1095 580,1095 583,1098 583,1100 585,1100 587,1102 587,1126 585,1128 583,1128 583,1155 602,1155 604,1157 604,1159 675,1159 675,1137 677,1135 699,1135 700,1136 700,1140 699,1141 699,1156 698,1157 698,1158 697,1159 692,1159 692,1161 690,1163 688,1163 688,1174 687,1175 687,1176 686,1177 648,1177 648,1179 646,1181 583,1181 583,1205 585,1205 587,1207 587,1212 585,1214 583,1214 583,1238 692,1238 693,1239 693,1248 692,1249 692,1264 691,1265 691,1279 690,1280 690,1281 689,1282 648,1282 648,1284 646,1286 600,1286 600,1288 599,1289 599,1290 598,1291 591,1291 591,1295 589,1297 587,1297 587,1332 589,1332 591,1334 591,1341 598,1341 600,1343 607,1343 609,1345 609,1365 701,1365 701,1343 703,1341 725,1341 727,1343 802,1343 804,1341 806,1341 806,1339 808,1337 810,1337 810,1316 811,1315 817,1315 818,1316 817,1317 815,1317 815,1341 918,1341 920,1343 946,1343 947,1344 947,1346 948,1347 948,1356 949,1357 949,1364 948,1365 885,1365 885,1385 887,1385 889,1387 887,1389 703,1389 701,1387 701,1369 609,1369 609,1387 607,1389 596,1389 596,1391 593,1394 591,1394 589,1396 587,1396 587,1400 585,1402 583,1402 583,1422 585,1422 587,1424 587,1435 589,1435 591,1437 591,1440 593,1440 594,1441 595,1441 596,1442 598,1442 600,1444 600,1446 956,1446 957,1447 957,1450 958,1451 958,1460 959,1461 959,1470 960,1471 960,1481 961,1482 961,1491 962,1492 962,1496 961,1497 953,1497 952,1496 952,1495 951,1494 951,1475 949,1475 946,1472 876,1472 876,1490 874,1492 832,1492 832,1494 831,1495 831,1496 830,1497 786,1497 785,1496 785,1495 784,1494 784,1492 714,1492 714,1494 713,1495 713,1496 712,1497 694,1497 693,1496 693,1495 692,1494 692,1492 618,1492 618,1494 615,1497 604,1497 602,1499 600,1499 600,1501 598,1503 596,1503 596,1538 598,1538 600,1540 600,1543 602,1543 604,1545 611,1545 613,1547 613,1549 966,1549 967,1550 967,1553 968,1554 968,1564 969,1565 969,1574 970,1575 970,1584 971,1585 971,1595 972,1596 972,1599 971,1600 940,1600 939,1599 939,1598 938,1597 938,1595 863,1595 863,1597 862,1598 862,1599 861,1600 677,1600 676,1599 676,1598 675,1597 675,1578 664,1578 661,1575 583,1575 583,1597 585,1597 586,1598 586,1599 587,1600 585,1602 583,1602 583,1621 589,1621 590,1622 590,1623 591,1624 591,1628 589,1630 587,1630 587,1652 637,1652 638,1653 639,1653 640,1654 837,1654 839,1652 870,1652 872,1654 976,1654 977,1655 977,1657 978,1658 978,1667 979,1668 979,1678 980,1679 980,1682 979,1683 920,1683 920,1692 918,1694 916,1692 892,1692 889,1689 889,1683 887,1683 885,1681 815,1681 813,1683 810,1683 810,1714 808,1716 806,1714 806,1711 804,1711 802,1709 802,1707 800,1707 799,1706 798,1706 797,1705 718,1705 716,1707 712,1707 710,1705 644,1705 642,1707 596,1707 596,1709 595,1710 594,1710 593,1711 591,1711 591,1714 589,1716 587,1716 587,1720 585,1722 583,1722 583,1751 585,1751 587,1753 587,1757 589,1757 590,1758 590,1759 591,1760 591,1762 607,1762 609,1764 609,1786 697,1786 697,1784 698,1783 698,1782 699,1781 701,1781 701,1764 703,1762 721,1762 723,1764 723,1766 786,1766 788,1764 789,1764 791,1762 802,1762 802,1760 803,1759 803,1758 804,1757 806,1757 806,1740 808,1738 810,1738 810,1733 811,1732 812,1732 813,1731 815,1733 815,1786 889,1786 889,1764 890,1763 891,1763 892,1762 1025,1762 1031,1768 1032,1768 1040,1776 1041,1776 1049,1784 1050,1784 1057,1791 1058,1791 1066,1799 1067,1799 1074,1806 1074,1812 1073,1813 1072,1813 1071,1814 1069,1812 1069,1810 981,1810 981,1812 979,1814 962,1814 960,1812 960,1801 957,1801 955,1799 955,1797 953,1797 951,1795 881,1795 880,1796 879,1796 878,1797 876,1797 876,1808 874,1810 839,1810 837,1808 837,1790 727,1790 727,1792 726,1793 726,1794 725,1795 701,1795 699,1797 697,1797 697,1808 696,1809 695,1809 694,1810 591,1810 591,1812 589,1814 587,1814 587,1817 585,1819 583,1819 583,1823 582,1824 581,1824 580,1825 578,1825 578,1860 580,1860 583,1863 583,1865 585,1865 587,1867 598,1867 600,1869 600,1889 697,1889 697,1869 699,1867 900,1867 901,1868 902,1868 903,1869 903,1880 981,1880 982,1879 983,1879 984,1878 986,1878 986,1874 987,1873 987,1872 988,1871 990,1871 990,1869 992,1867 1143,1867 1147,1871 1148,1871 1156,1879 1157,1879 1165,1887 1166,1887 1174,1895 1175,1895 1183,1903 1184,1903 1192,1911 1193,1911 1198,1916 1197,1917 1166,1917 1166,1920 1165,1921 1164,1921 1163,1922 1161,1922 1159,1924 1157,1924 1157,1926 1155,1928 1154,1927 1153,1927 1152,1926 1152,1924 1150,1924 1148,1922 1146,1922 1144,1920 1144,1917 975,1917 973,1915 973,1898 971,1898 968,1895 968,1893 903,1893 903,1895 900,1898 898,1898 898,1909 896,1911 867,1911 865,1913 740,1913 740,1915 738,1917 712,1917 710,1915 710,1913 672,1913 670,1911 670,1898 668,1898 667,1897 667,1896 666,1895 666,1893 583,1893 583,1970 712,1970 714,1972 714,1992 716,1992 718,1994 802,1994 802,1972 804,1970 957,1970 958,1971 959,1971 960,1972 960,1974 957,1977 955,1977 955,1994 966,1994 968,1996 968,1998 967,1999 967,2000 966,2001 955,2001 955,2005 953,2007 951,2007 951,2009 950,2010 950,2011 949,2012 946,2012 946,2023 944,2025 942,2025 940,2027 938,2025 938,2020 854,2020 854,2023 852,2025 826,2025 824,2023 824,2020 758,2020 758,2023 756,2025 751,2025 749,2023 749,2020 668,2020 666,2018 666,2016 587,2016 587,2018 585,2020 569,2020 569,2042 589,2042 590,2043 590,2044 591,2045 591,2049 589,2051 587,2051 587,2073 664,2073 666,2075 749,2075 751,2073 756,2073 758,2075 933,2075 935,2073 938,2073 940,2071 942,2073 944,2073 946,2075 1161,2075 1163,2073 1164,2074 1165,2074 1166,2075 1166,2097 1168,2097 1170,2099 1249,2099 1249,2080 1247,2080 1244,2077 1245,2076 1246,2076 1247,2075 1282,2075 1284,2077 1284,2080 1353,2080 1354,2081 1354,2082 1357,2085 1357,2086 1360,2089 1360,2090 1363,2093 1363,2094 1365,2096 1365,2097 1368,2100 1368,2101 1371,2104 1371,2105 1373,2107 1373,2108 1376,2111 1376,2112 1379,2115 1379,2116 1382,2119 1382,2120 1384,2122 1384,2123 1385,2124 1385,2126 1383,2128 1380,2128 1380,2134 1379,2135 1379,2136 1378,2137 1376,2137 1376,2141 1374,2143 1372,2143 1372,2152 1371,2153 1370,2153 1369,2154 1356,2154 1354,2152 1354,2130 1343,2130 1341,2128 1341,2123 1271,2123 1271,2126 1269,2128 1093,2128 1091,2126 1091,2106 1084,2106 1082,2104 1017,2104 1016,2105 1015,2105 1014,2106 981,2106 979,2108 973,2108 973,2110 971,2112 968,2112 968,2117 966,2119 964,2119 964,2126 962,2128 960,2128 960,2148 959,2149 958,2149 957,2150 953,2150 951,2148 951,2123 881,2123 881,2126 880,2127 879,2127 878,2128 852,2128 850,2126 850,2123 681,2123 679,2121 679,2115 677,2115 676,2114 676,2113 675,2112 675,2108 604,2108 604,2117 602,2119 600,2119 600,2126 598,2128 591,2128 591,2130 589,2132 587,2132 587,2169 589,2169 590,2170 590,2171 591,2172 593,2172 594,2173 595,2173 596,2174 596,2176 642,2176 644,2178 900,2178 901,2179 902,2179 903,2180 903,2183 973,2183 973,2180 975,2178 977,2178 979,2176 981,2178 997,2178 999,2180 999,2183 1135,2183 1135,2180 1137,2178 1177,2178 1179,2180 1179,2183 1312,2183 1313,2184 1314,2184 1315,2185 1315,2189 1317,2189 1319,2191 1319,2194 1385,2194 1385,2191 1387,2189 1390,2189 1391,2190 1390,2191 1390,2193 1389,2194 1389,2196 1388,2197 1388,2199 1387,2200 1387,2202 1386,2203 1386,2205 1385,2206 1385,2208 1384,2209 1384,2211 1383,2212 1383,2214 1382,2215 1382,2217 1381,2218 1381,2220 1380,2221 1380,2223 1379,2224 1379,2226 1378,2227 1378,2229 1377,2230 1377,2232 1376,2233 1203,2233 1201,2231 1201,2229 1159,2229 1158,2228 1158,2227 1157,2226 1157,2211 1087,2211 1087,2231 1086,2232 1085,2232 1084,2233 1006,2233 1005,2232 1004,2232 1003,2231 1003,2229 971,2229 968,2226 968,2211 966,2211 964,2209 885,2209 883,2211 881,2211 881,2231 880,2232 879,2232 878,2233 867,2233 865,2235 861,2235 859,2233 852,2233 850,2231 850,2229 769,2229 768,2228 768,2227 767,2226 767,2209 692,2209 690,2211 688,2209 681,2209 679,2207 679,2205 609,2205 609,2207 607,2209 596,2209 595,2210 594,2210 593,2211 591,2211 591,2213 589,2215 587,2215 587,2226 586,2227 586,2228 585,2229 583,2229 583,2231 582,2232 581,2232 580,2233 578,2233 576,2235 574,2235 574,2262 576,2262 578,2264 578,2281 580,2281 581,2282 582,2282 583,2283 583,2286 692,2286 692,2283 694,2281 695,2282 696,2282 697,2283 697,2286 854,2286 854,2283 855,2282 856,2282 857,2281 859,2281 861,2279 863,2281 870,2281 872,2283 872,2286 1356,2286 1358,2288 1358,2290 1357,2291 1357,2293 1356,2294 1356,2297 1357,2298 1357,2301 1358,2302 1358,2305 1359,2306 1359,2310 1360,2311 1360,2314 1361,2315 1361,2318 1362,2319 1362,2323 1363,2324 1363,2327 1364,2328 1364,2331 1365,2332 1365,2336 1366,2337 1365,2338 1361,2338 1360,2337 1359,2337 1358,2336 1286,2336 1284,2334 1284,2314 1277,2314 1275,2312 1201,2312 1200,2313 1199,2313 1198,2314 1192,2314 1192,2316 1191,2317 1191,2318 1190,2319 1187,2319 1187,2327 1185,2329 1183,2329 1183,2336 1181,2338 1155,2338 1154,2337 1153,2337 1152,2336 1152,2314 1069,2314 1069,2316 1068,2317 1068,2318 1067,2319 1012,2319 1012,2334 1010,2336 1001,2336 999,2334 999,2332 975,2332 974,2331 974,2330 973,2329 973,2314 909,2314 907,2312 837,2312 837,2316 836,2317 836,2318 835,2319 832,2319 830,2321 828,2321 828,2327 826,2329 824,2329 824,2334 823,2335 822,2335 821,2336 686,2336 685,2335 684,2335 683,2334 683,2314 681,2314 679,2312 596,2312 595,2313 594,2313 593,2314 591,2314 591,2316 590,2317 590,2318 589,2319 587,2319 585,2321 583,2321 583,2336 582,2337 581,2337 580,2338 578,2338 578,2360 580,2360 581,2361 582,2361 583,2362 583,2367 582,2368 581,2368 580,2369 574,2369 574,2393 769,2393 771,2395 898,2395 900,2393 940,2393 942,2395 1008,2395 1010,2393 1115,2393 1117,2395 1192,2395 1194,2393 1229,2393 1231,2395 1297,2395 1299,2393 1365,2393 1367,2395 1378,2395 1379,2396 1379,2397 1380,2398 1380,2401 1381,2402 1381,2405 1382,2406 1382,2410 1383,2411 1383,2414 1384,2415 1384,2416 1383,2417 1367,2417 1365,2419 1365,2420 1363,2422 1319,2422 1317,2424 1315,2424 1315,2439 1314,2440 1313,2440 1312,2441 1258,2441 1258,2443 1255,2446 1201,2446 1200,2447 1199,2447 1198,2448 1196,2448 1196,2468 1198,2468 1199,2469 1200,2469 1201,2470 1201,2498 1200,2499 1199,2499 1198,2500 1196,2500 1196,2522 1280,2522 1282,2520 1284,2520 1284,2500 1286,2498 1385,2498 1386,2499 1386,2501 1385,2502 1385,2504 1384,2505 1384,2507 1383,2508 1383,2510 1382,2511 1382,2513 1381,2514 1381,2517 1380,2518 1380,2520 1379,2521 1379,2523 1378,2524 1378,2526 1377,2527 1310,2527 1310,2529 1308,2531 1306,2531 1306,2546 1305,2547 1305,2548 1304,2549 1299,2549 1298,2548 1298,2547 1297,2546 1297,2527 1227,2527 1227,2533 1225,2535 1223,2535 1223,2538 1222,2539 1219,2539 1218,2538 1215,2538 1214,2537 1211,2537 1210,2536 1207,2536 1206,2535 1203,2535 1202,2534 1198,2534 1197,2533 1194,2533 1193,2532 1190,2532 1189,2531 1186,2531 1185,2530 1182,2530 1181,2529 1178,2529 1177,2528 1173,2528 1172,2527 1169,2527 1168,2526 1165,2526 1164,2525 1161,2525 1160,2524 1157,2524 1156,2523 1153,2523 1152,2522 1148,2522 1147,2521 1144,2521 1143,2520 1140,2520 1139,2519 1136,2519 1135,2518 1132,2518 1131,2517 1128,2517 1127,2516 1123,2516 1122,2515 1119,2515 1118,2514 1115,2514 1114,2513 1111,2513 1110,2512 1107,2512 1106,2511 1102,2511 1101,2510 1098,2510 1097,2509 1094,2509 1093,2508 1090,2508 1089,2507 1086,2507 1085,2506 1082,2506 1081,2505 1077,2505 1076,2504 1073,2504 1072,2503 1069,2503 1068,2502 1065,2502 1064,2501 1061,2501 1060,2500 1057,2500 1056,2499 1057,2498 1093,2498 1095,2500 1095,2507 1161,2507 1163,2505 1170,2505 1172,2503 1174,2503 1174,2500 1175,2499 1176,2499 1177,2498 1179,2498 1179,2472 1177,2472 1176,2471 1175,2471 1174,2470 1174,2465 1111,2465 1109,2463 1109,2446 1110,2445 1110,2444 1111,2443 1113,2443 1113,2422 1034,2422 1034,2439 1032,2441 1030,2439 1030,2422 1027,2422 1026,2421 1026,2420 1025,2419 1025,2417 960,2417 960,2419 957,2422 955,2422 955,2439 953,2441 914,2441 913,2440 912,2440 911,2439 911,2417 832,2417 832,2419 831,2420 831,2421 830,2422 824,2422 823,2423 822,2423 821,2424 819,2424 819,2430 817,2432 815,2432 815,2443 814,2444 814,2445 813,2446 810,2446 810,2463 813,2463 815,2465 815,2474 813,2476 808,2476 806,2474 806,2452 804,2452 802,2450 802,2441 738,2441 736,2439 694,2439 692,2437 692,2422 659,2422 658,2421 658,2420 657,2419 657,2417 646,2417 644,2415 578,2415 578,2419 577,2420 577,2421 576,2422 574,2422 574,2439 576,2439 578,2441 578,2468 580,2468 581,2469 582,2469 583,2470 582,2471 581,2471 580,2472 574,2472 574,2496 576,2496 578,2498 653,2498 655,2496 657,2498 806,2498 808,2496 813,2496 815,2498 1043,2498 1044,2499 1047,2499 1048,2500 1052,2500 1053,2501 1056,2501 1057,2502 1060,2502 1061,2503 1064,2503 1065,2504 1068,2504 1069,2505 1072,2505 1073,2506 1077,2506 1078,2507 1081,2507 1082,2508 1085,2508 1086,2509 1089,2509 1090,2510 1093,2510 1094,2511 1098,2511 1099,2512 1102,2512 1103,2513 1106,2513 1107,2514 1110,2514 1111,2515 1114,2515 1115,2516 1118,2516 1119,2517 1123,2517 1124,2518 1127,2518 1128,2519 1131,2519 1132,2520 1135,2520 1136,2521 1139,2521 1140,2522 1143,2522 1144,2523 1148,2523 1149,2524 1152,2524 1153,2525 1156,2525 1157,2526 1160,2526 1161,2527 1164,2527 1165,2528 1168,2528 1169,2529 1173,2529 1174,2530 1177,2530 1178,2531 1181,2531 1182,2532 1185,2532 1186,2533 1189,2533 1190,2534 1194,2534 1195,2535 1198,2535 1199,2536 1202,2536 1203,2537 1206,2537 1207,2538 1210,2538 1211,2539 1214,2539 1215,2540 1219,2540 1220,2541 1222,2541 1223,2542 1223,2546 1220,2549 1071,2549 1070,2548 1070,2547 1069,2546 1069,2544 951,2544 951,2546 950,2547 950,2548 949,2549 914,2549 911,2546 911,2544 846,2544 846,2546 843,2549 839,2549 838,2548 838,2547 837,2546 837,2544 574,2544 574,2566 580,2566 581,2567 582,2567 583,2568 583,2573 582,2574 581,2574 580,2575 578,2575 578,2577 576,2579 574,2579 574,2601 922,2601 924,2603 924,2614 927,2614 928,2615 928,2616 929,2617 929,2621 935,2621 936,2622 937,2622 938,2623 938,2625 1025,2625 1025,2623 1027,2621 1032,2621 1034,2623 1034,2625 1036,2625 1037,2626 1037,2627 1038,2628 1131,2628 1132,2627 1132,2626 1133,2625 1135,2625 1135,2623 1137,2621 1139,2621 1139,2606 1140,2605 1140,2604 1141,2603 1225,2603 1226,2604 1226,2605 1227,2606 1227,2608 1293,2608 1293,2606 1294,2605 1294,2604 1295,2603 1330,2603 1331,2604 1331,2605 1332,2606 1332,2625 1334,2625 1337,2628 1350,2628 1351,2629 1351,2631 1350,2632 1350,2636 1349,2637 1349,2641 1348,2642 1348,2646 1347,2647 1347,2651 1346,2652 1346,2653 1345,2654 1312,2654 1310,2652 1310,2636 1304,2636 1303,2635 1302,2635 1301,2634 1231,2634 1229,2636 1201,2636 1201,2649 1198,2652 1166,2652 1165,2653 1164,2653 1163,2654 1109,2654 1109,2656 1108,2657 1107,2657 1106,2658 1093,2658 1091,2656 1091,2636 1089,2636 1087,2634 1003,2634 1001,2636 999,2636 999,2641 997,2643 990,2643 990,2649 989,2650 989,2651 988,2652 955,2652 953,2654 942,2654 942,2656 940,2658 938,2658 937,2659 936,2659 935,2660 933,2660 933,2663 931,2665 929,2663 929,2654 927,2654 926,2653 925,2653 924,2652 924,2634 918,2634 916,2632 916,2630 850,2630 850,2632 848,2634 797,2634 797,2652 795,2654 745,2654 745,2656 743,2658 734,2658 732,2656 732,2654 725,2654 723,2652 600,2652 598,2654 591,2654 591,2656 589,2658 583,2658 582,2659 581,2659 580,2660 578,2660 578,2669 576,2671 574,2671 574,2693 576,2693 577,2694 577,2695 578,2696 578,2700 580,2700 581,2701 582,2701 583,2702 583,2704 585,2704 587,2706 593,2706 596,2709 596,2711 727,2711 727,2709 728,2708 728,2707 729,2706 747,2706 748,2707 748,2708 749,2709 749,2730 846,2730 846,2713 848,2711 924,2711 924,2709 927,2706 929,2706 929,2696 930,2695 930,2694 931,2693 932,2694 932,2695 933,2696 933,2700 935,2700 936,2701 937,2701 938,2702 938,2706 940,2706 941,2707 941,2708 942,2709 942,2711 1100,2711 1100,2689 1098,2689 1097,2688 1096,2688 1095,2687 1095,2685 1093,2685 1092,2684 1092,2683 1091,2682 1091,2678 1093,2676 1098,2676 1100,2678 1100,2680 1102,2680 1104,2682 1104,2706 1106,2706 1109,2709 1109,2711 1115,2711 1117,2713 1354,2713 1356,2711 1365,2711 1367,2713 1512,2713 1514,2711 1567,2711 1569,2713 1648,2713 1652,2717 1753,2717 1753,2715 1755,2713 1757,2715 1757,2717 1830,2717 1831,2718 1831,2719 1832,2720 1832,2722 1906,2722 1906,2720 1909,2717 1990,2717 1990,2715 1992,2713 2038,2713 2040,2711 2045,2711 2047,2713 2161,2713 2163,2711 2231,2711 2231,2709 2232,2708 2232,2707 2233,2706 2235,2706 2235,2685 2233,2685 2232,2684 2232,2683 2231,2682 2231,2654 2141,2654 2139,2652 2139,2634 2137,2634 2136,2633 2135,2633 2134,2632 2134,2630 2069,2630 2069,2632 2068,2633 2067,2633 2066,2634 2055,2634 2053,2636 2047,2636 2047,2649 2046,2650 2046,2651 2045,2652 2042,2652 2042,2687 2040,2689 2038,2689 2036,2691 2034,2691 2033,2690 2032,2690 2031,2689 2031,2682 2032,2681 2033,2681 2034,2680 2038,2680 2038,2658 2034,2658 2033,2657 2032,2657 2031,2656 2031,2636 1911,2636 1911,2641 1909,2643 1902,2643 1902,2652 1900,2654 1898,2654 1898,2656 1897,2657 1896,2657 1895,2658 1891,2658 1891,2680 1889,2682 1887,2682 1885,2680 1885,2665 1882,2665 1880,2663 1880,2660 1838,2660 1836,2658 1749,2658 1748,2657 1747,2657 1746,2656 1746,2654 1674,2654 1674,2656 1672,2658 1558,2658 1556,2656 1556,2654 1411,2654 1411,2656 1409,2658 1363,2658 1361,2660 1356,2660 1354,2658 1352,2658 1350,2656 1350,2654 1349,2654 1348,2653 1348,2652 1349,2651 1349,2647 1350,2646 1350,2642 1351,2641 1351,2637 1352,2636 1352,2632 1353,2631 1353,2629 1354,2628 1420,2628 1420,2606 1421,2605 1421,2604 1422,2603 1512,2603 1513,2604 1513,2605 1514,2606 1514,2625 1600,2625 1600,2610 1602,2608 1696,2608 1696,2606 1697,2605 1697,2604 1698,2603 1755,2603 1756,2604 1756,2605 1757,2606 1757,2608 2055,2608 2055,2606 2058,2603 2222,2603 2224,2601 2224,2582 2225,2581 2225,2580 2226,2579 2231,2579 2231,2551 2226,2551 2224,2549 2141,2549 2140,2548 2140,2547 2139,2546 2139,2531 2137,2531 2135,2529 2134,2529 2132,2527 2012,2527 2012,2529 2011,2530 2010,2530 2009,2531 1996,2531 1994,2529 1994,2527 1924,2527 1924,2546 1923,2547 1923,2548 1922,2549 1856,2549 1854,2551 1694,2551 1692,2549 1621,2549 1619,2551 1597,2551 1595,2549 1584,2549 1583,2548 1583,2547 1582,2546 1582,2544 1514,2544 1514,2546 1513,2547 1513,2548 1512,2549 1387,2549 1386,2548 1386,2547 1385,2546 1385,2531 1383,2531 1382,2530 1381,2530 1380,2529 1380,2527 1379,2526 1380,2525 1380,2523 1381,2522 1381,2520 1382,2519 1382,2517 1383,2516 1383,2514 1384,2513 1384,2511 1385,2510 1385,2508 1386,2507 1386,2505 1387,2504 1387,2502 1388,2501 1389,2502 1389,2522 1481,2522 1483,2520 1484,2520 1486,2518 1486,2500 1488,2498 1501,2498 1503,2500 1503,2503 1569,2503 1569,2500 1571,2498 1586,2498 1587,2497 1588,2497 1589,2496 1591,2496 1591,2464 1592,2463 1603,2463 1604,2464 1604,2487 1606,2487 1608,2489 1608,2492 1611,2492 1613,2494 1613,2496 1615,2496 1617,2498 1694,2498 1696,2500 1696,2503 1849,2503 1849,2500 1850,2499 1851,2499 1852,2498 1854,2498 1854,2481 1847,2481 1845,2479 1845,2476 1843,2476 1841,2474 1843,2472 1847,2472 1849,2470 1849,2463 1850,2462 1866,2462 1867,2463 1867,2472 1869,2472 1871,2474 1869,2476 1867,2476 1865,2478 1865,2479 1863,2481 1863,2503 2038,2503 2038,2494 2040,2492 2042,2494 2042,2496 2045,2496 2047,2498 2053,2498 2055,2500 2055,2503 2058,2503 2060,2505 2060,2522 2152,2522 2152,2500 2154,2498 2218,2498 2220,2496 2233,2496 2235,2494 2235,2472 2233,2472 2231,2470 2231,2465 2233,2463 2235,2463 2235,2441 2233,2441 2231,2439 2231,2417 2156,2417 2156,2443 2155,2444 2155,2445 2154,2446 2055,2446 2053,2448 2047,2448 2047,2450 2045,2452 2042,2449 2041,2449 2038,2446 2038,2428 2034,2428 2033,2427 2032,2427 2031,2426 2031,2424 1968,2424 1968,2426 1966,2428 1963,2428 1963,2446 1961,2448 1952,2448 1950,2446 1950,2426 1948,2424 1867,2424 1867,2459 1866,2460 1850,2460 1849,2459 1849,2450 1845,2446 1845,2428 1843,2428 1841,2426 1841,2424 1757,2424 1757,2426 1755,2428 1749,2428 1749,2430 1748,2431 1747,2431 1746,2432 1742,2432 1742,2443 1741,2444 1741,2445 1740,2446 1738,2446 1735,2443 1735,2435 1733,2435 1732,2434 1732,2433 1731,2432 1729,2432 1727,2430 1727,2428 1657,2428 1657,2430 1656,2431 1655,2431 1654,2432 1652,2432 1652,2443 1651,2444 1651,2445 1650,2446 1621,2446 1619,2448 1613,2448 1613,2450 1611,2452 1608,2452 1608,2457 1606,2459 1604,2459 1604,2460 1603,2461 1592,2461 1591,2460 1591,2448 1589,2448 1588,2447 1587,2447 1586,2446 1575,2446 1574,2445 1574,2444 1573,2443 1573,2441 1508,2441 1508,2443 1505,2446 1448,2446 1447,2445 1447,2444 1446,2443 1446,2422 1444,2422 1443,2421 1443,2420 1442,2419 1442,2417 1387,2417 1386,2416 1386,2415 1385,2414 1385,2411 1384,2410 1384,2407 1383,2406 1383,2402 1382,2401 1382,2398 1381,2397 1381,2396 1382,2395 1433,2395 1435,2393 1532,2393 1534,2395 1755,2395 1757,2397 1757,2417 1760,2417 1762,2419 1836,2419 1838,2417 1841,2417 1841,2397 1843,2395 2123,2395 2124,2394 2125,2394 2126,2393 2231,2393 2231,2354 2229,2354 2224,2349 2224,2336 2099,2336 2097,2338 2062,2338 2060,2336 2060,2321 1972,2321 1970,2323 1970,2340 1969,2341 1969,2342 1968,2343 1900,2343 1899,2342 1899,2341 1898,2340 1898,2321 1895,2321 1893,2319 1894,2318 1894,2317 1895,2316 1917,2316 1918,2315 1919,2315 1920,2314 1937,2314 1937,2312 1939,2310 1942,2310 1942,2308 1943,2307 1943,2306 1944,2305 1946,2305 1946,2292 1948,2290 1968,2290 1970,2292 2047,2292 2049,2290 2066,2290 2067,2291 2068,2291 2069,2292 2134,2292 2135,2291 2136,2291 2137,2290 2231,2290 2231,2288 2233,2286 2235,2286 2235,2264 2224,2264 2222,2262 2222,2257 2224,2255 2231,2255 2231,2233 2224,2233 2222,2231 2222,2229 2148,2229 2148,2231 2147,2232 2146,2232 2145,2233 2112,2233 2110,2235 2091,2235 2090,2234 2089,2234 2088,2233 2088,2215 2020,2215 2020,2233 2018,2235 1882,2235 1880,2233 1880,2215 1874,2215 1873,2214 1872,2214 1871,2213 1871,2211 1775,2211 1775,2213 1773,2215 1762,2215 1761,2216 1761,2217 1760,2218 1757,2218 1757,2220 1755,2222 1753,2220 1753,2218 1674,2218 1674,2231 1672,2233 1648,2233 1646,2235 1611,2235 1610,2234 1609,2234 1608,2233 1608,2215 1602,2215 1600,2213 1600,2211 1529,2211 1529,2213 1527,2215 1525,2215 1525,2233 1523,2235 1461,2235 1459,2233 1457,2233 1455,2231 1455,2229 1389,2229 1389,2231 1387,2233 1380,2233 1379,2232 1379,2230 1380,2229 1380,2227 1381,2226 1381,2224 1382,2223 1382,2221 1383,2220 1383,2218 1384,2217 1384,2215 1385,2214 1385,2212 1386,2211 1386,2209 1387,2208 1387,2206 1388,2205 1388,2203 1389,2202 1389,2200 1390,2199 1390,2196 1391,2195 1391,2193 1392,2192 1392,2190 1393,2189 1394,2189 1394,2184 1395,2183 1395,2181 1396,2180 1396,2179 1397,2178 1448,2178 1449,2179 1450,2179 1451,2180 1451,2183 1549,2183 1551,2185 1551,2196 1626,2196 1628,2194 1630,2194 1630,2191 1632,2189 1635,2189 1635,2185 1637,2183 1755,2183 1757,2185 1757,2187 1823,2187 1823,2185 1825,2183 1889,2183 1893,2187 1961,2187 1963,2185 1964,2185 1966,2183 1979,2183 1981,2185 1981,2202 1983,2202 1984,2203 1984,2204 1985,2205 1985,2207 2086,2207 2086,2205 2087,2204 2087,2203 2088,2202 2088,2185 2089,2184 2090,2184 2091,2183 2154,2183 2156,2185 2156,2189 2231,2189 2236,2184 2236,2154 2233,2154 2231,2152 2231,2150 2198,2150 2196,2148 2196,2132 2194,2132 2193,2131 2192,2131 2191,2130 2189,2130 2187,2128 2106,2128 2104,2130 2023,2130 2022,2129 2021,2129 2020,2128 1920,2128 1919,2129 1918,2129 1917,2130 1909,2130 1908,2129 1907,2129 1906,2128 1878,2128 1876,2126 1876,2108 1874,2108 1873,2107 1872,2107 1871,2106 1799,2106 1797,2108 1797,2126 1795,2128 1725,2128 1724,2127 1723,2127 1722,2126 1722,2108 1720,2108 1718,2106 1635,2106 1634,2107 1633,2107 1632,2108 1626,2108 1626,2117 1624,2119 1621,2119 1621,2128 1619,2130 1617,2130 1617,2152 1619,2152 1621,2154 1619,2156 1589,2156 1588,2155 1587,2155 1586,2154 1586,2130 1505,2130 1503,2128 1503,2108 1501,2108 1499,2106 1389,2106 1387,2108 1385,2108 1385,2117 1384,2118 1382,2116 1382,2115 1379,2112 1379,2111 1377,2109 1377,2108 1374,2105 1374,2104 1371,2101 1371,2100 1369,2098 1369,2097 1366,2094 1366,2093 1363,2090 1363,2089 1360,2086 1360,2085 1358,2083 1358,2082 1355,2079 1355,2078 1354,2077 1356,2075 1394,2075 1396,2073 1398,2075 1398,2097 1400,2097 1402,2099 1477,2099 1477,2080 1475,2080 1472,2077 1473,2076 1474,2076 1475,2075 1549,2075 1551,2077 1551,2080 1678,2080 1678,2077 1679,2076 1680,2076 1681,2075 1703,2075 1705,2077 1705,2080 1788,2080 1788,2077 1790,2075 1797,2075 1797,2071 1799,2069 1801,2071 1803,2071 1804,2072 1805,2072 1806,2073 1808,2073 1810,2075 1812,2075 1814,2077 1814,2080 1959,2080 1959,2077 1961,2075 1963,2075 1963,2058 1966,2055 1967,2056 1967,2057 1968,2058 1968,2075 2202,2075 2203,2074 2204,2074 2205,2073 2235,2073 2235,2027 2233,2027 2231,2025 2231,2020 2229,2020 2227,2018 2226,2018 2224,2016 2156,2016 2156,2018 2154,2020 2137,2020 2136,2019 2135,2019 2134,2018 2134,2009 2132,2009 2130,2007 2049,2007 2049,2023 2047,2025 1968,2025 1968,2029 1966,2031 1965,2030 1964,2030 1963,2029 1963,2027 1961,2027 1959,2025 1917,2025 1915,2023 1915,2003 1828,2003 1828,2023 1827,2024 1826,2024 1825,2025 1823,2025 1821,2027 1810,2027 1810,2029 1808,2031 1795,2031 1794,2030 1793,2030 1792,2029 1792,2027 1790,2027 1788,2025 1746,2025 1744,2023 1744,2003 1534,2003 1534,2005 1532,2007 1529,2007 1527,2009 1525,2009 1524,2010 1524,2011 1523,2012 1521,2012 1521,2023 1520,2024 1519,2024 1518,2025 1316,2025 1314,2023 1314,2022 1312,2020 1312,2019 1309,2016 1309,2015 1306,2012 1306,2011 1303,2008 1303,2007 1301,2005 1301,2003 1303,2001 1303,2000 1306,1997 1306,1996 1309,1993 1309,1992 1312,1989 1312,1988 1315,1985 1315,1984 1318,1981 1318,1980 1320,1978 1320,1977 1323,1974 1621,1974 1621,1972 1622,1971 1623,1971 1624,1970 1626,1970 1628,1968 1630,1968 1630,1924 1628,1924 1626,1922 1619,1922 1617,1920 1617,1917 1567,1917 1566,1916 1565,1916 1564,1915 1564,1913 1494,1913 1494,1915 1492,1917 1431,1917 1429,1915 1429,1900 1426,1900 1424,1898 1380,1898 1379,1897 1382,1894 1382,1893 1385,1890 1385,1889 1388,1886 1388,1885 1391,1882 1391,1881 1393,1879 1393,1878 1396,1875 1396,1874 1399,1871 1399,1870 1402,1867 1529,1867 1530,1868 1532,1868 1533,1869 1534,1869 1535,1870 1536,1870 1537,1871 1539,1871 1540,1872 1541,1872 1542,1873 1544,1873 1545,1874 1546,1874 1547,1875 1548,1875 1549,1876 1551,1876 1552,1877 1553,1877 1554,1878 1555,1878 1556,1879 1558,1879 1559,1880 1560,1880 1561,1881 1563,1881 1564,1882 1565,1882 1566,1883 1567,1883 1568,1884 1570,1884 1571,1885 1572,1885 1573,1886 1575,1886 1576,1887 1577,1887 1578,1888 1579,1888 1580,1889 1582,1889 1583,1890 1584,1890 1585,1891 1586,1891 1587,1892 1589,1892 1590,1893 1591,1893 1592,1894 1594,1894 1595,1895 1596,1895 1597,1896 1598,1896 1599,1897 1601,1897 1602,1898 1603,1898 1604,1899 1605,1899 1606,1900 1608,1900 1609,1901 1610,1901 1611,1902 1613,1902 1614,1903 1615,1903 1616,1904 1617,1904 1618,1905 1620,1905 1621,1906 1622,1906 1623,1907 1624,1907 1625,1908 1627,1908 1628,1909 1629,1909 1630,1910 1632,1910 1633,1911 1634,1911 1635,1912 1636,1912 1637,1913 1639,1913 1640,1914 1641,1914 1642,1915 1643,1915 1644,1916 1646,1916 1647,1917 1648,1917 1649,1918 1651,1918 1652,1919 1653,1919 1654,1920 1655,1920 1657,1922 1656,1923 1655,1923 1654,1924 1652,1924 1652,1926 1650,1928 1648,1928 1648,1933 1646,1935 1643,1935 1643,1957 1646,1957 1648,1959 1648,1968 1650,1968 1652,1970 1654,1970 1655,1971 1656,1971 1657,1972 1657,1974 1814,1974 1814,1955 1812,1955 1811,1954 1811,1953 1810,1952 1810,1922 1799,1922 1797,1920 1797,1917 1764,1917 1762,1915 1762,1898 1765,1895 1766,1895 1769,1892 1770,1892 1772,1890 1773,1890 1776,1887 1777,1887 1779,1885 1780,1885 1783,1882 1784,1882 1786,1880 1787,1880 1790,1877 1791,1877 1793,1875 1794,1875 1797,1872 1799,1874 1799,1891 1889,1891 1889,1874 1890,1873 1890,1872 1891,1871 1979,1871 1980,1872 1980,1873 1981,1874 1981,1885 2051,1885 2051,1882 2053,1880 2054,1880 2055,1881 2055,1883 2056,1884 2056,1885 2057,1886 2057,1888 2058,1889 2058,1890 2059,1891 2059,1893 2060,1894 2060,1896 2061,1897 2061,1898 2062,1899 2062,1901 2063,1902 2063,1903 2064,1904 2064,1906 2065,1907 2065,1908 2066,1909 2066,1911 2067,1912 2067,1914 2068,1915 2068,1916 2069,1917 2069,1918 2068,1919 2066,1917 1966,1917 1965,1916 1964,1916 1963,1915 1963,1900 1961,1900 1959,1898 1828,1898 1827,1899 1826,1899 1825,1900 1819,1900 1819,1922 1821,1922 1823,1924 1823,1974 2047,1974 2047,1972 2049,1970 2053,1970 2055,1972 2055,1981 2134,1981 2134,1979 2135,1978 2136,1978 2137,1977 2139,1977 2139,1972 2141,1970 2235,1970 2236,1969 2236,1947 2231,1942 2231,1917 2233,1915 2235,1915 2235,1893 2183,1893 2182,1892 2181,1892 2180,1891 2180,1874 2117,1874 2117,1895 2123,1895 2126,1898 2126,1915 2125,1916 2124,1916 2123,1917 2119,1917 2119,1939 2123,1939 2126,1942 2125,1943 2124,1943 2123,1944 2080,1944 2079,1943 2078,1943 2077,1942 2077,1924 2075,1924 2072,1921 2072,1920 2071,1919 2071,1918 2070,1917 2070,1915 2069,1914 2069,1912 2068,1911 2068,1910 2067,1909 2067,1907 2066,1906 2066,1905 2065,1904 2065,1902 2064,1901 2064,1900 2063,1899 2063,1897 2062,1896 2062,1894 2061,1893 2061,1892 2060,1891 2060,1889 2059,1888 2059,1887 2058,1886 2058,1884 2057,1883 2057,1882 2056,1881 2056,1880 2058,1878 2060,1878 2060,1876 2062,1874 2064,1874 2064,1869 2066,1867 2222,1867 2224,1865 2231,1865 2231,1863 2232,1862 2232,1861 2233,1860 2235,1860 2235,1814 2233,1814 2231,1812 2231,1810 2226,1810 2224,1808 2161,1808 2160,1809 2159,1809 2158,1810 2126,1810 2125,1809 2124,1809 2123,1808 2097,1808 2095,1806 2095,1790 2022,1790 2020,1788 2020,1786 2019,1785 2019,1784 2018,1783 2018,1781 2017,1780 2017,1779 2016,1778 2016,1776 2015,1775 2015,1774 2014,1773 2014,1771 2013,1770 2013,1769 2012,1768 2012,1766 2011,1765 2011,1763 2012,1762 2145,1762 2146,1763 2147,1763 2148,1764 2148,1775 2222,1775 2222,1773 2224,1771 2224,1770 2226,1768 2231,1768 2231,1735 2226,1735 2224,1733 2224,1731 2222,1729 2180,1729 2178,1727 2178,1705 2091,1705 2090,1704 2089,1704 2088,1703 2088,1683 2044,1683 2043,1682 2071,1654 2123,1654 2124,1653 2125,1653 2126,1652 2202,1652 2202,1643 2203,1642 2204,1642 2205,1641 2231,1641 2235,1637 2235,1613 2202,1613 2200,1611 2200,1602 2202,1600 2222,1600 2223,1599 2223,1598 2224,1597 2224,1575 2222,1573 2222,1571 2141,1571 2141,1573 2139,1575 2134,1575 2133,1576 2133,1577 2132,1578 2130,1578 2130,1591 2121,1600 2080,1600 2077,1597 2077,1578 1998,1578 1998,1621 2001,1621 2002,1622 2002,1623 2003,1624 2003,1628 2001,1630 1996,1630 1994,1628 1994,1606 1992,1606 1990,1604 1990,1602 1988,1602 1987,1601 1986,1601 1985,1600 1668,1600 1665,1597 1665,1578 1663,1578 1662,1577 1662,1576 1661,1575 1650,1575 1648,1573 1648,1571 1650,1569 1652,1569 1652,1562 1654,1560 1655,1560 1657,1558 1657,1551 1659,1549 1990,1549 1992,1551 1992,1558 1994,1560 2040,1560 2042,1562 2042,1569 2130,1569 2130,1551 2132,1549 2178,1549 2178,1547 2180,1545 2231,1545 2231,1523 2226,1523 2224,1521 2225,1520 2225,1519 2226,1518 2235,1518 2235,1514 2236,1513 2236,1491 2233,1488 2112,1488 2112,1490 2110,1492 2069,1492 2069,1494 2066,1497 2047,1497 2047,1518 2046,1519 2046,1520 2045,1521 2034,1521 2031,1518 2031,1512 2029,1510 2029,1497 2001,1497 1998,1494 1998,1492 1996,1492 1994,1490 1994,1475 1992,1475 1991,1474 1991,1473 1990,1472 1922,1472 1920,1470 1919,1470 1917,1468 1845,1468 1845,1470 1843,1472 1836,1472 1835,1473 1835,1474 1834,1475 1832,1475 1832,1479 1830,1481 1828,1481 1828,1490 1827,1491 1826,1491 1825,1492 1781,1492 1779,1490 1779,1472 1700,1472 1700,1490 1698,1492 1659,1492 1657,1490 1657,1472 1650,1472 1648,1470 1648,1468 1582,1468 1582,1470 1580,1472 1578,1472 1578,1490 1577,1491 1576,1491 1575,1492 1508,1492 1508,1494 1505,1497 1218,1497 1216,1499 1209,1499 1209,1508 1207,1510 1205,1510 1205,1521 1203,1523 1185,1523 1183,1521 1177,1521 1174,1518 1174,1503 1172,1503 1170,1501 1170,1497 1159,1497 1158,1496 1158,1495 1157,1494 1157,1492 1091,1492 1091,1494 1090,1495 1090,1496 1089,1497 1058,1497 1057,1496 1057,1495 1056,1494 1056,1492 990,1492 990,1494 989,1495 989,1496 988,1497 965,1497 964,1496 964,1492 963,1491 963,1482 962,1481 962,1471 961,1470 961,1461 960,1460 960,1451 959,1450 959,1447 960,1446 1155,1446 1157,1448 1223,1448 1225,1446 1849,1446 1849,1444 1850,1443 1851,1443 1852,1442 1854,1444 1854,1446 2073,1446 2073,1444 2075,1442 2139,1442 2141,1444 2141,1453 2222,1453 2222,1448 2224,1446 2224,1444 2226,1442 2231,1442 2231,1413 2226,1413 2224,1411 2224,1385 2152,1385 2152,1387 2150,1389 2141,1389 2139,1387 2139,1385 2051,1385 2047,1389 2034,1389 2033,1388 2032,1388 2031,1387 2031,1369 1902,1369 1900,1371 1900,1372 1898,1374 1891,1374 1891,1376 1889,1378 1889,1387 1887,1389 1567,1389 1566,1388 1565,1388 1564,1387 1564,1374 1562,1374 1560,1372 1560,1369 1477,1369 1472,1374 1472,1387 1470,1389 1422,1389 1420,1387 1420,1369 1332,1369 1332,1378 1331,1379 1330,1379 1324,1373 1323,1373 1317,1367 1316,1367 1310,1361 1309,1361 1303,1355 1302,1355 1296,1349 1295,1349 1290,1344 1291,1343 1380,1343 1380,1321 1378,1321 1376,1319 1376,1317 1374,1317 1372,1315 1373,1314 1373,1313 1374,1312 1389,1312 1389,1286 1387,1286 1385,1284 1385,1282 1319,1282 1319,1284 1317,1286 1280,1286 1279,1285 1282,1282 1283,1282 1287,1278 1288,1278 1292,1274 1293,1274 1297,1270 1298,1270 1302,1266 1303,1266 1307,1262 1308,1262 1313,1257 1314,1257 1318,1253 1319,1253 1323,1249 1324,1249 1328,1245 1329,1245 1333,1241 1334,1241 1337,1238 1369,1238 1370,1239 1371,1239 1372,1240 1437,1240 1438,1239 1439,1239 1440,1238 1650,1238 1652,1240 1652,1258 1654,1258 1655,1259 1656,1259 1657,1260 1657,1262 1722,1262 1722,1260 1723,1259 1724,1259 1725,1258 1744,1258 1744,1240 1746,1238 1796,1238 1797,1239 1797,1252 1798,1253 1798,1266 1799,1267 1799,1281 1798,1282 1657,1282 1657,1284 1656,1285 1655,1285 1654,1286 1648,1286 1648,1288 1647,1289 1647,1290 1646,1291 1643,1291 1641,1293 1639,1293 1639,1301 1638,1302 1638,1303 1637,1304 1636,1303 1636,1302 1635,1301 1635,1286 1632,1286 1630,1284 1630,1282 1521,1282 1521,1284 1520,1285 1519,1285 1518,1286 1488,1286 1486,1284 1485,1284 1483,1282 1402,1282 1402,1284 1400,1286 1398,1286 1398,1288 1397,1289 1397,1290 1396,1291 1394,1291 1394,1341 1400,1341 1402,1343 1578,1343 1580,1341 1639,1341 1639,1334 1641,1332 1643,1334 1643,1337 1646,1337 1648,1339 1648,1341 1711,1341 1712,1342 1713,1342 1714,1343 1779,1343 1781,1341 1817,1341 1819,1343 1889,1343 1891,1341 2097,1341 2099,1339 2100,1339 2102,1337 2104,1339 2104,1341 2174,1341 2174,1339 2176,1337 2224,1337 2229,1332 2231,1332 2231,1310 2226,1310 2224,1308 2224,1280 2220,1280 2219,1279 2219,1278 2218,1277 2183,1277 2182,1276 2181,1276 2180,1275 2180,1258 2038,1258 2038,1260 2036,1262 1959,1262 1959,1264 1957,1266 1955,1266 1955,1269 1954,1270 1953,1270 1952,1271 1948,1271 1948,1275 1946,1277 1946,1280 1944,1282 1887,1282 1885,1280 1810,1280 1808,1282 1802,1282 1801,1281 1801,1267 1800,1266 1800,1253 1799,1252 1799,1239 1800,1238 1845,1238 1845,1236 1847,1234 1860,1234 1861,1235 1862,1235 1863,1236 1863,1238 1946,1238 1946,1236 1948,1234 2009,1234 2009,1231 2010,1230 2011,1230 2012,1229 2014,1231 2014,1232 2016,1234 2016,1238 2082,1238 2082,1236 2084,1234 2145,1234 2150,1229 2231,1229 2231,1207 2226,1207 2224,1205 2224,1177 2220,1177 2219,1176 2219,1175 2218,1174 2176,1174 2174,1172 2174,1157 2169,1157 2167,1155 2167,1152 2099,1152 2099,1174 2098,1175 2098,1176 2097,1177 2055,1177 2055,1179 2053,1181 2001,1181 2000,1180 1999,1180 1998,1179 1998,1177 1933,1177 1933,1179 1931,1181 1856,1181 1854,1183 1852,1183 1851,1182 1850,1182 1849,1181 1803,1181 1801,1179 1801,1177 1795,1177 1794,1176 1794,1166 1793,1165 1793,1152 1792,1151 1792,1137 1791,1136 1791,1132 1792,1131 1928,1131 1928,1128 1929,1127 1930,1127 1931,1126 1933,1126 1935,1128 1935,1131 2064,1131 2064,1128 2066,1126 2150,1126 2152,1128 2152,1137 2224,1137 2226,1135 2231,1135 2231,1098 2226,1098 2225,1097 2225,1096 2224,1095 2189,1095 2187,1093 2187,1074 2183,1074 2180,1071 2176,1071 2174,1069 2174,1067 2106,1067 2106,1069 2104,1071 2080,1071 2079,1070 2078,1070 2077,1069 2077,1054 2075,1054 2073,1052 2073,1049 2003,1049 2003,1052 2001,1054 1935,1054 1935,1076 1939,1076 1940,1077 1941,1077 1942,1078 1942,1106 1939,1109 1935,1109 1934,1108 1934,1107 1933,1106 1933,1102 1931,1102 1930,1101 1929,1101 1928,1100 1928,1098 1909,1098 1906,1095 1906,1078 1904,1078 1902,1076 1902,1074 1900,1074 1899,1073 1899,1072 1898,1071 1823,1071 1822,1072 1822,1073 1821,1074 1788,1074 1787,1073 1787,1065 1786,1064 1786,1050 1785,1049 1785,1048 1786,1047 1801,1047 1801,1025 1803,1023 1902,1023 1904,1021 1906,1021 1906,1019 1907,1018 1908,1018 1909,1017 1911,1017 1911,975 1909,975 1908,974 1907,974 1906,973 1906,971 1904,971 1903,970 1903,969 1902,968 1788,968 1787,967 1787,963 1788,962 1788,957 1789,956 1789,950 1790,949 1790,945 1791,944 1849,944 1850,943 1851,943 1852,942 1860,942 1860,922 1861,921 1862,921 1863,920 1952,920 1953,921 1954,921 1955,922 1955,942 1954,943 1953,943 1952,944 1942,944 1941,945 1940,945 1939,946 1935,946 1935,968 1934,969 1934,970 1933,971 1933,990 1935,992 1939,992 1942,995 1942,1010 1941,1011 1940,1011 1939,1012 1935,1012 1935,1021 1933,1023 1933,1041 1935,1043 1935,1045 2003,1045 2003,1043 2005,1041 2007,1041 2008,1040 2008,1039 2009,1038 2009,1025 2010,1024 2011,1024 2012,1023 2055,1023 2056,1022 2057,1022 2058,1021 2222,1021 2222,1019 2224,1017 2231,1017 2231,1012 2233,1010 2235,1010 2235,986 2233,984 2233,983 2231,981 2231,964 2148,964 2147,963 2146,963 2145,962 2145,946 2143,944 2062,944 2062,966 2060,968 2058,968 2056,966 2055,966 2053,964 2012,964 2011,963 2010,963 2009,962 2009,946 2007,944 2009,942 2038,942 2038,920 2040,918 2145,918 2146,919 2147,919 2148,920 2148,929 2150,929 2152,931 2218,931 2220,929 2224,929 2224,924 2226,922 2227,922 2229,920 2231,920 2231,894 2229,894 2224,889 2220,889 2218,887 2218,885 2183,885 2182,884 2181,884 2180,883 2180,865 2176,865 2174,863 2174,861 2169,861 2167,859 2027,859 2025,861 1981,861 1981,863 1979,865 1955,865 1954,864 1953,864 1952,863 1952,861 1876,861 1876,863 1874,865 1799,865 1797,863 1797,846 1714,846 1714,863 1713,864 1712,864 1711,865 1582,865 1580,867 1580,868 1578,870 1551,870 1549,872 1547,872 1545,874 1543,872 1543,865 1532,865 1531,864 1530,864 1529,863 1529,861 1505,861 1503,859 1503,841 1398,841 1398,843 1397,844 1397,845 1396,846 1390,846 1387,843 1387,842 1384,839 1384,838 1382,836 1382,835 1379,832 1379,831 1376,828 1376,827 1374,825 1374,824 1371,821 1371,820 1369,818 1369,817 1368,816 1369,815 1468,815 1470,813 1472,815 1604,815 1606,813 1632,813 1633,814 1634,814 1635,815 1867,815 1869,813 2191,813 2191,810 2192,809 2193,809 2194,808 2200,808 2200,800 2201,799 2201,798 2202,797 2224,797 2226,795 2235,795 2235,767 2198,767 2197,766 2197,765 2196,764 2196,758 2194,758 2193,757 2192,757 2191,756 2191,751 2158,751 2156,749 2156,743 2154,743 2153,742 2153,741 2152,740 2152,738 2132,738 2130,736 2130,732 2049,732 2047,734 2047,736 2045,738 2042,735 2041,735 2038,732 1968,732 1968,756 1966,758 1965,757 1964,757 1963,756 1917,756 1915,754 1915,734 1792,734 1792,736 1790,738 1771,738 1771,754 1770,755 1769,755 1768,756 1731,756 1729,758 1716,758 1714,756 1676,756 1674,754 1674,734 1650,734 1648,732 1582,732 1580,734 1578,734 1578,754 1577,755 1576,755 1575,756 1494,756 1492,758 1466,758 1464,756 1464,738 1461,738 1459,736 1459,734 1389,734 1389,736 1387,738 1385,738 1385,756 1383,758 1348,758 1347,757 1348,756 1348,755 1352,751 1352,750 1356,746 1356,745 1361,740 1361,739 1365,735 1365,734 1369,730 1369,729 1373,725 1373,724 1377,720 1377,719 1381,715 1381,714 1383,712 1433,712 1435,710 1437,710 1437,701 1438,700 1439,700 1440,699 1442,701 1442,705 1444,705 1446,707 1446,710 1510,710 1512,712 1582,712 1584,710 1668,710 1670,712 1797,712 1799,710 1942,710 1942,707 1944,705 1983,705 1985,707 1985,710 2060,710 2060,707 2062,705 2082,705 2084,707 2084,710 2161,710 2161,707 2163,705 2231,705 2235,701 2235,683 2233,683 2231,681 2231,679 2226,679 2224,677 2226,675 2231,675 2231,653 2226,653 2225,652 2225,651 2224,650 2224,648 2123,648 2121,646 2121,629 1998,629 1996,631 1977,631 1977,646 1976,647 1975,647 1974,648 1863,648 1863,650 1860,653 1768,653 1767,652 1767,651 1766,650 1766,631 1764,631 1762,629 1670,629 1670,650 1669,651 1669,652 1668,653 1632,653 1631,652 1631,651 1630,650 1630,631 1628,631 1626,629 1556,629 1554,631 1547,631 1547,650 1546,651 1546,652 1545,653 1544,652 1544,651 1543,650 1543,633 1542,632 1541,632 1540,631 1430,631 1429,630 1429,629 1430,628 1430,625 1431,624 1431,622 1432,621 1432,619 1433,618 1433,616 1434,615 1434,612 1435,611 1435,609 1436,608 1436,606 1437,605 1437,603 1438,602 1558,602 1560,604 1560,607 1630,607 1630,604 1632,602 2200,602 2202,600 2202,593 2203,592 2204,592 2205,591 2224,591 2226,589 2235,589 2235,561 2233,561 2232,560 2232,559 2231,558 2231,556 2202,556 2200,554 2200,545 2198,545 2196,543 2102,543 2101,542 2100,542 2099,541 2099,530 2095,526 2062,526 2061,525 2061,524 2060,523 2060,521 1992,521 1992,523 1991,524 1991,525 1990,526 1985,526 1985,541 1983,543 1920,543 1919,544 1918,544 1917,545 1882,545 1880,543 1880,526 1838,526 1837,525 1837,524 1836,523 1838,521 1841,521 1841,510 1843,508 1845,508 1845,501 1847,499 1893,499 1895,497 1896,498 1897,498 1898,499 2055,499 2056,498 2057,498 2058,497 2075,497 2077,499 2143,499 2145,497 2198,497 2200,495 2200,486 2202,484 2231,484 2231,477 2233,475 2235,475 2235,453 2233,453 2231,451 2231,449 2226,449 2224,447 2225,446 2225,445 2226,444 2235,444 2235,427 2233,425 2169,425 2169,427 2167,429 2112,429 2112,431 2110,433 2106,433 2105,434 2105,435 2104,436 2069,436 2069,438 2068,439 2067,439 2066,440 2062,436 2001,436 1998,433 1998,420 1996,420 1994,418 1994,416 1913,416 1913,418 1911,420 1911,421 1909,423 1906,423 1904,425 1902,425 1902,442 1900,444 1895,444 1893,442 1893,440 1843,440 1841,438 1841,416 1766,416 1766,418 1764,420 1762,420 1762,442 1760,444 1746,444 1744,442 1744,420 1665,420 1665,423 1663,425 1661,425 1661,438 1659,440 1617,440 1617,442 1615,444 1571,444 1569,442 1569,440 1527,440 1525,438 1525,420 1523,420 1521,418 1521,416 1446,416 1446,418 1444,420 1440,420 1439,419 1438,419 1437,418 1437,416"/><TextEquiv><Unicode/></TextEquiv><TextLine id="r3_l001"><Coords points="618,425 2205,425 2205,518 618,518"/><TextEquiv index="1"><Unicode>ami. Tu ſçais, ſi jamais je fus ca-</Unicode></TextEquiv></TextLine><TextLine id="r3_l002"><Coords points="614,531 2205,531 2205,621 614,621"/><TextEquiv index="1"><Unicode>pable de préférer la ſatisfaction d'au-</Unicode></TextEquiv></TextLine><TextLine id="r3_l003"><Coords points="618,638 2205,638 2205,706 618,706"/><TextEquiv index="1"><Unicode>trui à la mienne. Vois de combien</Unicode></TextEquiv></TextLine><TextLine id="r3_l004"><Coords points="618,741 2205,741 2205,833 618,833"/><TextEquiv index="1"><Unicode>de vertus je ſerai redevable à l'a-</Unicode></TextEquiv></TextLine><TextLine id="r3_l005"><Coords points="614,833 2201,833 2201,939 614,939"/><TextEquiv index="1"><Unicode>mour. Tu m'as dit quelque part,</Unicode></TextEquiv></TextLine><TextLine id="r3_l006"><Coords points="614,953 2205,953 2205,1042 614,1042"/><TextEquiv index="1"><Unicode>qu'il pourroit arriver que je les</Unicode></TextEquiv></TextLine><TextLine id="r3_l007"><Coords points="609,1059 2201,1059 2201,1152 609,1152"/><TextEquiv index="1"><Unicode>perdiſſe avec ce ſentiment. Non,</Unicode></TextEquiv></TextLine><TextLine id="r3_l008"><Coords points="614,1162 2201,1162 2201,1255 614,1255"/><TextEquiv index="1"><Unicode>raſſure- toi, ce ne ſera pas en vain</Unicode></TextEquiv></TextLine><TextLine id="r3_l009"><Coords points="618,1268 2201,1268 2201,1358 618,1358"/><TextEquiv index="1"><Unicode>que mon cœur aura contracté la</Unicode></TextEquiv></TextLine><TextLine id="r3_l010"><Coords points="614,1375 2201,1375 2201,1447 614,1447"/><TextEquiv index="1"><Unicode>douce habitude des bonnes actions;</Unicode></TextEquiv></TextLine><TextLine id="r3_l011"><Coords points="627,1477 2209,1477 2209,1567 627,1567"/><TextEquiv index="1"><Unicode>convaincue, comme je le ſuis, par</Unicode></TextEquiv></TextLine><TextLine id="r3_l012"><Coords points="614,1580 2205,1580 2205,1673 614,1673"/><TextEquiv index="1"><Unicode>le contentement que j'éprouve, lorſ-</Unicode></TextEquiv></TextLine><TextLine id="r3_l013"><Coords points="614,1690 2201,1690 2201,1779 614,1779"/><TextEquiv index="1"><Unicode>que j'ai fait des choſes louables,</Unicode></TextEquiv></TextLine><TextLine id="r3_l014"><Coords points="609,1796 2205,1796 2205,1889 609,1889"/><TextEquiv index="1"><Unicode>qu'il n'y a de vraie félicité que dans</Unicode></TextEquiv></TextLine><TextLine id="r3_l015"><Coords points="614,1903 2209,1903 2209,1988 614,1988"/><TextEquiv index="1"><Unicode>la pratique conſtante du bien, il</Unicode></TextEquiv></TextLine><TextLine id="r3_l016"><Coords points="601,2005 2205,2005 2205,2094 601,2094"/><TextEquiv index="1"><Unicode>ne me ſera plus poſſible de m'en</Unicode></TextEquiv></TextLine><TextLine id="r3_l017"><Coords points="618,2112 2209,2112 2209,2201 618,2201"/><TextEquiv index="1"><Unicode>ecarter. Ce mot, bien, ſeroit vague,</Unicode></TextEquiv></TextLine><TextLine id="r3_l018"><Coords points="605,2214 2205,2214 2205,2310 605,2310"/><TextEquiv index="1"><Unicode>ſi les devoirs mutuels n'aſſignoient</Unicode></TextEquiv></TextLine><TextLine id="r3_l019"><Coords points="605,2321 2201,2321 2201,2413 605,2413"/><TextEquiv index="1"><Unicode>ſon véritable ſens. Il eſt le plus beau</Unicode></TextEquiv></TextLine><TextLine id="r3_l020"><Coords points="605,2424 2205,2424 2205,2516 605,2516"/><TextEquiv index="1"><Unicode>lien ſocial, puiſque c'eſt lui qui</Unicode></TextEquiv></TextLine><TextLine id="r3_l021"><Coords points="605,2537 2201,2537 2201,2622 605,2622"/><TextEquiv index="1"><Unicode>nous engage réciproquement à faire</Unicode></TextEquiv></TextLine><TextLine id="r3_l022"><Coords points="605,2639 2205,2639 2205,2725 605,2725"/><TextEquiv index="1"><Unicode>ce qui eſt utile aux autres. Si ſon</Unicode></TextEquiv></TextLine></TextRegion></Page></PcGts>