2480 3507
524 329 699 394 r
528 424 2127 546 croire que tu auras recouvré le
527 529 2132 656 calme qui eſt, comme je te l'ai dit,
535 634 2137 764 ton élément. Sois ſûre que je le
541 740 2132 857 deſire fincérement, j'irois même
536 846 2137 971 juſqu'à ſouhaiter que tu m'aimaſſes
540 954 2137 1069 moins, ſi cela étoit eſſentiel à ton
992 1057 2141 1156 ... M'aimer moins! ah
540 1108 994 1185 repos...
544 1166 2146 1294 Dieu! quel parjure! ne m'en crois
543 1274 2150 1395 pas, mon cœur dément ma bou-
925 1378 2149 1492 . mais, comment ſup-
545 1406 882 1482 che...
548 1483 2155 1608 porter l'idée de ſçavoir mon Hen-
548 1586 2159 1711 riette malheureuſe, par ſon amitié
549 1722 1048 1821 pour moi?
