2480 3507
1788 333 1967 405 L
362 429 1967 535 ſeule choſe qu'il ne peut digérer,
366 552 1975 641 parce qu'il juge de tout, comme tt
366 658 1975 747 ſçais, d'après ſa paſſion pour le bon
375 768 1980 857 ordre: il le trouve étrangement
375 871 1984 963 bleſſé, en ce qu'une ſeule perſonne
379 974 1980 1056 réunit tant d'admirables vertus,
379 1087 1984 1172 tandis que d'autres en ſont entie-
379 1190 1989 1268 rement dénuées .... Cette diſtri-
379 1289 1993 1388 bution lui paroît ſi injuſte, & cho-
384 1405 2010 1495 que ſi fort ſes principes ſur le bon
384 1512 1993 1597 ordre, qu'il aimeroit mieux, dit-il
384 1615 1989 1700 de la meilleure foi, que le mérite
388 1717 1997 1786 fût moins éclatant & la méchanceté
392 1824 2002 1913 moins extrême. Ainſi, nos paſſions
392 1930 1997 2022 en tout genre reglent nos juge-
392 2060 689 2105 ments.
506 2142 1997 2214 Ce cher homme eſt ſi convaincu
397 2249 1997 2341 de mon attachement pour toi, qu'il
401 2358 1997 2448 me rêpete ſans ceſſe l'offre de ven-
401 2461 2002 2554 dre ſa, charge; il a quelqu'un en
401 2571 1997 2657 vue, & il me donne l'aſſurance que
401 2674 1997 2763 je ſerai dans peu réſidente à Paris,
