2480 3507
555 398 2136 487 auprès de ma chere Eliſabeth. I
555 504 2136 597 s'accommodera de toute eſpece de
550 607 2141 699 logement pour me procurer cette
550 710 2136 792 ſatisfaction. Cette condeſcendance,
555 819 2141 912 & l'eſpoir qui l'accompagne, m'a
550 922 2145 1018 pénétrée de joie & de recounoiſ-
546 1025 2145 1124 ſance; & je crois que, quand elle
550 1138 2141 1231 ne ſe réaliſeroit jamais, ce que je
546 1244 2145 1337 ne penſe pas, je ſçaurois toujours
546 1354 2149 1450 un gré infini à monfieur d'Albi de
546 1457 2149 1525 m'avoir montré tant de bonté en
542 1563 2141 1649 cette occaſion. C'étoit le ſeul moyen
542 1666 2145 1745 de me rendre à moi-même, c'eſt-à-
555 1772 2149 1861 dire, de me rendre la pratique de
542 1879 2149 1968 mes devoirs agréable. Mais à te
542 1981 2149 2083 parler vrai, je n'ai pas un grand
546 2083 2149 2180 mérite à ma réſignation, parce que
546 2194 2149 2283 je ſuis certaine de ce que mon mari
542 2300 2145 2389 me promet, & je voudrois de tout
542 2406 2149 2502 mon cœur que tes eſpérances du
542 2509 2215 2588 côté du chevalier fuſſent auſſi ſûre-
537 2615 2145 2705 ment remplies; mais le ſéjour du
1852 2722 2145 2787 comte
