<PcGts xmlns="http://schema.primaresearch.org/PAGE/gts/pagecontent/2017-07-15" xmlns:xsi="http://www.w3.org/2001/XMLSchema-instance" xsi:schemaLocation="http://schema.primaresearch.org/PAGE/gts/pagecontent/2017-07-15 http://schema.primaresearch.org/PAGE/gts/pagecontent/2017-07-15/pagecontent.xsd"><Metadata><Creator/><Created>2020-09-14T11:23:13</Created><LastChange>1970-01-01T00:00:00</LastChange><Comments/></Metadata><Page imageFilename="0203.png" imageHeight="3507" imageWidth="2480"><ReadingOrder><OrderedGroup id="g1"><RegionRefIndexed index="0" regionRef="r4"/><RegionRefIndexed index="1" regionRef="r1"/><RegionRefIndexed index="2" regionRef="r3"/></OrderedGroup></ReadingOrder><TextRegion id="r1" type="paragraph" orientation="-0.0"><Coords points="1643,484 1643,486 1641,488 1639,488 1639,490 1638,491 1638,492 1637,493 1586,493 1586,515 1584,517 1575,517 1573,515 1573,497 1571,497 1569,495 1567,495 1566,494 1565,494 1564,493 1481,493 1479,495 1477,495 1475,497 1472,497 1472,501 1471,502 1471,503 1470,504 1468,504 1468,519 1466,521 1464,521 1464,523 1461,526 1459,526 1459,537 1457,539 1431,539 1429,537 1429,517 1420,517 1418,515 1418,512 1413,512 1411,510 1411,508 1343,508 1343,510 1341,512 1242,512 1240,514 1240,515 1238,517 1236,517 1234,515 1234,512 1227,512 1225,510 1225,493 1150,493 1148,495 1146,495 1146,510 1144,512 1058,512 1058,515 1056,517 1045,517 1043,519 1038,519 1036,517 988,517 986,515 986,512 953,512 951,510 951,495 909,495 907,493 841,493 839,495 837,495 837,501 836,502 836,503 835,504 832,501 830,501 828,499 828,497 754,497 754,515 753,516 752,516 751,517 679,517 677,519 657,519 655,517 648,517 646,515 646,514 644,512 504,512 504,515 503,516 502,516 501,517 499,517 497,515 497,508 490,508 488,506 488,504 423,504 423,506 422,507 421,507 420,508 350,508 348,506 348,504 346,504 345,503 345,502 344,501 278,501 277,502 277,503 276,504 267,504 263,508 260,508 260,537 267,537 269,539 269,567 508,567 510,569 510,572 644,572 646,570 646,569 648,567 650,567 651,568 652,568 653,569 653,572 664,572 666,574 666,591 672,591 673,592 674,592 675,593 675,596 707,596 708,597 709,597 710,598 709,599 708,599 707,600 657,600 655,598 650,598 648,596 648,593 572,593 572,596 571,597 570,597 569,598 561,598 560,599 559,599 558,600 558,602 556,604 552,604 552,615 551,616 551,617 550,618 550,620 549,621 548,621 547,622 526,622 525,621 524,621 523,620 523,618 265,618 265,653 263,655 260,655 260,675 263,675 267,679 462,679 462,677 464,675 482,675 484,677 484,679 626,679 626,677 627,676 628,676 629,675 631,677 631,679 1067,679 1067,677 1069,675 1074,675 1076,677 1076,679 1185,679 1185,677 1186,676 1187,677 1187,679 1188,680 1188,683 1189,684 1189,686 1190,687 1190,690 1191,691 1191,694 1192,695 1192,697 1193,698 1193,701 1194,702 1194,705 1195,706 1195,708 1196,709 1196,712 1197,713 1197,716 1198,717 1197,718 1174,718 1172,716 1172,701 1098,701 1097,702 1096,702 1095,703 1093,703 1093,747 1095,747 1096,748 1097,748 1098,749 1097,750 1096,750 1095,751 1069,751 1065,747 1065,727 1060,727 1058,725 1025,725 1023,723 1023,707 1021,707 1019,705 1019,701 946,701 944,703 935,703 935,723 933,725 914,725 913,724 912,724 911,723 911,703 909,703 907,701 837,701 835,703 832,703 832,723 830,725 672,725 670,723 670,721 600,721 600,723 598,725 547,725 545,723 545,703 543,703 541,701 466,701 464,703 405,703 405,723 403,725 368,725 366,723 366,703 282,703 282,705 280,707 273,707 272,708 272,709 271,710 269,710 269,712 267,714 265,714 265,756 263,758 260,758 260,782 263,782 265,784 578,784 580,782 587,782 587,780 589,778 591,778 593,780 593,782 773,782 775,784 775,802 778,802 780,804 780,806 859,806 859,804 861,802 863,802 863,784 865,782 1017,782 1019,784 1019,795 1091,795 1093,797 1168,797 1170,795 1172,795 1172,784 1174,782 1193,782 1194,783 1194,785 1193,786 1193,789 1192,790 1192,793 1191,794 1191,798 1190,799 1190,802 1189,803 1189,806 1188,807 1188,810 1187,811 1187,815 1186,816 1186,819 1185,820 1185,823 1184,824 1184,825 1183,826 1131,826 1130,825 1129,825 1128,824 1054,824 1052,826 1049,826 1049,828 1047,830 997,830 995,828 995,810 942,810 940,808 940,806 867,806 867,815 865,817 863,817 863,824 861,826 832,826 832,828 830,830 813,830 812,829 811,829 810,828 810,810 727,810 727,824 725,826 688,826 688,828 686,830 552,830 550,828 550,806 475,806 475,808 473,810 423,810 423,828 422,829 421,829 420,830 418,828 418,826 363,826 361,824 359,824 358,823 358,822 357,821 357,810 260,810 260,837 263,837 265,839 265,859 263,861 260,861 260,887 263,887 265,889 339,889 341,887 515,887 517,889 550,889 551,890 551,891 552,892 552,894 550,896 488,896 488,914 563,914 563,903 564,902 564,901 565,900 626,900 627,899 628,899 629,898 631,898 635,894 635,889 637,887 756,887 758,889 758,909 760,909 762,911 795,911 796,912 796,913 797,914 795,916 793,916 793,935 792,936 792,937 791,938 764,938 763,937 763,936 762,935 762,920 697,920 697,931 696,932 695,932 694,933 661,933 661,935 660,936 660,937 659,938 440,938 438,940 433,940 431,938 385,938 384,937 384,936 383,935 383,914 287,914 287,935 284,938 278,938 276,940 273,940 273,942 271,944 269,944 267,946 265,946 265,979 267,979 269,981 269,986 271,986 273,988 273,990 280,990 282,992 350,992 351,993 351,994 352,995 352,997 423,997 423,995 424,994 424,993 425,992 515,992 516,993 516,994 517,995 517,997 593,997 593,995 596,992 957,992 958,993 957,994 954,994 953,995 950,995 949,996 946,996 945,997 942,997 941,998 938,998 937,999 934,999 933,1000 930,1000 929,1001 926,1001 925,1002 921,1002 920,1003 917,1003 916,1004 913,1004 912,1005 909,1005 908,1006 905,1006 904,1007 901,1007 900,1008 897,1008 896,1009 893,1009 892,1010 889,1010 888,1011 884,1011 883,1012 880,1012 879,1013 876,1013 875,1014 872,1014 871,1015 868,1015 867,1016 864,1016 863,1017 860,1017 859,1018 856,1018 855,1019 806,1019 806,1021 804,1023 802,1023 800,1025 797,1025 797,1032 796,1033 794,1033 793,1034 790,1034 789,1035 786,1035 785,1036 782,1036 781,1037 778,1037 777,1038 774,1038 773,1039 769,1039 768,1040 765,1040 764,1041 761,1041 760,1042 757,1042 756,1043 753,1043 752,1044 749,1044 748,1045 745,1045 744,1046 741,1046 740,1047 737,1047 736,1048 733,1048 732,1049 725,1049 723,1047 721,1047 720,1046 719,1046 718,1045 718,1043 712,1043 710,1041 635,1041 634,1040 634,1039 633,1038 633,1023 629,1023 628,1022 627,1022 626,1021 626,1019 537,1019 537,1021 536,1022 535,1022 534,1023 515,1023 515,1041 514,1042 513,1042 512,1043 495,1043 493,1041 442,1041 441,1040 441,1039 440,1038 440,1036 366,1036 366,1041 365,1042 364,1042 363,1043 361,1041 361,1030 359,1030 358,1029 358,1028 357,1027 357,1025 355,1025 354,1024 353,1024 352,1023 350,1023 348,1021 348,1019 269,1019 269,1038 271,1038 272,1039 272,1040 273,1041 271,1043 265,1043 265,1095 267,1095 268,1096 268,1097 269,1098 269,1100 370,1100 370,1098 371,1097 371,1096 372,1095 373,1096 373,1097 374,1098 374,1100 497,1100 497,1098 498,1097 498,1096 499,1095 501,1095 504,1098 504,1100 703,1100 705,1102 705,1113 784,1113 786,1111 789,1111 789,1104 791,1102 793,1102 793,1098 794,1097 794,1096 795,1095 800,1095 801,1096 801,1097 802,1098 802,1100 881,1100 881,1098 882,1097 882,1096 883,1095 929,1095 929,1091 931,1089 933,1091 933,1093 935,1095 938,1095 939,1096 939,1097 940,1098 940,1100 1149,1100 1150,1101 1150,1103 1149,1104 1149,1127 1148,1128 1148,1149 1147,1150 1082,1150 1080,1148 1080,1146 1038,1146 1036,1144 1036,1126 955,1126 953,1128 949,1128 949,1148 948,1149 947,1149 946,1150 940,1150 938,1152 933,1152 933,1155 931,1157 927,1157 926,1158 925,1158 924,1159 924,1179 922,1181 920,1179 920,1152 918,1152 916,1150 819,1150 819,1172 817,1174 815,1174 815,1179 813,1181 812,1180 811,1180 810,1179 810,1150 580,1150 578,1148 578,1128 484,1128 484,1148 482,1150 477,1150 475,1148 475,1146 326,1146 326,1148 324,1150 278,1150 276,1152 273,1152 273,1155 271,1157 265,1157 265,1192 267,1192 269,1194 269,1198 271,1198 272,1199 272,1200 273,1201 273,1203 276,1203 278,1205 284,1205 285,1206 286,1206 287,1207 287,1227 383,1227 383,1207 385,1205 480,1205 482,1203 484,1205 705,1205 707,1203 712,1203 714,1205 815,1205 815,1198 817,1196 819,1198 819,1203 826,1203 828,1205 916,1205 918,1203 924,1203 924,1201 927,1198 931,1198 932,1199 932,1200 933,1201 933,1203 935,1205 1120,1205 1122,1203 1124,1203 1124,1201 1125,1200 1125,1199 1126,1198 1128,1198 1129,1197 1130,1197 1131,1196 1133,1196 1133,1194 1135,1192 1137,1194 1137,1203 1139,1203 1141,1205 1144,1205 1145,1206 1145,1224 1144,1225 1144,1235 1143,1236 1141,1236 1139,1238 1137,1238 1137,1244 1136,1245 1136,1246 1135,1247 1134,1246 1134,1245 1133,1244 1133,1236 1131,1236 1130,1235 1129,1235 1128,1234 1128,1231 1019,1231 1019,1234 1017,1236 1014,1236 1014,1251 1012,1253 984,1253 983,1254 982,1254 981,1255 892,1255 889,1258 867,1258 867,1260 865,1262 863,1260 863,1258 861,1258 860,1257 860,1256 859,1255 773,1255 771,1253 771,1231 679,1231 679,1253 677,1255 670,1255 669,1256 669,1257 668,1258 635,1258 634,1257 634,1256 633,1255 633,1240 631,1238 629,1238 628,1237 627,1237 626,1236 539,1236 537,1238 537,1242 532,1247 532,1255 531,1256 531,1257 530,1258 529,1257 529,1256 528,1255 526,1255 525,1254 524,1254 523,1253 269,1253 267,1255 265,1255 265,1277 267,1277 268,1278 268,1279 269,1280 269,1284 267,1286 265,1286 265,1312 344,1312 344,1310 346,1308 348,1310 348,1312 423,1312 423,1310 425,1308 438,1308 440,1310 440,1312 523,1312 523,1310 524,1309 525,1309 526,1308 530,1308 532,1310 532,1312 657,1312 657,1308 659,1306 661,1308 672,1308 673,1309 674,1309 675,1310 675,1312 815,1312 815,1310 817,1308 859,1308 861,1306 867,1312 874,1312 875,1313 875,1314 876,1315 876,1332 878,1334 878,1337 968,1337 968,1334 969,1333 970,1333 971,1332 973,1332 973,1315 974,1314 974,1313 975,1312 1140,1312 1141,1313 1141,1320 1140,1321 1140,1345 1139,1346 1139,1353 1138,1354 1093,1354 1093,1356 1091,1358 1019,1358 1017,1356 1017,1354 940,1354 940,1358 939,1359 939,1360 938,1361 935,1361 934,1360 934,1359 933,1358 857,1358 856,1357 855,1357 854,1356 854,1339 852,1339 850,1337 850,1334 784,1334 784,1337 782,1339 780,1339 778,1341 775,1341 775,1348 773,1350 771,1350 769,1352 767,1352 767,1356 766,1357 765,1357 764,1358 672,1358 670,1356 670,1339 510,1339 508,1341 501,1341 501,1343 499,1345 497,1345 497,1350 495,1352 493,1352 493,1367 492,1368 491,1368 490,1369 488,1367 488,1365 486,1365 484,1363 484,1361 477,1361 476,1360 476,1359 475,1358 401,1358 398,1361 397,1360 397,1359 396,1358 330,1358 329,1359 329,1360 328,1361 280,1361 276,1365 273,1365 273,1367 271,1369 265,1369 265,1374 263,1376 260,1376 260,1400 263,1400 265,1402 265,1409 267,1409 269,1411 271,1411 273,1413 273,1415 276,1415 277,1416 277,1417 278,1418 284,1418 285,1419 286,1419 287,1420 287,1440 320,1440 322,1442 322,1461 321,1462 321,1463 320,1464 282,1464 282,1466 280,1468 278,1468 278,1470 276,1472 269,1472 268,1473 268,1474 267,1475 265,1475 265,1510 269,1514 271,1514 273,1516 273,1518 276,1518 277,1519 277,1520 278,1521 703,1521 705,1523 705,1545 797,1545 798,1544 799,1544 800,1543 802,1543 802,1527 804,1525 883,1525 885,1527 885,1545 887,1545 889,1547 889,1549 898,1549 900,1551 899,1552 899,1553 898,1554 898,1573 896,1575 885,1575 884,1576 884,1577 883,1578 876,1578 876,1582 874,1584 872,1584 872,1621 874,1621 881,1628 889,1628 890,1629 891,1629 892,1630 1019,1630 1021,1628 1030,1628 1031,1629 1030,1630 1030,1632 1029,1633 1029,1634 1028,1635 1028,1637 1027,1638 1027,1639 1026,1640 1026,1642 1025,1643 1025,1644 1024,1645 1024,1647 1023,1648 1023,1649 1022,1650 1022,1652 1021,1653 1021,1654 1020,1655 1020,1657 1019,1658 1019,1659 1018,1660 1018,1662 1017,1663 1017,1664 1016,1665 1016,1667 1015,1668 1015,1669 1014,1670 1014,1672 1012,1674 988,1674 986,1672 986,1657 984,1657 981,1654 876,1654 876,1672 874,1674 872,1674 872,1676 870,1678 869,1677 868,1677 867,1676 867,1674 839,1674 837,1672 837,1657 835,1657 832,1654 758,1654 757,1655 757,1656 756,1657 754,1657 754,1672 753,1673 752,1673 751,1674 714,1674 714,1676 712,1678 661,1678 658,1675 658,1674 657,1673 657,1672 655,1670 655,1669 654,1668 654,1667 652,1665 652,1664 651,1663 651,1662 649,1660 649,1659 648,1658 648,1657 646,1655 646,1654 645,1653 645,1652 643,1650 643,1649 642,1648 642,1647 641,1646 641,1645 639,1643 639,1642 638,1641 638,1640 636,1638 636,1637 635,1636 635,1635 633,1633 633,1632 632,1631 632,1630 631,1629 632,1628 692,1628 692,1626 694,1624 697,1624 698,1623 698,1622 699,1621 703,1621 704,1622 704,1623 705,1624 707,1624 708,1625 709,1625 710,1626 710,1628 721,1628 723,1630 854,1630 855,1629 856,1629 857,1628 863,1628 863,1626 865,1624 867,1624 867,1578 865,1578 864,1577 864,1576 863,1575 861,1575 859,1573 859,1571 817,1571 815,1569 815,1551 727,1551 727,1573 725,1575 714,1575 713,1576 713,1577 712,1578 705,1578 705,1580 703,1582 701,1582 701,1589 699,1591 697,1589 697,1575 694,1575 692,1573 692,1571 602,1571 600,1569 600,1554 599,1553 599,1552 598,1551 523,1551 522,1552 522,1553 521,1554 517,1554 517,1569 515,1571 374,1571 374,1600 372,1602 370,1600 370,1571 363,1571 361,1569 361,1567 280,1567 276,1571 269,1571 269,1597 268,1598 268,1599 267,1600 265,1600 265,1621 267,1621 268,1622 268,1623 269,1624 271,1624 273,1626 273,1628 574,1628 575,1629 573,1631 573,1632 569,1636 569,1637 565,1641 565,1642 561,1646 561,1647 557,1651 557,1652 553,1656 553,1657 549,1661 549,1662 545,1666 545,1667 541,1671 541,1672 539,1674 486,1674 484,1672 484,1657 482,1657 481,1656 481,1655 480,1654 374,1654 373,1655 373,1656 372,1657 370,1657 370,1672 368,1674 260,1674 260,1696 263,1696 265,1698 267,1698 269,1700 269,1703 271,1703 273,1705 273,1718 276,1718 278,1720 280,1720 282,1722 282,1727 284,1727 285,1728 286,1728 287,1729 287,1733 357,1733 359,1731 451,1731 453,1733 490,1733 491,1734 489,1736 489,1737 485,1741 485,1742 481,1746 481,1747 477,1751 477,1752 473,1756 473,1757 470,1760 449,1760 449,1777 447,1779 346,1779 344,1777 269,1777 267,1779 265,1779 265,1781 264,1782 264,1783 263,1784 260,1784 260,1806 263,1806 265,1808 265,1825 267,1825 268,1826 268,1827 269,1828 269,1836 276,1836 278,1838 278,1841 352,1841 352,1838 353,1837 354,1837 355,1836 642,1836 644,1834 644,1810 642,1808 637,1808 635,1806 635,1803 622,1803 620,1801 620,1790 615,1790 613,1788 613,1784 612,1783 612,1782 611,1781 611,1779 561,1779 560,1778 559,1778 558,1777 558,1760 475,1760 474,1759 477,1756 477,1755 481,1751 481,1750 485,1746 485,1745 489,1741 489,1740 493,1736 493,1735 495,1733 523,1733 524,1732 525,1732 526,1731 550,1731 552,1733 552,1742 626,1742 626,1740 627,1739 628,1739 629,1738 633,1738 633,1735 637,1731 681,1731 683,1733 689,1733 692,1736 692,1737 693,1738 693,1739 695,1741 695,1742 696,1743 696,1744 698,1746 698,1747 699,1748 699,1749 701,1751 701,1752 702,1753 702,1754 703,1755 703,1756 705,1758 705,1759 704,1760 666,1760 664,1762 657,1762 657,1771 653,1775 653,1799 655,1799 657,1801 657,1806 655,1808 653,1808 653,1832 657,1836 751,1836 752,1837 752,1838 753,1839 753,1840 755,1842 755,1843 756,1844 756,1845 758,1847 758,1848 759,1849 759,1850 760,1851 760,1852 762,1854 762,1855 763,1856 763,1857 765,1859 765,1860 766,1861 766,1862 768,1864 768,1865 769,1866 769,1867 771,1869 771,1870 772,1871 772,1872 774,1874 774,1875 775,1876 775,1877 777,1879 777,1880 778,1881 778,1882 779,1883 779,1884 781,1886 780,1887 738,1887 736,1885 736,1874 734,1874 733,1873 733,1872 732,1871 732,1869 712,1869 710,1867 710,1865 622,1865 622,1887 620,1889 596,1889 595,1888 594,1888 593,1887 589,1887 587,1885 587,1882 517,1882 517,1885 515,1887 451,1887 449,1885 449,1882 379,1882 379,1885 377,1887 265,1887 265,1911 263,1913 260,1913 260,1939 263,1939 264,1940 264,1941 265,1942 265,1944 271,1944 273,1946 453,1946 455,1944 600,1944 600,1942 601,1941 601,1940 602,1939 607,1939 608,1940 608,1941 609,1942 609,1944 721,1944 723,1946 723,1963 725,1963 726,1964 726,1965 727,1966 727,1968 769,1968 770,1969 770,1970 768,1972 762,1972 762,1991 761,1992 761,1994 760,1995 760,1997 759,1998 759,2000 758,2001 758,2002 757,2003 756,2003 754,2001 754,1996 751,1996 749,1994 749,1992 743,1992 742,1991 741,1991 740,1990 707,1990 705,1988 705,1968 613,1968 613,1990 611,1992 600,1992 600,1994 598,1996 589,1996 587,1994 587,1992 585,1990 510,1990 508,1992 420,1992 418,1990 385,1990 383,1988 383,1972 381,1972 379,1970 379,1968 295,1968 295,1970 293,1972 291,1972 291,1990 289,1992 278,1992 278,1994 276,1996 273,1996 273,1998 272,1999 272,2000 271,2001 265,2001 265,2009 264,2010 264,2011 263,2012 260,2012 260,2036 263,2036 265,2038 265,2042 267,2042 268,2043 268,2044 269,2045 269,2047 276,2047 278,2049 423,2049 425,2047 455,2047 456,2048 457,2048 458,2049 578,2049 580,2047 593,2047 593,2045 596,2042 598,2042 599,2043 599,2044 600,2045 600,2047 664,2047 666,2049 739,2049 740,2050 740,2051 739,2052 739,2054 738,2055 738,2057 737,2058 737,2059 736,2060 736,2062 735,2063 735,2065 734,2066 734,2068 733,2069 733,2070 732,2071 732,2073 730,2075 692,2075 692,2077 691,2078 691,2079 690,2080 683,2080 683,2097 681,2099 583,2099 583,2102 582,2103 581,2103 580,2104 574,2104 572,2106 572,2110 571,2111 570,2111 569,2112 567,2112 565,2110 565,2104 563,2102 563,2099 556,2099 552,2095 484,2095 484,2097 482,2099 423,2099 423,2102 422,2103 421,2103 420,2104 414,2104 412,2106 411,2105 410,2105 409,2104 381,2104 379,2102 379,2082 377,2082 376,2081 375,2081 374,2080 363,2080 362,2079 362,2078 361,2077 361,2075 291,2075 291,2077 290,2078 290,2079 289,2080 287,2080 286,2081 285,2081 284,2082 282,2082 280,2084 278,2084 278,2104 276,2106 269,2106 267,2108 265,2108 265,2110 263,2112 260,2112 260,2145 263,2145 264,2146 264,2147 265,2148 267,2148 269,2150 269,2152 271,2152 273,2154 405,2154 407,2152 409,2152 409,2148 412,2145 413,2146 413,2147 414,2148 416,2148 418,2150 418,2152 420,2152 421,2153 422,2153 423,2154 558,2154 559,2153 560,2153 561,2152 565,2152 565,2148 566,2147 566,2146 567,2145 569,2145 574,2150 574,2152 578,2152 580,2154 585,2154 587,2156 587,2176 679,2176 679,2156 681,2154 701,2154 702,2155 701,2156 701,2157 700,2158 700,2160 699,2161 699,2163 698,2164 698,2165 697,2166 697,2168 696,2169 696,2171 695,2172 695,2174 694,2175 694,2176 693,2177 693,2179 692,2180 692,2182 691,2183 691,2185 690,2186 690,2187 689,2188 689,2190 688,2191 688,2193 687,2194 687,2195 686,2196 686,2198 685,2199 685,2201 684,2202 640,2202 637,2205 545,2205 545,2207 543,2209 539,2209 537,2211 537,2213 536,2214 535,2214 534,2215 532,2215 532,2219 531,2220 520,2220 519,2219 519,2205 508,2205 507,2204 507,2203 506,2202 506,2185 504,2185 503,2184 502,2184 501,2183 501,2180 414,2180 414,2183 412,2185 409,2185 407,2187 405,2187 405,2194 403,2196 398,2196 396,2194 396,2191 394,2191 392,2189 392,2187 313,2187 313,2202 312,2203 312,2204 311,2205 278,2205 278,2207 276,2209 269,2209 267,2211 265,2211 265,2215 264,2216 264,2217 263,2218 260,2218 260,2248 263,2248 264,2249 264,2250 265,2251 265,2255 267,2255 269,2257 276,2257 278,2259 278,2262 399,2262 400,2263 400,2265 401,2266 401,2268 402,2269 402,2271 403,2272 403,2274 404,2275 404,2277 405,2278 405,2280 406,2281 406,2283 407,2284 407,2285 408,2286 408,2288 409,2289 409,2291 410,2292 410,2294 411,2295 411,2297 412,2298 412,2300 413,2301 413,2303 414,2304 414,2306 415,2307 415,2309 416,2310 416,2311 415,2312 273,2312 271,2314 269,2314 269,2316 268,2317 268,2318 267,2319 265,2319 263,2321 260,2321 260,2323 258,2325 256,2325 256,2351 258,2351 259,2352 259,2353 260,2354 260,2360 263,2360 265,2362 265,2365 271,2365 273,2367 273,2369 435,2369 437,2371 437,2373 438,2374 438,2375 439,2376 439,2378 440,2379 440,2381 441,2382 441,2384 442,2385 442,2387 443,2388 443,2390 444,2391 444,2392 443,2393 335,2393 335,2395 333,2397 330,2397 330,2402 328,2404 326,2404 326,2406 324,2408 322,2408 321,2409 321,2410 320,2411 317,2411 317,2415 315,2417 260,2417 260,2443 263,2443 264,2444 264,2445 265,2446 265,2454 264,2455 264,2456 263,2457 260,2457 260,2479 352,2479 352,2476 353,2475 354,2475 355,2474 472,2474 473,2475 473,2477 474,2478 474,2480 475,2481 475,2483 476,2484 476,2486 477,2487 477,2489 478,2490 478,2492 479,2493 479,2494 480,2495 480,2497 481,2498 481,2500 482,2501 482,2503 483,2504 483,2506 484,2507 484,2509 485,2510 485,2512 486,2513 486,2515 487,2516 487,2518 488,2519 488,2521 489,2522 489,2523 490,2524 490,2526 491,2527 491,2529 492,2530 492,2531 490,2533 488,2531 488,2527 486,2527 484,2525 282,2525 280,2527 269,2527 269,2529 267,2531 265,2531 265,2533 263,2535 260,2535 259,2536 259,2537 258,2538 256,2538 254,2540 252,2540 252,2564 254,2564 256,2566 256,2573 258,2573 260,2575 260,2577 263,2577 265,2579 284,2579 287,2582 287,2603 383,2603 383,2582 384,2581 384,2580 385,2579 480,2579 482,2577 488,2577 488,2560 489,2559 489,2558 490,2557 493,2560 493,2571 495,2571 497,2573 499,2573 501,2575 501,2577 591,2577 593,2579 732,2579 734,2577 736,2577 736,2555 729,2555 727,2553 727,2549 728,2548 728,2547 729,2546 736,2546 736,2529 734,2529 732,2527 732,2525 729,2525 728,2524 728,2523 727,2522 727,2507 725,2507 723,2505 723,2500 640,2500 640,2503 639,2504 638,2504 637,2505 631,2505 629,2507 626,2507 626,2511 625,2512 625,2513 624,2514 622,2514 621,2513 621,2512 620,2511 620,2507 539,2507 539,2518 537,2520 510,2520 510,2522 509,2523 509,2524 508,2525 497,2525 497,2529 495,2531 494,2531 493,2530 493,2528 492,2527 492,2525 491,2524 491,2522 490,2521 490,2519 489,2518 489,2516 488,2515 488,2513 487,2512 487,2510 486,2509 486,2507 485,2506 485,2504 484,2503 484,2502 483,2501 483,2499 482,2498 482,2496 481,2495 481,2493 480,2492 480,2490 479,2489 479,2487 478,2486 478,2484 477,2483 477,2481 476,2480 476,2478 475,2477 475,2475 476,2474 543,2474 545,2476 545,2481 613,2481 613,2476 615,2474 944,2474 946,2476 946,2479 1010,2479 1010,2476 1012,2474 1057,2474 1058,2475 1057,2476 1057,2480 1056,2481 1056,2484 1055,2485 1055,2488 1054,2489 1054,2493 1053,2494 1053,2497 1052,2498 1052,2499 1051,2500 1023,2500 1023,2503 1021,2505 1014,2505 1012,2507 1010,2507 1010,2509 1008,2511 997,2511 997,2518 995,2520 962,2520 962,2522 961,2523 961,2524 960,2525 892,2525 892,2553 891,2554 890,2554 889,2555 887,2555 885,2553 885,2551 883,2551 881,2549 882,2548 882,2547 883,2546 885,2546 885,2527 883,2527 881,2525 878,2525 877,2524 877,2523 876,2522 876,2520 861,2520 859,2518 859,2500 857,2500 856,2499 855,2499 854,2498 854,2496 775,2496 775,2498 773,2500 767,2500 767,2503 766,2504 765,2504 764,2505 762,2505 760,2507 758,2507 758,2518 756,2520 754,2520 754,2553 753,2554 752,2554 751,2555 749,2555 749,2577 764,2577 765,2578 766,2578 767,2579 881,2579 883,2577 885,2577 885,2575 887,2573 889,2573 889,2562 890,2561 891,2561 892,2560 896,2560 898,2562 898,2577 896,2579 892,2579 892,2601 891,2602 890,2602 889,2603 841,2603 840,2604 840,2605 839,2606 837,2606 837,2608 835,2610 832,2610 832,2614 831,2615 831,2616 830,2617 828,2617 828,2628 826,2630 804,2630 802,2628 802,2610 795,2610 793,2608 793,2606 710,2606 710,2608 709,2609 708,2609 707,2610 705,2610 705,2614 704,2615 704,2616 703,2617 701,2617 701,2632 699,2634 697,2634 697,2639 696,2640 695,2640 694,2641 692,2641 692,2645 690,2647 688,2647 688,2658 686,2660 685,2659 684,2659 683,2658 683,2654 615,2654 613,2652 613,2630 609,2630 607,2628 561,2628 558,2625 558,2606 484,2606 484,2608 482,2610 480,2610 480,2628 479,2629 478,2629 477,2630 429,2630 427,2628 273,2628 271,2630 260,2630 260,2652 263,2652 265,2654 265,2658 263,2660 260,2660 260,2687 497,2687 497,2685 498,2684 498,2683 499,2682 530,2682 531,2683 531,2684 532,2685 532,2687 598,2687 600,2689 600,2698 602,2698 604,2700 675,2700 677,2698 683,2698 683,2693 684,2692 685,2692 686,2691 688,2691 688,2676 690,2674 692,2676 692,2680 699,2680 701,2682 712,2682 713,2683 713,2684 714,2685 714,2687 780,2687 780,2685 781,2684 781,2683 782,2682 953,2682 955,2680 960,2680 960,2671 962,2669 966,2669 968,2671 968,2676 969,2677 970,2677 971,2678 971,2680 973,2680 975,2682 975,2687 1076,2687 1078,2689 1078,2690 1081,2693 1081,2694 1084,2697 1083,2698 1080,2698 1080,2711 1078,2713 992,2713 992,2731 990,2733 971,2733 971,2735 970,2736 969,2736 968,2737 935,2737 933,2735 933,2733 887,2733 885,2731 885,2713 749,2713 747,2715 745,2715 745,2731 743,2733 694,2733 692,2731 626,2731 624,2733 565,2733 565,2735 563,2737 466,2737 464,2739 462,2737 416,2737 414,2735 414,2733 385,2733 383,2731 383,2715 381,2715 379,2713 282,2713 280,2715 278,2715 278,2735 276,2737 269,2737 267,2739 260,2739 260,2742 258,2744 256,2744 254,2746 252,2746 252,2779 254,2779 256,2781 256,2790 258,2790 260,2792 260,2794 271,2794 273,2796 458,2796 460,2794 563,2794 565,2796 642,2796 644,2794 655,2794 657,2796 723,2796 725,2794 861,2794 863,2796 929,2796 931,2794 975,2794 975,2792 977,2790 979,2790 981,2792 981,2794 1091,2794 1093,2796 1148,2796 1149,2797 1149,2798 1150,2799 1150,2814 1152,2814 1153,2815 1154,2815 1155,2816 1242,2816 1244,2814 1251,2814 1251,2812 1252,2811 1252,2810 1253,2809 1255,2809 1256,2808 1257,2808 1258,2807 1260,2807 1260,2796 1262,2794 1615,2794 1617,2796 1771,2796 1772,2797 1772,2798 1773,2799 1773,2801 1788,2801 1790,2803 1823,2803 1825,2805 1825,2807 1841,2807 1843,2809 1843,2819 1917,2819 1917,2768 1915,2768 1913,2766 1913,2761 1863,2761 1862,2760 1861,2760 1860,2759 1860,2757 1858,2757 1856,2755 1856,2739 1817,2739 1816,2738 1815,2738 1814,2737 1775,2737 1773,2735 1773,2726 1762,2726 1760,2724 1760,2720 1757,2717 1757,2715 1676,2715 1676,2717 1675,2718 1675,2719 1674,2720 1670,2720 1668,2722 1665,2722 1661,2726 1661,2728 1660,2729 1660,2730 1659,2731 1657,2731 1657,2735 1656,2736 1655,2736 1654,2737 1652,2735 1652,2715 1547,2715 1547,2720 1545,2722 1543,2722 1543,2731 1542,2732 1541,2732 1540,2733 1490,2733 1490,2735 1488,2737 1448,2737 1446,2735 1446,2733 1385,2733 1383,2731 1383,2726 1385,2724 1418,2724 1420,2722 1420,2702 1345,2702 1345,2713 1343,2715 1288,2715 1288,2735 1286,2737 1284,2737 1282,2735 1282,2715 1280,2715 1279,2714 1278,2714 1277,2713 1207,2713 1205,2715 1203,2715 1203,2724 1201,2726 1168,2726 1168,2735 1166,2737 1126,2737 1124,2735 1124,2733 1113,2733 1109,2729 1109,2728 1107,2726 1107,2725 1105,2723 1106,2722 1150,2722 1150,2702 1148,2702 1146,2700 1146,2698 1088,2698 1084,2694 1084,2693 1082,2691 1082,2690 1080,2688 1081,2687 1194,2687 1194,2685 1195,2684 1195,2683 1196,2682 1198,2682 1199,2681 1200,2681 1201,2680 1203,2680 1203,2678 1205,2676 1207,2678 1207,2680 1209,2680 1210,2681 1211,2681 1212,2682 1218,2682 1219,2683 1219,2684 1220,2685 1220,2687 1334,2687 1334,2685 1337,2682 1378,2682 1379,2683 1379,2684 1380,2685 1380,2687 1540,2687 1541,2688 1542,2688 1543,2689 1543,2711 1617,2711 1617,2709 1618,2708 1618,2707 1619,2706 1621,2706 1621,2689 1622,2688 1623,2688 1624,2687 1716,2687 1718,2689 1718,2691 1922,2691 1922,2667 1920,2667 1919,2666 1918,2666 1917,2665 1915,2665 1913,2663 1913,2660 1911,2660 1909,2658 1909,2636 1906,2636 1904,2634 1904,2630 1902,2630 1900,2628 1898,2628 1895,2625 1895,2623 1825,2623 1825,2628 1823,2630 1803,2630 1803,2632 1801,2634 1795,2634 1794,2633 1793,2633 1792,2632 1792,2610 1720,2610 1718,2612 1718,2625 1717,2626 1717,2627 1716,2628 1685,2628 1684,2627 1684,2626 1683,2625 1683,2610 1600,2610 1600,2628 1599,2629 1598,2629 1597,2630 1448,2630 1446,2628 1444,2628 1443,2627 1443,2626 1442,2625 1442,2623 1378,2623 1376,2625 1376,2626 1374,2628 1220,2628 1218,2630 1207,2630 1207,2632 1205,2634 1201,2634 1200,2633 1199,2633 1198,2632 1198,2630 1196,2630 1194,2628 1095,2628 1094,2627 1094,2626 1093,2625 1093,2610 1091,2610 1089,2608 1089,2606 1031,2606 1030,2605 1031,2604 1031,2601 1032,2600 1032,2596 1033,2595 1033,2592 1034,2591 1034,2587 1035,2586 1035,2583 1036,2582 1036,2580 1037,2579 1225,2579 1227,2577 1264,2577 1264,2557 1262,2557 1258,2553 1258,2533 1257,2532 1256,2532 1255,2531 1255,2525 1249,2525 1248,2524 1248,2523 1247,2522 1247,2520 1172,2520 1172,2522 1171,2523 1171,2524 1170,2525 1139,2525 1138,2524 1138,2523 1137,2522 1137,2505 1135,2505 1133,2503 1133,2500 1055,2500 1054,2499 1054,2498 1055,2497 1055,2494 1056,2493 1056,2489 1057,2488 1057,2485 1058,2484 1058,2480 1059,2479 1059,2476 1061,2474 1141,2474 1142,2473 1143,2473 1144,2472 1146,2474 1322,2474 1331,2483 1332,2483 1341,2492 1342,2492 1351,2501 1352,2501 1362,2511 1363,2511 1372,2520 1373,2520 1377,2524 1376,2525 1273,2525 1273,2566 1275,2568 1275,2569 1277,2571 1277,2577 1275,2579 1273,2579 1273,2601 1284,2601 1286,2603 1361,2603 1361,2582 1362,2581 1362,2580 1363,2579 1426,2579 1429,2582 1429,2584 1494,2584 1494,2582 1497,2579 1534,2579 1534,2557 1532,2557 1531,2556 1530,2556 1529,2555 1530,2554 1531,2554 1532,2553 1543,2553 1543,2525 1540,2525 1539,2524 1539,2523 1538,2522 1538,2520 1468,2520 1468,2522 1467,2523 1467,2524 1466,2525 1382,2525 1381,2524 1380,2524 1370,2514 1369,2514 1360,2505 1359,2505 1349,2495 1348,2495 1339,2486 1338,2486 1329,2477 1328,2477 1326,2475 1327,2474 1418,2474 1420,2476 1420,2479 1512,2479 1512,2476 1514,2474 1646,2474 1648,2476 1648,2479 1661,2479 1663,2481 1663,2498 1668,2498 1670,2500 1670,2503 1681,2503 1683,2505 1681,2507 1674,2507 1674,2509 1672,2511 1670,2511 1669,2512 1669,2513 1668,2514 1663,2514 1662,2513 1662,2512 1661,2511 1637,2511 1635,2509 1635,2507 1632,2507 1630,2505 1551,2505 1551,2527 1554,2527 1556,2529 1556,2555 1554,2557 1551,2557 1551,2560 1549,2562 1547,2562 1547,2579 1554,2579 1555,2580 1555,2581 1556,2582 1556,2584 1860,2584 1865,2579 1869,2579 1869,2575 1871,2573 1891,2573 1893,2571 1917,2571 1917,2544 1915,2544 1913,2542 1913,2540 1876,2540 1874,2538 1874,2535 1871,2535 1869,2533 1869,2531 1867,2531 1865,2529 1865,2527 1817,2527 1816,2526 1815,2526 1814,2525 1768,2525 1767,2524 1767,2523 1766,2522 1766,2507 1760,2507 1759,2506 1758,2506 1757,2505 1758,2504 1759,2504 1760,2503 1766,2503 1766,2500 1768,2498 1773,2498 1775,2496 1779,2496 1779,2481 1781,2479 1909,2479 1909,2476 1911,2474 1917,2474 1917,2452 1918,2451 1919,2451 1920,2450 1922,2450 1922,2428 1920,2428 1919,2427 1918,2427 1917,2426 1917,2424 1915,2424 1913,2422 1898,2422 1895,2419 1895,2417 1830,2417 1830,2419 1829,2420 1829,2421 1828,2422 1806,2422 1803,2419 1803,2397 1731,2397 1729,2399 1729,2400 1727,2402 1725,2402 1725,2419 1722,2422 1716,2422 1715,2421 1715,2420 1714,2419 1714,2417 1580,2417 1578,2415 1578,2397 1433,2397 1433,2419 1440,2419 1441,2420 1441,2421 1442,2422 1442,2424 1444,2424 1446,2426 1446,2443 1445,2444 1445,2445 1444,2446 1413,2446 1412,2445 1412,2444 1411,2443 1411,2422 1407,2422 1404,2419 1404,2417 1400,2417 1398,2415 1374,2415 1372,2413 1372,2402 1371,2401 1370,2401 1369,2400 1369,2397 1346,2397 1345,2396 1346,2395 1346,2394 1347,2393 1347,2392 1349,2390 1349,2389 1350,2388 1350,2387 1351,2386 1351,2385 1352,2384 1352,2383 1353,2382 1353,2381 1355,2379 1355,2378 1356,2377 1356,2376 1357,2375 1357,2374 1358,2373 1358,2372 1359,2371 1499,2371 1501,2369 1514,2369 1516,2371 1586,2371 1587,2370 1588,2370 1589,2369 1606,2369 1608,2371 1608,2393 1698,2393 1700,2391 1700,2373 1701,2372 1702,2372 1703,2371 1795,2371 1797,2369 1823,2369 1825,2371 1917,2371 1918,2370 1919,2370 1920,2369 1922,2369 1922,2347 1924,2345 1926,2345 1926,2319 1924,2319 1923,2318 1923,2317 1922,2316 1922,2314 1915,2314 1913,2312 1867,2312 1865,2310 1865,2294 1863,2294 1862,2293 1861,2293 1860,2292 1860,2290 1781,2290 1781,2299 1779,2301 1746,2301 1746,2303 1744,2305 1742,2305 1742,2310 1740,2312 1718,2312 1716,2314 1604,2314 1604,2316 1603,2317 1603,2318 1602,2319 1597,2319 1596,2318 1596,2317 1595,2316 1595,2314 1593,2314 1591,2312 1501,2312 1499,2310 1499,2308 1470,2308 1469,2307 1469,2306 1468,2305 1468,2294 1402,2294 1401,2293 1402,2292 1402,2291 1404,2289 1404,2288 1406,2286 1494,2286 1494,2268 1495,2267 1496,2267 1497,2266 1735,2266 1735,2264 1742,2257 1744,2257 1746,2255 1746,2215 1744,2213 1744,2185 1670,2185 1670,2189 1668,2191 1663,2191 1663,2194 1661,2196 1661,2200 1659,2202 1657,2200 1657,2187 1582,2187 1582,2207 1580,2209 1575,2209 1573,2207 1573,2187 1571,2187 1569,2185 1503,2185 1501,2187 1459,2187 1459,2207 1457,2209 1446,2209 1444,2207 1444,2198 1443,2197 1443,2187 1442,2186 1442,2177 1441,2176 1441,2166 1440,2165 1440,2159 1441,2158 1543,2158 1543,2156 1545,2154 1547,2154 1549,2152 1551,2154 1558,2154 1560,2156 1560,2158 1670,2158 1670,2156 1672,2154 1689,2154 1690,2155 1691,2155 1692,2156 1692,2158 1757,2158 1760,2161 1760,2163 1799,2163 1801,2165 1801,2167 1802,2168 1802,2169 1803,2170 1803,2172 1804,2173 1804,2174 1805,2175 1805,2177 1806,2178 1806,2179 1807,2180 1807,2182 1808,2183 1808,2184 1807,2185 1786,2185 1784,2187 1777,2187 1777,2207 1775,2209 1768,2209 1766,2211 1760,2211 1760,2213 1759,2214 1758,2214 1757,2215 1755,2215 1754,2216 1754,2217 1753,2218 1753,2251 1755,2253 1755,2257 1757,2257 1758,2258 1759,2258 1760,2259 1760,2262 1766,2262 1768,2264 1768,2266 1832,2266 1834,2268 1913,2268 1915,2266 1917,2266 1917,2264 1918,2263 1919,2263 1920,2262 1922,2262 1922,2211 1920,2211 1919,2210 1918,2210 1917,2209 1911,2209 1909,2207 1909,2205 1871,2205 1870,2204 1870,2203 1869,2202 1869,2187 1854,2187 1852,2185 1811,2185 1810,2184 1810,2183 1809,2182 1809,2181 1808,2180 1808,2178 1807,2177 1807,2176 1806,2175 1806,2173 1805,2172 1805,2170 1804,2169 1804,2168 1803,2167 1803,2165 1802,2164 1803,2163 1825,2163 1826,2162 1827,2162 1828,2161 1830,2163 1830,2172 1836,2172 1838,2174 1838,2176 1909,2176 1909,2174 1911,2172 1913,2172 1914,2171 1914,2170 1915,2169 1917,2169 1917,2161 1920,2158 1922,2158 1922,2139 1920,2139 1919,2138 1918,2138 1917,2137 1917,2132 1915,2132 1913,2130 1863,2130 1862,2129 1861,2129 1860,2128 1860,2126 1863,2123 1869,2123 1869,2104 1867,2104 1865,2102 1865,2084 1863,2084 1862,2083 1861,2083 1860,2082 1786,2082 1784,2084 1781,2084 1781,2102 1780,2103 1779,2103 1778,2102 1778,2101 1777,2100 1777,2098 1776,2097 1776,2095 1775,2094 1775,2093 1774,2092 1774,2090 1773,2089 1773,2082 1771,2082 1770,2081 1770,2080 1769,2079 1769,2077 1768,2076 1768,2075 1767,2074 1767,2072 1766,2071 1766,2069 1765,2068 1765,2067 1764,2066 1764,2064 1763,2063 1763,2062 1762,2061 1762,2059 1761,2058 1761,2057 1760,2056 1760,2054 1759,2053 1759,2052 1760,2051 1823,2051 1825,2053 1825,2066 1913,2066 1913,2064 1915,2062 1917,2062 1918,2061 1919,2061 1920,2060 1922,2060 1922,2001 1920,2001 1917,1998 1917,1996 1858,1996 1856,1994 1856,1992 1830,1992 1828,1990 1828,1977 1753,1977 1753,1994 1751,1996 1749,1996 1748,1995 1747,1995 1746,1994 1746,1977 1731,1977 1729,1975 1729,1974 1728,1973 1728,1971 1729,1970 1746,1970 1747,1969 1748,1969 1749,1968 1753,1968 1753,1948 1755,1946 1771,1946 1773,1948 1773,1950 1878,1950 1878,1939 1880,1937 1917,1937 1917,1935 1918,1934 1919,1934 1920,1933 1922,1933 1922,1904 1876,1904 1874,1902 1874,1893 1841,1893 1840,1892 1839,1892 1838,1891 1838,1889 1674,1889 1674,1891 1672,1893 1668,1893 1667,1892 1666,1892 1665,1891 1665,1889 1624,1889 1623,1888 1622,1888 1621,1887 1621,1869 1534,1869 1534,1889 1536,1889 1538,1891 1536,1893 1534,1893 1534,1915 1536,1915 1538,1917 1537,1918 1526,1918 1525,1917 1525,1898 1523,1898 1522,1897 1522,1896 1521,1895 1521,1893 1518,1893 1516,1891 1516,1889 1514,1889 1512,1887 1389,1887 1387,1889 1384,1886 1383,1886 1356,1859 1355,1859 1333,1837 1334,1836 1352,1836 1354,1838 1354,1839 1356,1841 1716,1841 1718,1843 1718,1865 1803,1865 1803,1843 1804,1842 1805,1842 1806,1841 1808,1843 1913,1843 1915,1841 1917,1841 1917,1838 1918,1837 1919,1837 1920,1836 1922,1836 1924,1834 1926,1834 1926,1786 1920,1786 1919,1785 1918,1785 1917,1784 1915,1784 1914,1783 1914,1782 1913,1781 1913,1777 1847,1777 1847,1781 1846,1782 1846,1783 1845,1784 1742,1784 1740,1786 1727,1786 1722,1781 1722,1779 1643,1779 1643,1781 1642,1782 1642,1783 1641,1784 1624,1784 1621,1781 1621,1779 1580,1779 1578,1777 1578,1760 1503,1760 1501,1762 1499,1762 1499,1775 1497,1777 1492,1777 1490,1775 1490,1762 1488,1762 1486,1760 1411,1760 1409,1762 1398,1762 1398,1768 1397,1769 1397,1770 1396,1771 1394,1771 1391,1768 1391,1766 1310,1766 1310,1777 1308,1779 1259,1779 1258,1778 1256,1778 1255,1777 1253,1777 1252,1776 1250,1776 1249,1775 1247,1775 1246,1774 1243,1774 1242,1773 1240,1773 1239,1772 1237,1772 1236,1771 1234,1771 1233,1770 1231,1770 1230,1769 1228,1769 1227,1768 1226,1768 1225,1767 1225,1755 1186,1755 1185,1754 1183,1754 1182,1753 1180,1753 1179,1752 1177,1752 1176,1751 1174,1751 1173,1750 1171,1750 1170,1749 1168,1749 1167,1748 1165,1748 1164,1747 1162,1747 1161,1746 1159,1746 1158,1745 1155,1745 1154,1744 1152,1744 1151,1743 1149,1743 1148,1742 1146,1742 1145,1741 1143,1741 1142,1740 1140,1740 1139,1739 1137,1739 1136,1738 1134,1738 1133,1737 1131,1737 1130,1736 1128,1736 1127,1735 1125,1735 1124,1734 1122,1734 1121,1733 1119,1733 1118,1732 1119,1731 1218,1731 1220,1733 1291,1733 1293,1731 1299,1731 1301,1729 1302,1730 1303,1730 1304,1731 1306,1731 1308,1733 1376,1733 1378,1731 1488,1731 1490,1733 1810,1733 1812,1735 1812,1738 1878,1738 1878,1735 1880,1733 1882,1733 1882,1729 1883,1728 1884,1728 1885,1727 1913,1727 1913,1725 1914,1724 1914,1723 1915,1722 1926,1722 1926,1694 1915,1694 1913,1692 1913,1681 1876,1681 1875,1680 1875,1679 1874,1678 1707,1678 1705,1676 1705,1657 1703,1657 1700,1654 1617,1654 1616,1655 1616,1656 1615,1657 1614,1656 1614,1655 1613,1654 1538,1654 1537,1655 1537,1656 1536,1657 1534,1657 1534,1661 1532,1663 1529,1663 1529,1668 1527,1670 1486,1670 1486,1672 1485,1673 1484,1673 1483,1674 1451,1674 1451,1676 1450,1677 1449,1677 1448,1678 1398,1678 1396,1676 1396,1657 1299,1657 1299,1676 1297,1678 1293,1678 1291,1676 1291,1674 1016,1674 1015,1673 1015,1672 1016,1671 1016,1670 1017,1669 1017,1667 1018,1666 1018,1665 1019,1664 1019,1662 1020,1661 1020,1660 1021,1659 1021,1657 1022,1656 1022,1655 1023,1654 1023,1652 1024,1651 1024,1650 1025,1649 1025,1647 1026,1646 1026,1645 1027,1644 1027,1642 1028,1641 1028,1640 1029,1639 1029,1637 1030,1636 1030,1635 1031,1634 1031,1632 1032,1631 1032,1630 1034,1628 1295,1628 1295,1606 1293,1606 1291,1604 1291,1602 1293,1600 1297,1600 1299,1602 1299,1621 1300,1622 1300,1623 1301,1624 1306,1624 1308,1626 1308,1628 1319,1628 1321,1630 1321,1648 1332,1648 1334,1650 1334,1652 1398,1652 1398,1650 1400,1648 1411,1648 1411,1632 1413,1630 1512,1630 1514,1628 1516,1628 1516,1626 1518,1624 1519,1625 1520,1625 1521,1626 1521,1628 1567,1628 1569,1630 1648,1630 1650,1628 1657,1628 1657,1626 1659,1624 1661,1624 1662,1623 1662,1622 1663,1621 1668,1621 1669,1622 1669,1623 1670,1624 1672,1624 1674,1626 1674,1628 1681,1628 1683,1630 1869,1630 1871,1628 1874,1628 1874,1626 1876,1624 1917,1624 1920,1621 1926,1621 1926,1591 1880,1591 1878,1589 1878,1578 1876,1578 1875,1577 1875,1576 1874,1575 1874,1567 1808,1567 1808,1569 1806,1571 1801,1571 1799,1569 1799,1547 1784,1547 1783,1546 1782,1546 1781,1545 1781,1527 1782,1526 1783,1526 1784,1525 1931,1525 1931,1523 1933,1521 1934,1521 1934,1503 1933,1503 1931,1501 1931,1499 1920,1499 1919,1498 1918,1498 1917,1497 1917,1468 1918,1467 1919,1467 1920,1466 1926,1466 1926,1444 1812,1444 1812,1446 1810,1448 1786,1448 1785,1449 1785,1450 1784,1451 1781,1451 1781,1461 1780,1462 1780,1463 1779,1464 1773,1464 1772,1463 1772,1462 1771,1461 1771,1457 1705,1457 1705,1466 1703,1468 1696,1461 1696,1451 1694,1451 1693,1450 1693,1449 1692,1448 1692,1444 1621,1444 1621,1446 1619,1448 1617,1448 1617,1461 1616,1462 1616,1463 1615,1464 1492,1464 1491,1463 1491,1462 1490,1461 1490,1448 1488,1448 1486,1446 1486,1444 1483,1444 1481,1442 1398,1442 1396,1444 1394,1444 1394,1446 1393,1447 1392,1447 1391,1448 1389,1448 1389,1453 1387,1455 1385,1455 1385,1461 1384,1462 1384,1463 1383,1464 1352,1464 1351,1463 1351,1462 1350,1461 1350,1444 1225,1444 1225,1466 1231,1466 1232,1467 1233,1467 1234,1468 1234,1490 1233,1491 1232,1491 1231,1492 1214,1492 1212,1490 1212,1475 1209,1475 1208,1474 1208,1473 1207,1472 1207,1468 1201,1468 1200,1467 1199,1467 1198,1466 1198,1464 1128,1464 1128,1466 1126,1468 1098,1468 1097,1467 1098,1466 1098,1464 1099,1463 1099,1462 1100,1461 1100,1459 1101,1458 1101,1457 1102,1456 1102,1454 1103,1453 1103,1451 1104,1450 1104,1449 1105,1448 1105,1446 1106,1445 1106,1444 1107,1443 1107,1441 1108,1440 1108,1439 1109,1438 1109,1436 1110,1435 1110,1434 1111,1433 1111,1431 1112,1430 1112,1429 1113,1428 1113,1426 1114,1425 1114,1424 1115,1423 1115,1421 1116,1420 1116,1419 1117,1418 1137,1418 1138,1417 1138,1416 1139,1415 1140,1416 1140,1417 1141,1418 1255,1418 1258,1415 1269,1415 1269,1413 1271,1411 1273,1413 1273,1415 1569,1415 1569,1413 1571,1411 1573,1411 1575,1409 1576,1410 1577,1410 1578,1411 1580,1411 1582,1413 1582,1415 1589,1415 1590,1416 1590,1417 1591,1418 1593,1418 1595,1420 1595,1440 1683,1440 1683,1437 1685,1435 1687,1435 1687,1418 1688,1417 1688,1416 1689,1415 1788,1415 1789,1416 1789,1417 1790,1418 1790,1435 1792,1435 1793,1436 1794,1436 1795,1437 1795,1440 1865,1440 1865,1435 1867,1433 1869,1433 1869,1420 1871,1418 1913,1418 1914,1417 1914,1416 1915,1415 1931,1415 1931,1394 1928,1394 1927,1393 1927,1392 1926,1391 1926,1365 1924,1365 1922,1363 1922,1358 1915,1358 1913,1356 1913,1354 1871,1354 1869,1352 1869,1339 1867,1339 1865,1337 1865,1334 1786,1334 1786,1339 1784,1341 1781,1341 1781,1356 1779,1358 1591,1358 1590,1359 1590,1360 1589,1361 1582,1361 1582,1363 1580,1365 1578,1365 1578,1367 1577,1368 1576,1368 1575,1369 1573,1369 1573,1374 1571,1376 1569,1374 1569,1358 1479,1358 1477,1356 1477,1341 1475,1341 1474,1340 1473,1340 1472,1339 1473,1338 1474,1338 1475,1337 1516,1337 1516,1334 1518,1332 1521,1332 1523,1330 1525,1330 1525,1310 1527,1308 1529,1310 1529,1312 1828,1312 1829,1313 1829,1314 1830,1315 1830,1321 1913,1321 1915,1319 1917,1319 1917,1315 1920,1312 1922,1312 1922,1304 1923,1303 1923,1302 1924,1301 1926,1301 1926,1284 1928,1282 1931,1282 1931,1262 1928,1262 1926,1260 1926,1258 1924,1258 1923,1257 1923,1256 1922,1255 1915,1255 1913,1253 1838,1253 1836,1255 1817,1255 1816,1254 1815,1254 1814,1253 1775,1253 1773,1251 1773,1236 1696,1236 1696,1253 1694,1255 1663,1255 1661,1253 1661,1231 1663,1229 1725,1229 1727,1227 1731,1227 1731,1223 1732,1222 1732,1221 1733,1220 1735,1220 1735,1207 1736,1206 1737,1206 1738,1205 1860,1205 1861,1204 1862,1204 1863,1203 1865,1203 1865,1201 1866,1200 1866,1199 1867,1198 1869,1198 1871,1196 1922,1196 1922,1194 1924,1192 1926,1192 1926,1163 1911,1163 1909,1161 1909,1159 1871,1159 1869,1157 1869,1152 1863,1152 1862,1151 1861,1151 1860,1150 1841,1150 1840,1149 1839,1149 1838,1148 1838,1146 1795,1146 1794,1145 1793,1145 1792,1144 1795,1141 1808,1141 1808,1122 1657,1122 1657,1124 1656,1125 1655,1125 1654,1126 1652,1126 1650,1128 1648,1128 1648,1148 1646,1150 1645,1149 1644,1149 1643,1148 1643,1146 1573,1146 1573,1148 1571,1150 1442,1150 1440,1148 1440,1146 1372,1146 1372,1148 1371,1149 1370,1149 1369,1150 1350,1150 1348,1148 1348,1146 1251,1146 1251,1148 1249,1150 1236,1150 1234,1148 1234,1146 1155,1146 1155,1148 1154,1149 1153,1149 1152,1150 1151,1150 1150,1149 1150,1128 1151,1127 1151,1104 1152,1103 1152,1101 1153,1100 1163,1100 1163,1071 1161,1071 1159,1069 1159,1043 1155,1043 1154,1042 1154,1031 1155,1030 1155,1007 1156,1006 1156,993 1157,992 1236,992 1237,993 1237,994 1238,995 1238,1008 1297,1008 1299,1010 1299,1014 1300,1015 1300,1016 1301,1017 1299,1019 1295,1019 1295,1021 1293,1023 1288,1023 1288,1041 1286,1043 1280,1043 1279,1042 1278,1042 1277,1041 1277,1019 1194,1019 1194,1041 1192,1043 1181,1043 1181,1045 1179,1047 1172,1047 1170,1049 1168,1049 1168,1089 1170,1089 1172,1091 1172,1095 1179,1095 1180,1096 1180,1097 1181,1098 1181,1100 1244,1100 1245,1101 1246,1101 1247,1102 1312,1102 1313,1101 1314,1101 1315,1100 1404,1100 1404,1098 1407,1095 1409,1095 1410,1096 1410,1097 1411,1098 1411,1100 1538,1100 1538,1098 1539,1097 1539,1096 1540,1095 1543,1098 1543,1100 1828,1100 1830,1102 1830,1117 1849,1117 1852,1120 1852,1137 1917,1137 1917,1120 1906,1120 1905,1119 1905,1118 1904,1117 1904,1115 1906,1113 1913,1113 1913,1109 1914,1108 1914,1107 1915,1106 1917,1106 1917,1074 1915,1074 1914,1073 1914,1072 1913,1071 1863,1071 1862,1070 1861,1070 1860,1069 1860,1049 1858,1049 1856,1047 1856,1043 1806,1043 1805,1042 1804,1042 1803,1041 1803,1025 1801,1025 1799,1023 1799,1019 1657,1019 1657,1021 1656,1022 1655,1022 1654,1023 1650,1023 1648,1021 1648,1019 1646,1019 1645,1018 1644,1018 1643,1017 1564,1017 1562,1019 1560,1019 1560,1021 1558,1023 1551,1023 1549,1025 1547,1025 1547,1041 1545,1043 1543,1043 1543,1045 1542,1046 1541,1046 1540,1047 1538,1045 1538,1043 1527,1043 1525,1041 1479,1041 1478,1040 1478,1039 1477,1038 1477,1036 1411,1036 1411,1038 1410,1039 1410,1040 1409,1041 1402,1041 1400,1043 1398,1043 1396,1041 1365,1041 1364,1040 1364,1039 1363,1038 1363,1023 1361,1021 1361,1019 1363,1017 1372,1017 1372,1012 1374,1010 1376,1010 1376,995 1377,994 1377,993 1378,992 1823,992 1824,993 1824,994 1825,995 1825,997 1900,997 1900,995 1901,994 1901,993 1902,992 1909,992 1911,990 1913,990 1913,988 1915,986 1917,986 1917,940 1915,940 1913,938 1911,938 1910,937 1910,936 1909,935 1909,933 1834,933 1834,935 1833,936 1833,937 1832,938 1685,938 1684,937 1684,936 1683,935 1683,916 1586,916 1586,931 1584,933 1512,933 1512,935 1511,936 1511,937 1510,938 1426,938 1425,937 1425,936 1424,935 1424,933 1378,933 1376,931 1376,914 1374,912 1374,911 1372,909 1295,909 1295,938 1293,940 1291,940 1290,941 1289,941 1288,942 1288,960 1293,960 1295,962 1293,964 1266,964 1264,962 1266,960 1269,960 1269,938 1266,938 1265,937 1265,936 1264,935 1264,916 1262,916 1260,914 1258,914 1255,911 1255,909 1181,909 1181,911 1180,912 1180,913 1179,914 1168,914 1166,916 1165,915 1165,914 1166,913 1166,910 1167,909 1167,906 1168,905 1168,901 1169,900 1169,897 1170,896 1170,893 1171,892 1171,888 1172,887 1779,887 1781,889 1852,889 1854,887 1909,887 1911,885 1917,885 1917,835 1915,835 1914,834 1914,833 1913,832 1913,830 1911,830 1909,828 1909,826 1738,826 1737,825 1736,825 1735,824 1670,824 1668,826 1663,826 1661,824 1595,824 1593,826 1591,824 1591,813 1589,813 1586,810 1586,806 1472,806 1472,808 1470,810 1464,810 1461,813 1459,813 1459,819 1456,822 1456,823 1453,826 1422,826 1420,824 1356,824 1354,826 1315,826 1314,825 1313,825 1312,824 1312,806 1225,806 1225,824 1223,826 1187,826 1186,825 1186,824 1187,823 1187,820 1188,819 1188,815 1189,814 1189,811 1190,810 1190,807 1191,806 1191,803 1192,802 1192,798 1193,797 1193,794 1194,793 1194,790 1195,789 1195,785 1196,784 1196,783 1197,782 1258,782 1260,784 1385,784 1387,782 1418,782 1420,784 1490,784 1492,782 1532,782 1534,784 1703,784 1705,786 1705,797 1781,797 1782,796 1783,796 1784,795 1786,795 1786,791 1788,789 1792,789 1792,786 1793,785 1794,785 1795,784 1909,784 1911,782 1917,782 1917,758 1911,758 1909,756 1911,754 1913,754 1913,751 1915,749 1917,749 1917,725 1889,725 1887,723 1887,710 1885,710 1882,707 1880,707 1878,705 1878,703 1795,703 1795,705 1794,706 1793,706 1792,707 1786,707 1786,712 1784,714 1781,714 1781,732 1775,738 1773,738 1773,743 1771,745 1768,745 1768,749 1766,751 1733,751 1731,749 1731,732 1727,732 1726,731 1726,730 1725,729 1725,727 1716,727 1714,725 1659,725 1657,723 1657,721 1641,721 1640,720 1640,719 1639,718 1639,707 1637,707 1635,705 1635,703 1551,703 1551,705 1549,707 1543,707 1543,712 1542,713 1541,713 1540,714 1538,714 1538,723 1536,725 1483,725 1481,723 1481,721 1411,721 1411,723 1409,725 1385,725 1383,723 1383,721 1350,721 1349,720 1349,719 1348,718 1348,701 1269,701 1269,705 1268,706 1267,706 1266,707 1264,707 1264,712 1262,714 1260,714 1260,716 1258,718 1201,718 1199,716 1199,713 1198,712 1198,710 1197,709 1197,706 1196,705 1196,702 1195,701 1195,699 1194,698 1194,695 1193,694 1193,691 1192,690 1192,688 1191,687 1191,684 1190,683 1190,680 1189,679 1189,677 1188,676 1189,675 1293,675 1295,677 1295,679 1654,679 1655,680 1656,680 1657,681 1731,681 1733,679 1744,679 1746,681 1821,681 1823,679 1913,679 1913,653 1914,652 1914,651 1915,650 1917,650 1917,624 1915,624 1913,622 1906,622 1904,620 1904,618 1893,618 1892,617 1892,616 1891,615 1871,615 1869,613 1869,600 1867,600 1865,598 1799,598 1797,600 1786,600 1786,613 1784,615 1768,615 1767,616 1767,617 1766,618 1716,618 1715,617 1715,616 1714,615 1714,598 1711,598 1709,596 1709,593 1626,593 1626,596 1624,598 1621,598 1619,600 1617,600 1617,602 1615,604 1613,604 1613,609 1611,611 1608,611 1608,615 1607,616 1607,617 1606,618 1532,618 1529,615 1424,615 1423,616 1423,617 1422,618 1421,617 1421,616 1420,615 1420,600 1418,598 1334,598 1334,615 1333,616 1333,617 1332,618 1269,618 1269,620 1268,621 1267,621 1266,622 1192,622 1190,620 1190,618 1173,618 1172,617 1172,615 1171,614 1171,611 1170,610 1170,607 1169,606 1169,604 1168,603 1168,600 1167,599 1167,596 1166,595 1166,593 1165,592 1165,589 1164,588 1164,585 1163,584 1163,582 1162,581 1162,578 1161,577 1161,574 1160,573 1161,572 1170,572 1172,574 1172,589 1174,589 1175,590 1176,590 1177,591 1179,591 1181,593 1181,596 1273,596 1273,593 1275,591 1282,591 1284,589 1286,589 1286,574 1288,572 1391,572 1392,573 1393,573 1394,574 1394,585 1472,585 1473,584 1474,584 1475,583 1477,583 1477,580 1479,578 1481,578 1481,574 1483,572 1865,572 1865,563 1867,561 1913,561 1914,560 1914,559 1915,558 1917,558 1917,526 1863,526 1860,523 1860,519 1858,519 1856,517 1856,512 1854,512 1852,510 1852,508 1801,508 1799,506 1799,493 1797,491 1797,490 1795,488 1725,488 1725,510 1724,511 1723,511 1722,512 1676,512 1674,510 1676,508 1709,508 1709,484"/><TextEquiv><Unicode/></TextEquiv><TextLine id="r1_l001"><Coords points="292,494 1888,494 1888,590 292,590"/><TextEquiv index="1"><Unicode>tout ce qu'elles exigent, &amp; le ca-</Unicode></TextEquiv></TextLine><TextLine id="r1_l002"><Coords points="292,603 1888,603 1888,675 292,675"/><TextEquiv index="1"><Unicode>nevas ſubſiſte. Mais ma lettre ſeroit</Unicode></TextEquiv></TextLine><TextLine id="r1_l003"><Coords points="292,710 1888,710 1888,799 292,799"/><TextEquiv index="1"><Unicode>foulée aux pieds, jettée au feu, &amp;</Unicode></TextEquiv></TextLine><TextLine id="r1_l004"><Coords points="292,816 1888,816 1888,908 292,908"/><TextEquiv index="1"><Unicode>brulée, malgré les tendres aſſurances</Unicode></TextEquiv></TextLine><TextLine id="r1_l005"><Coords points="297,919 1888,919 1888,1011 297,1011"/><TextEquiv index="1"><Unicode>de mon amitié. Ainſi, je me borne</Unicode></TextEquiv></TextLine><TextLine id="r1_l006"><Coords points="297,1025 1888,1025 1888,1131 297,1131"/><TextEquiv index="1"><Unicode>à te dire, &amp; cela doit te ſuffire,</Unicode></TextEquiv></TextLine><TextLine id="r1_l007"><Coords points="297,1131 1897,1131 1897,1224 297,1224"/><TextEquiv index="1"><Unicode>que Luzan a des vertus que j'ho-</Unicode></TextEquiv></TextLine><TextLine id="r1_l008"><Coords points="297,1241 1901,1241 1901,1330 297,1330"/><TextEquiv index="1"><Unicode>nore &amp; des qualités que j'admire;</Unicode></TextEquiv></TextLine><TextLine id="r1_l009"><Coords points="292,1344 1901,1344 1901,1433 292,1433"/><TextEquiv index="1"><Unicode>que Saintré a toutes celles que je</Unicode></TextEquiv></TextLine><TextLine id="r1_l010"><Coords points="297,1447 1906,1447 1906,1546 297,1546"/><TextEquiv index="1"><Unicode>chéris &amp; que j'aime. Il eſt vrai qu'il</Unicode></TextEquiv></TextLine><TextLine id="r1_l011"><Coords points="297,1556 1897,1556 1897,1645 297,1645"/><TextEquiv index="1"><Unicode>a moins de douceur que le che-</Unicode></TextEquiv></TextLine><TextLine id="r1_l012"><Coords points="292,1663 1897,1663 1897,1735 292,1735"/><TextEquiv index="1"><Unicode>valier, mais il a une bonté ſurna-</Unicode></TextEquiv></TextLine><TextLine id="r1_l013"><Coords points="292,1762 1897,1762 1897,1858 292,1858"/><TextEquiv index="1"><Unicode>turelle. Sa franchiſe n'obtient pas</Unicode></TextEquiv></TextLine><TextLine id="r1_l014"><Coords points="292,1872 1893,1872 1893,1964 292,1964"/><TextEquiv index="1"><Unicode>autant d'approbation que la pru-</Unicode></TextEquiv></TextLine><TextLine id="r1_l015"><Coords points="292,1978 1893,1978 1893,2067 292,2067"/><TextEquiv index="1"><Unicode>dence de Luzan, mais elle plait;</Unicode></TextEquiv></TextLine><TextLine id="r1_l016"><Coords points="292,2081 1893,2081 1893,2170 292,2170"/><TextEquiv index="1"><Unicode>&amp; ce qui charme ſur-tout en lui,</Unicode></TextEquiv></TextLine><TextLine id="r1_l017"><Coords points="292,2190 1893,2190 1893,2290 292,2290"/><TextEquiv index="1"><Unicode>c'eſt cette ſublime fimplicité de</Unicode></TextEquiv></TextLine><TextLine id="r1_l018"><Coords points="288,2290 1897,2290 1897,2386 288,2386"/><TextEquiv index="1"><Unicode>caractere, qui ne peut être que le</Unicode></TextEquiv></TextLine><TextLine id="r1_l019"><Coords points="292,2403 1893,2403 1893,2496 292,2496"/><TextEquiv index="1"><Unicode>réſultat d'un cœur droit. J'imagine</Unicode></TextEquiv></TextLine><TextLine id="r1_l020"><Coords points="283,2506 1888,2506 1888,2598 283,2598"/><TextEquiv index="1"><Unicode>que c'eſt ſa paſſion pour l'aſtro-</Unicode></TextEquiv></TextLine><TextLine id="r1_l021"><Coords points="1378,2711 1377,2711 1377,2677 1377,2676 1304,2676 1303,2677 1303,2680 1303,2680 1116,2680 1115,2681 1115,2709 1115,2709 1112,2709 1111,2709 1111,2681 1111,2680 1007,2680 1006,2680 1006,2677 1006,2676 750,2676 749,2677 749,2680 749,2680 658,2680 657,2681 657,2683 657,2683 654,2683 653,2684 653,2690 653,2690 645,2690 644,2691 644,2693 644,2693 637,2693 636,2693 636,2691 636,2690 632,2690 631,2690 631,2681 631,2680 563,2680 562,2680 562,2677 562,2676 467,2676 466,2677 466,2680 466,2680 292,2680 291,2680 291,2639 292,2638 304,2638 304,2638 304,2636 305,2635 396,2635 396,2636 396,2638 397,2638 509,2638 509,2638 509,2619 510,2618 514,2618 514,2618 514,2615 515,2614 527,2614 527,2615 527,2635 528,2635 575,2635 575,2636 575,2638 576,2638 583,2638 583,2639 583,2662 584,2662 719,2662 719,2662 719,2657 720,2656 723,2656 723,2656 723,2650 724,2649 727,2649 727,2649 727,2643 728,2642 732,2642 732,2642 732,2626 733,2625 736,2625 736,2625 736,2619 737,2618 740,2618 740,2618 740,2615 741,2614 762,2614 762,2615 762,2618 763,2618 771,2618 771,2619 771,2625 772,2625 862,2625 862,2625 862,2619 863,2618 867,2618 867,2618 867,2615 868,2614 871,2614 871,2614 871,2612 872,2611 897,2611 897,2612 897,2632 898,2632 902,2632 902,2633 902,2635 903,2635 993,2635 993,2635 993,2633 994,2632 998,2632 998,2632 998,2626 999,2625 1046,2625 1046,2625 1046,2615 1047,2614 1059,2614 1059,2615 1059,2618 1060,2618 1063,2618 1063,2619 1063,2635 1064,2635 1408,2635 1408,2635 1408,2633 1409,2632 1412,2632 1412,2633 1412,2635 1413,2635 1416,2635 1416,2636 1416,2638 1417,2638 1630,2638 1630,2638 1630,2619 1631,2618 1652,2618 1652,2619 1652,2635 1653,2635 1748,2635 1748,2635 1748,2622 1749,2621 1752,2621 1752,2621 1752,2619 1753,2618 1761,2618 1761,2619 1761,2642 1762,2642 1835,2642 1835,2642 1835,2639 1836,2638 1857,2638 1857,2638 1857,2633 1858,2632 1865,2632 1865,2633 1865,2635 1866,2635 1870,2635 1870,2636 1870,2638 1871,2638 1874,2638 1874,2639 1874,2645 1875,2645 1878,2645 1878,2646 1878,2669 1879,2669 1883,2669 1883,2670 1883,2673 1884,2673 1887,2673 1887,2674 1887,2676 1888,2676 1892,2676 1892,2677 1892,2683 1892,2683 1749,2683 1748,2683 1748,2681 1748,2680 1592,2680 1591,2681 1591,2700 1591,2700 1587,2700 1586,2701 1586,2704 1586,2704 1574,2704 1573,2704 1573,2681 1573,2680 1413,2680 1412,2680 1412,2677 1412,2676 1391,2676 1390,2677 1390,2711 1390,2711"/><TextEquiv index="1"><Unicode>nomie, &amp; ſa vive contemplation</Unicode></TextEquiv></TextLine><TextLine id="r1_l022"><Coords points="1875,2813 1874,2813 1874,2801 1874,2800 1858,2800 1857,2800 1857,2797 1857,2796 1823,2796 1822,2796 1822,2794 1822,2793 1805,2793 1804,2793 1804,2790 1804,2789 1648,2789 1647,2789 1647,2787 1647,2786 1518,2786 1517,2786 1517,2783 1517,2782 1456,2782 1455,2783 1455,2786 1455,2786 1230,2786 1229,2787 1229,2800 1229,2800 1225,2800 1224,2801 1224,2803 1224,2803 1221,2803 1220,2804 1220,2806 1220,2806 1212,2806 1211,2807 1211,2810 1211,2810 1186,2810 1185,2810 1185,2807 1185,2806 1182,2806 1181,2806 1181,2790 1181,2789 1125,2789 1124,2789 1124,2787 1124,2786 1012,2786 1011,2786 1011,2783 1011,2782 946,2782 945,2783 945,2786 945,2786 898,2786 897,2787 897,2789 897,2789 894,2789 893,2789 893,2787 893,2786 693,2786 692,2787 692,2789 692,2789 689,2789 688,2789 688,2787 688,2786 611,2786 610,2787 610,2789 610,2789 597,2789 596,2789 596,2787 596,2786 456,2786 427,2786 426,2787 426,2789 426,2789 305,2789 304,2789 304,2787 304,2786 292,2786 291,2786 291,2783 291,2782 288,2782 287,2782 287,2773 287,2772 283,2772 282,2772 282,2756 283,2755 287,2755 287,2755 287,2753 288,2752 291,2752 291,2752 291,2749 292,2748 300,2748 300,2748 300,2746 301,2745 309,2745 309,2745 309,2725 310,2724 313,2724 313,2724 313,2722 314,2721 348,2721 348,2722 348,2724 349,2724 352,2724 352,2725 352,2741 353,2741 383,2741 383,2742 383,2745 384,2745 431,2745 431,2746 431,2748 432,2748 496,2748 496,2748 496,2746 497,2745 596,2745 596,2745 596,2742 597,2741 657,2741 657,2741 657,2739 658,2738 662,2738 662,2739 662,2741 663,2741 775,2741 775,2741 775,2725 776,2724 780,2724 780,2724 780,2722 781,2721 854,2721 854,2722 854,2741 855,2741 902,2741 902,2742 902,2745 903,2745 1002,2745 1002,2745 1002,2742 1003,2741 1024,2741 1024,2741 1024,2722 1025,2721 1059,2721 1059,2722 1059,2741 1060,2741 1094,2741 1094,2742 1094,2745 1095,2745 1111,2745 1111,2745 1111,2710 1112,2709 1115,2709 1116,2710 1120,2710 1120,2711 1120,2745 1121,2745 1198,2745 1198,2745 1198,2735 1199,2734 1233,2734 1233,2734 1233,2725 1234,2724 1237,2724 1237,2724 1237,2722 1238,2721 1246,2721 1246,2722 1246,2724 1247,2724 1251,2724 1251,2725 1251,2745 1252,2745 1320,2745 1320,2745 1320,2725 1321,2724 1351,2724 1351,2725 1351,2745 1352,2745 1377,2745 1377,2745 1377,2712 1378,2711 1390,2711 1390,2712 1390,2745 1391,2745 1403,2745 1403,2745 1403,2742 1404,2741 1416,2741 1416,2742 1416,2745 1417,2745 1521,2745 1521,2745 1521,2742 1522,2741 1530,2741 1530,2742 1530,2745 1531,2745 1573,2745 1573,2745 1573,2732 1574,2731 1578,2731 1578,2731 1578,2725 1579,2724 1621,2724 1621,2725 1621,2745 1622,2745 1687,2745 1687,2745 1687,2739 1688,2738 1691,2738 1691,2738 1691,2735 1692,2734 1695,2734 1695,2734 1695,2732 1696,2731 1700,2731 1700,2731 1700,2729 1701,2728 1708,2728 1708,2728 1708,2725 1709,2724 1726,2724 1726,2725 1726,2728 1727,2728 1730,2728 1730,2729 1730,2734 1731,2734 1743,2734 1743,2735 1743,2745 1744,2745 1783,2745 1783,2746 1783,2748 1784,2748 1826,2748 1826,2749 1826,2765 1827,2765 1831,2765 1831,2766 1831,2769 1832,2769 1883,2769 1883,2770 1883,2776 1884,2776 1887,2776 1887,2777 1887,2813 1887,2813"/><TextEquiv index="1"><Unicode>des merveilles des globes céleſtes,</Unicode></TextEquiv></TextLine></TextRegion><ImageRegion id="r2"><Coords points="1415,357 1415,359 1413,361 1411,361 1411,372 1409,374 1407,374 1407,377 1404,379 1363,379 1361,381 1323,381 1323,383 1321,385 1212,385 1212,387 1209,390 1170,390 1168,387 1168,385 1109,385 1106,383 1106,381 1104,381 1102,379 1038,379 1036,377 1036,374 968,374 964,379 957,379 955,381 955,383 953,385 942,385 940,383 940,381 786,381 784,379 784,368 661,368 661,370 659,372 657,372 657,394 659,394 661,396 661,405 664,405 666,407 666,416 670,420 668,423 666,423 664,425 657,425 657,449 672,449 675,451 745,451 747,449 789,449 789,447 791,444 793,447 793,449 861,449 863,451 951,451 953,449 1089,449 1089,447 1091,444 1100,444 1102,447 1102,449 1209,449 1212,451 1291,451 1293,449 1516,449 1516,447 1518,444 1521,444 1521,416 1518,416 1516,414 1492,414 1490,412 1490,409 1492,407 1525,407 1525,381 1510,381 1508,379 1508,361 1501,361 1499,359 1499,357"/></ImageRegion><TextRegion id="r3" type="footnote" orientation="-0.0"><Coords points="1516,2816 1514,2818 1490,2818 1490,2820 1488,2823 1486,2823 1486,2831 1483,2834 1481,2831 1481,2825 1479,2825 1477,2823 1457,2823 1455,2820 1455,2818 1378,2818 1374,2823 1363,2823 1363,2845 1365,2845 1367,2847 1367,2871 1365,2873 1363,2873 1363,2899 1365,2899 1367,2902 1367,2904 1499,2904 1499,2902 1501,2899 1505,2899 1508,2902 1508,2923 1591,2923 1591,2915 1593,2913 1595,2913 1595,2906 1597,2904 1600,2904 1600,2842 1597,2842 1595,2840 1595,2818 1593,2818 1591,2816"/><TextEquiv><Unicode/></TextEquiv><TextLine id="r3_l001"><Coords points="1395,2825 1570,2825 1570,2917 1395,2917"/><TextEquiv index="1"><Unicode>Ri</Unicode></TextEquiv></TextLine></TextRegion><TextRegion id="r4" type="page-number" orientation="-0.0"><Coords points="1676,372 1676,412 1681,412 1683,414 1683,420 1681,423 1676,423 1676,440 1678,440 1683,444 1735,444 1738,447 1735,449 1733,449 1733,473 1874,473 1874,471 1876,469 1878,469 1878,466 1880,464 1882,464 1885,462 1887,462 1887,458 1889,455 1891,455 1891,451 1893,449 1895,449 1895,416 1898,414 1904,414 1906,412 1913,412 1913,381 1830,381 1828,379 1775,379 1773,377 1773,374 1755,374 1753,372"/><TextEquiv><Unicode/></TextEquiv><TextLine id="r4_l001"><Coords points="1709,381 1884,381 1884,466 1709,466"/><TextEquiv index="1"><Unicode>Lyo</Unicode></TextEquiv></TextLine></TextRegion></Page></PcGts>