2480 3507
606 360 794 453 e
606 480 2193 573 qui implifie es ides en les purant
606 583 2189 672 de ces trites & frivoles dtails, qui
602 689 2193 778 tiennent  l'eprit du monde, &
602 795 2193 888 dont nous ommes les plus erviles
606 902 1047 974 eclaver.
715 1011 2193 1097 Le cur ne te bat-il pas, pauvre
602 1114 2193 1200 Eliabeth, & ne crains - tu pas
597 1217 2193 1306 qu'Henriette ne oit aez mali-
597 1323 2198 1416 cieue pour faire un magnifique
593 1433 2198 1519 portrait des perfections de Saintr,
597 1532 2189 1621 tandis que je n'entre dans aucun
593 1639 2198 1711 dtail ur celles de la divinit de
597 1745 2198 1831 ton cur. Raure-toi, je uis d'avis
597 1851 2193 1940 que le temps & les actions de l'un &
597 1957 2198 2043 de l'autre te les faent parfaitement
602 2064 2233 2149 connotre. Aini point d'inutiles
597 2170 2198 2259 peintures, que l'inexplicable cur
597 2266 2193 2369 humain dmentiroit peut-tre par
602 2369 2198 2465 les fuites. Il n'y a qu'un romancier
606 2482 2198 2574 qui puie s'arroger le droit de faire
602 2588 2198 2684 le portrait de on hros, parce
602 2698 2198 2790 qu'tant plus pris dans on imagi-
