2480 3507
1734 346 1931 418 .
310 449 1905 531 a chere Eliabeth, tu as enti tout
310 559 1922 648 ce qu'il y auroit  gagner pour toi.
306 665 1922 754 Tu ais, par ta propre exprience,
293 768 1918 857 que les coneils, les menaces, les
301 874 1909 967 prophties, les conolations, les
306 984 1922 1073 cajoleries des confidents, ont au-
306 1090 1905 1190 tant d'ingrdients qui font fermenter
301 1196 1931 1286 lamour. C'et ce que je n'ai que
297 1303 1918 1392 trop prouv, dans des temps qui
301 1405 1900 1498 ne reviendront plus ans doute.
297 1508 1905 1601 Mais je t'aure, que i jamais j'a-
293 1618 1900 1700 vois le malheur d'tre enible au
288 1721 1896 1810 mrite d'un homme, ce que je ne
288 1827 1900 1920 dois pas craindre dans la poition
288 1930 1900 2026 je uis; mais i, dis-je, j'tois
284 2036 1905 2129 aez malheureue pour y tre deti-
284 2146 1896 2235 ne, je t'avoue que j'apporterois
280 2249 1900 2345 le plus grand oin  te le cacher.
288 2355 1896 2448 Le ilence ur une paion ignore
284 2468 1892 2557 de tout le monde, &  laquelle on
288 2571 1887 2663 veut riter, et un r, je dirois
271 2674 1887 2763 mme le eul moyen de la vaincre.
1332 2782 1593 2865 Ri
