<PcGts xmlns="http://schema.primaresearch.org/PAGE/gts/pagecontent/2017-07-15" xmlns:xsi="http://www.w3.org/2001/XMLSchema-instance" xsi:schemaLocation="http://schema.primaresearch.org/PAGE/gts/pagecontent/2017-07-15 http://schema.primaresearch.org/PAGE/gts/pagecontent/2017-07-15/pagecontent.xsd"><Metadata><Creator/><Created>2020-09-14T11:28:50</Created><LastChange>1970-01-01T00:00:00</LastChange><Comments/></Metadata><Page imageFilename="0208.png" imageHeight="3507" imageWidth="2480"><ReadingOrder><OrderedGroup id="g1"><RegionRefIndexed index="0" regionRef="r1"/><RegionRefIndexed index="1" regionRef="r2"/></OrderedGroup></ReadingOrder><TextRegion id="r1" type="page-number" orientation="-0.0"><Coords points="486,324 486,341 488,341 490,344 490,366 493,366 495,368 495,396 497,396 499,398 499,401 545,401 547,403 547,405 554,405 556,407 622,407 624,405 648,405 648,403 650,401 718,401 718,398 721,396 723,396 723,392 725,390 727,390 727,385 729,383 732,383 734,381 736,381 736,355 734,355 732,352 732,348 721,348 718,346 718,344 589,344 587,341 585,341 583,339 583,337 567,337 565,335 565,333 563,333 561,330 558,330 556,328 556,324"/><TextEquiv><Unicode/></TextEquiv><TextLine id="r1_l001"><Coords points="517,333 706,333 706,401 517,401"/><TextEquiv index="1"><Unicode></Unicode></TextEquiv></TextLine></TextRegion><TextRegion id="r2" type="paragraph" orientation="-0.0"><Coords points="2020,447 2018,449 1990,449 1990,469 1988,471 1974,471 1972,469 1902,469 1900,471 1889,471 1887,473 1874,473 1873,472 1872,472 1871,471 1766,471 1764,473 1740,473 1740,475 1738,477 1735,477 1735,497 1738,497 1740,499 1740,506 1738,508 1735,508 1735,532 1825,532 1826,533 1827,533 1828,534 1828,547 1830,547 1831,548 1831,549 1832,550 1832,552 1860,552 1861,553 1862,553 1863,554 1928,554 1929,553 1930,553 1931,552 1933,552 1933,550 1934,549 1935,550 1935,555 1936,556 1936,561 1937,562 1937,567 1938,568 1938,573 1939,574 1939,575 1938,576 1709,576 1709,578 1707,580 1698,580 1696,578 1696,563 1694,563 1692,561 1692,556 1586,556 1586,558 1585,559 1585,560 1584,561 1571,561 1569,563 1569,565 1567,567 1564,567 1564,574 1562,576 1525,576 1525,578 1523,580 1440,580 1439,579 1438,579 1437,578 1437,556 1387,556 1385,554 1387,552 1389,552 1389,537 1390,536 1390,535 1391,534 1490,534 1492,532 1499,532 1499,510 1501,508 1503,508 1503,506 1505,504 1506,505 1507,505 1508,506 1508,510 1507,511 1506,511 1505,512 1503,512 1503,534 1652,534 1654,532 1727,532 1727,530 1729,528 1731,528 1731,508 1725,508 1724,507 1723,507 1722,506 1722,477 1716,477 1714,475 1713,475 1711,473 1643,473 1643,475 1641,477 1619,477 1617,475 1617,469 1615,469 1614,468 1614,467 1613,466 1613,464 1611,464 1610,463 1609,463 1608,462 1608,460 1589,460 1588,459 1587,459 1586,458 1503,458 1503,486 1501,488 1499,486 1499,482 1497,482 1496,481 1495,481 1494,480 1494,477 1293,477 1293,480 1291,482 1288,482 1286,484 1284,484 1284,486 1282,488 1280,488 1280,493 1279,494 1278,494 1277,495 1275,495 1275,501 1274,502 1274,503 1273,504 1272,503 1272,502 1271,501 1225,501 1223,499 1223,482 1220,482 1218,480 1218,477 1212,477 1211,476 1210,476 1209,475 1209,473 1159,473 1157,471 1137,471 1135,469 1135,458 1133,458 1132,457 1132,456 1131,455 1131,453 990,453 990,455 989,456 989,457 988,458 981,458 979,460 977,460 977,462 975,464 973,464 973,475 971,477 968,477 968,480 966,482 964,482 964,499 966,499 968,501 968,504 971,504 973,506 971,508 968,508 968,510 966,512 964,512 964,532 1001,532 1003,534 1190,534 1191,535 1191,536 1192,537 1194,537 1196,539 1196,541 1266,541 1266,539 1267,538 1268,538 1269,537 1271,537 1272,536 1272,535 1273,534 1275,534 1275,526 1276,525 1276,524 1277,523 1280,526 1280,528 1282,528 1284,530 1284,532 1308,532 1310,534 1309,535 1309,536 1308,537 1297,537 1297,554 1356,554 1358,556 1358,558 1357,559 1357,560 1356,561 1354,561 1354,578 1352,580 1321,580 1319,578 1319,576 1282,576 1280,574 1280,561 1196,561 1196,574 1194,576 1172,576 1170,574 1170,563 1168,563 1166,561 1166,556 1100,556 1100,558 1099,559 1099,560 1098,561 1091,561 1091,574 1089,576 944,576 942,574 942,561 935,561 934,560 934,559 933,558 933,556 867,556 867,558 866,559 866,560 865,561 859,561 859,578 857,580 791,580 789,578 789,576 614,576 613,575 613,552 612,551 612,533 613,532 703,532 705,534 705,543 784,543 784,539 786,537 789,537 789,506 784,501 725,501 723,499 725,497 727,497 727,495 729,493 732,493 732,492 733,491 768,491 769,490 813,490 814,489 815,490 815,504 817,504 819,506 817,508 810,508 810,532 946,532 946,508 944,508 942,506 942,477 940,477 938,475 938,473 935,473 933,471 933,469 900,469 899,468 899,467 898,466 898,453 810,453 810,475 813,475 815,477 815,486 813,488 769,488 768,489 733,489 732,488 732,473 729,473 727,471 637,471 635,469 635,458 633,458 632,457 632,456 631,455 631,453 624,453 622,451 622,449 534,449 534,451 532,453 521,453 521,455 520,456 520,457 519,458 512,458 510,460 508,460 508,466 507,467 507,468 506,469 504,469 504,471 503,472 502,472 501,473 499,473 499,510 501,510 502,511 503,511 504,512 504,521 506,521 508,523 515,523 516,524 516,525 517,526 517,528 519,528 521,530 521,532 537,532 539,534 604,534 605,533 606,533 607,532 609,532 610,533 610,551 611,552 611,575 610,576 512,576 512,578 510,580 504,580 504,583 503,584 502,584 501,585 499,585 499,591 497,593 495,593 495,615 497,615 498,616 498,617 499,618 499,622 501,622 502,623 503,623 504,624 504,626 506,626 507,627 507,628 508,629 508,631 510,631 512,633 613,633 614,634 614,645 615,646 615,668 616,669 616,678 615,679 583,679 583,681 582,682 581,682 580,683 567,683 565,681 565,679 499,679 499,681 497,683 495,683 495,705 501,705 502,706 503,706 504,707 504,712 503,713 502,713 501,714 495,714 495,740 537,740 538,741 538,742 539,743 604,743 607,740 618,740 619,741 619,762 620,763 620,766 619,767 495,767 495,791 501,791 502,792 503,792 504,793 504,819 503,820 502,820 501,821 495,821 495,841 506,841 508,843 508,846 574,846 574,843 576,841 622,841 623,842 623,856 624,857 624,879 625,880 625,893 624,894 613,894 613,914 615,914 616,915 617,915 618,916 618,920 617,921 616,921 615,922 613,922 613,924 612,925 612,926 611,927 607,927 604,924 604,916 605,915 606,915 607,914 609,914 609,896 607,896 606,895 605,895 604,894 604,872 598,872 596,870 526,870 525,871 524,871 523,872 508,872 506,874 504,874 504,878 501,881 499,881 499,892 497,894 495,894 493,896 490,896 490,918 497,918 499,920 499,924 498,925 498,926 497,927 490,927 490,949 493,949 495,951 495,953 561,953 561,951 563,949 682,949 684,951 685,951 686,952 687,952 689,954 690,954 691,955 692,955 694,957 695,957 696,958 697,958 699,960 700,960 701,961 702,961 704,963 705,963 706,964 707,964 709,966 710,966 711,967 712,967 714,969 715,969 716,970 717,970 719,972 720,972 721,973 722,973 724,975 725,975 726,976 727,976 729,978 730,978 731,979 732,979 734,981 735,981 736,982 737,982 739,984 740,984 741,985 742,985 744,987 745,987 746,988 747,988 749,990 750,990 751,991 752,991 754,993 755,993 756,994 757,994 759,996 760,996 761,997 762,997 763,998 762,999 589,999 587,997 587,995 521,995 521,997 519,999 508,999 506,1001 504,1001 504,1003 501,1006 499,1006 499,1010 497,1012 495,1012 495,1045 497,1045 499,1047 501,1047 502,1048 503,1048 504,1049 504,1052 506,1052 508,1054 508,1056 729,1056 730,1057 731,1057 732,1058 863,1058 864,1059 865,1059 866,1060 867,1060 869,1062 870,1062 871,1063 872,1063 874,1065 875,1065 876,1066 877,1066 879,1068 880,1068 881,1069 882,1069 884,1071 885,1071 886,1072 887,1072 889,1074 890,1074 891,1075 892,1075 894,1077 895,1077 896,1078 897,1078 899,1080 900,1080 901,1081 902,1081 904,1083 905,1083 906,1084 907,1084 909,1086 910,1086 911,1087 912,1087 914,1089 915,1089 916,1090 917,1090 919,1092 920,1092 921,1093 922,1093 924,1095 924,1102 922,1104 920,1104 920,1131 918,1133 914,1133 913,1132 912,1132 911,1131 911,1111 909,1111 907,1109 905,1109 904,1108 904,1107 903,1106 903,1104 747,1104 745,1102 745,1084 738,1084 736,1082 736,1080 666,1080 666,1082 664,1084 661,1084 661,1100 659,1102 530,1102 528,1104 504,1104 504,1106 501,1109 499,1109 497,1111 495,1111 495,1117 494,1118 494,1119 493,1120 490,1120 490,1148 493,1148 495,1150 495,1155 497,1155 499,1157 499,1159 515,1159 517,1161 517,1183 600,1183 600,1181 602,1179 604,1179 604,1161 605,1160 606,1160 607,1159 629,1159 631,1161 707,1161 708,1162 709,1162 710,1163 710,1183 802,1183 802,1163 804,1161 903,1161 905,1159 907,1159 907,1157 909,1155 911,1155 911,1152 912,1151 913,1151 914,1150 916,1152 916,1159 918,1159 920,1161 1139,1161 1141,1159 1148,1159 1148,1157 1150,1155 1152,1157 1152,1159 1155,1159 1157,1161 1172,1161 1174,1163 1174,1183 1262,1183 1262,1163 1264,1161 1363,1161 1365,1159 1367,1159 1367,1152 1369,1150 1374,1150 1376,1152 1376,1155 1378,1155 1380,1157 1380,1159 1386,1159 1387,1160 1387,1164 1386,1165 1386,1176 1385,1177 1385,1188 1384,1189 1384,1200 1383,1201 1383,1206 1382,1207 1293,1207 1293,1209 1292,1210 1292,1211 1291,1212 1288,1209 1288,1207 1269,1207 1268,1206 1267,1206 1266,1205 1266,1201 1264,1201 1263,1200 1263,1199 1262,1198 1262,1190 1183,1190 1183,1196 1181,1198 1179,1198 1179,1205 1177,1207 971,1207 970,1206 969,1206 968,1205 968,1190 966,1190 965,1189 965,1188 964,1187 894,1187 893,1188 893,1189 892,1190 889,1190 889,1205 887,1207 773,1207 771,1205 771,1187 556,1187 556,1205 554,1207 495,1207 495,1234 497,1234 499,1236 499,1251 497,1253 495,1253 495,1255 494,1256 494,1257 493,1258 490,1258 490,1286 578,1286 578,1284 580,1282 583,1282 583,1264 585,1262 633,1262 635,1264 800,1264 802,1266 802,1269 800,1271 797,1271 797,1288 881,1288 883,1286 885,1286 885,1266 887,1264 997,1264 999,1266 999,1269 1293,1269 1293,1266 1295,1264 1343,1264 1345,1266 1345,1269 1355,1269 1356,1270 1354,1272 1354,1273 1352,1275 1352,1276 1351,1277 1351,1278 1349,1280 1349,1281 1347,1283 1347,1284 1346,1285 1346,1286 1344,1288 1344,1289 1342,1291 1342,1292 1341,1293 1341,1294 1339,1296 1339,1297 1337,1299 1337,1300 1336,1301 1336,1302 1334,1304 1334,1305 1332,1307 1332,1308 1331,1309 1331,1310 1329,1312 1329,1313 1327,1315 1327,1316 1326,1317 1260,1317 1258,1315 1135,1315 1133,1317 1126,1317 1126,1319 1124,1321 1122,1321 1122,1323 1121,1324 1121,1325 1120,1326 1117,1326 1117,1328 1115,1330 1113,1328 1113,1317 1111,1317 1109,1315 1067,1315 1066,1314 1066,1313 1065,1312 1065,1297 1063,1297 1062,1296 1061,1296 1060,1295 1060,1293 955,1293 955,1295 953,1297 940,1297 938,1295 937,1295 935,1293 758,1293 758,1295 756,1297 754,1297 754,1299 753,1300 752,1300 751,1301 749,1301 749,1304 747,1306 745,1304 745,1301 743,1301 742,1300 741,1300 740,1299 740,1297 721,1297 720,1296 719,1296 718,1295 718,1293 640,1293 640,1308 639,1309 638,1309 637,1310 611,1310 609,1308 609,1291 517,1291 517,1312 516,1313 516,1314 515,1315 504,1315 503,1316 502,1316 501,1317 499,1317 499,1319 497,1321 495,1321 495,1323 494,1324 494,1325 493,1326 490,1326 490,1356 493,1356 495,1358 495,1361 497,1361 499,1363 499,1365 501,1365 502,1366 503,1366 504,1367 567,1367 569,1369 721,1369 722,1370 722,1371 723,1372 723,1374 789,1374 789,1372 790,1371 790,1370 791,1369 813,1369 814,1370 814,1371 815,1372 815,1374 1054,1374 1056,1376 1056,1385 1063,1385 1065,1387 1065,1389 1128,1389 1130,1387 1131,1387 1133,1385 1139,1385 1139,1383 1140,1382 1140,1381 1141,1380 1144,1380 1144,1376 1146,1374 1289,1374 1290,1375 1289,1376 1289,1377 1287,1379 1287,1380 1286,1381 1286,1382 1284,1384 1284,1385 1282,1387 1282,1388 1281,1389 1281,1390 1282,1391 1282,1393 1283,1394 1283,1395 1284,1396 1284,1397 1285,1398 1285,1399 1284,1400 1262,1400 1262,1418 1260,1420 1172,1420 1170,1418 1146,1418 1145,1417 1145,1416 1144,1415 1144,1396 1074,1396 1074,1398 1073,1399 1072,1399 1071,1400 1069,1400 1069,1404 1068,1405 1068,1406 1067,1407 1065,1407 1063,1409 1060,1409 1060,1411 1058,1413 1056,1413 1056,1415 1055,1416 1055,1417 1054,1418 1052,1418 1051,1419 1050,1419 1049,1420 973,1420 973,1422 971,1424 962,1424 960,1422 960,1420 909,1420 907,1418 907,1400 824,1400 824,1418 823,1419 822,1419 821,1420 751,1420 749,1418 602,1418 601,1417 601,1416 600,1415 600,1396 517,1396 517,1398 515,1400 508,1400 506,1402 504,1402 504,1407 503,1408 502,1408 501,1409 499,1409 499,1418 497,1420 495,1420 495,1442 497,1442 499,1444 499,1448 498,1449 498,1450 497,1451 495,1451 495,1472 545,1472 546,1473 546,1474 547,1475 547,1477 657,1477 657,1475 658,1474 658,1473 659,1472 677,1472 678,1473 678,1474 679,1475 679,1477 878,1477 879,1478 880,1478 881,1479 944,1479 946,1481 946,1501 1038,1501 1038,1479 1039,1478 1040,1478 1041,1477 1058,1477 1060,1479 1253,1479 1255,1477 1308,1477 1310,1479 1321,1479 1323,1481 1323,1482 1324,1483 1324,1484 1325,1485 1325,1486 1326,1487 1326,1488 1327,1489 1327,1490 1328,1491 1328,1493 1329,1494 1329,1495 1330,1496 1330,1497 1331,1498 1331,1499 1332,1500 1332,1501 1333,1502 1330,1505 1328,1505 1328,1508 1326,1510 1323,1510 1321,1512 1319,1512 1319,1525 1317,1527 1315,1525 1315,1512 1312,1512 1310,1510 1286,1510 1284,1508 1284,1505 1214,1505 1214,1508 1212,1510 1209,1510 1209,1527 1207,1529 1205,1529 1205,1549 1203,1551 1198,1551 1196,1549 1196,1529 1190,1529 1189,1528 1188,1528 1187,1527 1141,1527 1139,1525 1139,1505 1065,1505 1065,1508 1063,1510 1060,1510 1060,1525 1058,1527 865,1527 863,1525 863,1505 839,1505 837,1503 771,1503 771,1525 769,1527 686,1527 685,1526 684,1526 683,1525 683,1523 615,1523 613,1521 613,1512 611,1512 609,1510 609,1505 598,1505 596,1503 526,1503 525,1504 524,1504 523,1505 517,1505 517,1508 515,1510 512,1510 510,1512 508,1512 508,1532 506,1534 504,1534 503,1535 502,1535 501,1536 499,1536 499,1543 497,1545 495,1545 495,1573 497,1573 499,1575 501,1575 504,1578 504,1580 510,1580 512,1582 613,1582 615,1580 616,1581 617,1581 618,1582 1155,1582 1157,1584 1157,1591 1159,1591 1161,1593 1203,1593 1205,1595 1205,1604 1275,1604 1275,1602 1277,1600 1280,1600 1281,1599 1281,1598 1282,1597 1284,1597 1284,1589 1285,1588 1285,1587 1286,1586 1288,1586 1288,1584 1289,1583 1290,1583 1291,1582 1339,1582 1341,1584 1341,1604 1426,1604 1427,1603 1428,1603 1429,1602 1429,1592 1430,1591 1431,1591 1433,1593 1434,1593 1435,1594 1436,1594 1438,1596 1439,1596 1441,1598 1442,1598 1443,1599 1444,1599 1446,1601 1447,1601 1449,1603 1450,1603 1451,1604 1452,1604 1454,1606 1455,1606 1457,1608 1458,1608 1459,1609 1460,1609 1462,1611 1463,1611 1465,1613 1466,1613 1467,1614 1468,1614 1470,1616 1471,1616 1473,1618 1474,1618 1475,1619 1476,1619 1478,1621 1479,1621 1481,1623 1482,1623 1483,1624 1484,1624 1486,1626 1487,1626 1489,1628 1490,1628 1491,1629 1490,1630 1422,1630 1420,1628 1420,1608 1337,1608 1337,1628 1339,1628 1341,1630 1339,1632 1280,1632 1280,1652 1279,1653 1278,1653 1277,1654 1275,1652 1275,1632 1229,1632 1227,1630 1049,1630 1047,1628 1047,1606 968,1606 966,1608 960,1608 960,1611 959,1612 958,1612 957,1613 951,1613 951,1624 949,1626 946,1626 946,1630 944,1632 942,1632 942,1652 944,1652 946,1654 946,1661 944,1663 942,1663 942,1685 997,1685 999,1687 999,1689 1069,1689 1069,1687 1071,1685 1084,1685 1085,1686 1086,1686 1087,1687 1087,1689 1192,1689 1194,1687 1196,1689 1262,1689 1262,1687 1264,1685 1271,1685 1273,1683 1280,1683 1280,1657 1281,1656 1281,1655 1282,1654 1283,1655 1283,1656 1284,1657 1284,1685 1282,1687 1280,1687 1280,1707 1286,1707 1288,1709 1367,1709 1369,1707 1370,1707 1372,1705 1372,1687 1374,1685 1471,1685 1472,1686 1467,1691 1466,1691 1460,1697 1459,1697 1453,1703 1452,1703 1446,1709 1445,1709 1443,1711 1429,1711 1429,1714 1428,1715 1427,1715 1426,1716 1420,1716 1418,1718 1415,1718 1415,1725 1413,1727 1411,1727 1411,1735 1410,1736 1410,1737 1409,1738 1407,1738 1407,1742 1404,1745 1403,1745 1397,1751 1396,1751 1394,1753 1394,1754 1389,1759 1389,1760 1387,1762 1385,1760 1385,1738 1378,1738 1377,1737 1377,1736 1376,1735 1369,1735 1367,1733 1367,1731 1297,1731 1297,1733 1295,1735 1093,1735 1091,1733 1091,1716 955,1716 955,1729 953,1731 885,1731 885,1733 883,1735 774,1735 771,1732 771,1731 769,1729 769,1728 767,1726 767,1725 764,1722 764,1721 762,1719 762,1718 760,1716 760,1715 757,1712 757,1711 755,1709 755,1708 752,1705 752,1704 750,1702 750,1701 748,1699 748,1698 745,1695 745,1694 743,1692 743,1691 742,1690 743,1689 754,1689 754,1687 756,1685 762,1685 764,1683 765,1684 766,1684 767,1685 848,1685 850,1687 850,1689 920,1689 920,1687 922,1685 929,1685 931,1683 933,1683 933,1665 935,1663 936,1663 938,1661 938,1637 937,1636 936,1636 935,1635 931,1635 930,1634 930,1633 929,1632 922,1632 920,1630 771,1630 769,1632 767,1632 767,1652 766,1653 765,1653 764,1654 762,1652 762,1632 721,1632 720,1631 719,1631 718,1630 598,1630 596,1628 596,1626 530,1626 530,1628 528,1630 495,1630 495,1652 497,1652 499,1654 499,1661 497,1663 495,1663 495,1685 537,1685 539,1687 539,1689 609,1689 609,1687 611,1685 629,1685 631,1687 631,1689 738,1689 740,1691 740,1692 742,1694 742,1695 745,1698 745,1699 747,1701 747,1702 749,1704 749,1705 752,1708 752,1709 754,1711 754,1712 756,1714 756,1715 759,1718 759,1719 761,1721 761,1722 764,1725 764,1726 766,1728 766,1729 768,1731 768,1732 770,1734 769,1735 740,1735 739,1736 739,1737 738,1738 734,1738 733,1737 733,1736 732,1735 646,1735 644,1733 644,1716 615,1716 613,1714 613,1711 539,1711 539,1714 537,1716 526,1716 526,1733 525,1734 524,1734 523,1735 512,1735 511,1736 511,1737 510,1738 504,1738 504,1744 503,1745 502,1745 501,1746 499,1746 499,1786 506,1786 508,1788 510,1788 512,1790 512,1792 727,1792 727,1790 729,1788 743,1788 745,1790 745,1792 810,1792 814,1796 814,1797 816,1799 816,1800 818,1802 818,1803 821,1806 821,1807 823,1809 823,1810 825,1812 825,1813 828,1816 828,1817 829,1818 828,1819 815,1819 815,1836 813,1838 791,1838 789,1836 789,1821 747,1821 745,1819 631,1819 629,1821 626,1821 626,1823 624,1825 622,1825 621,1826 621,1827 620,1828 618,1828 618,1832 617,1833 616,1833 615,1834 613,1834 613,1836 611,1838 539,1838 538,1839 538,1840 537,1841 495,1841 495,1860 497,1860 498,1861 498,1862 499,1863 499,1865 501,1865 502,1866 503,1866 504,1867 504,1895 501,1898 499,1898 499,1920 587,1920 587,1917 589,1915 591,1915 591,1898 592,1897 592,1896 593,1895 690,1895 691,1896 691,1897 692,1898 762,1898 763,1897 763,1896 764,1895 810,1895 810,1893 811,1892 812,1892 813,1891 815,1893 815,1895 883,1895 885,1897 885,1898 887,1900 887,1901 890,1904 890,1905 892,1907 892,1908 894,1910 894,1911 897,1914 897,1915 899,1917 899,1918 901,1920 901,1921 904,1924 904,1925 906,1927 906,1928 909,1931 909,1932 911,1934 911,1935 913,1937 913,1938 916,1941 916,1942 917,1943 916,1944 839,1944 837,1942 837,1928 771,1928 771,1939 770,1940 770,1941 769,1942 762,1942 760,1944 598,1944 596,1942 512,1942 510,1944 508,1944 508,1946 506,1948 504,1948 504,1994 506,1994 508,1996 508,1998 510,1998 511,1999 511,2000 512,2001 550,2001 552,2003 552,2023 701,2023 701,2003 703,2001 944,2001 946,2003 946,2005 949,2005 951,2007 951,2016 968,2016 970,2018 970,2019 973,2022 973,2023 975,2025 975,2026 978,2029 978,2030 980,2032 980,2033 982,2035 981,2036 942,2036 942,2049 940,2051 883,2051 881,2049 880,2049 878,2047 786,2047 784,2045 784,2031 782,2031 780,2029 780,2027 697,2027 697,2029 696,2030 695,2030 694,2031 688,2031 687,2032 687,2033 686,2034 683,2034 683,2038 681,2040 679,2040 679,2042 678,2043 678,2044 677,2045 613,2045 611,2047 583,2047 583,2049 582,2050 581,2050 580,2051 521,2051 521,2053 519,2055 508,2055 507,2056 507,2057 506,2058 504,2058 504,2095 506,2095 508,2097 510,2097 512,2099 515,2099 516,2100 516,2101 517,2102 517,2104 528,2104 530,2106 530,2108 749,2108 749,2106 751,2104 760,2104 762,2106 762,2108 945,2108 946,2109 945,2110 944,2110 943,2111 942,2111 940,2113 939,2113 938,2114 937,2114 935,2116 934,2116 933,2117 932,2117 930,2119 929,2119 928,2120 927,2120 926,2121 925,2121 923,2123 922,2123 921,2124 920,2124 918,2126 917,2126 916,2127 915,2127 913,2129 912,2129 911,2130 910,2130 909,2131 908,2131 906,2133 905,2133 904,2134 903,2134 901,2136 900,2136 899,2137 898,2137 897,2138 896,2138 894,2140 893,2140 892,2141 891,2141 889,2143 888,2143 887,2144 886,2144 884,2146 883,2146 882,2147 881,2147 880,2148 879,2148 877,2150 876,2150 875,2151 874,2151 872,2153 871,2153 870,2154 869,2154 867,2156 817,2156 815,2154 593,2154 591,2152 591,2137 589,2137 588,2136 588,2135 587,2134 587,2132 585,2132 583,2130 512,2130 512,2158 511,2159 511,2160 510,2161 508,2161 508,2178 506,2180 504,2180 504,2189 503,2190 502,2190 501,2191 499,2191 499,2211 506,2211 508,2213 578,2213 580,2211 602,2211 604,2213 604,2233 672,2233 673,2234 674,2234 675,2235 675,2255 674,2256 673,2256 672,2257 670,2257 668,2259 657,2259 657,2262 655,2264 653,2264 652,2265 651,2265 650,2266 646,2266 644,2264 644,2259 642,2259 640,2257 633,2257 631,2255 631,2253 593,2253 591,2251 591,2235 585,2235 583,2233 512,2233 510,2235 504,2235 504,2255 506,2255 508,2257 506,2259 504,2259 504,2279 506,2279 508,2281 510,2281 512,2283 512,2286 510,2288 508,2288 506,2290 504,2290 504,2314 640,2314 640,2312 642,2310 644,2310 644,2288 646,2286 648,2288 648,2305 650,2305 653,2308 653,2310 659,2310 661,2312 661,2314 730,2314 731,2315 730,2316 730,2321 729,2322 729,2327 728,2328 728,2333 727,2334 727,2339 726,2340 726,2342 725,2343 683,2343 683,2360 681,2362 646,2362 644,2360 521,2360 519,2362 512,2362 512,2389 515,2389 517,2391 517,2417 519,2417 521,2419 743,2419 744,2420 744,2421 746,2423 746,2424 749,2427 749,2428 751,2430 751,2431 754,2434 754,2435 756,2437 756,2438 759,2441 759,2442 761,2444 761,2445 764,2448 764,2449 766,2451 766,2452 769,2455 769,2456 771,2458 771,2459 774,2462 774,2463 776,2465 776,2466 779,2469 778,2470 729,2470 727,2468 727,2465 517,2465 517,2468 515,2470 512,2470 512,2492 515,2492 517,2494 517,2498 515,2500 512,2500 512,2529 583,2529 585,2527 672,2527 673,2528 674,2528 675,2529 874,2529 875,2530 943,2530 944,2529 945,2530 1022,2530 1023,2529 1025,2529 1025,2500 1023,2500 1021,2498 1021,2496 1001,2496 999,2494 999,2476 997,2476 995,2474 995,2472 953,2472 951,2470 909,2470 907,2468 907,2458 908,2457 909,2457 910,2456 912,2456 913,2455 915,2455 916,2454 918,2454 919,2453 921,2453 922,2452 924,2452 925,2451 927,2451 928,2450 930,2450 931,2449 933,2449 934,2448 936,2448 937,2447 939,2447 940,2446 941,2446 942,2445 944,2445 945,2444 947,2444 948,2443 950,2443 951,2442 953,2442 954,2441 956,2441 957,2440 959,2440 960,2439 962,2439 963,2438 965,2438 966,2437 968,2437 969,2436 971,2436 972,2435 974,2435 975,2434 976,2434 977,2433 979,2433 980,2432 982,2432 983,2431 985,2431 986,2432 986,2443 988,2443 989,2444 989,2445 990,2446 990,2448 1078,2448 1078,2428 1080,2426 1144,2426 1146,2424 1181,2424 1183,2426 1284,2426 1286,2424 1295,2424 1297,2426 1411,2426 1413,2424 1424,2424 1424,2422 1425,2421 1425,2420 1426,2419 1429,2419 1429,2402 1431,2400 1433,2400 1433,2373 1431,2373 1428,2370 1427,2370 1424,2367 1216,2367 1214,2365 1214,2349 1212,2349 1211,2348 1210,2348 1209,2347 1209,2345 1172,2345 1171,2344 1172,2343 1173,2343 1174,2342 1175,2342 1177,2340 1178,2340 1180,2338 1181,2338 1183,2336 1184,2336 1186,2334 1187,2334 1189,2332 1190,2332 1192,2330 1193,2330 1194,2329 1195,2329 1197,2327 1198,2327 1200,2325 1201,2325 1203,2323 1204,2323 1206,2321 1207,2321 1209,2319 1210,2319 1211,2318 1212,2318 1214,2316 1269,2316 1270,2317 1270,2318 1271,2319 1271,2321 1341,2321 1341,2319 1342,2318 1342,2317 1343,2316 1350,2316 1351,2317 1353,2317 1354,2318 1355,2318 1356,2319 1357,2319 1358,2320 1359,2320 1360,2321 1362,2321 1363,2322 1364,2322 1365,2323 1366,2323 1367,2324 1368,2324 1369,2325 1370,2325 1371,2326 1373,2326 1374,2327 1375,2327 1376,2328 1377,2328 1378,2329 1379,2329 1380,2330 1382,2330 1383,2331 1384,2331 1385,2332 1386,2332 1387,2333 1388,2333 1389,2334 1391,2334 1392,2335 1393,2335 1394,2336 1395,2336 1396,2337 1397,2337 1398,2338 1400,2338 1401,2339 1402,2339 1403,2340 1404,2340 1405,2341 1406,2341 1407,2342 1408,2342 1409,2343 1411,2343 1412,2344 1413,2344 1414,2345 1415,2345 1416,2346 1417,2346 1418,2347 1420,2347 1421,2348 1422,2348 1423,2349 1424,2349 1425,2350 1426,2350 1427,2351 1429,2351 1430,2352 1431,2352 1432,2353 1433,2353 1434,2354 1435,2354 1436,2355 1438,2355 1439,2356 1440,2356 1441,2357 1442,2357 1443,2358 1444,2358 1445,2359 1446,2359 1447,2360 1449,2360 1450,2361 1451,2361 1452,2362 1453,2362 1454,2363 1455,2363 1456,2364 1458,2364 1459,2365 1460,2365 1461,2366 1462,2366 1463,2367 1464,2367 1465,2368 1464,2369 1455,2369 1455,2371 1453,2373 1451,2373 1451,2375 1448,2378 1446,2378 1446,2417 1448,2417 1449,2418 1450,2418 1451,2419 1453,2419 1454,2420 1454,2421 1455,2422 1455,2424 1461,2424 1462,2425 1463,2425 1464,2426 1608,2426 1608,2422 1611,2419 1613,2419 1613,2373 1611,2373 1610,2372 1609,2372 1608,2371 1608,2369 1606,2369 1604,2367 1562,2367 1560,2365 1560,2355 1565,2350 1566,2350 1571,2345 1572,2345 1576,2341 1577,2341 1581,2337 1582,2337 1586,2333 1587,2333 1591,2329 1592,2329 1596,2325 1597,2325 1599,2323 1655,2323 1656,2324 1656,2325 1660,2329 1660,2330 1665,2335 1665,2336 1669,2340 1669,2341 1673,2345 1673,2346 1677,2350 1677,2351 1681,2355 1681,2356 1686,2361 1685,2362 1628,2362 1628,2365 1624,2369 1621,2369 1621,2395 1624,2395 1626,2397 1626,2419 1628,2421 1628,2422 1630,2424 1632,2424 1633,2425 1634,2425 1635,2426 1681,2426 1683,2428 1683,2430 1753,2430 1753,2428 1755,2426 1801,2426 1803,2424 1803,2422 1806,2419 1810,2419 1810,2391 1806,2391 1805,2390 1804,2390 1803,2389 1803,2373 1801,2371 1801,2369 1760,2369 1759,2368 1758,2368 1757,2367 1703,2367 1702,2366 1701,2366 1700,2365 1700,2362 1690,2362 1685,2357 1685,2356 1681,2352 1681,2351 1677,2347 1677,2346 1673,2342 1673,2341 1669,2337 1669,2336 1664,2331 1664,2330 1660,2326 1660,2325 1658,2323 1658,2322 1659,2321 1714,2321 1714,2319 1715,2318 1715,2317 1716,2316 1775,2316 1777,2314 1784,2314 1784,2266 1781,2266 1779,2264 1732,2264 1731,2263 1732,2262 1734,2262 1735,2261 1737,2261 1738,2260 1741,2260 1742,2259 1744,2259 1745,2258 1747,2258 1748,2257 1750,2257 1751,2256 1753,2256 1754,2255 1756,2255 1757,2254 1759,2254 1760,2253 1762,2253 1763,2252 1763,2251 1767,2247 1767,2246 1771,2242 1771,2241 1775,2237 1775,2236 1779,2232 1779,2231 1783,2227 1783,2226 1787,2222 1787,2221 1791,2217 1791,2216 1794,2213 1797,2213 1799,2215 1799,2233 1803,2233 1804,2234 1805,2234 1806,2235 1806,2237 1803,2240 1797,2240 1795,2242 1792,2242 1792,2290 1795,2290 1797,2292 1795,2294 1788,2294 1788,2316 1790,2316 1791,2317 1791,2318 1792,2319 1792,2321 1922,2321 1924,2323 1924,2340 1926,2340 1927,2341 1927,2342 1928,2343 1926,2345 1867,2345 1867,2367 1865,2369 1828,2369 1828,2371 1827,2372 1826,2372 1825,2373 1823,2373 1820,2376 1820,2377 1817,2380 1814,2380 1814,2417 1817,2417 1819,2419 1821,2419 1822,2420 1822,2421 1823,2422 1823,2424 1825,2424 1826,2425 1827,2425 1828,2426 1834,2426 1836,2428 1836,2430 1952,2430 1953,2431 1954,2431 1955,2432 2020,2432 2021,2431 2022,2431 2023,2430 2075,2430 2077,2432 2161,2432 2163,2430 2165,2430 2165,2428 2167,2426 2167,2393 2165,2391 2165,2378 2163,2378 2162,2377 2162,2376 2161,2375 2161,2369 2154,2369 2152,2367 2082,2367 2080,2369 1955,2369 1954,2368 1953,2368 1952,2367 1952,2347 1953,2346 1954,2346 1955,2345 2009,2345 2009,2323 2010,2322 2011,2322 2012,2321 2075,2321 2077,2323 2143,2323 2145,2321 2152,2321 2152,2319 2153,2318 2153,2317 2154,2316 2161,2316 2161,2266 2158,2266 2156,2264 2066,2264 2064,2262 2064,2244 2062,2242 1981,2242 1981,2262 1979,2264 1946,2264 1944,2266 1920,2266 1918,2264 1917,2264 1915,2262 1915,2259 1878,2259 1876,2257 1876,2242 1863,2242 1862,2241 1861,2241 1860,2240 1863,2237 1893,2237 1893,2235 1895,2233 1898,2233 1898,2215 1900,2213 1909,2213 1911,2215 1911,2218 1994,2218 1994,2215 1996,2213 2003,2213 2007,2209 2007,2205 2008,2204 2008,2203 2009,2202 2012,2205 2012,2211 2014,2211 2016,2213 2023,2213 2025,2215 2025,2218 2161,2218 2161,2185 2158,2185 2156,2183 2156,2180 2158,2178 2161,2178 2161,2156 2091,2156 2090,2155 2089,2155 2088,2154 2012,2154 2012,2158 2009,2161 2001,2161 1998,2158 1998,2156 1841,2156 1840,2155 1843,2152 1843,2151 1847,2147 1847,2146 1852,2141 1852,2140 1856,2136 1856,2135 1860,2131 1860,2130 1864,2126 1864,2125 1868,2121 1868,2120 1872,2116 1872,2115 1877,2110 1972,2110 1974,2108 1981,2108 1981,2106 1983,2104 1985,2104 1985,2099 1986,2098 1987,2098 1988,2097 1990,2099 1990,2104 1994,2108 2001,2108 2003,2110 2161,2110 2161,2084 2158,2084 2156,2082 2158,2080 2161,2080 2161,2055 2158,2055 2156,2053 2156,2040 2154,2040 2152,2038 2152,2034 2148,2034 2145,2031 2062,2031 2061,2032 2061,2033 2060,2034 2055,2034 2053,2036 2051,2036 2047,2040 2047,2049 2045,2051 2003,2051 2003,2053 2001,2055 1992,2055 1990,2057 1990,2058 1988,2060 1987,2059 1986,2059 1985,2058 1983,2058 1982,2057 1982,2056 1981,2055 1979,2055 1977,2053 1976,2053 1974,2051 1920,2051 1919,2050 1918,2050 1917,2049 1917,2047 1814,2047 1814,2049 1812,2051 1810,2049 1810,2034 1806,2034 1803,2031 1735,2031 1734,2032 1734,2033 1733,2034 1731,2034 1731,2049 1729,2051 1632,2051 1630,2049 1630,2031 1499,2031 1499,2051 1503,2055 1503,2082 1501,2084 1499,2084 1499,2108 1597,2108 1598,2109 1599,2109 1600,2110 1674,2110 1676,2108 1773,2108 1775,2110 1871,2110 1872,2111 1872,2112 1868,2116 1868,2117 1864,2121 1864,2122 1860,2126 1860,2127 1856,2131 1856,2132 1852,2136 1852,2137 1848,2141 1848,2142 1844,2146 1844,2147 1840,2151 1840,2152 1836,2156 1819,2156 1819,2158 1818,2159 1818,2160 1817,2161 1786,2161 1785,2160 1785,2159 1784,2158 1784,2156 1742,2156 1740,2154 1740,2137 1600,2137 1599,2138 1598,2138 1597,2139 1595,2139 1595,2154 1593,2156 1527,2156 1525,2154 1306,2154 1304,2156 1302,2154 1303,2153 1303,2150 1304,2149 1304,2146 1305,2145 1305,2142 1306,2141 1306,2138 1307,2137 1307,2134 1308,2133 1308,2131 1309,2130 1309,2127 1310,2126 1310,2123 1311,2122 1311,2119 1312,2118 1312,2115 1313,2114 1313,2111 1314,2110 1314,2109 1315,2108 1420,2108 1420,2106 1422,2104 1490,2104 1490,2080 1488,2080 1487,2079 1487,2078 1486,2077 1486,2055 1483,2055 1481,2053 1481,2051 1440,2051 1439,2050 1438,2050 1437,2049 1437,2031 1372,2031 1372,2049 1371,2050 1370,2050 1369,2051 1365,2051 1363,2049 1363,2047 1331,2047 1330,2046 1331,2045 1331,2042 1332,2041 1332,2038 1333,2037 1333,2034 1334,2033 1334,2030 1335,2029 1335,2026 1336,2025 1336,2022 1337,2021 1337,2019 1338,2018 1338,2015 1339,2014 1339,2011 1340,2010 1340,2007 1342,2005 1385,2005 1385,2003 1387,2001 1773,2001 1775,2003 1775,2005 1841,2005 1841,2003 1843,2001 1895,2001 1896,2002 1897,2002 1898,2003 1898,2005 2165,2005 2165,2003 2167,2001 2174,2001 2175,2000 2175,1999 2176,1998 2178,1998 2178,1996 2180,1994 2180,1990 2181,1989 2182,1989 2183,1988 2187,1988 2187,1966 2183,1966 2180,1963 2180,1961 2178,1959 2178,1955 2163,1955 2162,1954 2162,1953 2161,1952 2158,1952 2156,1950 2156,1948 2148,1948 2147,1947 2146,1947 2145,1946 2145,1944 1935,1944 1933,1942 1933,1924 1784,1924 1784,1926 1783,1927 1782,1927 1781,1928 1727,1928 1727,1939 1726,1940 1726,1941 1725,1942 1683,1942 1681,1944 1470,1944 1468,1942 1468,1924 1335,1924 1334,1923 1334,1922 1333,1921 1333,1920 1332,1919 1332,1917 1331,1916 1331,1914 1330,1913 1330,1912 1329,1911 1329,1909 1328,1908 1328,1907 1327,1906 1327,1904 1326,1903 1326,1902 1325,1901 1325,1899 1324,1898 1324,1897 1323,1896 1324,1895 1343,1895 1344,1896 1344,1897 1345,1898 1411,1898 1412,1897 1412,1896 1413,1895 1595,1895 1595,1893 1597,1891 1606,1891 1608,1893 1608,1895 1615,1895 1616,1896 1616,1897 1617,1898 1687,1898 1688,1897 1688,1896 1689,1895 1849,1895 1849,1893 1850,1892 1851,1892 1852,1891 1854,1893 1854,1895 1869,1895 1870,1896 1870,1897 1871,1898 1871,1915 1874,1915 1876,1917 1876,1920 1946,1920 1946,1900 1948,1898 2152,1898 2153,1897 2153,1896 2154,1895 2156,1895 2156,1891 2158,1889 2161,1889 2161,1852 2158,1852 2157,1851 2157,1850 2156,1849 2156,1845 2154,1845 2152,1843 2152,1841 2145,1841 2144,1840 2144,1839 2143,1838 2045,1838 2044,1837 2043,1837 2042,1836 2042,1834 1970,1834 1970,1836 1968,1838 1885,1838 1882,1841 1854,1841 1854,1847 1852,1849 1851,1848 1850,1848 1849,1847 1849,1843 1847,1841 1746,1841 1745,1840 1745,1839 1744,1838 1716,1838 1714,1836 1714,1823 1713,1822 1712,1822 1711,1821 1707,1821 1705,1819 1621,1819 1621,1838 1620,1839 1620,1840 1619,1841 1608,1841 1608,1843 1606,1845 1597,1845 1595,1843 1595,1841 1593,1841 1592,1840 1592,1839 1591,1838 1422,1838 1420,1836 1420,1834 1354,1834 1354,1836 1352,1838 1329,1838 1328,1837 1330,1835 1330,1834 1335,1829 1335,1828 1339,1824 1339,1823 1344,1818 1344,1817 1349,1812 1349,1811 1354,1806 1415,1806 1415,1803 1416,1802 1417,1802 1418,1801 1420,1801 1422,1799 1424,1799 1424,1795 1425,1794 1425,1793 1426,1792 1481,1792 1481,1790 1483,1788 1521,1788 1525,1792 1652,1792 1652,1790 1654,1788 1749,1788 1753,1792 1882,1792 1885,1795 1885,1812 1968,1812 1968,1795 1969,1794 1969,1793 1970,1792 2152,1792 2152,1790 2154,1788 2156,1788 2156,1771 2154,1771 2153,1770 2153,1769 2152,1768 2156,1764 2156,1760 2157,1759 2157,1758 2158,1757 2161,1757 2161,1735 2158,1735 2156,1733 2156,1731 2154,1731 2152,1729 2084,1729 2082,1731 2069,1731 2068,1730 2067,1730 2066,1729 2066,1718 2003,1718 2003,1729 2001,1731 1998,1731 1998,1733 1996,1735 1900,1735 1898,1733 1898,1716 1887,1716 1885,1714 1885,1711 1819,1711 1819,1714 1817,1716 1810,1716 1808,1718 1806,1718 1806,1720 1805,1721 1804,1721 1803,1722 1799,1722 1799,1725 1797,1727 1797,1733 1795,1735 1794,1734 1793,1734 1792,1733 1792,1722 1790,1722 1788,1720 1788,1718 1714,1718 1714,1733 1713,1734 1712,1734 1711,1735 1606,1735 1604,1733 1604,1731 1529,1731 1529,1733 1527,1735 1518,1735 1516,1733 1516,1716 1514,1716 1512,1714 1512,1711 1449,1711 1448,1710 1450,1708 1451,1708 1457,1702 1458,1702 1464,1696 1465,1696 1471,1690 1472,1690 1477,1685 1516,1685 1518,1683 1519,1684 1520,1684 1521,1685 1869,1685 1871,1687 1871,1689 1946,1689 1946,1687 1948,1685 2152,1685 2154,1683 2161,1683 2161,1663 2158,1663 2156,1661 2156,1657 2154,1657 2153,1656 2153,1655 2152,1654 2152,1632 2141,1632 2139,1630 2139,1615 2137,1615 2136,1614 2135,1614 2134,1613 2134,1608 2132,1608 2130,1606 2060,1606 2058,1608 2055,1608 2055,1630 2053,1632 2040,1632 2038,1630 1992,1630 1990,1628 1990,1626 1944,1626 1942,1624 1942,1613 1871,1613 1869,1615 1867,1613 1865,1613 1860,1608 1749,1608 1749,1611 1748,1612 1747,1612 1746,1613 1742,1613 1740,1615 1740,1617 1738,1619 1735,1619 1735,1628 1733,1630 1676,1630 1674,1628 1674,1608 1600,1608 1600,1613 1599,1614 1598,1614 1597,1615 1595,1615 1595,1628 1593,1630 1516,1630 1514,1632 1512,1630 1497,1630 1495,1628 1494,1628 1492,1626 1491,1626 1490,1625 1489,1625 1487,1623 1486,1623 1484,1621 1483,1621 1482,1620 1481,1620 1479,1618 1478,1618 1476,1616 1475,1616 1474,1615 1473,1615 1471,1613 1470,1613 1468,1611 1467,1611 1466,1610 1465,1610 1463,1608 1462,1608 1460,1606 1459,1606 1458,1605 1457,1605 1455,1603 1454,1603 1453,1602 1452,1602 1450,1600 1449,1600 1447,1598 1446,1598 1445,1597 1444,1597 1442,1595 1441,1595 1439,1593 1438,1593 1437,1592 1436,1592 1434,1590 1433,1590 1431,1588 1430,1588 1429,1587 1429,1584 1431,1582 1584,1582 1586,1584 1586,1604 1674,1604 1674,1602 1676,1600 1678,1600 1678,1584 1679,1583 1680,1583 1681,1582 1832,1582 1834,1580 1865,1580 1867,1582 2075,1582 2077,1584 2077,1586 2145,1586 2147,1584 2148,1584 2150,1582 2156,1582 2156,1558 2154,1558 2152,1556 2152,1554 2153,1553 2153,1552 2154,1551 2156,1551 2156,1529 2154,1529 2152,1527 2145,1527 2143,1525 2143,1523 2141,1523 2139,1521 2106,1521 2105,1520 2105,1519 2104,1518 2104,1512 2102,1512 2101,1511 2100,1511 2099,1510 2097,1510 2095,1508 2095,1505 2091,1505 2090,1504 2089,1504 2088,1503 2020,1503 2020,1508 2018,1510 2016,1510 2016,1514 2014,1516 2012,1516 2012,1521 2011,1522 2010,1522 2009,1523 1970,1523 1970,1525 1968,1527 1909,1527 1908,1526 1907,1526 1906,1525 1906,1505 1904,1505 1902,1503 1836,1503 1834,1505 1757,1505 1757,1525 1755,1527 1545,1527 1543,1525 1543,1523 1422,1523 1420,1521 1420,1505 1418,1505 1417,1504 1416,1504 1415,1503 1335,1503 1334,1502 1334,1500 1333,1499 1333,1498 1332,1497 1332,1496 1331,1495 1331,1494 1330,1493 1330,1492 1329,1491 1329,1490 1328,1489 1328,1487 1327,1486 1327,1485 1326,1484 1326,1483 1325,1482 1325,1481 1324,1480 1325,1479 1389,1479 1391,1477 1448,1477 1449,1478 1450,1478 1451,1479 1516,1479 1518,1477 1790,1477 1792,1479 1792,1490 1860,1490 1861,1489 1862,1489 1863,1488 1867,1488 1867,1486 1868,1485 1868,1484 1869,1483 1871,1483 1871,1481 1872,1480 1873,1480 1874,1479 1876,1479 1878,1477 2058,1477 2060,1479 2130,1479 2132,1477 2139,1477 2139,1475 2140,1474 2140,1473 2141,1472 2145,1472 2146,1471 2147,1471 2148,1470 2152,1470 2152,1448 2154,1446 2156,1446 2156,1426 2154,1426 2152,1424 2148,1424 2147,1423 2146,1423 2145,1422 2145,1420 2143,1418 2020,1418 2018,1420 1974,1420 1972,1418 1973,1417 1973,1416 1974,1415 1974,1394 1977,1391 1981,1391 1981,1374 1979,1374 1977,1372 1978,1371 1978,1370 1979,1369 2099,1369 2099,1363 2100,1362 2101,1362 2102,1361 2139,1361 2139,1358 2141,1356 2152,1356 2152,1328 2148,1328 2147,1327 2146,1327 2145,1326 2106,1326 2105,1325 2105,1324 2104,1323 2104,1310 1970,1310 1970,1312 1969,1313 1969,1314 1968,1315 1727,1315 1725,1317 1724,1316 1723,1316 1722,1315 1722,1295 1720,1293 1639,1293 1639,1312 1638,1313 1638,1314 1637,1315 1534,1315 1532,1317 1497,1317 1496,1316 1495,1316 1494,1315 1420,1315 1418,1317 1331,1317 1330,1316 1330,1315 1332,1313 1332,1312 1333,1311 1333,1310 1335,1308 1335,1307 1337,1305 1337,1304 1338,1303 1338,1302 1340,1300 1340,1299 1342,1297 1342,1296 1343,1295 1343,1294 1345,1292 1345,1291 1347,1289 1347,1288 1348,1287 1348,1286 1350,1284 1350,1283 1352,1281 1352,1280 1353,1279 1353,1278 1355,1276 1355,1275 1357,1273 1357,1272 1358,1271 1358,1270 1359,1269 1411,1269 1411,1266 1413,1264 1453,1264 1455,1266 1455,1269 1521,1269 1521,1266 1523,1264 1716,1264 1718,1266 1718,1269 1784,1269 1784,1266 1786,1264 1817,1264 1819,1266 1819,1269 1852,1269 1854,1271 1854,1275 1924,1275 1924,1273 1926,1271 1933,1271 1933,1266 1935,1264 2031,1264 2032,1265 2033,1265 2034,1266 2034,1269 2099,1269 2099,1266 2100,1265 2101,1265 2102,1264 2145,1264 2145,1238 2143,1236 2143,1207 2141,1207 2139,1205 2080,1205 2079,1204 2078,1204 2077,1203 2077,1183 2003,1183 2003,1185 2001,1187 1998,1187 1998,1205 1996,1207 1992,1207 1990,1205 1990,1187 1906,1187 1906,1229 1904,1231 1895,1231 1893,1229 1893,1212 1887,1212 1886,1211 1886,1210 1885,1209 1885,1207 1882,1207 1880,1205 1757,1205 1755,1207 1659,1207 1657,1205 1657,1187 1582,1187 1581,1188 1581,1189 1580,1190 1578,1190 1578,1203 1577,1204 1576,1204 1575,1205 1543,1205 1542,1206 1541,1206 1540,1207 1505,1207 1503,1205 1503,1187 1501,1187 1499,1185 1499,1183 1420,1183 1420,1185 1418,1187 1411,1187 1410,1188 1410,1189 1409,1190 1407,1190 1407,1192 1406,1193 1405,1193 1404,1194 1402,1194 1402,1205 1400,1207 1386,1207 1385,1206 1385,1201 1386,1200 1386,1189 1387,1188 1387,1177 1388,1176 1388,1165 1389,1164 1389,1160 1390,1159 1518,1159 1520,1157 1521,1157 1523,1155 1525,1155 1525,1152 1527,1150 1529,1150 1529,1109 1527,1109 1526,1108 1526,1107 1525,1106 1525,1104 1518,1104 1516,1102 1395,1102 1394,1101 1394,1094 1395,1093 1395,1082 1396,1081 1396,1070 1397,1069 1397,1058 1399,1056 1413,1056 1415,1058 1415,1076 1418,1076 1420,1078 1420,1080 1505,1080 1507,1078 1508,1078 1510,1076 1512,1076 1512,1058 1514,1056 1675,1056 1676,1057 1675,1058 1675,1060 1674,1061 1674,1063 1673,1064 1673,1067 1672,1068 1672,1070 1671,1071 1671,1073 1670,1074 1670,1076 1669,1077 1669,1079 1668,1080 1637,1080 1635,1078 1560,1078 1558,1080 1551,1080 1551,1082 1549,1084 1547,1084 1546,1085 1546,1086 1545,1087 1543,1087 1543,1095 1540,1098 1538,1098 1538,1106 1537,1107 1537,1108 1536,1109 1534,1109 1534,1126 1536,1128 1536,1129 1538,1131 1538,1133 1536,1135 1534,1135 1534,1159 1580,1159 1582,1161 1661,1161 1663,1159 1668,1159 1670,1161 1716,1161 1718,1163 1718,1174 1733,1174 1734,1175 1734,1176 1735,1177 1735,1179 1803,1179 1803,1159 1801,1157 1801,1133 1799,1133 1797,1131 1797,1128 1749,1128 1748,1127 1747,1127 1746,1126 1746,1121 1747,1120 1762,1120 1763,1119 1792,1119 1793,1118 1809,1118 1810,1119 1810,1148 1812,1148 1814,1150 1814,1155 1817,1155 1819,1157 1819,1159 1946,1159 1948,1161 2020,1161 2021,1160 2022,1160 2023,1159 2145,1159 2145,1133 2143,1131 2143,1102 2126,1102 2125,1101 2124,1101 2123,1100 2123,1098 2060,1098 2060,1100 2058,1102 1974,1102 1972,1100 1972,1084 1970,1084 1968,1082 1968,1080 1943,1080 1942,1079 1943,1078 1943,1076 1944,1075 1944,1074 1945,1073 1945,1071 1947,1069 1981,1069 1981,1067 1983,1065 1990,1065 1992,1063 1994,1063 1994,1060 1996,1058 1998,1058 1999,1057 2000,1057 2001,1056 2123,1056 2123,1054 2124,1053 2125,1053 2126,1052 2145,1052 2145,1034 2146,1033 2147,1033 2148,1032 2174,1032 2174,1012 2145,1012 2143,1010 2143,995 1990,995 1990,997 1988,999 1981,999 1979,1001 1977,1001 1977,1006 1976,1007 1975,1007 1974,1008 1972,1008 1970,1010 1970,1021 1968,1023 1964,1023 1963,1022 1963,1021 1964,1020 1964,1019 1965,1018 1965,1016 1966,1015 1966,1013 1967,1012 1967,1010 1968,1009 1968,1008 1969,1007 1969,1005 1970,1004 1970,1002 1971,1001 1971,1000 1972,999 1972,997 1973,996 1973,994 1974,993 1974,991 1975,990 1975,989 1976,988 1976,986 1977,985 1977,983 1978,982 1978,980 1979,979 1979,978 1980,977 1980,975 1981,974 1981,972 1982,971 1982,969 1983,968 1983,967 1984,966 1984,964 1986,962 2020,962 2020,951 2021,950 2022,950 2023,949 2038,949 2038,946 2040,944 2045,944 2047,946 2047,949 2123,949 2128,944 2139,944 2141,942 2143,942 2143,922 2145,920 2146,920 2148,918 2152,918 2152,898 2145,898 2143,896 2141,896 2139,894 2137,894 2136,893 2135,893 2134,892 2134,889 2084,889 2082,887 2082,885 1995,885 1993,883 1993,878 1992,877 1992,872 1991,871 1991,866 1990,865 1990,860 1989,859 1989,854 1988,853 1988,849 1987,848 1987,843 1986,842 1987,841 2053,841 2055,843 2055,850 2132,850 2134,848 2135,848 2137,846 2139,846 2139,843 2141,841 2143,841 2145,839 2145,824 2148,821 2199,821 2199,793 2102,793 2101,792 2100,792 2099,791 2097,791 2095,789 2095,786 2088,786 2086,784 2086,782 1977,782 1976,781 1976,778 1975,777 1975,773 1974,772 1974,767 1973,766 1973,761 1972,760 1972,755 1971,754 1971,749 1970,748 1970,743 1969,742 1969,741 1970,740 2047,740 2047,738 2049,736 2095,736 2097,734 2099,734 2099,727 2100,726 2101,726 2102,725 2145,725 2145,701 2143,699 2143,697 2102,697 2099,694 2099,679 2097,679 2095,677 2095,659 1956,659 1955,658 1955,656 1954,655 1954,650 1953,649 1953,644 1952,643 1952,635 1953,634 1954,634 1955,633 2143,633 2145,631 2145,611 2142,608 2142,607 2139,604 2141,602 2145,602 2146,601 2147,601 2148,600 2152,600 2152,576 2145,576 2143,574 2143,569 2073,569 2073,572 2071,574 2025,574 2023,576 1942,576 1941,575 1941,574 1940,573 1940,568 1939,567 1939,562 1938,561 1938,556 1937,555 1937,550 1936,549 1936,548 1937,547 1937,545 1939,543 1942,543 1942,530 1944,528 1988,528 1990,530 1990,532 2053,532 2055,530 2056,530 2058,528 2134,528 2134,526 2137,523 2143,523 2143,501 2145,499 2145,473 2137,473 2136,472 2135,472 2134,471 2088,471 2086,469 2086,447"/><TextEquiv><Unicode/></TextEquiv><TextLine id="r2_l001"><Coords points="530,456 2117,456 2117,549 530,549"/><TextEquiv index="1"><Unicode>Car, la fuite, que lon regarde</Unicode></TextEquiv></TextLine><TextLine id="r2_l002"><Coords points="526,566 2122,566 2122,651 526,651"/><TextEquiv index="1"><Unicode>comme la voie la plus efficace pour</Unicode></TextEquiv></TextLine><TextLine id="r2_l003"><Coords points="526,669 2117,669 2117,758 526,758"/><TextEquiv index="1"><Unicode>nous garantir de notre propre foi-</Unicode></TextEquiv></TextLine><TextLine id="r2_l004"><Coords points="526,771 2170,771 2170,860 526,860"/><TextEquiv index="1"><Unicode>bleſſe, ne nous fauve point encore,</Unicode></TextEquiv></TextLine><TextLine id="r2_l005"><Coords points="522,878 2122,878 2122,956 522,956"/><TextEquiv index="1"><Unicode>ſi nous confions l'état de notre</Unicode></TextEquiv></TextLine><TextLine id="r2_l006"><Coords points="526,984 2144,984 2144,1073 526,1073"/><TextEquiv index="1"><Unicode>eœur. Parler de ce qu'on aime, en</Unicode></TextEquiv></TextLine><TextLine id="r2_l007"><Coords points="522,1087 2117,1087 2117,1176 522,1176"/><TextEquiv index="1"><Unicode>quelque ſens que ce ſoit, eſt un</Unicode></TextEquiv></TextLine><TextLine id="r2_l008"><Coords points="522,1193 2117,1193 2117,1282 522,1282"/><TextEquiv index="1"><Unicode>plaiſir qui accroît ce ſentiment, loin</Unicode></TextEquiv></TextLine><TextLine id="r2_l009"><Coords points="522,1299 2122,1299 2122,1388 522,1388"/><TextEquiv index="1"><Unicode>de Paffoiblir, comme quelques per-</Unicode></TextEquiv></TextLine><TextLine id="r2_l010"><Coords points="526,1402 2126,1402 2126,1495 526,1495"/><TextEquiv index="1"><Unicode>ſonnes le prétendent. Adieu, chere</Unicode></TextEquiv></TextLine><TextLine id="r2_l011"><Coords points="526,1512 2126,1512 2126,1597 526,1597"/><TextEquiv index="1"><Unicode>&amp; tendre amie, j'eſpere que bientôt</Unicode></TextEquiv></TextLine><TextLine id="r2_l012"><Coords points="526,1615 2131,1615 2131,1704 526,1704"/><TextEquiv index="1"><Unicode>nous ne ſerons plus néceſſitées à</Unicode></TextEquiv></TextLine><TextLine id="r2_l013"><Coords points="530,1721 2131,1721 2131,1807 530,1807"/><TextEquiv index="1"><Unicode>dire ce triſte mot, ſi ce n'eſt pour</Unicode></TextEquiv></TextLine><TextLine id="r2_l014"><Coords points="526,1824 2131,1824 2131,1913 526,1913"/><TextEquiv index="1"><Unicode>paſſer la nuit chacune dans notre</Unicode></TextEquiv></TextLine><TextLine id="r2_l015"><Coords points="535,1930 2157,1930 2157,2016 535,2016"/><TextEquiv index="1"><Unicode>appartement. C'eſt dans cette douce</Unicode></TextEquiv></TextLine><TextLine id="r2_l016"><Coords points="535,2036 2131,2036 2131,2125 535,2125"/><TextEquiv index="1"><Unicode>confiance, que ton Henriette eſt</Unicode></TextEquiv></TextLine><TextLine id="r2_l017"><Coords points="530,2139 2131,2139 2131,2232 530,2232"/><TextEquiv index="1"><Unicode>à-peu-près auſſi tranquille que tu</Unicode></TextEquiv></TextLine><TextLine id="r2_l018"><Coords points="535,2242 2131,2242 2131,2338 535,2338"/><TextEquiv index="1"><Unicode>le deſires. J'attends avec la plus</Unicode></TextEquiv></TextLine><TextLine id="r2_l019"><Coords points="544,2352 2139,2352 2139,2441 544,2441"/><TextEquiv index="1"><Unicode>tendre impatience de tes cheres</Unicode></TextEquiv></TextLine><TextLine id="r2_l020"><Coords points="544,2458 995,2458 995,2526 544,2526"/><TextEquiv index="1"><Unicode>nouvelles.</Unicode></TextEquiv></TextLine></TextRegion><ImageRegion id="r3"><Coords points="1372,2568 1372,2571 1369,2573 1253,2573 1251,2575 1249,2575 1249,2577 1247,2579 1244,2579 1244,2603 1247,2603 1249,2606 1249,2610 1253,2614 1253,2623 1249,2628 1249,2645 1251,2645 1253,2647 1253,2652 1255,2652 1258,2654 1258,2656 1260,2656 1262,2658 1264,2658 1266,2660 1266,2663 1277,2663 1280,2665 1280,2667 1286,2667 1288,2669 1308,2669 1310,2671 1310,2674 1380,2674 1380,2671 1383,2669 1411,2669 1413,2667 1420,2667 1420,2665 1422,2663 1424,2663 1424,2660 1426,2658 1429,2658 1429,2654 1431,2652 1433,2652 1433,2647 1435,2645 1437,2645 1437,2636 1440,2634 1442,2634 1442,2606 1444,2603 1446,2603 1446,2579 1444,2579 1442,2577 1442,2573 1440,2573 1437,2571 1437,2568"/></ImageRegion><ImageRegion id="r4"><Coords points="1556,317 1556,335 1593,335 1595,337 1595,341 1593,344 1578,344 1578,346 1575,348 1409,348 1407,346 1407,344 1308,344 1306,341 1236,341 1236,346 1234,348 1172,348 1170,346 1170,344 1019,344 1017,341 1017,335 1012,330 1012,326 889,326 889,352 896,352 898,355 898,379 896,381 889,381 889,405 892,405 894,407 1095,407 1098,405 1155,405 1157,407 1227,407 1229,405 1391,405 1394,407 1503,407 1505,405 1518,405 1521,407 1731,407 1731,403 1733,401 1735,401 1735,383 1731,379 1731,374 1729,374 1727,372 1703,372 1700,370 1700,368 1703,366 1705,366 1705,344 1668,344 1665,341 1665,337 1663,337 1661,335 1661,330 1624,330 1621,328 1621,317"/></ImageRegion></Page></PcGts>