<PcGts xmlns="http://schema.primaresearch.org/PAGE/gts/pagecontent/2017-07-15" xmlns:xsi="http://www.w3.org/2001/XMLSchema-instance" xsi:schemaLocation="http://schema.primaresearch.org/PAGE/gts/pagecontent/2017-07-15 http://schema.primaresearch.org/PAGE/gts/pagecontent/2017-07-15/pagecontent.xsd"><Metadata><Creator/><Created>2020-09-14T11:36:43</Created><LastChange>1970-01-01T00:00:00</LastChange><Comments/></Metadata><Page imageFilename="0212.png" imageHeight="3507" imageWidth="2480"><ReadingOrder><OrderedGroup id="g1"><RegionRefIndexed index="0" regionRef="r1"/><RegionRefIndexed index="1" regionRef="r6"/><RegionRefIndexed index="2" regionRef="r4"/><RegionRefIndexed index="3" regionRef="r2"/></OrderedGroup></ReadingOrder><TextRegion id="r1" type="page-number" orientation="-0.0"><Coords points="477,333 477,335 475,337 471,337 471,339 469,341 469,363 471,366 471,390 475,390 477,392 477,394 609,394 611,396 611,414 686,414 688,412 690,412 690,396 692,394 699,394 703,390 703,366 694,366 690,361 690,337 688,337 686,335 686,333"/><TextEquiv><Unicode/></TextEquiv><TextLine id="r1_l001"><Coords points="499,343 674,343 674,408 499,408"/><TextEquiv index="1"><Unicode>r</Unicode></TextEquiv></TextLine></TextRegion><TextRegion id="r2" type="paragraph" orientation="-0.0"><Coords points="1854,1277 1853,1278 1853,1279 1852,1280 1845,1280 1845,1301 1844,1302 1844,1303 1843,1304 1832,1304 1830,1306 1828,1306 1828,1308 1827,1309 1826,1309 1825,1310 1823,1308 1823,1304 1821,1304 1820,1303 1820,1302 1819,1301 1773,1301 1771,1299 1771,1297 1716,1297 1714,1295 1714,1280 1635,1280 1633,1282 1632,1282 1630,1284 1630,1301 1629,1302 1629,1303 1628,1304 1494,1304 1493,1303 1493,1302 1492,1301 1492,1282 1404,1282 1402,1284 1402,1301 1401,1302 1401,1303 1400,1304 1374,1304 1372,1306 1354,1306 1352,1304 1350,1304 1349,1303 1349,1302 1348,1301 1310,1301 1308,1299 1308,1282 1225,1282 1225,1284 1223,1286 1220,1286 1220,1299 1218,1301 1166,1301 1165,1300 1164,1300 1163,1299 1163,1297 1098,1297 1098,1301 1095,1304 1056,1304 1055,1303 1055,1302 1054,1301 984,1301 981,1304 975,1304 973,1306 971,1306 971,1356 973,1356 975,1358 975,1361 1034,1361 1036,1363 1036,1365 1168,1365 1168,1363 1170,1361 1227,1361 1229,1363 1229,1365 1295,1365 1295,1363 1297,1361 1350,1361 1352,1363 1352,1385 1398,1385 1400,1387 1400,1404 1399,1405 1399,1406 1398,1407 1374,1407 1372,1409 1345,1409 1343,1407 1343,1389 1280,1389 1279,1388 1278,1388 1277,1387 1277,1385 1275,1385 1273,1383 1203,1383 1201,1385 1194,1385 1194,1387 1192,1389 1190,1387 1190,1385 1058,1385 1058,1387 1056,1389 1041,1389 1041,1409 1043,1409 1045,1411 1047,1411 1049,1413 1049,1440 1047,1442 1045,1442 1043,1444 1041,1442 1041,1420 1038,1420 1036,1418 1036,1413 1034,1413 1032,1411 1032,1409 986,1409 984,1407 876,1407 875,1406 875,1405 874,1404 874,1385 872,1385 870,1383 802,1383 801,1382 801,1377 802,1376 802,1362 803,1361 949,1361 949,1339 946,1339 944,1337 944,1334 946,1332 962,1332 962,1304 951,1304 950,1303 950,1302 949,1301 852,1301 851,1302 851,1303 850,1304 819,1304 818,1303 818,1302 817,1301 817,1297 815,1297 813,1295 813,1293 749,1293 747,1291 745,1291 744,1290 744,1289 743,1288 743,1286 668,1286 668,1288 667,1289 667,1290 666,1291 664,1291 664,1332 710,1332 712,1334 712,1337 714,1337 716,1339 714,1341 712,1341 712,1361 799,1361 800,1362 800,1376 799,1377 799,1382 798,1383 782,1383 782,1404 781,1405 781,1406 780,1407 756,1407 754,1409 745,1409 743,1411 742,1411 740,1413 738,1413 738,1415 737,1416 737,1417 736,1418 734,1418 734,1424 732,1426 729,1426 729,1435 727,1437 688,1437 686,1435 688,1433 690,1433 690,1407 541,1407 540,1406 540,1405 539,1404 539,1383 455,1383 453,1385 449,1385 449,1433 453,1433 455,1435 455,1437 453,1439 453,1440 451,1442 449,1442 449,1464 653,1464 655,1466 655,1477 725,1477 725,1475 726,1474 726,1473 727,1472 736,1472 736,1461 738,1459 740,1459 741,1460 742,1460 743,1461 743,1464 749,1464 751,1466 796,1466 797,1467 797,1498 796,1499 795,1498 795,1492 712,1492 712,1494 711,1495 711,1496 710,1497 707,1497 705,1499 703,1499 703,1503 701,1505 699,1505 699,1514 697,1516 694,1516 694,1524 693,1525 691,1525 690,1524 690,1521 688,1521 687,1520 687,1519 686,1518 686,1516 683,1516 681,1514 681,1512 653,1512 652,1511 651,1511 650,1510 650,1497 648,1497 647,1496 647,1495 646,1494 646,1492 572,1492 572,1494 569,1497 569,1510 567,1512 521,1512 519,1510 455,1510 453,1512 449,1512 449,1536 453,1536 455,1538 456,1538 458,1540 458,1551 460,1551 461,1552 461,1553 462,1554 462,1560 466,1560 467,1561 468,1561 469,1562 469,1569 471,1571 471,1573 539,1573 539,1571 541,1569 681,1569 683,1567 686,1567 686,1564 688,1562 690,1562 690,1528 691,1527 692,1527 693,1526 694,1527 694,1538 697,1538 699,1540 699,1545 697,1547 694,1547 694,1569 781,1569 782,1570 782,1573 781,1574 781,1577 780,1578 780,1581 779,1582 779,1584 778,1585 778,1588 777,1589 777,1592 776,1593 776,1596 775,1597 775,1599 774,1600 773,1600 773,1607 772,1608 772,1611 771,1612 771,1614 770,1615 770,1618 769,1619 723,1619 721,1617 721,1595 718,1595 716,1593 716,1591 642,1591 642,1593 640,1595 633,1595 633,1597 632,1598 632,1599 631,1600 629,1600 628,1601 627,1601 626,1602 624,1602 624,1613 622,1615 589,1615 587,1613 589,1611 589,1591 583,1591 582,1590 581,1590 580,1589 506,1589 504,1591 499,1591 499,1611 501,1611 502,1612 503,1612 504,1613 503,1614 502,1614 501,1615 469,1615 469,1617 468,1618 467,1618 466,1619 458,1619 458,1621 453,1626 449,1626 449,1628 447,1630 436,1630 436,1650 438,1652 440,1652 451,1663 453,1663 455,1665 455,1670 460,1670 462,1672 580,1672 581,1673 582,1673 583,1674 646,1674 648,1672 661,1672 662,1673 663,1673 664,1674 753,1674 754,1675 754,1678 753,1679 753,1682 752,1683 752,1686 751,1687 751,1689 750,1690 750,1693 749,1694 749,1697 748,1698 748,1701 747,1702 747,1704 746,1705 746,1708 745,1709 745,1712 744,1713 744,1716 742,1718 729,1718 729,1720 727,1722 705,1722 703,1720 703,1718 589,1718 589,1720 587,1722 578,1722 576,1720 576,1718 532,1718 530,1716 530,1698 449,1698 449,1700 448,1701 448,1702 447,1703 447,1705 446,1706 445,1706 444,1707 442,1707 442,1744 444,1744 449,1749 449,1764 451,1766 453,1766 455,1768 455,1775 453,1777 449,1777 449,1801 523,1801 524,1800 525,1800 526,1799 530,1799 530,1797 532,1795 532,1779 534,1777 576,1777 578,1775 583,1775 585,1777 650,1777 651,1776 652,1776 653,1775 666,1775 668,1777 710,1777 712,1779 712,1795 714,1795 716,1797 716,1799 720,1799 721,1800 721,1802 720,1803 675,1803 675,1819 674,1820 673,1820 672,1821 506,1821 504,1819 504,1814 436,1814 436,1832 438,1834 447,1834 449,1836 444,1841 433,1841 433,1867 444,1867 445,1868 446,1868 447,1869 447,1871 448,1872 448,1873 449,1874 453,1874 455,1876 455,1878 460,1878 462,1880 596,1880 598,1878 672,1878 673,1879 674,1879 675,1880 1019,1880 1019,1849 990,1849 988,1847 988,1838 986,1838 984,1836 984,1825 981,1825 979,1823 979,1821 905,1821 905,1823 903,1825 872,1825 870,1823 870,1808 867,1808 865,1806 865,1803 863,1803 861,1801 786,1801 784,1803 773,1803 773,1806 771,1808 769,1808 769,1812 767,1814 764,1814 764,1823 762,1825 754,1825 753,1824 752,1824 751,1823 751,1803 724,1803 723,1802 723,1800 724,1799 782,1799 782,1797 784,1795 791,1795 791,1790 793,1788 795,1788 795,1784 796,1783 796,1782 797,1781 800,1781 800,1779 802,1777 1149,1777 1150,1778 1150,1780 1151,1781 1151,1783 1152,1784 1152,1786 1153,1787 1153,1789 1154,1790 1154,1792 1155,1793 1155,1795 1156,1796 1156,1799 1157,1800 1157,1802 1158,1803 1158,1805 1159,1806 1159,1808 1160,1809 1160,1811 1161,1812 1161,1814 1162,1815 1162,1817 1163,1818 1163,1820 1162,1821 1109,1821 1108,1820 1107,1820 1106,1819 1106,1808 1104,1808 1102,1806 1102,1803 1027,1803 1027,1849 1026,1850 1026,1851 1025,1852 1023,1852 1023,1880 1182,1880 1183,1881 1183,1884 1184,1885 1184,1887 1185,1888 1185,1890 1186,1891 1186,1893 1187,1894 1187,1896 1188,1897 1188,1899 1189,1900 1189,1903 1190,1904 1190,1906 1191,1907 1191,1909 1192,1910 1192,1912 1193,1913 1193,1915 1194,1916 1194,1918 1195,1919 1195,1921 1196,1922 1196,1925 1197,1926 1197,1927 1196,1928 1102,1928 1101,1929 1101,1930 1100,1931 1099,1930 1099,1929 1098,1928 1052,1928 1051,1927 1050,1927 1049,1926 1049,1906 1047,1906 1045,1904 971,1904 970,1905 969,1905 968,1906 966,1906 966,1928 965,1929 965,1930 964,1931 963,1930 963,1929 962,1928 960,1928 959,1927 958,1927 957,1926 957,1924 887,1924 887,1926 885,1928 824,1928 823,1927 822,1927 821,1926 821,1906 729,1906 729,1926 727,1928 721,1928 718,1931 712,1931 712,1935 710,1937 707,1937 707,1942 705,1944 703,1944 703,1952 702,1953 702,1954 701,1955 683,1955 682,1954 682,1953 681,1952 681,1931 680,1930 680,1929 679,1928 449,1928 448,1929 448,1930 447,1931 447,1952 448,1953 448,1954 449,1955 449,1957 447,1959 447,1983 648,1983 650,1985 650,1994 725,1994 727,1992 729,1992 729,1985 730,1984 731,1984 732,1983 968,1983 969,1984 970,1984 971,1985 971,2005 973,2005 975,2007 973,2009 927,2009 927,2031 924,2034 727,2034 726,2033 726,2032 725,2031 611,2031 610,2032 610,2033 609,2034 541,2034 540,2033 540,2032 539,2031 469,2031 466,2034 458,2034 457,2035 456,2035 455,2036 455,2038 453,2040 449,2040 449,2045 447,2047 447,2073 449,2075 449,2080 453,2080 455,2082 455,2086 460,2086 462,2088 462,2091 552,2091 552,2088 554,2086 596,2086 598,2088 598,2095 668,2095 668,2093 670,2091 725,2091 727,2089 727,2088 729,2086 758,2086 760,2088 760,2091 824,2091 826,2093 826,2110 824,2112 769,2112 768,2113 768,2114 767,2115 760,2115 760,2117 758,2119 756,2119 756,2126 754,2128 751,2128 751,2134 750,2135 750,2136 749,2137 620,2137 618,2139 611,2139 609,2137 515,2137 514,2138 513,2138 512,2139 449,2139 449,2172 453,2172 455,2174 455,2194 456,2195 457,2195 458,2196 561,2196 563,2194 591,2194 593,2196 593,2213 596,2213 598,2215 597,2216 597,2217 596,2218 587,2218 583,2222 550,2222 550,2224 549,2225 548,2225 547,2226 534,2226 532,2224 532,2222 528,2218 455,2218 455,2220 453,2222 447,2222 447,2266 449,2268 453,2268 455,2270 455,2323 475,2323 477,2325 477,2347 475,2349 458,2349 458,2351 453,2356 449,2356 449,2395 453,2395 455,2397 455,2402 688,2402 690,2404 690,2417 762,2417 764,2419 764,2426 835,2426 837,2424 839,2424 839,2404 841,2402 892,2402 894,2400 896,2402 1060,2402 1061,2403 1062,2403 1063,2404 1063,2408 1091,2408 1092,2409 1092,2410 1093,2411 1093,2424 1159,2424 1159,2404 1161,2402 1181,2402 1183,2400 1215,2400 1216,2401 1216,2403 1215,2404 1215,2406 1214,2407 1214,2410 1213,2411 1213,2414 1212,2415 1212,2417 1211,2418 1211,2421 1210,2422 1210,2424 1209,2425 1209,2428 1208,2429 1208,2432 1207,2433 1207,2435 1206,2436 1206,2439 1205,2440 1205,2443 1204,2444 1204,2446 1202,2448 1170,2448 1168,2446 1168,2428 1084,2428 1084,2432 1083,2433 1083,2434 1082,2435 1081,2434 1081,2433 1080,2432 1078,2432 1076,2430 1076,2428 1001,2428 1001,2432 1000,2433 1000,2434 999,2435 971,2435 971,2446 970,2447 969,2447 968,2448 944,2448 944,2450 942,2452 892,2452 892,2454 889,2457 865,2457 863,2459 861,2459 861,2463 859,2465 857,2465 857,2479 856,2480 855,2480 854,2481 837,2481 835,2479 835,2457 832,2457 831,2456 831,2455 830,2454 830,2452 828,2452 826,2450 826,2448 780,2448 778,2446 778,2435 775,2435 774,2434 774,2433 773,2432 699,2432 699,2446 697,2448 589,2448 587,2446 588,2445 588,2444 589,2443 589,2424 504,2424 504,2448 506,2450 504,2452 458,2452 458,2454 453,2459 449,2459 449,2463 447,2465 447,2496 449,2498 449,2503 453,2503 455,2505 460,2505 462,2507 543,2507 545,2505 604,2505 605,2506 606,2506 607,2507 607,2527 615,2527 616,2528 617,2528 618,2529 701,2529 703,2527 707,2527 707,2525 710,2522 712,2522 712,2518 714,2516 716,2516 716,2509 718,2507 795,2507 797,2505 806,2505 808,2507 808,2516 876,2516 878,2518 878,2529 966,2529 968,2527 971,2527 971,2509 973,2507 1019,2507 1021,2505 1196,2505 1198,2507 1198,2527 1201,2527 1204,2530 1204,2537 1205,2538 1205,2544 1206,2545 1206,2552 1207,2553 1207,2554 1206,2555 1049,2555 1047,2557 955,2557 953,2555 861,2555 859,2557 727,2557 725,2555 725,2538 723,2538 722,2537 722,2536 721,2535 655,2535 654,2536 654,2537 653,2538 633,2538 633,2553 631,2555 569,2555 567,2557 547,2557 545,2555 477,2555 475,2557 449,2557 449,2560 447,2562 447,2584 453,2584 455,2586 455,2590 453,2592 449,2592 449,2619 517,2619 517,2617 518,2616 518,2615 519,2614 762,2614 763,2615 763,2616 764,2617 764,2619 830,2619 830,2617 831,2616 831,2615 832,2614 887,2614 887,2612 889,2610 981,2610 982,2611 983,2611 984,2612 984,2614 1054,2614 1054,2612 1056,2610 1192,2610 1194,2612 1194,2621 1215,2621 1216,2622 1216,2626 1217,2627 1217,2634 1218,2635 1218,2638 1219,2639 1220,2638 1220,2635 1219,2634 1219,2627 1218,2626 1218,2622 1219,2621 1262,2621 1264,2623 1264,2634 1271,2634 1273,2636 1273,2639 1293,2639 1295,2641 1295,2663 1293,2665 1244,2665 1242,2663 1242,2643 1240,2643 1238,2641 1168,2641 1166,2643 1163,2643 1163,2658 1161,2660 1137,2660 1137,2663 1135,2665 1074,2665 1073,2664 1072,2664 1071,2663 1071,2643 1069,2643 1067,2641 1060,2641 1058,2639 1058,2636 984,2636 984,2639 983,2640 982,2640 981,2641 975,2641 973,2643 971,2643 971,2645 970,2646 969,2646 968,2647 966,2647 966,2658 964,2660 960,2660 959,2659 958,2659 957,2658 883,2658 881,2660 747,2660 747,2663 745,2665 743,2665 742,2666 741,2666 740,2667 738,2665 727,2665 725,2663 725,2660 714,2660 712,2658 712,2643 710,2643 709,2642 708,2642 707,2641 624,2641 622,2643 620,2643 620,2645 613,2652 611,2652 611,2663 609,2665 449,2665 449,2687 453,2687 455,2689 455,2693 454,2694 454,2695 453,2696 449,2696 449,2700 447,2702 447,2724 602,2724 604,2722 648,2722 650,2724 729,2724 730,2723 731,2723 732,2722 738,2722 738,2720 739,2719 739,2718 740,2717 743,2717 743,2715 745,2713 747,2715 747,2717 754,2717 755,2718 755,2719 756,2720 756,2722 1056,2722 1058,2724 1058,2742 1065,2742 1067,2744 1067,2745 1150,2745 1150,2724 1152,2722 1350,2722 1352,2724 1422,2724 1424,2722 1470,2722 1472,2724 1540,2724 1541,2723 1542,2723 1543,2722 1681,2722 1683,2724 1760,2724 1762,2722 1825,2722 1826,2723 1827,2723 1828,2724 2018,2724 2020,2726 2020,2728 2095,2728 2095,2724 2097,2722 2099,2722 2099,2698 2097,2698 2095,2696 2095,2667 2093,2667 2091,2665 1992,2665 1990,2663 1990,2660 1874,2660 1873,2659 1872,2659 1871,2658 1871,2641 1865,2641 1863,2639 1863,2636 1784,2636 1784,2639 1783,2640 1782,2640 1781,2641 1779,2641 1779,2658 1777,2660 1749,2660 1749,2663 1748,2664 1747,2664 1746,2665 1694,2665 1692,2663 1692,2643 1606,2643 1606,2663 1604,2665 1534,2665 1532,2663 1532,2641 1529,2641 1527,2639 1527,2636 1451,2636 1451,2639 1450,2640 1449,2640 1448,2641 1444,2641 1442,2643 1435,2643 1435,2647 1433,2649 1433,2650 1431,2652 1431,2658 1429,2660 1389,2660 1387,2658 1387,2643 1385,2643 1383,2641 1341,2641 1339,2639 1339,2636 1341,2634 1343,2634 1343,2628 1344,2627 1344,2626 1345,2625 1348,2625 1348,2617 1349,2616 1349,2615 1350,2614 1391,2614 1391,2612 1392,2611 1393,2611 1394,2610 1514,2610 1516,2612 1516,2614 1882,2614 1885,2617 1885,2619 2099,2619 2099,2595 2097,2595 2096,2594 2096,2593 2095,2592 2093,2592 2091,2590 2093,2588 2099,2588 2099,2586 2100,2585 2101,2585 2102,2584 2104,2584 2104,2562 2102,2562 2101,2561 2100,2561 2099,2560 2099,2557 2097,2557 2095,2555 2029,2555 2027,2557 1564,2557 1562,2555 1562,2538 1558,2538 1557,2537 1557,2536 1556,2535 1488,2535 1487,2536 1487,2537 1486,2538 1481,2538 1481,2553 1479,2555 1345,2555 1343,2553 1343,2535 1264,2535 1264,2579 1263,2580 1263,2581 1262,2582 1231,2582 1230,2581 1230,2580 1229,2579 1229,2557 1227,2557 1225,2555 1210,2555 1209,2554 1209,2553 1208,2552 1208,2545 1207,2544 1207,2538 1206,2537 1206,2530 1207,2529 1291,2529 1291,2509 1293,2507 1352,2507 1354,2505 1422,2505 1424,2507 1497,2507 1499,2505 1505,2505 1506,2506 1507,2506 1508,2507 1648,2507 1650,2505 1652,2507 1904,2507 1906,2509 1906,2529 1909,2529 1911,2531 1994,2531 1996,2529 1998,2529 1998,2514 2001,2511 2064,2511 2064,2509 2066,2507 2073,2507 2073,2500 2075,2498 2104,2498 2104,2465 2066,2465 2064,2463 2064,2452 2058,2452 2057,2451 2056,2451 2055,2450 2055,2448 1981,2448 1981,2450 1979,2452 1966,2452 1965,2451 1964,2451 1963,2450 1963,2428 1849,2428 1849,2430 1847,2432 1845,2432 1844,2433 1844,2434 1843,2435 1841,2435 1841,2437 1840,2438 1839,2438 1838,2439 1836,2439 1836,2450 1834,2452 1641,2452 1639,2450 1639,2448 1606,2448 1604,2446 1604,2432 1602,2432 1600,2430 1600,2428 1527,2428 1523,2432 1516,2432 1516,2450 1514,2452 1501,2452 1499,2450 1499,2448 1398,2448 1396,2446 1396,2428 1321,2428 1321,2446 1319,2448 1206,2448 1205,2447 1206,2446 1206,2443 1207,2442 1207,2440 1208,2439 1208,2436 1209,2435 1209,2432 1210,2431 1210,2429 1211,2428 1211,2425 1212,2424 1212,2422 1213,2421 1213,2418 1214,2417 1214,2414 1215,2413 1215,2411 1216,2410 1216,2407 1217,2406 1217,2403 1218,2402 1218,2401 1219,2400 1236,2400 1238,2402 1240,2402 1242,2404 1242,2406 1312,2406 1312,2402 1313,2401 1314,2401 1315,2400 1433,2400 1435,2402 1683,2402 1685,2400 1687,2402 1696,2402 1698,2404 1698,2406 1867,2406 1867,2404 1869,2402 1909,2402 1911,2404 1911,2406 1977,2406 1977,2404 1979,2402 2001,2402 2003,2404 2003,2406 2095,2406 2095,2404 2097,2402 2104,2402 2106,2400 2108,2400 2108,2360 2106,2360 2104,2358 2104,2354 2102,2354 2099,2351 2099,2349 2093,2349 2091,2347 2091,2345 2012,2345 2012,2347 2011,2348 2010,2348 2009,2349 1957,2349 1955,2347 1955,2332 1952,2332 1951,2331 1951,2330 1950,2329 1950,2325 1876,2325 1876,2329 1875,2330 1875,2331 1874,2332 1871,2332 1871,2343 1869,2345 1860,2345 1858,2343 1788,2343 1786,2345 1689,2345 1685,2349 1683,2349 1683,2351 1682,2352 1682,2353 1681,2354 1678,2351 1678,2349 1676,2349 1674,2347 1674,2345 1426,2345 1424,2347 1422,2345 1422,2343 1415,2343 1414,2342 1414,2341 1413,2340 1413,2321 1339,2321 1339,2323 1337,2325 1334,2325 1334,2340 1333,2341 1333,2342 1332,2343 1291,2343 1290,2344 1289,2344 1288,2345 1258,2345 1257,2344 1256,2344 1255,2343 1255,2325 1240,2325 1239,2324 1239,2323 1240,2322 1240,2320 1241,2319 1241,2316 1242,2315 1242,2312 1243,2311 1243,2309 1244,2308 1244,2305 1245,2304 1245,2301 1247,2299 1751,2299 1753,2301 1753,2303 1819,2303 1819,2301 1821,2299 1838,2299 1839,2300 1840,2300 1841,2301 1841,2321 1933,2321 1933,2301 1935,2299 2073,2299 2073,2292 2075,2290 2104,2290 2104,2288 2106,2286 2108,2286 2108,2259 2102,2259 2101,2258 2100,2258 2099,2257 2071,2257 2069,2255 2069,2246 2066,2246 2064,2244 2064,2242 1852,2242 1851,2241 1850,2241 1849,2240 1849,2229 1847,2229 1846,2228 1846,2227 1845,2226 1845,2222 1830,2222 1828,2220 1828,2218 1746,2218 1742,2222 1731,2222 1731,2224 1729,2226 1727,2226 1726,2227 1726,2228 1725,2229 1722,2229 1722,2231 1720,2233 1718,2233 1718,2237 1717,2238 1717,2239 1716,2240 1714,2240 1714,2244 1713,2245 1712,2245 1711,2246 1709,2244 1709,2218 1635,2218 1635,2224 1634,2225 1633,2225 1632,2226 1630,2226 1630,2240 1628,2242 1621,2242 1621,2244 1619,2246 1615,2246 1613,2244 1613,2242 1501,2242 1499,2240 1499,2222 1494,2222 1492,2220 1492,2218 1422,2218 1422,2220 1420,2222 1413,2222 1410,2225 1410,2226 1407,2229 1402,2229 1402,2240 1400,2242 1394,2242 1393,2241 1392,2241 1391,2240 1391,2222 1317,2222 1317,2224 1315,2226 1310,2226 1310,2240 1308,2242 1263,2242 1262,2241 1262,2239 1263,2238 1263,2236 1264,2235 1264,2232 1265,2231 1265,2229 1266,2228 1266,2225 1267,2224 1267,2221 1268,2220 1268,2218 1269,2217 1269,2214 1270,2213 1270,2210 1271,2209 1271,2207 1272,2206 1272,2203 1273,2202 1273,2199 1274,2198 1274,2196 1275,2195 1275,2192 1276,2191 1276,2190 1277,2189 1280,2189 1282,2191 1282,2194 1341,2194 1343,2196 1407,2196 1409,2194 1591,2194 1593,2196 1657,2196 1659,2194 1828,2194 1830,2192 1830,2191 1832,2189 1836,2189 1836,2185 1838,2183 1839,2184 1840,2184 1841,2185 1841,2189 1847,2189 1849,2191 1849,2194 2023,2194 2025,2196 2099,2196 2100,2195 2101,2195 2102,2194 2104,2194 2104,2172 2102,2172 2099,2169 2099,2167 2093,2167 2091,2165 2093,2163 2104,2163 2104,2137 2093,2137 2092,2136 2092,2135 2091,2134 2091,2132 2012,2132 2012,2134 2009,2137 1952,2137 1951,2136 1951,2135 1950,2134 1950,2115 1858,2115 1858,2134 1857,2135 1857,2136 1856,2137 1854,2137 1852,2139 1847,2139 1845,2137 1843,2137 1842,2136 1842,2135 1841,2134 1841,2132 1775,2132 1775,2134 1774,2135 1774,2136 1773,2137 1672,2137 1671,2136 1671,2135 1670,2134 1670,2112 1586,2112 1585,2113 1585,2114 1584,2115 1554,2115 1553,2116 1552,2116 1551,2117 1551,2134 1550,2135 1550,2136 1549,2137 1446,2137 1444,2139 1437,2139 1435,2137 1385,2137 1384,2136 1384,2135 1383,2134 1383,2119 1380,2119 1378,2117 1378,2115 1299,2115 1299,2134 1298,2135 1298,2136 1297,2137 1295,2137 1293,2139 1282,2139 1282,2141 1280,2143 1277,2143 1277,2148 1275,2150 1273,2148 1273,2139 1267,2139 1266,2138 1266,2137 1265,2136 1265,2134 1264,2133 1264,2131 1263,2130 1263,2128 1262,2127 1262,2124 1261,2123 1261,2121 1260,2120 1260,2118 1259,2117 1259,2115 1258,2114 1258,2112 1257,2111 1257,2109 1256,2108 1256,2106 1255,2105 1255,2102 1254,2101 1254,2099 1253,2098 1254,2097 1255,2097 1256,2096 1257,2096 1258,2095 1260,2095 1260,2093 1262,2091 1744,2091 1744,2088 1746,2086 1795,2086 1797,2088 1797,2091 2018,2091 2020,2093 2020,2095 2086,2095 2086,2093 2088,2091 2104,2091 2104,2088 2106,2086 2108,2086 2108,2040 2106,2040 2104,2038 2104,2036 2102,2036 2101,2035 2100,2035 2099,2034 2093,2034 2092,2033 2092,2032 2091,2031 1963,2031 1962,2032 1962,2033 1961,2034 1900,2034 1899,2033 1899,2032 1898,2031 1898,2012 1810,2012 1810,2031 1809,2032 1809,2033 1808,2034 1694,2034 1693,2033 1693,2032 1692,2031 1692,2012 1689,2009 1608,2009 1607,2010 1607,2011 1606,2012 1606,2014 1604,2016 1595,2016 1595,2025 1593,2027 1593,2029 1591,2031 1536,2031 1535,2032 1535,2033 1534,2034 1466,2034 1465,2033 1465,2032 1464,2031 1464,2012 1387,2012 1387,2031 1386,2032 1386,2033 1385,2034 1372,2034 1369,2031 1367,2031 1365,2029 1365,2027 1345,2027 1343,2025 1343,1985 1345,1983 1571,1983 1573,1985 1573,1988 1646,1988 1646,1985 1648,1983 1654,1983 1655,1982 1656,1982 1657,1981 1661,1981 1663,1983 1711,1983 1712,1984 1713,1984 1714,1985 1714,1988 1784,1988 1784,1985 1786,1983 2005,1983 2007,1985 2007,1988 2104,1988 2104,1985 2106,1983 2108,1983 2108,1935 2102,1935 2101,1934 2100,1934 2099,1933 2099,1931 2097,1931 2096,1930 2096,1929 2095,1928 2014,1928 2012,1926 2012,1906 1924,1906 1924,1926 1922,1928 1860,1928 1858,1926 1858,1906 1856,1906 1854,1904 1740,1904 1738,1906 1674,1906 1674,1926 1672,1928 1665,1928 1664,1929 1664,1930 1663,1931 1650,1931 1649,1930 1649,1929 1648,1928 1564,1928 1563,1929 1563,1930 1562,1931 1455,1931 1454,1930 1454,1929 1453,1928 1326,1928 1323,1931 1258,1931 1255,1928 1200,1928 1199,1927 1199,1926 1198,1925 1198,1923 1197,1922 1197,1920 1196,1919 1196,1916 1195,1915 1195,1913 1194,1912 1194,1910 1193,1909 1193,1907 1192,1906 1192,1904 1191,1903 1191,1901 1190,1900 1190,1898 1189,1897 1189,1894 1188,1893 1188,1891 1187,1890 1187,1888 1186,1887 1186,1885 1185,1884 1185,1882 1184,1881 1185,1880 1190,1880 1192,1878 1194,1880 1556,1880 1558,1878 1569,1878 1571,1880 1575,1880 1576,1881 1577,1881 1578,1882 1578,1885 1648,1885 1648,1882 1650,1880 2060,1880 2060,1874 2061,1873 2061,1872 2062,1871 2104,1871 2104,1867 2106,1865 2108,1865 2108,1841 2106,1841 2105,1840 2105,1839 2104,1838 2102,1838 2101,1837 2100,1837 2099,1836 2099,1834 2075,1834 2073,1832 2073,1814 2003,1814 2003,1819 2001,1821 1979,1821 1977,1819 1977,1808 1974,1808 1972,1806 1972,1803 1902,1803 1902,1806 1900,1808 1898,1808 1898,1823 1897,1824 1896,1824 1895,1825 1858,1825 1857,1826 1857,1827 1856,1828 1855,1827 1855,1826 1854,1825 1777,1825 1775,1823 1775,1803 1698,1803 1698,1825 1697,1826 1697,1827 1696,1828 1676,1828 1675,1827 1675,1826 1674,1825 1674,1814 1672,1814 1670,1812 1670,1808 1663,1808 1661,1806 1661,1803 1637,1803 1636,1802 1639,1799 1640,1799 1643,1796 1644,1796 1648,1792 1649,1792 1652,1789 1653,1789 1657,1785 1658,1785 1661,1782 1662,1782 1665,1779 1666,1779 1670,1775 2009,1775 2010,1776 2011,1776 2012,1777 2077,1777 2078,1776 2079,1776 2080,1775 2086,1775 2086,1773 2088,1771 2091,1771 2092,1770 2092,1769 2093,1768 2095,1768 2095,1727 2093,1727 2091,1725 2091,1722 2088,1722 2086,1720 2086,1718 2080,1718 2079,1717 2078,1717 2077,1716 2062,1716 2060,1714 2060,1694 1977,1694 1977,1696 1976,1697 1975,1697 1974,1698 1968,1698 1968,1700 1967,1701 1967,1702 1966,1703 1963,1703 1963,1705 1961,1707 1959,1707 1959,1716 1957,1718 1747,1718 1746,1717 1749,1714 1750,1714 1754,1710 1755,1710 1758,1707 1759,1707 1763,1703 1764,1703 1767,1700 1768,1700 1772,1696 1773,1696 1776,1693 1777,1693 1780,1690 1781,1690 1785,1686 1786,1686 1789,1683 1790,1683 1794,1679 1795,1679 1798,1676 1799,1676 1802,1673 1803,1673 1804,1672 1828,1672 1830,1670 1832,1670 1832,1668 1833,1667 1833,1666 1834,1665 1838,1665 1841,1668 1841,1670 1847,1670 1849,1672 1942,1672 1944,1670 1961,1670 1963,1672 2104,1672 2106,1670 2108,1670 2108,1668 2109,1667 2109,1666 2110,1665 2111,1665 2111,1648 2110,1648 2108,1646 2108,1643 2106,1643 2104,1641 2104,1615 2097,1615 2095,1613 2088,1613 2086,1611 2086,1608 2020,1608 2020,1611 2018,1613 1948,1613 1946,1611 1946,1591 1911,1591 1910,1590 1913,1587 1914,1587 1917,1584 1918,1584 1922,1580 1923,1580 1926,1577 1927,1577 1931,1573 1932,1573 1935,1570 1936,1570 1939,1567 1970,1567 1972,1569 2047,1569 2049,1567 2095,1567 2095,1564 2097,1562 2104,1562 2106,1560 2108,1560 2108,1529 2106,1529 2104,1527 2104,1512 2102,1512 2101,1511 2100,1511 2099,1510 2014,1510 2012,1508 2012,1488 1915,1488 1915,1508 1917,1508 1918,1509 1919,1509 1920,1510 1919,1511 1918,1511 1917,1512 1906,1512 1906,1514 1904,1516 1902,1516 1902,1518 1901,1519 1901,1520 1900,1521 1898,1521 1898,1527 1897,1528 1896,1528 1895,1529 1893,1529 1893,1551 1895,1551 1898,1554 1898,1562 1904,1562 1906,1564 1906,1567 1933,1567 1934,1568 1932,1570 1931,1570 1928,1573 1927,1573 1923,1577 1922,1577 1919,1580 1918,1580 1915,1583 1914,1583 1910,1587 1909,1587 1906,1590 1905,1590 1904,1591 1863,1591 1863,1593 1862,1594 1861,1594 1860,1595 1854,1595 1854,1613 1852,1615 1849,1615 1849,1617 1847,1619 1841,1619 1841,1621 1838,1624 1837,1623 1837,1622 1836,1621 1836,1619 1834,1619 1832,1617 1832,1615 1825,1615 1823,1613 1777,1613 1775,1611 1775,1595 1665,1595 1665,1597 1664,1598 1664,1599 1663,1600 1663,1613 1661,1615 1573,1615 1573,1617 1570,1620 1570,1621 1567,1624 1564,1621 1564,1619 1562,1617 1562,1615 1556,1615 1554,1613 1554,1600 1551,1600 1550,1599 1550,1598 1549,1597 1549,1595 1545,1595 1543,1593 1543,1591 1479,1591 1479,1593 1477,1595 1472,1595 1472,1613 1470,1615 1437,1615 1435,1613 1389,1613 1387,1611 1387,1591 1281,1591 1280,1590 1280,1586 1281,1585 1281,1581 1282,1580 1282,1576 1283,1575 1283,1570 1284,1569 1429,1569 1431,1567 1440,1567 1440,1564 1442,1562 1442,1534 1440,1532 1440,1516 1437,1516 1435,1514 1435,1512 1329,1512 1328,1511 1330,1509 1331,1509 1335,1505 1336,1505 1339,1502 1340,1502 1344,1498 1345,1498 1349,1494 1350,1494 1354,1490 1355,1490 1358,1487 1359,1487 1363,1483 1364,1483 1368,1479 1369,1479 1373,1475 1374,1475 1377,1472 1378,1472 1382,1468 1383,1468 1385,1466 1486,1466 1488,1468 1488,1477 1562,1477 1562,1475 1563,1474 1563,1473 1564,1472 1564,1466 1565,1465 1566,1465 1567,1464 1569,1464 1571,1466 1575,1466 1576,1467 1577,1467 1578,1468 1578,1488 1661,1488 1663,1490 1707,1490 1709,1492 1709,1494 1708,1495 1708,1496 1707,1497 1705,1497 1705,1508 1703,1510 1659,1510 1657,1508 1657,1497 1654,1494 1654,1492 1571,1492 1571,1494 1570,1495 1570,1496 1569,1497 1560,1497 1558,1499 1558,1510 1556,1512 1545,1512 1543,1510 1543,1497 1540,1494 1540,1492 1466,1492 1466,1510 1464,1512 1459,1512 1459,1534 1461,1536 1464,1536 1466,1538 1466,1543 1464,1545 1459,1545 1457,1547 1457,1569 1543,1569 1545,1567 1547,1567 1549,1569 1657,1569 1659,1567 1790,1567 1792,1569 1863,1569 1865,1567 1876,1567 1876,1564 1878,1562 1880,1562 1880,1547 1882,1545 1885,1545 1885,1516 1882,1516 1880,1514 1880,1512 1874,1512 1873,1511 1872,1511 1871,1510 1786,1510 1784,1508 1784,1492 1781,1492 1779,1490 1779,1488 1729,1488 1727,1486 1727,1472 1672,1472 1670,1470 1670,1468 1672,1466 1762,1466 1764,1464 1766,1466 1766,1479 1768,1479 1769,1480 1770,1480 1771,1481 1771,1483 1841,1483 1847,1477 1849,1477 1849,1466 1850,1465 1851,1465 1852,1464 1898,1464 1898,1461 1900,1459 1902,1461 1902,1464 2091,1464 2091,1461 2093,1459 2099,1459 2100,1458 2101,1458 2102,1457 2104,1457 2104,1409 2102,1409 2101,1408 2100,1408 2099,1407 2093,1407 2092,1406 2092,1405 2091,1404 2091,1402 2007,1402 2007,1404 2006,1405 2006,1406 2005,1407 1906,1407 1904,1409 1902,1407 1895,1407 1894,1406 1894,1405 1893,1404 1893,1402 1852,1402 1851,1401 1850,1401 1849,1400 1849,1385 1847,1385 1845,1383 1779,1383 1777,1385 1771,1385 1771,1404 1768,1407 1621,1407 1619,1409 1571,1409 1571,1411 1569,1413 1564,1413 1564,1415 1563,1416 1563,1417 1562,1418 1560,1418 1558,1420 1558,1429 1556,1431 1551,1431 1551,1435 1549,1437 1514,1437 1512,1435 1512,1433 1510,1431 1510,1418 1508,1418 1505,1415 1505,1413 1501,1413 1499,1411 1499,1409 1488,1409 1486,1407 1487,1406 1487,1405 1488,1404 1492,1404 1492,1385 1488,1385 1486,1383 1437,1383 1436,1382 1436,1381 1435,1380 1435,1363 1437,1361 1448,1361 1449,1362 1450,1362 1451,1363 1451,1365 1573,1365 1575,1363 1576,1363 1578,1361 1584,1361 1584,1358 1586,1356 1589,1356 1589,1352 1591,1350 1593,1352 1593,1361 1597,1365 1661,1365 1661,1363 1663,1361 1810,1361 1810,1358 1812,1356 1819,1356 1821,1354 1823,1354 1823,1352 1825,1350 1826,1351 1827,1351 1828,1352 1828,1356 1838,1356 1839,1357 1840,1357 1841,1358 1841,1361 2051,1361 2051,1358 2053,1356 2055,1356 2055,1352 2056,1351 2057,1351 2058,1350 2077,1350 2077,1348 2080,1345 2099,1345 2099,1343 2100,1342 2101,1342 2102,1341 2104,1341 2104,1297 2102,1297 2101,1296 2100,1296 2099,1295 2099,1293 2025,1293 2025,1299 2023,1301 1944,1301 1942,1299 1942,1280 1939,1280 1938,1279 1938,1278 1937,1277"/><TextEquiv><Unicode/></TextEquiv><TextLine id="r2_l001"><Coords points="696,1286 2074,1286 2074,1378 696,1378"/><TextEquiv index="1"><Unicode>esr avec la plus vive dou-</Unicode></TextEquiv></TextLine><TextLine id="r2_l002"><Coords points="481,1392 2074,1392 2074,1484 481,1484"/><TextEquiv index="1"><Unicode>leur, chere Eliſabeth, que je me</Unicode></TextEquiv></TextLine><TextLine id="r2_l003"><Coords points="481,1498 2079,1498 2079,1567 481,1567"/><TextEquiv index="1"><Unicode>vois forcé de vous inſtruire des</Unicode></TextEquiv></TextLine><TextLine id="r2_l004"><Coords points="468,1597 2083,1597 2083,1690 468,1690"/><TextEquiv index="1"><Unicode>choſes bien oppoſées à celle dont</Unicode></TextEquiv></TextLine><TextLine id="r2_l005"><Coords points="473,1704 2066,1704 2066,1796 473,1796"/><TextEquiv index="1"><Unicode>je croyois vous annoncer l'heureuſe</Unicode></TextEquiv></TextLine><TextLine id="r2_l006"><Coords points="464,1810 2079,1810 2079,1879 464,1879"/><TextEquiv index="1"><Unicode>concluſion. La triſteſſe &amp; les alar-</Unicode></TextEquiv></TextLine><TextLine id="r2_l007"><Coords points="477,1913 2079,1913 2079,2002 477,2002"/><TextEquiv index="1"><Unicode>mes, dont je ne pus me défendre</Unicode></TextEquiv></TextLine><TextLine id="r2_l008"><Coords points="477,2016 2079,2016 2079,2105 477,2105"/><TextEquiv index="1"><Unicode>en vous quittant, étoient ſans doute</Unicode></TextEquiv></TextLine><TextLine id="r2_l009"><Coords points="481,2122 2074,2122 2074,2211 481,2211"/><TextEquiv index="1"><Unicode>un preſſentiment du malheur dont</Unicode></TextEquiv></TextLine><TextLine id="r2_l010"><Coords points="477,2228 2079,2228 2079,2317 477,2317"/><TextEquiv index="1"><Unicode>j'allois bientôt être informé. Cepen-</Unicode></TextEquiv></TextLine><TextLine id="r2_l011"><Coords points="481,2331 2079,2331 2079,2420 481,2420"/><TextEquiv index="1"><Unicode>dant, je n'attribuai mon extrême</Unicode></TextEquiv></TextLine><TextLine id="r2_l012"><Coords points="477,2434 2074,2434 2074,2526 477,2526"/><TextEquiv index="1"><Unicode>chagrin, qu'à la peine de me ſépa-</Unicode></TextEquiv></TextLine><TextLine id="r2_l013"><Coords points="477,2544 2074,2544 2074,2633 477,2633"/><TextEquiv index="1"><Unicode>rer de vous: car, jamais mon cœur</Unicode></TextEquiv></TextLine><TextLine id="r2_l014"><Coords points="477,2646 2070,2646 2070,2739 477,2739"/><TextEquiv index="1"><Unicode>ne ſe crut ſi près de ſon bonheur:</Unicode></TextEquiv></TextLine></TextRegion><ImageRegion id="r3"><Coords points="861,317 861,341 867,341 870,344 870,370 867,372 865,372 863,374 861,374 861,396 1159,396 1161,394 1227,394 1229,396 1295,396 1297,394 1308,394 1310,396 1404,396 1407,394 1582,394 1584,396 1696,396 1696,392 1698,390 1725,390 1727,387 1727,385 1729,383 1731,383 1731,361 1729,361 1727,359 1727,357 1705,357 1703,355 1703,350 1705,348 1731,348 1731,326 1663,326 1663,335 1661,337 1600,337 1595,333 1514,333 1514,335 1512,337 1508,337 1503,333 1404,333 1400,337 1319,337 1317,335 1317,330 1315,330 1312,328 1312,326 1242,326 1242,330 1240,333 1238,333 1238,335 1236,337 1152,337 1150,335 1150,333 1084,333 1084,335 1082,337 1065,337 1063,335 1063,333 986,333 984,330 984,320 981,320 979,317"/></ImageRegion><TextRegion id="r4" type="paragraph" orientation="-1.75"><Coords points="493,1216 493,1361 661,1361 661,1216"/><TextEquiv><Unicode/></TextEquiv><TextLine id="r4_l003"><Coords points="493,1216 493,1361 661,1361 661,1216"/><TextEquiv index="1"><Unicode></Unicode></TextEquiv></TextLine></TextRegion><ImageRegion id="r5"><Coords points="508,473 508,622 2053,622 2053,473"/></ImageRegion><TextRegion id="r6" type="heading" orientation="-0.375"><Coords points="675,670 675,710 677,712 688,712 690,714 690,732 686,736 686,754 685,755 684,755 683,756 640,756 639,755 638,755 637,754 637,714 638,713 639,713 640,712 655,712 655,690 653,690 652,689 651,689 650,688 547,688 545,690 541,690 541,712 547,712 548,713 549,713 550,714 550,740 547,743 484,743 484,760 482,762 458,762 458,764 455,767 455,784 523,784 523,762 524,761 525,761 526,760 547,760 548,761 549,761 550,762 550,764 547,767 541,767 539,769 537,769 537,771 536,772 535,772 534,773 534,791 535,792 536,792 537,793 537,795 740,795 741,796 742,796 743,797 813,797 815,795 821,795 821,756 802,756 800,754 800,743 801,742 801,741 802,740 804,740 804,725 806,723 808,725 808,734 810,734 811,735 812,735 813,736 846,736 848,738 848,747 850,747 852,749 852,760 850,762 848,762 848,771 846,773 843,773 841,775 835,775 835,797 949,797 951,795 953,795 953,773 942,773 940,771 940,769 938,769 937,768 936,768 935,767 935,744 936,743 937,743 939,745 940,745 941,746 942,746 944,748 945,748 946,749 947,749 948,750 949,750 951,752 952,752 953,753 954,753 956,755 957,755 958,756 959,756 960,757 961,757 963,759 964,759 965,760 966,760 968,762 969,762 970,763 971,763 972,764 973,764 975,766 976,766 977,767 978,767 980,769 981,769 982,770 983,770 985,772 986,772 987,773 988,773 989,774 990,774 992,776 992,797 1029,797 1030,798 1031,798 1033,800 1034,800 1035,801 1036,801 1037,802 1038,802 1040,804 1041,804 1042,805 1043,805 1045,807 1046,807 1047,808 1048,808 1050,810 1051,810 1052,811 1053,811 1054,812 1055,812 1057,814 1058,814 1059,815 1060,815 1062,817 1063,817 1064,818 1065,818 1066,819 1067,819 1069,821 1070,821 1071,822 1072,822 1074,824 1075,824 1076,825 1077,825 1078,826 1079,826 1081,828 1082,828 1083,829 1084,829 1086,831 1087,831 1088,832 1089,832 1090,833 1091,833 1093,835 1094,835 1095,836 1096,836 1098,838 1099,838 1100,839 1101,839 1102,840 1103,840 1105,842 1106,842 1107,843 1108,843 1110,845 1111,845 1112,846 1113,846 1115,848 1116,848 1117,849 1118,849 1119,850 1120,850 1122,852 1123,852 1124,853 1125,853 1127,855 1128,855 1129,856 1130,856 1131,857 1132,857 1134,859 1135,859 1136,860 1137,860 1139,862 1140,862 1141,863 1142,863 1143,864 1144,864 1146,866 1147,866 1148,867 1149,867 1151,869 1152,869 1153,870 1154,870 1155,871 1156,871 1158,873 1159,873 1160,874 1161,874 1163,876 1164,876 1165,877 1166,877 1167,878 1168,878 1170,880 1171,880 1172,881 1173,881 1175,883 1176,883 1177,884 1178,884 1180,886 1181,886 1182,887 1183,887 1184,888 1183,889 1168,889 1168,892 1166,894 1111,894 1109,896 1102,896 1100,898 1093,898 1093,903 1091,905 1089,905 1089,911 1088,912 1088,913 1087,914 1047,914 1046,913 1046,912 1045,911 1045,903 1043,903 1042,902 1042,901 1041,900 1041,898 1038,898 1036,896 1030,896 1029,895 1028,895 1027,894 909,894 907,896 905,896 905,918 911,918 912,919 913,919 914,920 914,942 913,943 912,943 911,944 909,944 907,946 905,946 905,968 1003,968 1006,971 1006,973 1098,973 1098,971 1099,970 1099,969 1100,968 1109,968 1110,969 1110,970 1111,971 1111,973 1269,973 1271,975 1271,978 1272,979 1272,983 1273,984 1273,987 1274,988 1274,992 1275,993 1275,996 1276,997 1276,1001 1275,1002 587,1002 587,1165 2005,1165 2005,1002 1279,1002 1278,1001 1278,997 1277,996 1277,993 1276,992 1276,988 1275,987 1275,984 1274,983 1274,980 1273,979 1273,975 1272,974 1273,973 1288,973 1289,974 1290,974 1291,975 1291,977 1358,977 1360,975 1361,975 1363,973 1455,973 1457,975 1457,977 1527,977 1527,975 1529,973 1540,973 1540,971 1543,968 1549,968 1550,969 1550,970 1551,971 1551,984 1626,984 1626,981 1628,979 1635,979 1635,944 1633,942 1632,942 1630,940 1591,940 1589,938 1590,937 1590,936 1591,935 1591,914 1590,913 1590,912 1589,911 1589,909 1516,909 1516,911 1515,912 1515,913 1514,914 1494,914 1493,913 1493,912 1492,911 1492,896 1488,896 1486,894 1380,894 1378,896 1378,911 1377,912 1377,913 1376,914 1339,914 1337,916 1319,916 1317,914 1309,914 1308,913 1309,912 1311,912 1312,911 1313,911 1314,910 1315,910 1316,909 1318,909 1319,908 1320,908 1321,907 1322,907 1323,906 1325,906 1326,905 1327,905 1328,904 1329,904 1330,903 1331,903 1332,902 1334,902 1335,901 1336,901 1337,900 1338,900 1339,899 1341,899 1342,898 1343,898 1344,897 1345,897 1346,896 1348,896 1349,895 1350,895 1351,894 1352,894 1353,893 1354,893 1355,892 1357,892 1358,891 1359,891 1360,890 1361,890 1362,889 1364,889 1365,888 1366,888 1367,887 1368,887 1369,886 1370,886 1371,885 1373,885 1374,884 1375,884 1376,883 1377,883 1378,882 1380,882 1381,881 1382,881 1383,880 1384,880 1385,879 1387,879 1388,878 1389,878 1390,877 1391,877 1392,876 1393,876 1394,875 1396,875 1397,874 1398,874 1399,873 1400,873 1401,872 1403,872 1404,871 1405,871 1406,870 1407,870 1408,869 1410,869 1411,868 1412,868 1413,867 1414,867 1415,866 1416,866 1417,865 1419,865 1420,864 1421,864 1422,863 1423,863 1424,862 1426,862 1427,861 1428,861 1429,860 1430,860 1431,859 1433,859 1434,858 1435,858 1436,857 1437,857 1438,856 1439,856 1440,855 1442,855 1443,854 1444,854 1445,853 1446,853 1447,852 1449,852 1450,851 1451,851 1452,850 1453,850 1454,849 1456,849 1457,848 1458,848 1459,847 1460,847 1461,846 1462,846 1463,845 1465,845 1466,844 1467,844 1468,843 1469,843 1470,842 1472,842 1473,841 1474,841 1475,840 1476,840 1477,839 1479,839 1480,838 1481,838 1482,837 1483,837 1484,836 1485,836 1486,835 1488,835 1489,834 1490,834 1491,833 1492,833 1493,832 1495,832 1496,831 1497,831 1498,830 1499,830 1500,829 1501,829 1502,828 1504,828 1505,827 1506,827 1507,826 1508,826 1509,825 1511,825 1512,824 1513,824 1514,823 1515,823 1516,822 1518,822 1519,821 1520,821 1521,820 1522,820 1523,819 1524,819 1525,818 1527,818 1528,817 1529,817 1530,816 1531,816 1532,815 1534,815 1535,814 1536,814 1537,813 1538,813 1539,812 1541,812 1542,811 1543,811 1544,810 1545,810 1546,809 1547,809 1548,808 1550,808 1551,807 1552,807 1553,806 1554,806 1555,805 1557,805 1558,804 1559,804 1560,803 1561,803 1562,802 1564,802 1565,801 1566,801 1567,800 1568,800 1569,799 1570,799 1571,798 1573,798 1574,797 1575,797 1576,796 1577,796 1578,795 1591,795 1593,797 1657,797 1659,795 1676,795 1678,797 1744,797 1746,795 2012,795 2012,786 2014,784 2015,784 2015,758 2009,758 2007,756 1970,756 1968,754 1968,732 1969,731 1969,730 1970,729 1972,729 1972,714 1974,712 1981,712 1981,707 1983,705 1985,705 1986,704 1987,704 1988,703 1990,703 1990,683 1906,683 1906,686 1904,688 1823,688 1821,686 1821,685 1819,683 1753,683 1753,686 1751,688 1508,688 1507,689 1506,689 1505,690 1503,690 1503,712 1521,712 1523,714 1523,716 1525,716 1527,718 1527,725 1529,727 1529,734 1534,734 1538,738 1538,740 1540,740 1543,743 1542,744 1541,744 1540,745 1538,745 1538,747 1536,749 1536,754 1534,756 1529,756 1527,758 1527,760 1525,762 1523,762 1523,764 1522,765 1522,766 1521,767 1516,767 1514,769 1503,769 1503,771 1501,773 1501,791 1503,793 1503,795 1571,795 1572,796 1571,797 1570,797 1569,798 1567,798 1566,799 1565,799 1564,800 1563,800 1562,801 1560,801 1559,802 1558,802 1557,803 1556,803 1555,804 1553,804 1552,805 1551,805 1550,806 1549,806 1548,807 1547,807 1546,808 1544,808 1543,809 1542,809 1541,810 1540,810 1539,811 1537,811 1536,812 1535,812 1534,813 1533,813 1532,814 1530,814 1529,815 1528,815 1527,816 1526,816 1525,817 1524,817 1523,818 1521,818 1520,819 1519,819 1518,820 1517,820 1516,821 1514,821 1513,822 1512,822 1511,823 1510,823 1509,824 1507,824 1506,825 1505,825 1504,826 1503,826 1502,827 1501,827 1500,828 1498,828 1497,829 1496,829 1495,830 1494,830 1493,831 1491,831 1490,832 1489,832 1488,833 1487,833 1486,834 1484,834 1483,835 1482,835 1481,836 1480,836 1479,837 1478,837 1477,838 1475,838 1474,839 1473,839 1472,840 1471,840 1470,841 1468,841 1467,842 1466,842 1465,843 1464,843 1463,844 1462,844 1461,845 1459,845 1458,846 1457,846 1456,847 1455,847 1454,848 1452,848 1451,849 1450,849 1449,850 1448,850 1447,851 1445,851 1444,852 1443,852 1442,853 1441,853 1440,854 1439,854 1438,855 1436,855 1435,856 1434,856 1433,857 1432,857 1431,858 1429,858 1428,859 1427,859 1426,860 1425,860 1424,861 1422,861 1421,862 1420,862 1419,863 1418,863 1417,864 1416,864 1415,865 1413,865 1412,866 1411,866 1410,867 1409,867 1408,868 1406,868 1405,869 1404,869 1403,870 1402,870 1401,871 1399,871 1398,872 1397,872 1396,873 1395,873 1394,874 1393,874 1392,875 1390,875 1389,876 1388,876 1387,877 1386,877 1385,878 1383,878 1382,879 1381,879 1380,880 1379,880 1378,881 1376,881 1375,882 1374,882 1373,883 1372,883 1371,884 1370,884 1369,885 1367,885 1366,886 1365,886 1364,887 1363,887 1362,888 1360,888 1359,889 1358,889 1357,890 1356,890 1355,891 1353,891 1352,892 1351,892 1350,893 1349,893 1348,894 1347,894 1346,895 1344,895 1343,896 1342,896 1341,897 1340,897 1339,898 1337,898 1336,899 1335,899 1334,900 1333,900 1332,901 1330,901 1329,902 1328,902 1327,903 1326,903 1325,904 1324,904 1323,905 1321,905 1320,906 1319,906 1318,907 1317,907 1316,908 1314,908 1313,909 1312,909 1311,910 1310,910 1309,911 1308,911 1307,912 1305,912 1304,913 1303,913 1302,914 1258,914 1255,911 1255,889 1191,889 1190,888 1189,888 1188,887 1187,887 1186,886 1185,886 1183,884 1182,884 1181,883 1180,883 1178,881 1177,881 1176,880 1175,880 1174,879 1173,879 1171,877 1170,877 1169,876 1168,876 1166,874 1165,874 1164,873 1163,873 1162,872 1161,872 1159,870 1158,870 1157,869 1156,869 1154,867 1153,867 1152,866 1151,866 1149,864 1148,864 1147,863 1146,863 1145,862 1144,862 1142,860 1141,860 1140,859 1139,859 1137,857 1136,857 1135,856 1134,856 1133,855 1132,855 1130,853 1129,853 1128,852 1127,852 1125,850 1124,850 1123,849 1122,849 1121,848 1120,848 1118,846 1117,846 1116,845 1115,845 1113,843 1112,843 1111,842 1110,842 1109,841 1108,841 1106,839 1105,839 1104,838 1103,838 1101,836 1100,836 1099,835 1098,835 1097,834 1096,834 1094,832 1093,832 1092,831 1091,831 1089,829 1088,829 1087,828 1086,828 1084,826 1083,826 1082,825 1081,825 1080,824 1079,824 1077,822 1076,822 1075,821 1074,821 1072,819 1071,819 1070,818 1069,818 1068,817 1067,817 1065,815 1064,815 1063,814 1062,814 1060,812 1059,812 1058,811 1057,811 1056,810 1055,810 1053,808 1052,808 1051,807 1050,807 1048,805 1047,805 1046,804 1045,804 1044,803 1043,803 1041,801 1040,801 1039,800 1038,800 1036,798 1037,797 1074,797 1075,798 1075,799 1076,800 1076,813 1141,813 1141,800 1144,797 1429,797 1431,795 1435,795 1435,758 1415,758 1413,756 1413,727 1415,725 1426,725 1426,718 1427,717 1428,717 1429,716 1429,694 1428,693 1427,693 1426,692 1426,690 1424,690 1422,688 1291,688 1290,689 1289,689 1288,690 1282,690 1282,716 1293,716 1295,718 1295,771 1293,773 1291,771 1291,769 1284,769 1282,767 1280,767 1277,764 1277,758 1275,758 1273,756 1273,749 1271,749 1269,747 1269,738 1271,736 1273,736 1273,703 1271,703 1269,701 1269,694 1262,694 1260,692 1260,690 1240,690 1238,688 1168,688 1166,690 1133,690 1133,692 1131,694 1130,693 1129,693 1128,692 1128,690 815,690 813,688 800,688 795,683 740,683 738,681 738,670"/><TextEquiv><Unicode/></TextEquiv><TextLine id="r6_l001"><Coords points="486,677 1987,686 1986,811 485,802"/><TextEquiv index="1"><Unicode>LETTRE XXII.</Unicode></TextEquiv></TextLine><TextLine id="r6_l002"><Coords points="916,895 1606,900 1605,1019 915,1014"/><TextEquiv index="1"><Unicode>Du Chevalier,</Unicode></TextEquiv></TextLine><TextLine id="r6_l003"><Coords points="635,1056 1921,1064 1920,1166 634,1158"/><TextEquiv index="1"><Unicode>l.</Unicode></TextEquiv></TextLine></TextRegion></Page></PcGts>