2480 3507
487 483 2090 579 entiments qu'elle a pour moi-
482 593 2086 686 Quelqu'obtacle qu'on oppoe
482 699 2073 789 mon bonheur, je renoncerois  la
474 809 2077 895 fortune qui m'et detine,  mille
474 912 2068 1008 vies, i je les avois, avant que d'unir
474 1022 2068 1111 mon ort  une autre qu' vous;
474 1128 2060 1217 vous, Eliabeth, qui tes la femme
474 1231 2064 1320 lue de mon cur, la eule qui
465 1337 2060 1429 puiiez faire le bonheur de ma vie,
461 1447 2055 1536 la eule que je deire, que je veuille
461 1570 2055 1642 pour compagne: toute autre me
456 1656 2051 1728 eroit odieue ous ce titre. Je le
456 1765 2051 1858 jure encore, je erai l'poux d'Eli-
452 1872 2047 1964 abeth de Chamdermant, ou jamais
448 1978 2047 2067 je ne erai ous les loix de l'hymen.
448 2084 2042 2181 Ce erment, que je fais du fond du
448 2181 2047 2280 cur, je n'ai o, ou plus - tt je
439 2297 2038 2382 n'ai pas cru devoir le dclarer au
439 2400 2038 2499 comte, parce que c'eut t une im-
435 2499 2034 2605 prudence qui m'auroit infaillible-
422 2609 2025 2705 ment attir on ternelle digrace,
422 2718 2021 2814 ans me rendre plus libre dans ce
