2480 3507
185 429 1895 543 ne me ritera pas plus cette fois-ci
185 540 1894 648 que l'autre, lorqu'elle fut intruite
185 646 1894 754 de la ferme rolution que j'avois
185 751 1894 858 de le marier; & lui-mme, plus re-
184 855 1894 963 connoiant que vous, toit prt
184 962 1893 1080 m'obir avec joie, lorque la mort
184 1069 1893 1182 me ravit le plus oumis des fils,
184 1173 1893 1288 ma plus chere eprance. Croyez,
183 1280 1893 1392 monieur, lui ai-je dit, que dans
183 1385 1892 1498 tout autre cas je ferois ma flicit
183 1492 1892 1605 de rpondre  vos vues ...... je
183 1586 1892 1708 ongeois  ma chere Eliabeth: mais
183 1699 1892 1817 comment e roudre, ai-je ajout,
182 1805 1892 1920 cauer une mortelle affliction  la
182 1910 1891 2022 plus repectable &  la plus tendre
985 2015 1891 2132 .. Une femme i
182 2023 946 2124 es meres....
182 2122 1891 2238 pieue, a-t-il dit d'un ton ironique,
181 2234 1891 2343 trouvera des conolations dans le
181 2334 1890 2446 propre acrifice de es deirs; d'ail-
181 2443 1890 2544 leurs, je n'exige rien que de con-
181 2537 1890 2658 forme  l'avantage de la famille &
180 2650 1890 2768 votre bonheur. La nice de a
379 2763 759 2845 Pareie I.
1657 329 1836 401 e
