<PcGts xmlns="http://schema.primaresearch.org/PAGE/gts/pagecontent/2017-07-15" xmlns:xsi="http://www.w3.org/2001/XMLSchema-instance" xsi:schemaLocation="http://schema.primaresearch.org/PAGE/gts/pagecontent/2017-07-15 http://schema.primaresearch.org/PAGE/gts/pagecontent/2017-07-15/pagecontent.xsd"><Metadata><Creator/><Created>2020-09-14T11:49:47</Created><LastChange>1970-01-01T00:00:00</LastChange><Comments/></Metadata><Page imageFilename="0219.png" imageHeight="3507" imageWidth="2480"><ReadingOrder><OrderedGroup id="g1"><RegionRefIndexed index="0" regionRef="r1"/><RegionRefIndexed index="1" regionRef="r3"/><RegionRefIndexed index="2" regionRef="r4"/></OrderedGroup></ReadingOrder><TextRegion id="r1" type="page-number" orientation="-0.0"><Coords points="1836,254 1836,256 1834,258 1757,258 1757,260 1755,263 1753,263 1751,265 1749,265 1749,293 1751,293 1753,295 1753,304 1751,306 1735,306 1735,326 1801,326 1801,320 1803,317 1887,317 1889,320 1889,322 1952,322 1952,320 1955,317 1985,317 1985,295 1981,295 1979,293 1977,293 1974,291 1974,287 1977,284 1979,284 1979,254 1915,254 1911,258 1909,258 1904,254"/><TextEquiv><Unicode/></TextEquiv><TextLine id="r1_l001"><Coords points="1767,264 1955,264 1955,319 1767,319"/><TextEquiv index="1"><Unicode></Unicode></TextEquiv></TextLine></TextRegion><ImageRegion id="r2"><Coords points="795,247 795,249 793,252 740,252 738,254 734,254 734,273 738,273 740,276 740,280 743,282 743,284 740,287 734,287 734,304 738,304 740,306 740,311 738,313 699,313 699,333 703,333 705,335 762,335 764,337 764,341 830,341 830,335 832,333 843,333 843,330 846,328 918,328 920,326 933,326 935,328 1006,328 1008,326 1128,326 1131,328 1131,335 1201,335 1201,324 1203,322 1372,322 1374,324 1374,328 1440,328 1440,324 1442,322 1490,322 1492,324 1492,328 1562,328 1562,324 1564,322 1567,322 1567,320 1569,317 1593,317 1595,315 1597,315 1597,289 1595,289 1593,287 1564,287 1562,284 1562,282 1564,280 1571,280 1571,252 1501,252 1499,254 1440,254 1440,260 1437,263 1374,263 1372,260 1372,258 1304,258 1304,260 1301,263 1172,263 1170,260 1170,258 1100,258 1100,267 1098,269 1021,269 1019,267 1019,265 867,265 865,263 865,254 863,254 861,252 861,247"/></ImageRegion><TextRegion id="r3" type="paragraph" orientation="0.625"><Coords points="1426,366 1424,368 1422,368 1422,394 1420,396 1418,394 1418,392 1415,392 1413,390 1374,390 1373,389 1373,388 1372,387 1372,372 1284,372 1284,387 1283,388 1283,389 1282,390 1260,390 1259,389 1259,388 1258,387 1258,372 1255,372 1253,370 1253,368 1179,368 1179,390 1177,392 1133,392 1131,390 1131,374 1128,374 1126,372 1056,372 1054,374 1052,374 1052,387 1049,390 1038,390 1036,392 1021,392 1019,390 1019,374 1017,374 1016,373 1015,373 1014,372 940,372 940,377 938,379 935,379 935,383 933,385 931,385 931,390 929,392 927,392 927,401 926,402 925,402 924,403 922,403 920,405 918,405 918,412 916,414 914,414 914,440 916,440 918,442 918,449 920,449 922,451 929,451 931,453 931,455 990,455 991,456 991,457 992,458 992,464 1063,464 1063,458 1064,457 1064,456 1065,455 1111,455 1111,453 1113,451 1293,451 1295,449 1337,449 1339,451 1409,451 1411,449 1418,449 1418,447 1419,446 1419,445 1420,444 1422,444 1422,442 1424,440 1426,440 1426,431 1427,430 1428,430 1429,429 1431,431 1431,444 1430,445 1430,446 1429,447 1426,447 1426,473 1448,473 1449,474 1445,478 1444,478 1438,484 1437,484 1430,491 1429,491 1423,497 1413,497 1413,499 1411,501 1409,501 1404,506 1404,510 1402,512 1400,512 1400,516 1393,523 1392,523 1386,529 1385,529 1378,536 1377,536 1371,542 1370,542 1366,546 1365,545 1365,519 1367,517 1383,517 1383,497 1231,497 1231,499 1229,501 1161,501 1160,502 1160,503 1159,504 1152,504 1152,506 1150,508 1148,508 1148,510 1146,512 1144,512 1144,517 1143,518 1142,518 1141,519 1082,519 1080,521 1058,521 1056,519 1052,519 1051,518 1050,518 1049,517 1049,512 1045,512 1043,510 1043,508 1041,506 1040,506 1038,504 1017,504 1014,501 1014,482 1008,482 1006,480 1006,477 940,477 940,480 938,482 931,482 929,484 887,484 887,486 885,488 883,488 883,497 882,498 881,498 880,497 878,497 877,496 875,496 874,495 871,495 870,494 868,494 867,493 865,493 864,492 862,492 861,491 858,491 857,490 855,490 854,489 852,489 851,488 849,488 848,487 845,487 844,486 842,486 841,485 839,485 838,484 836,484 835,483 832,483 831,482 829,482 828,481 826,481 825,480 823,480 822,479 819,479 818,478 816,478 815,477 813,477 812,476 809,476 808,475 806,475 805,474 803,474 802,473 800,473 799,472 796,472 795,471 793,471 792,470 790,470 789,469 787,469 786,468 783,468 782,467 780,467 779,466 777,466 776,465 774,465 773,464 771,464 770,463 771,462 806,462 808,464 874,464 874,462 876,460 896,460 896,458 897,457 897,456 898,455 909,455 909,433 907,433 905,431 905,429 903,429 902,428 901,428 900,427 900,398 901,397 902,397 903,396 905,396 905,379 867,379 865,377 865,374 800,374 800,377 799,378 798,378 797,379 795,379 793,381 767,381 765,383 764,383 762,385 760,385 760,396 758,398 692,398 692,401 690,403 666,403 664,405 661,405 661,407 659,409 657,407 657,403 650,403 648,401 648,396 543,396 541,398 539,396 539,379 537,379 536,378 535,378 534,377 534,374 528,374 526,372 458,372 457,373 456,373 455,374 361,374 361,377 359,379 339,379 339,407 346,407 348,409 348,412 346,414 344,414 344,418 343,419 342,419 341,420 339,420 339,438 341,438 342,439 343,439 344,440 344,442 343,443 342,443 341,444 322,444 322,473 392,473 392,471 394,469 396,469 396,464 398,462 436,462 438,460 550,460 551,461 549,463 548,463 547,464 546,464 545,465 544,465 542,467 541,467 540,468 539,468 537,470 536,470 535,471 534,471 533,472 532,472 530,474 529,474 528,475 527,475 525,477 524,477 523,478 522,478 521,479 520,479 518,481 517,481 516,482 515,482 514,483 513,483 511,485 510,485 509,486 508,486 506,488 447,488 447,510 446,511 445,511 444,512 431,512 429,510 429,497 427,495 427,493 425,493 424,492 424,491 423,490 423,488 418,488 416,486 416,484 339,484 339,504 341,504 342,505 343,505 344,506 344,510 343,511 342,511 341,512 339,512 339,530 337,532 335,532 335,561 337,561 339,563 339,565 341,565 342,566 343,566 344,567 416,567 418,565 449,565 451,567 451,572 519,572 519,567 521,565 583,565 583,539 580,539 578,537 578,517 576,517 574,515 574,508 567,508 565,506 565,504 532,504 531,503 531,502 530,501 530,493 528,493 527,492 527,491 526,490 526,488 513,488 512,487 513,486 514,486 515,485 516,485 518,483 519,483 520,482 521,482 522,481 523,481 525,479 526,479 527,478 528,478 529,477 530,477 532,475 533,475 534,474 535,474 537,472 538,472 539,471 540,471 541,470 542,470 544,468 545,468 546,467 547,467 549,465 550,465 551,464 552,464 553,463 554,463 556,461 557,461 558,460 657,460 657,458 658,457 658,456 659,455 660,456 660,457 661,458 661,460 677,460 679,462 679,480 769,480 769,466 770,465 771,466 773,466 774,467 776,467 777,468 779,468 780,469 783,469 784,470 786,470 787,471 789,471 790,472 792,472 793,473 796,473 797,474 799,474 800,475 802,475 803,476 806,476 807,477 809,477 810,478 812,478 813,479 815,479 816,480 819,480 820,481 822,481 823,482 825,482 826,483 828,483 829,484 832,484 833,485 835,485 836,486 838,486 839,487 841,487 842,488 845,488 846,489 848,489 849,490 851,490 852,491 854,491 855,492 858,492 859,493 861,493 862,494 864,494 865,495 867,495 868,496 871,496 872,497 874,497 875,498 877,498 878,499 880,499 881,500 882,500 883,501 882,502 882,503 881,504 828,504 824,508 823,507 822,507 821,506 821,504 692,504 692,506 690,508 591,508 591,534 593,534 596,537 595,538 594,538 593,539 591,539 591,561 593,561 594,562 595,562 596,563 596,565 620,565 622,567 622,576 756,576 758,574 758,569 760,567 773,567 775,565 784,565 786,567 786,583 789,583 791,585 878,585 878,574 879,573 880,573 881,572 927,572 927,569 929,567 988,567 990,565 992,565 992,563 993,562 994,562 995,561 1036,561 1038,563 1038,574 1039,575 1040,575 1041,576 1059,576 1060,577 1061,577 1063,579 1064,579 1066,581 1067,581 1069,583 1070,583 1073,586 1074,586 1076,588 1077,588 1079,590 1080,590 1082,592 1083,592 1085,594 1086,594 1088,596 1089,596 1092,599 1093,599 1095,601 1096,601 1098,603 1099,603 1101,605 1102,605 1104,607 1105,607 1108,610 1107,611 1052,611 1051,610 1050,610 1049,609 1049,607 975,607 975,609 973,611 951,611 949,609 949,591 870,591 869,592 868,592 867,593 865,593 865,604 864,605 864,606 863,607 843,607 843,609 841,611 670,611 670,613 668,615 585,615 583,613 583,593 580,593 578,591 451,591 449,593 409,593 409,596 407,598 403,598 401,600 401,609 400,610 399,610 398,611 366,611 366,613 365,614 364,614 363,615 344,615 344,635 339,640 339,668 341,668 342,669 343,669 344,670 747,670 749,668 841,668 843,670 909,670 911,668 1104,668 1104,666 1106,664 1188,664 1190,666 1191,666 1193,668 1194,668 1197,671 1198,671 1200,673 1201,673 1203,675 1204,675 1206,677 1207,677 1209,679 1210,679 1212,681 1211,682 1211,684 1210,685 1210,687 1209,688 1209,689 1208,690 1205,690 1205,702 1204,703 1204,704 1203,705 1203,707 1202,708 1202,710 1201,711 1201,713 1200,714 1198,714 1196,712 1196,694 1190,694 1189,693 1188,693 1187,692 1187,690 1117,690 1117,692 1115,694 1109,694 1109,712 1108,713 1107,713 1106,714 1080,714 1078,712 1078,694 1076,692 1076,690 1001,690 1001,692 999,694 995,694 995,740 999,740 1000,741 1000,742 1001,743 999,745 973,745 971,743 971,727 968,727 966,725 966,721 964,721 963,720 963,719 962,718 946,718 944,716 944,714 911,714 909,712 909,697 800,697 800,701 799,702 798,702 797,703 771,703 769,701 769,697 692,697 692,699 690,701 686,701 686,718 683,721 681,721 680,720 680,719 679,718 637,718 635,716 635,703 633,703 631,701 556,701 556,718 555,719 555,720 554,721 344,721 344,723 343,724 342,724 341,725 339,725 339,773 344,778 352,778 354,780 355,780 357,782 444,782 444,780 445,779 446,779 447,778 449,778 451,780 451,802 534,802 534,780 535,779 536,779 537,778 567,778 569,780 569,782 635,782 635,780 637,778 942,778 944,780 944,789 1001,789 1003,791 1003,795 1006,795 1008,797 1076,797 1078,795 1078,786 1080,784 1082,784 1082,775 1084,773 1131,773 1133,771 1180,771 1181,772 1180,773 1180,775 1179,776 1179,778 1178,779 1178,780 1177,781 1177,783 1176,784 1176,786 1175,787 1175,789 1174,790 1174,792 1173,793 1173,795 1172,796 1172,798 1171,799 1171,801 1170,802 1170,804 1169,805 1169,807 1168,808 1168,810 1167,811 1167,813 1166,814 1166,815 1165,816 1165,818 1164,819 1164,820 1163,821 1135,821 1134,822 1134,823 1133,824 951,824 950,823 950,822 949,821 878,821 878,824 876,826 854,826 852,824 852,806 846,806 845,805 844,805 843,804 843,802 780,802 778,804 777,804 775,806 773,806 773,808 771,810 769,810 767,808 767,806 734,806 732,804 732,802 657,802 657,804 655,806 650,806 650,815 648,817 648,819 646,821 644,821 644,824 642,826 578,826 578,828 576,830 521,830 519,828 519,821 515,821 514,820 513,820 512,819 512,813 510,813 509,812 509,811 508,810 442,810 431,821 429,821 429,824 427,826 348,826 348,828 346,830 344,830 339,835 339,843 338,844 338,845 337,846 330,846 330,870 341,870 342,871 343,871 344,872 344,881 346,881 348,883 348,885 350,885 352,887 353,887 355,889 427,889 429,887 436,887 438,889 508,889 510,887 723,887 725,885 729,885 730,886 731,886 732,887 751,887 752,888 753,888 754,889 754,894 797,894 798,895 799,895 800,896 800,905 802,905 804,907 804,909 909,909 909,907 911,905 914,905 914,896 916,894 918,894 918,887 920,885 1014,885 1014,883 1015,882 1016,882 1017,881 1071,881 1073,883 1074,883 1076,885 1111,885 1113,887 1140,887 1141,888 1141,889 1140,890 1140,891 1139,892 1139,894 1138,895 1138,897 1137,898 1137,900 1136,901 1136,904 1135,905 1133,905 1131,903 1065,903 1063,905 1062,905 1060,907 1060,931 1058,933 1056,931 1056,920 1054,918 1054,914 1045,914 1044,913 1044,912 1043,911 1043,909 971,909 966,914 962,914 960,916 957,916 957,935 956,936 956,937 955,938 953,938 951,940 949,940 947,942 946,942 944,944 944,960 942,962 907,962 905,960 905,940 903,940 902,939 901,939 900,938 898,938 897,937 897,936 896,935 896,933 789,933 788,932 787,932 786,931 786,927 747,927 746,926 746,925 745,924 745,914 666,914 666,931 664,933 583,933 583,935 580,938 493,938 490,935 490,933 423,933 418,938 361,938 359,940 352,940 352,942 350,944 348,944 346,946 326,946 326,968 341,968 344,971 344,984 346,984 348,986 350,986 352,988 352,990 359,990 361,992 740,992 743,995 743,1010 745,1010 747,1012 747,1014 848,1014 848,1012 850,1010 852,1010 854,1008 857,1008 857,999 859,997 870,997 870,995 871,994 871,993 872,992 876,992 877,993 877,994 878,995 878,1003 949,1003 949,1001 951,999 957,999 958,998 959,998 960,997 962,997 962,992 964,990 1063,990 1065,992 1065,1010 1131,1010 1132,1011 1132,1018 1131,1019 1131,1035 1130,1036 1017,1036 1017,1038 1014,1041 887,1041 885,1043 876,1043 874,1041 874,1019 795,1019 795,1038 794,1039 794,1040 793,1041 756,1041 754,1043 699,1043 697,1041 694,1041 693,1040 693,1039 692,1038 692,1023 618,1023 618,1027 615,1030 609,1030 609,1038 608,1039 608,1040 607,1041 569,1041 567,1043 473,1043 471,1041 471,1025 466,1025 464,1023 390,1023 389,1024 388,1024 387,1025 387,1038 386,1039 386,1040 385,1041 344,1041 344,1045 343,1046 342,1046 341,1047 339,1047 339,1058 337,1060 330,1060 330,1082 341,1082 342,1083 343,1083 344,1084 341,1087 326,1087 326,1106 392,1106 392,1104 394,1102 508,1102 510,1100 576,1100 578,1102 648,1102 650,1100 758,1100 760,1102 819,1102 821,1104 821,1117 822,1117 823,1118 822,1119 822,1120 820,1122 820,1123 819,1124 819,1125 818,1126 791,1126 791,1144 789,1146 782,1146 780,1144 780,1126 697,1126 697,1144 696,1145 695,1145 694,1146 596,1146 596,1148 595,1149 594,1149 593,1150 554,1150 552,1148 552,1146 515,1146 514,1145 513,1145 512,1144 512,1128 510,1128 508,1126 374,1126 372,1128 361,1128 361,1131 359,1133 355,1133 354,1134 353,1134 352,1135 352,1148 350,1150 348,1150 346,1152 344,1152 344,1179 343,1180 342,1180 341,1181 330,1181 330,1205 339,1205 341,1207 342,1207 344,1209 416,1209 420,1205 600,1205 602,1203 604,1203 604,1187 605,1186 606,1186 607,1185 609,1187 609,1196 611,1196 613,1198 613,1205 723,1205 725,1207 725,1209 773,1209 774,1210 774,1211 773,1212 773,1213 772,1214 772,1215 771,1216 771,1217 770,1218 770,1219 769,1220 769,1221 768,1222 768,1223 767,1224 767,1225 766,1226 766,1227 765,1228 765,1229 764,1230 764,1231 762,1233 762,1234 761,1235 761,1236 760,1237 760,1238 759,1239 759,1240 758,1241 758,1242 757,1243 757,1244 756,1245 756,1246 755,1247 755,1248 754,1249 754,1250 753,1251 753,1252 752,1253 686,1253 685,1254 684,1254 683,1255 677,1255 675,1253 675,1231 587,1231 587,1234 585,1236 583,1236 582,1237 581,1237 580,1238 578,1238 578,1253 576,1255 574,1255 574,1284 572,1286 550,1286 549,1285 548,1285 547,1284 548,1283 549,1283 550,1282 556,1282 556,1258 545,1258 544,1257 544,1256 543,1255 543,1253 515,1253 514,1252 513,1252 512,1251 512,1236 460,1236 458,1234 458,1231 451,1231 449,1229 383,1229 381,1231 368,1231 368,1234 366,1236 365,1236 363,1238 361,1238 361,1240 359,1242 355,1242 355,1247 354,1248 353,1248 352,1249 352,1251 350,1253 348,1253 348,1269 346,1271 339,1271 337,1273 330,1273 330,1293 346,1293 348,1295 348,1317 515,1317 517,1319 517,1321 519,1321 521,1323 521,1326 591,1326 591,1323 593,1321 596,1321 598,1319 600,1319 600,1315 601,1314 601,1313 602,1312 624,1312 625,1313 625,1314 626,1315 626,1317 692,1317 692,1315 693,1314 693,1313 694,1312 720,1312 721,1313 720,1314 720,1315 719,1316 719,1317 718,1318 718,1319 716,1321 716,1322 715,1323 715,1324 714,1325 714,1326 713,1327 713,1328 712,1329 712,1330 711,1331 711,1332 710,1333 710,1334 709,1335 709,1336 708,1337 708,1338 707,1339 707,1340 705,1342 705,1343 704,1344 704,1345 703,1346 703,1347 702,1348 702,1349 701,1350 701,1351 700,1352 700,1353 699,1354 699,1355 698,1356 698,1357 697,1358 697,1359 695,1361 675,1361 675,1363 674,1364 673,1364 672,1365 644,1365 644,1367 642,1369 640,1367 640,1365 633,1365 631,1363 631,1361 629,1361 626,1358 602,1358 600,1356 600,1345 598,1345 596,1343 596,1341 521,1341 521,1358 520,1359 520,1360 519,1361 357,1361 355,1363 354,1363 352,1365 352,1374 350,1376 335,1376 333,1378 330,1378 330,1398 350,1398 352,1400 352,1411 353,1412 354,1412 355,1413 355,1418 359,1418 361,1420 361,1422 640,1422 640,1418 641,1417 641,1416 642,1415 643,1416 643,1417 644,1418 655,1418 657,1420 657,1435 656,1436 656,1437 655,1438 655,1439 654,1440 654,1441 653,1442 653,1443 652,1444 652,1445 651,1446 651,1447 650,1448 565,1448 565,1470 563,1472 550,1472 549,1471 548,1471 547,1470 547,1468 473,1468 471,1466 471,1448 379,1448 379,1470 377,1472 366,1472 363,1475 361,1475 361,1477 359,1479 339,1479 339,1497 352,1497 353,1498 354,1498 355,1499 355,1503 354,1504 353,1504 352,1505 330,1505 330,1525 333,1525 335,1527 374,1527 379,1532 444,1532 444,1529 445,1528 446,1528 447,1527 462,1527 464,1529 464,1532 530,1532 532,1530 532,1529 534,1527 547,1527 548,1526 549,1526 550,1525 554,1525 556,1527 692,1527 694,1525 697,1525 699,1527 782,1527 784,1525 1001,1525 1001,1523 1003,1521 1041,1521 1042,1520 1042,1519 1043,1518 1043,1492 1041,1490 1040,1490 1038,1488 1017,1488 1016,1487 1015,1487 1014,1486 1014,1472 1012,1472 1008,1468 1007,1468 1003,1464 929,1464 928,1463 928,1462 927,1461 927,1444 843,1444 843,1446 841,1448 839,1446 839,1444 764,1444 764,1446 762,1448 699,1448 699,1466 697,1468 659,1468 657,1466 657,1448 653,1448 652,1447 653,1446 653,1445 654,1444 654,1443 656,1441 657,1442 747,1442 747,1426 749,1424 758,1424 758,1420 760,1418 819,1418 821,1420 821,1422 854,1422 855,1423 856,1423 857,1424 857,1435 927,1435 929,1433 931,1433 931,1420 933,1418 984,1418 985,1417 985,1416 986,1415 988,1415 988,1411 990,1409 992,1411 999,1411 1001,1413 1001,1415 1058,1415 1059,1416 1059,1417 1060,1418 1060,1422 1126,1422 1126,1420 1128,1418 1135,1418 1136,1417 1136,1416 1137,1415 1143,1415 1144,1416 1144,1434 1145,1435 1145,1458 1146,1459 1146,1482 1147,1483 1147,1506 1148,1507 1148,1530 1149,1531 1149,1544 1148,1545 1122,1545 1120,1547 1117,1547 1117,1564 1116,1565 1116,1566 1115,1567 1114,1566 1114,1565 1113,1564 1113,1545 1038,1545 1038,1549 1036,1551 1036,1556 1034,1558 1030,1558 1029,1559 1028,1559 1027,1560 1025,1560 1025,1564 1024,1565 1024,1566 1023,1567 971,1567 969,1569 968,1569 966,1571 791,1571 791,1573 789,1575 764,1575 764,1597 767,1597 768,1598 768,1599 769,1600 767,1602 756,1602 754,1600 754,1589 749,1589 748,1588 748,1587 747,1586 747,1578 746,1577 746,1576 745,1575 745,1554 743,1554 740,1551 650,1551 649,1552 649,1553 648,1554 648,1556 646,1558 644,1558 642,1560 640,1560 640,1569 639,1570 638,1570 637,1571 629,1571 628,1570 627,1570 626,1569 626,1554 624,1554 623,1553 623,1552 622,1551 552,1551 551,1552 551,1553 550,1554 495,1554 495,1558 493,1560 490,1560 490,1569 488,1571 486,1571 486,1580 484,1582 482,1582 482,1589 480,1591 477,1591 477,1597 476,1598 476,1599 475,1600 473,1600 471,1602 451,1602 451,1621 466,1621 469,1624 469,1630 578,1630 580,1628 710,1628 712,1630 712,1639 767,1639 769,1641 769,1646 771,1646 773,1648 797,1648 798,1649 799,1649 800,1650 800,1652 799,1653 798,1653 797,1654 795,1654 795,1672 793,1674 521,1674 521,1676 519,1678 447,1678 446,1677 445,1677 444,1676 444,1657 442,1657 441,1656 441,1655 440,1654 361,1654 360,1655 360,1656 359,1657 355,1657 355,1689 352,1692 339,1692 339,1720 363,1720 364,1721 365,1721 366,1722 366,1735 363,1738 357,1738 355,1740 355,1757 366,1757 367,1758 367,1759 368,1760 368,1762 381,1762 383,1764 381,1766 368,1766 368,1768 367,1769 367,1770 366,1771 366,1784 365,1785 364,1785 363,1786 361,1786 361,1788 359,1790 355,1790 355,1792 352,1795 352,1801 350,1803 339,1803 339,1823 350,1823 352,1825 352,1843 473,1843 475,1841 635,1841 635,1838 637,1836 789,1836 791,1838 791,1849 793,1849 794,1850 794,1851 795,1852 795,1856 797,1856 798,1857 799,1857 800,1858 800,1860 863,1860 864,1861 864,1862 865,1863 863,1865 861,1865 861,1871 860,1872 860,1873 859,1874 857,1874 856,1875 855,1875 854,1876 852,1874 852,1869 681,1869 679,1867 679,1865 609,1865 609,1867 607,1869 604,1869 604,1874 602,1876 600,1876 600,1878 598,1880 596,1880 595,1881 594,1881 593,1882 591,1882 591,1887 589,1889 517,1889 517,1891 515,1893 499,1893 499,1895 498,1896 498,1897 497,1898 495,1898 495,1902 493,1904 492,1903 491,1903 490,1902 490,1898 487,1895 487,1894 484,1891 484,1889 447,1889 446,1888 445,1888 444,1887 444,1874 352,1874 352,1920 353,1921 354,1921 355,1922 355,1926 354,1927 353,1927 352,1928 352,1952 427,1952 429,1950 497,1950 497,1948 499,1946 501,1946 502,1947 503,1947 504,1948 504,1950 718,1950 718,1948 719,1947 720,1947 721,1946 931,1946 933,1944 935,1944 935,1942 938,1939 942,1939 943,1940 943,1941 944,1942 944,1944 1148,1944 1149,1945 1149,1949 1148,1950 1148,1956 1147,1957 1147,1963 1146,1964 1146,1965 1145,1966 1139,1966 1139,1990 1137,1992 1128,1992 1126,1990 1052,1990 1051,1991 1050,1991 1049,1992 953,1992 953,1994 951,1996 916,1996 914,1994 914,1992 907,1992 905,1990 881,1990 880,1989 879,1989 878,1988 878,1977 876,1977 875,1976 875,1975 874,1974 874,1972 804,1972 804,1974 803,1975 803,1976 802,1977 800,1977 800,1981 799,1982 798,1982 797,1983 734,1983 734,1990 732,1992 725,1992 725,1994 723,1996 666,1996 666,1998 665,1999 665,2000 664,2001 657,2001 655,2003 650,2003 650,2007 648,2009 648,2029 650,2031 650,2047 655,2047 657,2049 659,2049 661,2051 918,2051 920,2049 922,2049 924,2047 925,2048 926,2048 927,2049 942,2049 944,2051 944,2077 943,2078 943,2079 942,2080 878,2080 878,2097 876,2099 760,2099 760,2102 758,2104 683,2104 681,2106 679,2106 679,2128 677,2130 668,2130 666,2128 666,2112 664,2112 663,2111 662,2111 661,2110 661,2106 659,2106 657,2104 657,2102 658,2101 658,2100 659,2099 661,2099 661,2082 659,2082 657,2080 591,2080 589,2082 587,2082 585,2084 583,2084 583,2091 582,2092 581,2092 580,2093 578,2093 576,2095 574,2095 574,2097 572,2099 530,2099 530,2102 528,2104 469,2104 468,2105 467,2105 466,2106 460,2106 458,2104 458,2084 453,2084 451,2082 438,2082 436,2080 436,2077 438,2075 458,2075 458,2058 459,2057 459,2056 460,2055 521,2055 523,2053 524,2053 526,2051 532,2051 534,2053 534,2055 609,2055 609,2053 611,2051 622,2051 624,2049 626,2049 626,2003 624,2003 622,2001 615,2001 614,2000 614,1999 613,1998 613,1996 366,1996 361,2001 361,2023 363,2023 364,2024 365,2024 366,2025 366,2053 365,2054 364,2054 363,2055 361,2055 361,2080 372,2080 374,2082 372,2084 368,2084 368,2104 372,2104 374,2106 372,2108 368,2108 368,2128 377,2128 379,2130 379,2134 378,2135 378,2136 377,2137 368,2137 366,2139 366,2154 365,2155 364,2155 363,2156 352,2156 352,2178 416,2178 416,2165 418,2163 455,2163 456,2164 457,2164 458,2165 458,2169 521,2169 521,2161 522,2160 522,2159 523,2158 624,2158 625,2159 625,2160 626,2161 626,2172 677,2172 679,2174 679,2183 767,2183 767,2161 768,2160 768,2159 769,2158 1032,2158 1032,2156 1034,2154 1118,2154 1119,2155 1119,2161 1118,2162 1118,2168 1117,2169 1117,2175 1116,2176 1116,2182 1115,2183 1115,2189 1114,2190 1114,2196 1113,2197 1113,2203 1111,2205 1080,2205 1079,2204 1079,2203 1078,2202 1078,2185 1076,2183 1076,2180 1001,2180 1001,2183 999,2185 992,2185 990,2187 988,2187 988,2189 986,2191 981,2191 981,2200 979,2202 979,2203 977,2205 960,2205 957,2202 957,2187 865,2187 865,2207 863,2209 861,2209 859,2211 852,2211 852,2213 850,2215 848,2213 848,2211 846,2211 845,2210 844,2210 843,2209 675,2209 674,2210 673,2210 672,2211 569,2211 569,2233 572,2233 574,2235 574,2240 572,2242 567,2242 565,2240 565,2215 563,2215 561,2213 561,2211 368,2211 368,2213 366,2215 366,2237 367,2238 367,2239 368,2240 368,2244 366,2246 366,2255 365,2256 364,2256 363,2257 352,2257 352,2297 387,2297 388,2298 389,2298 390,2299 390,2316 394,2316 395,2317 395,2318 396,2319 394,2321 374,2321 374,2323 372,2325 368,2325 368,2327 366,2329 366,2334 365,2335 364,2335 363,2336 352,2336 350,2338 348,2338 348,2358 350,2358 352,2360 359,2360 361,2362 361,2365 363,2365 364,2366 365,2366 366,2367 366,2371 372,2371 374,2373 374,2375 385,2375 386,2376 386,2377 387,2378 462,2378 463,2377 463,2376 464,2375 506,2375 507,2376 507,2377 508,2378 508,2400 506,2402 504,2402 503,2403 502,2403 501,2404 499,2404 499,2419 498,2420 498,2421 497,2422 366,2422 365,2423 364,2423 363,2424 361,2424 361,2448 363,2448 364,2449 365,2449 366,2450 366,2474 368,2476 368,2479 366,2481 361,2481 361,2503 366,2503 368,2505 436,2505 438,2503 462,2503 462,2500 464,2498 464,2481 466,2479 530,2479 530,2476 532,2474 602,2474 604,2476 604,2479 670,2479 670,2476 672,2474 694,2474 695,2475 696,2475 697,2476 697,2479 731,2479 732,2480 731,2481 729,2481 728,2482 727,2482 726,2483 725,2483 724,2484 722,2484 721,2485 720,2485 719,2486 718,2486 717,2487 716,2487 715,2488 713,2488 712,2489 711,2489 710,2490 709,2490 708,2491 707,2491 706,2492 704,2492 703,2493 702,2493 701,2494 700,2494 699,2495 698,2495 697,2496 695,2496 694,2497 693,2497 692,2498 691,2498 690,2499 688,2499 687,2500 686,2500 685,2501 684,2501 683,2502 682,2502 681,2503 679,2503 678,2504 677,2504 676,2505 675,2505 674,2506 673,2506 672,2507 670,2507 669,2508 668,2508 667,2509 666,2509 665,2510 663,2510 662,2511 661,2511 660,2512 659,2512 658,2513 657,2513 656,2514 654,2514 653,2515 652,2515 651,2516 650,2516 649,2517 648,2517 647,2518 645,2518 644,2519 643,2519 642,2520 641,2520 640,2521 639,2521 638,2522 636,2522 635,2523 634,2523 633,2524 632,2524 631,2525 629,2525 628,2526 627,2526 626,2527 609,2527 609,2533 607,2535 606,2534 605,2534 604,2533 604,2527 598,2527 596,2525 442,2525 440,2527 414,2527 412,2529 411,2529 409,2531 379,2531 377,2533 376,2533 374,2535 368,2535 368,2542 366,2544 366,2555 365,2556 364,2556 363,2557 361,2557 361,2577 366,2577 368,2579 372,2579 373,2580 373,2581 374,2582 374,2584 387,2584 388,2585 389,2585 390,2586 390,2603 394,2603 395,2604 395,2605 396,2606 396,2608 443,2608 444,2609 446,2609 447,2610 446,2611 445,2611 444,2612 442,2612 442,2617 440,2619 438,2619 438,2621 436,2623 436,2628 435,2629 434,2629 433,2630 374,2630 374,2632 372,2634 368,2634 368,2656 372,2656 374,2658 374,2663 372,2665 366,2665 366,2693 367,2694 367,2695 368,2696 368,2698 444,2698 444,2696 447,2693 462,2693 464,2691 466,2691 467,2692 468,2692 469,2693 469,2712 562,2712 563,2711 565,2711 565,2693 567,2691 580,2691 581,2692 582,2692 583,2693 583,2704 585,2704 587,2706 587,2711 616,2711 617,2712 689,2712 690,2711 697,2711 697,2709 698,2708 698,2707 699,2706 701,2706 703,2704 705,2704 705,2702 707,2700 710,2700 710,2693 712,2691 718,2691 719,2692 720,2692 721,2693 795,2693 797,2691 867,2691 868,2692 869,2692 870,2693 870,2698 935,2698 935,2693 936,2692 937,2692 938,2691 966,2691 966,2689 968,2687 1001,2687 1003,2689 1004,2689 1006,2691 1139,2691 1139,2689 1141,2687 1163,2687 1164,2688 1165,2688 1166,2689 1166,2691 1168,2691 1170,2693 1236,2693 1238,2691 1299,2691 1301,2689 1302,2689 1304,2687 1332,2687 1334,2689 1335,2689 1337,2691 1400,2691 1400,2689 1402,2687 1407,2687 1409,2689 1409,2698 1411,2698 1413,2700 1479,2700 1481,2698 1488,2698 1488,2696 1489,2695 1489,2694 1490,2693 1492,2693 1494,2691 1497,2691 1497,2689 1499,2687 1562,2687 1562,2685 1563,2684 1563,2683 1564,2682 1584,2682 1585,2683 1585,2684 1586,2685 1586,2693 1657,2693 1657,2689 1659,2687 1740,2687 1740,2685 1741,2684 1741,2683 1742,2682 1743,2683 1743,2684 1744,2685 1744,2706 1823,2706 1825,2704 1828,2704 1828,2693 1830,2691 1889,2691 1891,2693 2018,2693 2020,2691 2031,2691 2031,2689 2032,2688 2033,2688 2034,2687 2036,2687 2036,2682 2038,2680 2040,2680 2040,2678 2042,2676 2044,2676 2044,2634 2038,2634 2036,2632 2036,2630 2034,2630 2033,2629 2032,2629 2031,2628 2025,2628 2024,2627 2024,2626 2023,2625 2023,2623 1948,2623 1948,2625 1947,2626 1947,2627 1946,2628 1891,2628 1889,2630 1869,2630 1867,2628 1830,2628 1829,2627 1829,2626 1828,2625 1828,2610 1825,2610 1823,2608 1823,2606 1821,2606 1820,2605 1820,2604 1819,2603 1744,2603 1743,2604 1743,2605 1742,2606 1740,2606 1740,2628 1738,2630 1716,2630 1714,2628 1711,2628 1710,2627 1710,2626 1709,2625 1709,2606 1635,2606 1635,2608 1634,2609 1633,2609 1632,2610 1630,2610 1630,2625 1629,2626 1629,2627 1628,2628 1497,2628 1497,2652 1496,2653 1495,2653 1494,2654 1492,2652 1492,2630 1490,2630 1488,2628 1166,2628 1165,2629 1164,2629 1163,2630 1157,2630 1157,2634 1155,2636 1154,2635 1153,2635 1152,2634 1152,2630 1141,2630 1139,2628 1008,2628 1006,2630 900,2630 900,2632 898,2634 896,2632 896,2630 894,2630 892,2628 892,2619 889,2619 887,2617 885,2617 884,2616 884,2615 883,2614 883,2610 881,2610 880,2609 879,2609 878,2608 878,2606 804,2606 804,2632 802,2634 797,2634 795,2632 795,2630 523,2630 521,2628 521,2606 493,2606 490,2603 490,2589 491,2588 492,2588 493,2587 494,2587 495,2586 497,2586 498,2585 499,2585 500,2584 501,2584 502,2583 503,2583 504,2582 506,2582 507,2581 508,2581 509,2580 510,2580 511,2579 515,2579 516,2580 516,2581 517,2582 517,2584 591,2584 591,2582 592,2581 592,2580 593,2579 600,2579 602,2577 604,2577 604,2557 605,2556 606,2556 607,2555 609,2555 609,2549 610,2548 610,2547 611,2546 612,2547 612,2548 613,2549 613,2579 690,2579 691,2580 691,2581 692,2582 692,2584 760,2584 760,2582 761,2581 761,2580 762,2579 1117,2579 1118,2578 1119,2578 1120,2577 1337,2577 1337,2575 1339,2573 1339,2566 1341,2564 1343,2564 1345,2566 1345,2571 1346,2572 1347,2572 1348,2573 1350,2573 1352,2575 1352,2577 1407,2577 1409,2579 1479,2579 1481,2577 1536,2577 1536,2575 1538,2573 1543,2573 1545,2575 1545,2577 1551,2577 1552,2578 1553,2578 1554,2579 1619,2579 1621,2577 1632,2577 1633,2578 1634,2578 1635,2579 1635,2601 1722,2601 1722,2579 1723,2578 1724,2578 1725,2577 1760,2577 1762,2579 1836,2579 1838,2577 1847,2577 1849,2579 1931,2579 1933,2577 2036,2577 2036,2520 2029,2520 2027,2518 2027,2516 1915,2516 1911,2520 1891,2520 1889,2518 1889,2505 1887,2505 1885,2503 1885,2500 1799,2500 1797,2498 1797,2496 1722,2496 1722,2503 1720,2505 1718,2505 1716,2507 1714,2507 1714,2511 1711,2514 1709,2514 1709,2518 1707,2520 1545,2520 1545,2522 1544,2523 1544,2524 1543,2525 1534,2525 1533,2524 1533,2523 1532,2522 1532,2520 1529,2520 1527,2518 1527,2516 1448,2516 1448,2518 1446,2520 1352,2520 1352,2522 1351,2523 1351,2524 1350,2525 1348,2525 1347,2526 1346,2526 1345,2527 1345,2531 1341,2535 1339,2535 1337,2533 1337,2525 1334,2525 1333,2524 1333,2523 1332,2522 1332,2520 1330,2520 1326,2516 1253,2516 1253,2518 1251,2520 1045,2520 1043,2518 1043,2500 1041,2498 1041,2496 971,2496 969,2498 968,2498 966,2500 966,2520 968,2522 967,2523 967,2524 966,2525 929,2525 928,2524 928,2523 927,2522 927,2500 920,2500 918,2498 918,2496 852,2496 852,2498 850,2500 839,2500 839,2503 837,2505 835,2505 834,2506 833,2506 832,2507 830,2507 830,2522 829,2523 829,2524 828,2525 638,2525 637,2524 638,2523 639,2523 640,2522 642,2522 643,2521 644,2521 645,2520 646,2520 647,2519 649,2519 650,2518 651,2518 652,2517 653,2517 654,2516 655,2516 656,2515 658,2515 659,2514 660,2514 661,2513 662,2513 663,2512 664,2512 665,2511 667,2511 668,2510 669,2510 670,2509 671,2509 672,2508 673,2508 674,2507 676,2507 677,2506 678,2506 679,2505 680,2505 681,2504 683,2504 684,2503 685,2503 686,2502 687,2502 688,2501 689,2501 690,2500 692,2500 693,2499 694,2499 695,2498 696,2498 697,2497 698,2497 699,2496 701,2496 702,2495 703,2495 704,2494 705,2494 706,2493 707,2493 708,2492 710,2492 711,2491 712,2491 713,2490 714,2490 715,2489 717,2489 718,2488 719,2488 720,2487 721,2487 722,2486 723,2486 724,2485 726,2485 727,2484 728,2484 729,2483 730,2483 731,2482 732,2482 733,2481 735,2481 736,2480 737,2480 738,2479 760,2479 760,2476 762,2474 944,2474 946,2472 1214,2472 1214,2470 1216,2468 1269,2468 1271,2470 1271,2472 1470,2472 1470,2470 1472,2468 1494,2468 1495,2469 1496,2469 1497,2470 1497,2472 1543,2472 1545,2474 1611,2474 1613,2472 1621,2472 1621,2470 1622,2469 1623,2469 1624,2468 1628,2468 1630,2470 1630,2474 1722,2474 1723,2473 1724,2473 1725,2472 1838,2472 1839,2473 1840,2473 1841,2474 1906,2474 1907,2473 1908,2473 1909,2472 1911,2472 1913,2474 2027,2474 2029,2472 2036,2472 2036,2470 2038,2468 2040,2468 2040,2417 2034,2417 2033,2416 2032,2416 2031,2415 2025,2415 2023,2413 2023,2411 1952,2411 1952,2413 1950,2415 1860,2415 1858,2413 1858,2404 1792,2404 1792,2413 1790,2415 1773,2415 1771,2413 1771,2402 1768,2402 1766,2400 1766,2397 1742,2397 1740,2395 1740,2393 1643,2393 1643,2415 1644,2416 1645,2416 1646,2417 1650,2417 1652,2419 1654,2419 1657,2422 1657,2439 1656,2440 1655,2440 1654,2441 1635,2441 1634,2440 1633,2440 1632,2439 1632,2417 1630,2417 1628,2415 1621,2415 1619,2413 1619,2411 1569,2411 1568,2410 1568,2409 1567,2408 1497,2408 1494,2411 1424,2411 1423,2410 1423,2409 1422,2408 1312,2408 1311,2409 1311,2410 1310,2411 1190,2411 1187,2408 1187,2393 1185,2393 1183,2391 1100,2391 1098,2393 1095,2393 1095,2395 1093,2397 1091,2397 1091,2406 1089,2408 1087,2408 1087,2413 1086,2414 1085,2414 1084,2415 1008,2415 1006,2413 1006,2393 937,2393 936,2392 937,2391 939,2391 940,2390 941,2390 942,2389 943,2389 944,2388 946,2388 947,2387 948,2387 949,2386 950,2386 951,2385 952,2385 953,2384 955,2384 956,2383 957,2383 958,2382 959,2382 960,2381 961,2381 962,2380 964,2380 965,2379 966,2379 967,2378 968,2378 969,2377 970,2377 971,2376 973,2376 974,2375 975,2375 976,2374 977,2374 978,2373 980,2373 981,2372 982,2372 983,2371 1126,2371 1128,2369 1194,2369 1196,2371 1196,2378 1275,2378 1276,2377 1276,2376 1277,2375 1280,2375 1280,2371 1282,2369 1286,2369 1288,2371 1288,2384 1374,2384 1374,2367 1376,2365 1470,2365 1470,2362 1472,2360 1479,2360 1481,2358 1483,2360 1483,2382 1558,2382 1558,2380 1560,2378 1562,2378 1563,2377 1563,2376 1564,2375 1567,2375 1567,2367 1569,2365 1823,2365 1823,2362 1825,2360 1826,2361 1827,2361 1828,2362 1828,2365 1992,2365 1992,2362 1994,2360 1998,2360 1999,2359 2000,2359 2001,2358 2001,2356 2003,2354 2031,2354 2034,2351 2036,2351 2036,2349 2038,2347 2040,2347 2040,2321 1994,2321 1992,2319 1992,2316 1994,2314 2005,2314 2005,2312 2007,2310 2009,2310 2009,2305 2010,2304 2011,2304 2012,2303 2014,2303 2014,2283 1924,2283 1924,2286 1922,2288 1841,2288 1841,2305 1838,2308 1836,2308 1836,2310 1834,2312 1830,2312 1828,2310 1828,2308 1795,2308 1792,2305 1792,2290 1790,2290 1788,2288 1720,2288 1718,2286 1718,2283 1641,2283 1641,2286 1639,2288 1635,2288 1634,2289 1633,2289 1632,2290 1630,2290 1630,2292 1628,2294 1628,2305 1627,2306 1627,2307 1626,2308 1569,2308 1568,2307 1568,2306 1567,2305 1567,2288 1492,2288 1490,2290 1488,2290 1488,2305 1487,2306 1487,2307 1486,2308 1483,2308 1483,2312 1481,2314 1479,2312 1477,2312 1475,2310 1475,2305 1404,2305 1403,2306 1403,2307 1402,2308 1391,2308 1391,2310 1389,2312 1321,2312 1319,2314 1271,2314 1271,2316 1270,2317 1270,2318 1269,2319 1264,2319 1261,2322 1224,2322 1223,2321 1223,2319 1220,2319 1219,2318 1219,2317 1218,2316 1218,2314 1216,2314 1214,2312 1100,2312 1099,2311 1099,2310 1100,2309 1100,2303 1101,2302 1101,2296 1102,2295 1102,2289 1103,2288 1103,2282 1104,2281 1104,2275 1105,2274 1105,2268 1106,2267 1106,2263 1107,2262 1216,2262 1218,2264 1218,2266 1297,2266 1297,2264 1299,2262 1354,2262 1356,2264 1356,2275 1431,2275 1432,2274 1432,2273 1433,2272 1435,2272 1435,2268 1437,2266 1440,2266 1440,2264 1442,2262 1508,2262 1510,2264 1510,2281 1593,2281 1593,2264 1595,2262 1648,2262 1648,2259 1650,2257 1911,2257 1913,2259 1913,2262 1979,2262 1979,2259 1981,2257 2031,2257 2032,2256 2033,2256 2034,2255 2036,2255 2036,2253 2038,2251 2040,2251 2040,2229 2038,2229 2037,2228 2037,2227 2036,2226 2036,2205 2029,2205 2028,2204 2028,2203 2027,2202 2025,2202 2023,2200 2023,2198 1900,2198 1898,2196 1898,2180 1806,2180 1806,2196 1805,2197 1804,2197 1803,2198 1753,2198 1753,2200 1751,2202 1749,2200 1749,2178 1670,2178 1668,2180 1661,2180 1661,2183 1659,2185 1657,2185 1656,2186 1655,2186 1654,2187 1652,2187 1652,2196 1650,2198 1648,2198 1648,2200 1646,2202 1624,2202 1623,2201 1622,2201 1621,2200 1621,2196 1554,2196 1554,2202 1551,2205 1529,2205 1528,2204 1528,2203 1527,2202 1516,2202 1514,2200 1514,2180 1508,2180 1507,2179 1506,2179 1505,2178 1435,2178 1433,2180 1422,2180 1422,2183 1420,2185 1418,2185 1417,2186 1416,2186 1415,2187 1413,2187 1413,2202 1412,2203 1412,2204 1411,2205 1409,2205 1409,2215 1408,2216 1408,2217 1407,2218 1400,2218 1400,2231 1398,2233 1396,2231 1396,2211 1389,2211 1387,2209 1387,2205 1388,2204 1388,2203 1389,2202 1394,2202 1394,2180 1317,2180 1317,2183 1315,2185 1312,2185 1312,2189 1309,2192 1309,2193 1306,2196 1304,2196 1303,2197 1302,2197 1301,2198 1299,2198 1297,2196 1297,2187 1291,2187 1290,2186 1289,2186 1288,2185 1288,2180 1218,2180 1218,2183 1216,2185 1214,2185 1212,2187 1209,2187 1209,2194 1207,2196 1205,2196 1205,2202 1204,2203 1204,2204 1203,2205 1115,2205 1114,2204 1115,2203 1115,2197 1116,2196 1116,2190 1117,2189 1117,2183 1118,2182 1118,2176 1119,2175 1119,2169 1120,2168 1120,2162 1121,2161 1121,2155 1122,2154 1174,2154 1175,2153 1176,2153 1177,2152 1203,2152 1205,2154 1310,2154 1312,2156 1312,2172 1319,2172 1321,2174 1321,2176 1400,2176 1400,2156 1402,2154 1571,2154 1573,2152 1578,2152 1580,2154 1580,2158 1646,2158 1646,2154 1648,2152 1937,2152 1939,2154 1939,2163 2023,2163 2023,2161 2024,2160 2024,2159 2025,2158 2027,2158 2027,2156 2029,2154 2031,2154 2031,2148 2034,2145 2036,2145 2036,2115 2034,2115 2031,2112 2031,2095 2029,2095 2027,2093 1952,2093 1950,2095 1933,2095 1931,2093 1863,2093 1862,2094 1861,2094 1860,2095 1177,2095 1176,2094 1175,2094 1174,2093 1131,2093 1130,2092 1130,2091 1131,2090 1131,2084 1132,2083 1132,2077 1133,2076 1133,2070 1134,2069 1134,2063 1135,2062 1135,2056 1136,2055 1136,2050 1137,2049 1139,2051 1141,2051 1142,2052 1143,2052 1144,2053 1144,2066 1218,2066 1218,2062 1220,2060 1223,2060 1223,2051 1225,2049 1266,2049 1267,2048 1268,2048 1269,2047 1271,2047 1271,2045 1272,2044 1272,2043 1273,2042 1275,2042 1276,2043 1276,2044 1277,2045 1277,2047 1420,2047 1422,2049 1429,2049 1431,2051 1497,2051 1499,2049 1571,2049 1573,2047 1584,2047 1584,2045 1585,2044 1585,2043 1586,2042 1589,2042 1591,2040 1593,2040 1593,2020 1595,2018 1597,2018 1598,2019 1599,2019 1600,2020 1600,2042 1604,2042 1605,2043 1605,2044 1606,2045 1606,2047 1801,2047 1801,2045 1802,2044 1802,2043 1803,2042 1825,2042 1828,2045 1828,2047 1963,2047 1963,2045 1966,2042 1985,2042 1985,2034 1988,2031 2031,2031 2031,1983 1966,1983 1965,1984 1964,1984 1963,1985 1803,1985 1801,1983 1801,1968 1799,1968 1797,1966 1795,1966 1792,1963 1792,1961 1781,1961 1779,1959 1781,1957 1784,1957 1784,1939 1786,1937 1880,1937 1882,1939 1972,1939 1974,1937 1983,1937 1985,1935 1985,1928 1986,1927 1987,1927 1988,1926 2027,1926 2027,1924 2029,1922 2031,1922 2031,1889 1990,1889 1988,1887 1981,1887 1979,1885 1979,1880 1981,1878 1988,1878 1988,1856 1889,1856 1889,1878 1887,1880 1744,1880 1742,1882 1681,1882 1680,1881 1679,1881 1678,1880 1608,1880 1606,1882 1573,1882 1571,1880 1571,1869 1573,1867 1597,1867 1598,1866 1599,1866 1600,1865 1600,1836 1602,1834 1621,1834 1621,1832 1622,1831 1623,1831 1624,1830 1709,1830 1709,1828 1710,1827 1710,1826 1711,1825 1729,1825 1730,1826 1730,1827 1731,1828 1731,1830 1806,1830 1806,1828 1807,1827 1807,1826 1808,1825 1825,1825 1828,1828 1828,1830 1966,1830 1966,1828 1967,1827 1967,1826 1968,1825 2023,1825 2023,1803 2020,1803 2018,1801 2020,1799 2027,1799 2027,1771 2025,1771 2024,1770 2024,1769 2023,1768 2023,1766 1952,1766 1950,1764 1950,1749 1951,1748 1951,1747 1952,1746 1974,1746 1974,1740 1975,1739 1976,1739 1977,1738 1988,1738 1988,1725 1989,1724 1989,1723 1990,1722 2009,1722 2010,1721 2011,1721 2012,1720 2018,1720 2020,1718 2023,1718 2023,1698 2025,1696 2027,1696 2027,1674 2025,1674 2023,1672 2023,1670 2012,1670 2011,1669 2010,1669 2009,1668 1968,1668 1967,1667 1967,1666 1966,1665 1966,1648 1952,1648 1950,1646 1950,1643 1880,1643 1878,1645 1878,1646 1876,1648 1876,1665 1875,1666 1875,1667 1874,1668 1869,1668 1867,1670 1860,1670 1858,1668 1859,1667 1859,1666 1860,1665 1863,1665 1863,1643 1860,1643 1858,1641 1858,1639 1792,1639 1792,1641 1790,1643 1788,1643 1788,1648 1786,1650 1784,1650 1784,1652 1783,1653 1782,1653 1781,1654 1779,1654 1779,1657 1777,1659 1775,1659 1775,1665 1774,1666 1774,1667 1773,1668 1764,1668 1763,1667 1763,1666 1762,1665 1762,1663 1696,1663 1696,1665 1695,1666 1695,1667 1694,1668 1692,1668 1689,1665 1689,1650 1685,1650 1683,1648 1683,1643 1608,1643 1608,1646 1606,1648 1595,1648 1595,1652 1593,1654 1593,1657 1591,1659 1586,1659 1586,1661 1584,1663 1518,1663 1518,1665 1517,1666 1517,1667 1516,1668 1418,1668 1417,1669 1416,1669 1415,1670 1354,1670 1352,1668 1321,1668 1320,1667 1320,1666 1319,1665 1319,1650 1312,1650 1310,1648 1240,1648 1238,1650 1170,1650 1170,1665 1169,1666 1169,1667 1168,1668 1157,1668 1156,1667 1156,1651 1155,1650 1155,1627 1154,1626 1154,1622 1155,1621 1163,1621 1166,1624 1166,1630 1231,1630 1232,1629 1233,1629 1234,1628 1236,1628 1236,1624 1237,1623 1237,1622 1238,1621 1308,1621 1309,1622 1309,1623 1310,1624 1374,1624 1375,1623 1375,1622 1376,1621 1562,1621 1562,1619 1564,1617 1933,1617 1935,1619 1935,1630 2009,1630 2010,1629 2011,1629 2012,1628 2014,1628 2014,1626 2016,1624 2018,1624 2019,1623 2019,1622 2020,1621 2023,1621 2023,1589 1977,1589 1974,1586 1974,1560 1972,1558 1968,1558 1966,1556 1966,1554 1902,1554 1902,1556 1900,1558 1895,1558 1893,1560 1878,1560 1876,1558 1876,1554 1810,1554 1810,1558 1808,1560 1795,1560 1794,1559 1793,1559 1792,1558 1793,1557 1794,1557 1795,1556 1797,1556 1797,1534 1714,1534 1713,1535 1712,1535 1711,1536 1709,1536 1709,1538 1707,1540 1674,1540 1674,1558 1672,1560 1635,1560 1635,1562 1634,1563 1633,1563 1632,1564 1630,1564 1628,1562 1628,1560 1560,1560 1560,1562 1558,1564 1547,1564 1545,1562 1545,1560 1413,1560 1413,1562 1411,1564 1334,1564 1332,1562 1332,1560 1258,1560 1258,1562 1257,1563 1256,1563 1255,1564 1229,1564 1227,1562 1227,1560 1203,1560 1201,1558 1201,1545 1152,1545 1151,1544 1151,1531 1150,1530 1150,1507 1149,1506 1149,1483 1148,1482 1148,1459 1147,1458 1147,1435 1146,1434 1146,1416 1147,1415 1148,1415 1148,1413 1150,1411 1198,1411 1199,1412 1200,1412 1201,1413 1201,1415 1255,1415 1258,1418 1328,1418 1329,1417 1329,1416 1330,1415 1350,1415 1350,1413 1352,1411 1532,1411 1534,1409 1547,1409 1549,1411 1641,1411 1643,1409 1961,1409 1963,1407 1963,1396 1964,1395 1965,1395 1966,1394 2001,1394 2002,1393 2002,1392 2003,1391 2009,1391 2009,1383 2012,1380 2014,1380 2014,1361 2007,1361 2006,1360 2006,1359 2005,1358 1974,1358 1972,1356 1972,1345 1880,1345 1879,1346 1879,1347 1878,1348 1877,1347 1877,1346 1876,1345 1876,1334 1869,1334 1867,1332 1867,1330 1843,1330 1841,1328 1757,1328 1757,1350 1755,1352 1738,1352 1737,1351 1736,1351 1735,1350 1643,1350 1641,1348 1641,1328 1560,1328 1558,1330 1554,1330 1554,1350 1553,1351 1552,1351 1551,1352 1549,1352 1547,1354 1543,1354 1542,1353 1541,1353 1540,1352 1529,1352 1527,1350 1527,1345 1525,1345 1523,1343 1523,1339 1521,1339 1520,1338 1519,1338 1518,1337 1518,1334 1516,1334 1514,1332 1514,1330 1404,1330 1404,1332 1402,1334 1396,1334 1396,1337 1394,1339 1391,1339 1391,1350 1389,1352 1380,1352 1378,1350 1378,1345 1310,1345 1310,1350 1308,1352 1304,1352 1303,1353 1302,1353 1301,1354 1238,1354 1236,1352 1236,1350 1166,1350 1166,1352 1165,1353 1164,1353 1163,1354 1141,1354 1140,1353 1140,1350 1139,1349 1139,1345 1138,1344 1138,1339 1137,1338 1137,1334 1136,1333 1136,1328 1135,1327 1135,1322 1134,1321 1134,1317 1133,1316 1133,1313 1134,1312 1196,1312 1196,1310 1198,1308 1201,1308 1203,1306 1372,1306 1372,1304 1373,1303 1373,1302 1374,1301 1621,1301 1623,1299 1624,1299 1626,1297 1676,1297 1678,1299 1676,1301 1670,1301 1670,1321 1757,1321 1758,1320 1759,1320 1760,1319 1762,1319 1762,1301 1760,1301 1759,1300 1758,1300 1757,1299 1758,1298 1759,1298 1760,1297 1880,1297 1882,1295 1911,1295 1913,1297 1992,1297 1994,1295 2001,1295 2003,1293 2005,1293 2005,1291 2006,1290 2006,1289 2007,1288 2009,1288 2009,1249 2007,1249 2005,1247 2005,1242 2003,1242 2001,1240 2001,1238 1952,1238 1950,1236 1950,1223 1946,1223 1945,1222 1945,1221 1944,1220 1944,1218 1836,1218 1836,1223 1834,1225 1832,1223 1762,1223 1760,1225 1757,1225 1757,1240 1755,1242 1700,1242 1700,1244 1699,1245 1699,1246 1698,1247 1681,1247 1678,1244 1678,1242 1635,1242 1634,1241 1633,1241 1632,1240 1632,1225 1630,1225 1628,1223 1538,1223 1536,1225 1536,1227 1534,1229 1532,1229 1532,1244 1529,1247 1528,1246 1528,1245 1527,1244 1527,1225 1521,1225 1520,1224 1519,1224 1518,1223 1444,1223 1442,1225 1435,1225 1435,1244 1434,1245 1434,1246 1433,1247 1431,1247 1429,1249 1424,1249 1422,1247 1374,1247 1373,1246 1373,1245 1372,1244 1372,1225 1291,1225 1291,1234 1290,1235 1289,1235 1288,1236 1286,1236 1284,1234 1284,1229 1269,1229 1268,1228 1267,1228 1266,1227 1266,1225 1201,1225 1201,1227 1200,1228 1199,1228 1198,1229 1192,1229 1192,1234 1190,1236 1187,1236 1187,1253 1185,1255 1183,1255 1182,1256 1182,1257 1181,1258 1179,1258 1179,1260 1177,1262 1174,1262 1174,1269 1172,1271 1159,1271 1157,1269 1157,1258 1155,1258 1152,1255 1152,1225 1127,1225 1126,1224 1126,1204 1127,1203 1174,1203 1174,1201 1177,1198 1319,1198 1320,1199 1320,1200 1321,1201 1321,1216 1323,1216 1324,1217 1325,1217 1326,1218 1326,1220 1396,1220 1396,1218 1398,1216 1400,1216 1400,1201 1401,1200 1401,1199 1402,1198 1444,1198 1446,1196 1705,1196 1705,1194 1707,1192 1867,1192 1869,1194 1869,1214 1944,1214 1944,1212 1945,1211 1945,1210 1946,1209 1950,1209 1950,1205 1952,1203 1952,1194 1953,1193 1954,1193 1955,1192 2001,1192 2003,1190 2009,1190 2009,1163 2007,1163 2005,1161 2005,1159 2003,1159 2001,1157 2001,1135 2000,1134 1999,1134 1998,1133 1955,1133 1954,1132 1953,1132 1952,1131 1952,1115 1948,1111 1788,1111 1788,1133 1786,1135 1751,1135 1749,1133 1749,1115 1674,1115 1674,1117 1673,1118 1673,1119 1672,1120 1670,1120 1670,1133 1668,1135 1567,1135 1567,1137 1566,1138 1565,1138 1564,1139 1562,1137 1562,1122 1534,1122 1532,1120 1529,1120 1528,1119 1528,1118 1527,1117 1527,1115 1461,1115 1461,1117 1460,1118 1460,1119 1459,1120 1448,1120 1448,1137 1451,1137 1453,1139 1453,1141 1452,1142 1452,1143 1451,1144 1446,1144 1445,1143 1445,1142 1444,1141 1444,1139 1429,1139 1428,1138 1427,1138 1426,1137 1426,1135 1415,1135 1413,1133 1398,1133 1396,1131 1396,1120 1395,1119 1395,1118 1394,1117 1394,1115 1321,1115 1321,1117 1320,1118 1320,1119 1319,1120 1317,1120 1317,1137 1315,1139 1249,1139 1249,1141 1248,1142 1248,1143 1247,1144 1168,1144 1167,1143 1167,1142 1166,1141 1166,1133 1130,1133 1129,1132 1129,1122 1130,1121 1130,1096 1131,1095 1131,1094 1132,1093 1231,1093 1231,1091 1232,1090 1233,1090 1234,1089 1236,1091 1236,1093 1521,1093 1523,1095 1597,1095 1598,1094 1599,1094 1600,1093 1600,1089 1602,1087 1659,1087 1661,1089 1727,1089 1729,1087 1773,1087 1775,1089 1841,1089 1843,1087 1845,1087 1845,1084 1847,1082 1849,1084 1849,1087 2001,1087 2001,1084 2003,1082 2005,1082 2007,1080 2009,1080 2009,1041 2007,1041 2006,1040 2006,1039 2005,1038 2005,1036 2003,1036 2001,1034 2001,1032 2000,1031 1999,1031 1998,1030 1990,1030 1989,1029 1989,1028 1988,1027 1988,1025 1952,1025 1950,1023 1950,1006 1856,1006 1856,1027 1855,1028 1855,1029 1854,1030 1845,1030 1843,1032 1841,1030 1808,1030 1807,1029 1807,1028 1806,1027 1806,1008 1803,1008 1801,1006 1731,1006 1729,1008 1727,1008 1727,1023 1725,1025 1692,1025 1692,1027 1689,1030 1613,1030 1611,1032 1600,1032 1599,1031 1598,1031 1597,1030 1527,1030 1525,1032 1499,1032 1497,1030 1426,1030 1424,1032 1334,1032 1334,1034 1332,1036 1231,1036 1229,1038 1227,1036 1134,1036 1133,1035 1133,1019 1134,1018 1134,1011 1135,1010 1139,1010 1141,1008 1144,1008 1144,992 1146,990 1187,990 1187,988 1188,987 1189,987 1190,986 1260,986 1262,988 1262,990 1328,990 1328,988 1330,986 1345,986 1346,987 1347,987 1348,988 1348,1008 1435,1008 1435,988 1433,988 1431,986 1433,984 1621,984 1626,979 1632,979 1633,980 1634,980 1635,981 1635,984 1766,984 1766,981 1768,979 2001,979 2003,977 2005,977 2005,957 2003,957 2001,955 2001,953 2000,952 1999,952 1998,951 1998,927 1994,927 1993,926 1993,925 1992,924 1992,922 1895,922 1893,920 1893,914 1891,914 1890,913 1890,912 1889,911 1889,909 1887,909 1885,907 1884,907 1882,905 1810,905 1810,907 1808,909 1806,909 1806,920 1805,921 1804,921 1803,922 1738,922 1737,921 1736,921 1735,920 1735,916 1733,916 1731,914 1731,903 1716,903 1715,902 1715,901 1714,900 1714,898 1648,898 1648,900 1647,901 1647,902 1646,903 1641,903 1641,920 1643,922 1643,924 1642,925 1642,926 1641,927 1621,927 1620,926 1620,925 1619,924 1619,922 1578,922 1577,921 1576,921 1575,920 1575,903 1573,903 1572,902 1572,901 1571,900 1571,898 1505,898 1505,900 1504,901 1504,902 1503,903 1501,903 1499,905 1448,905 1448,907 1446,909 1444,909 1444,924 1443,925 1443,926 1442,927 1374,927 1372,929 1367,929 1365,927 1363,927 1362,926 1362,925 1361,924 1361,909 1359,907 1358,907 1356,905 1321,905 1319,903 1320,902 1320,901 1321,900 1337,900 1337,883 1339,881 1420,881 1422,883 1422,894 1497,894 1497,892 1498,891 1498,890 1499,889 1501,889 1501,887 1503,885 1505,885 1505,878 1506,877 1507,877 1508,876 1543,876 1545,878 1545,881 1611,881 1611,878 1613,876 1725,876 1727,878 1727,894 1729,894 1731,896 1731,898 1819,898 1819,878 1821,876 1963,876 1964,875 1965,875 1966,874 2001,874 2001,850 1994,850 1992,848 1994,846 1998,846 1998,815 1996,813 1889,813 1889,815 1887,817 1810,817 1810,819 1808,821 1720,821 1718,819 1718,800 1711,800 1710,799 1710,798 1709,797 1643,797 1642,798 1642,799 1641,800 1641,819 1639,821 1534,821 1532,819 1532,806 1529,806 1527,804 1527,802 1503,802 1501,800 1422,800 1422,819 1420,821 1264,821 1263,822 1263,823 1262,824 1247,824 1244,821 1242,821 1240,819 1240,817 1174,817 1174,819 1172,821 1167,821 1166,820 1166,819 1167,818 1167,816 1168,815 1168,813 1169,812 1169,810 1170,809 1170,807 1171,806 1171,804 1172,803 1172,802 1173,801 1173,799 1174,798 1174,796 1175,795 1175,793 1176,792 1176,790 1177,789 1177,787 1178,786 1178,784 1179,783 1179,781 1180,780 1180,778 1181,777 1181,775 1182,774 1182,772 1183,771 1198,771 1199,772 1200,772 1201,773 1266,773 1266,769 1267,768 1268,768 1269,767 1271,769 1271,771 1453,771 1453,769 1455,767 1578,767 1580,769 1580,791 1668,791 1668,769 1670,767 1722,767 1725,764 1742,764 1743,765 1743,766 1744,767 1957,767 1958,766 1958,765 1959,764 1963,764 1963,756 1964,755 1965,755 1966,754 1998,754 1998,721 1994,721 1993,720 1993,719 1992,718 1959,718 1957,716 1957,707 1852,707 1851,706 1850,706 1849,705 1849,694 1843,694 1841,692 1841,690 1821,690 1819,688 1687,688 1687,692 1685,694 1683,694 1683,705 1681,707 1665,707 1664,708 1664,709 1663,710 1637,710 1636,709 1636,708 1635,707 1635,694 1571,694 1570,695 1570,696 1569,697 1567,697 1567,707 1564,710 1475,710 1475,712 1474,713 1473,713 1472,714 1402,714 1400,712 1400,710 1396,710 1395,709 1395,708 1394,707 1394,694 1389,694 1387,692 1387,690 1376,690 1374,688 1376,686 1378,686 1378,666 1380,664 1488,664 1489,663 1489,662 1490,661 1494,661 1497,664 1562,664 1563,663 1563,662 1564,661 1569,661 1570,662 1570,663 1571,664 1571,686 1657,686 1657,664 1658,663 1658,662 1659,661 1729,661 1730,662 1730,663 1731,664 1797,664 1798,663 1798,662 1799,661 1858,661 1858,659 1860,657 1922,657 1924,659 1924,661 1988,661 1988,659 1990,657 1992,657 1992,635 1990,635 1988,633 1988,600 1977,600 1976,599 1975,599 1974,598 1768,598 1766,596 1766,580 1764,580 1762,578 1762,576 1692,576 1692,578 1691,579 1690,579 1689,580 1687,580 1687,585 1685,587 1683,587 1683,591 1681,593 1678,593 1678,602 1676,604 1595,604 1593,602 1593,585 1591,585 1589,583 1589,580 1518,580 1518,585 1516,587 1514,587 1514,589 1512,591 1510,589 1510,587 1490,587 1488,585 1409,585 1409,602 1407,604 1380,604 1378,602 1378,585 1374,585 1372,583 1372,580 1333,580 1332,579 1338,573 1339,573 1346,566 1347,566 1353,560 1354,560 1360,554 1361,554 1363,552 1365,552 1365,550 1368,547 1369,547 1375,541 1376,541 1383,534 1384,534 1390,528 1391,528 1398,521 1399,521 1400,522 1400,537 1402,537 1404,539 1404,547 1407,547 1408,548 1408,549 1409,550 1409,552 1411,552 1413,554 1429,554 1431,556 1431,561 1501,561 1501,556 1503,554 1657,554 1659,552 1740,552 1740,530 1742,528 1768,528 1769,529 1770,529 1771,530 1771,547 1777,547 1778,548 1778,549 1779,550 1779,552 1880,552 1882,554 1952,554 1953,553 1954,553 1955,552 1979,552 1979,550 1980,549 1980,548 1981,547 1988,547 1992,543 1992,501 1990,501 1988,499 1988,497 1987,496 1986,496 1985,495 1977,495 1976,494 1975,494 1974,493 1792,493 1790,495 1762,495 1762,506 1760,508 1742,508 1740,506 1740,497 1733,497 1731,495 1729,495 1727,493 1705,493 1704,492 1704,491 1703,490 1703,475 1702,474 1701,474 1700,473 1698,473 1696,471 1628,471 1626,473 1621,473 1621,475 1619,477 1617,477 1617,493 1615,495 1613,495 1611,493 1582,493 1581,492 1581,491 1580,490 1580,473 1503,473 1501,471 1501,466 1503,464 1505,464 1505,451 1506,450 1507,450 1508,449 1597,449 1597,447 1600,444 1657,444 1657,442 1659,440 1716,440 1718,442 1718,444 1836,444 1836,442 1838,440 1893,440 1895,442 1895,444 1985,444 1985,442 1986,441 1987,441 1988,440 1988,396 1987,395 1986,395 1985,394 1985,390 1981,390 1980,389 1980,388 1979,387 1979,385 1843,385 1841,383 1841,379 1838,379 1836,377 1836,372 1834,372 1832,370 1832,366 1757,366 1757,370 1755,372 1753,372 1753,377 1751,379 1749,379 1749,383 1748,384 1747,384 1746,385 1678,385 1678,387 1677,388 1677,389 1676,390 1663,390 1662,389 1662,388 1661,387 1661,385 1595,385 1595,387 1594,388 1594,389 1593,390 1503,390 1502,389 1502,388 1501,387 1501,366"/><TextEquiv><Unicode/></TextEquiv><TextLine id="r3_l001"><Coords points="352,381 1958,365 1959,460 353,477"/><TextEquiv index="1"><Unicode>diant qu'il criroit le jour mme</Unicode></TextEquiv></TextLine><TextLine id="r3_l002"><Coords points="365,493 1962,476 1963,566 366,583"/><TextEquiv index="1"><Unicode> la marquie, que c'toit une</Unicode></TextEquiv></TextLine><TextLine id="r3_l003"><Coords points="369,600 1962,583 1963,675 370,692"/><TextEquiv index="1"><Unicode>affaire conclue: mais je l'ai prvenu</Unicode></TextEquiv></TextLine><TextLine id="r3_l004"><Coords points="368,705 1967,688 1968,782 369,799"/><TextEquiv index="1"><Unicode>auprs d'elle, je lui ai marqu l'ex-</Unicode></TextEquiv></TextLine><TextLine id="r3_l005"><Coords points="360,815 1970,798 1971,890 361,907"/><TextEquiv index="1"><Unicode>trme loignement que j'avois pour</Unicode></TextEquiv></TextLine><TextLine id="r3_l006"><Coords points="356,919 1975,902 1976,995 357,1012"/><TextEquiv index="1"><Unicode>ce mariage, &amp; je l'ai prie de n'en</Unicode></TextEquiv></TextLine><TextLine id="r3_l007"><Coords points="356,1029 1980,1012 1981,1106 357,1123"/><TextEquiv index="1"><Unicode>rien tmoigner au comte; mais de</Unicode></TextEquiv></TextLine><TextLine id="r3_l008"><Coords points="360,1134 1980,1117 1981,1207 361,1224"/><TextEquiv index="1"><Unicode>faire valoir, comme je l'avois dja</Unicode></TextEquiv></TextLine><TextLine id="r3_l009"><Coords points="360,1238 1980,1221 1981,1313 361,1330"/><TextEquiv index="1"><Unicode>fait, on autorit, &amp; le deir qu'elle</Unicode></TextEquiv></TextLine><TextLine id="r3_l010"><Coords points="360,1349 1984,1332 1985,1422 361,1439"/><TextEquiv index="1"><Unicode>avoit que je demeurae dans l'or-</Unicode></TextEquiv></TextLine><TextLine id="r3_l011"><Coords points="360,1457 1013,1450 1013,1519 360,1526"/><TextEquiv index="1"><Unicode>dre de Malte.</Unicode></TextEquiv></TextLine><TextLine id="r3_l012"><Coords points="482,1556 1993,1540 1994,1629 483,1645"/><TextEquiv index="1"><Unicode>Aini, pour viter mon malheur,</Unicode></TextEquiv></TextLine><TextLine id="r3_l013"><Coords points="369,1662 1997,1645 1998,1741 370,1758"/><TextEquiv index="1"><Unicode>je me vois mirablement forc de</Unicode></TextEquiv></TextLine><TextLine id="r3_l014"><Coords points="1560,1857 1559,1856 1537,1856 1536,1856 1536,1855 1536,1854 1532,1854 1531,1854 1531,1824 1531,1823 1528,1823 1527,1822 1415,1823 1414,1824 1414,1826 1414,1826 1413,1827 1412,1826 1322,1826 1321,1826 1241,1826 1240,1825 1180,1826 1179,1825 966,1827 965,1828 965,1830 965,1830 962,1830 961,1829 845,1831 844,1831 844,1849 844,1850 840,1850 839,1850 839,1853 839,1854 831,1854 830,1853 830,1850 830,1850 827,1850 826,1849 826,1843 826,1843 823,1843 822,1842 822,1829 822,1829 701,1830 700,1829 605,1830 604,1831 604,1833 604,1833 592,1833 591,1832 543,1833 444,1834 443,1835 443,1836 443,1836 405,1837 404,1836 383,1836 382,1835 382,1816 381,1816 369,1816 369,1815 369,1812 369,1812 381,1812 382,1811 382,1802 382,1802 385,1802 386,1801 386,1799 386,1799 390,1799 391,1798 391,1795 391,1795 394,1795 395,1794 395,1778 395,1778 398,1778 399,1777 399,1775 399,1775 412,1774 413,1774 413,1772 413,1771 442,1771 442,1772 443,1786 443,1786 546,1785 547,1785 547,1787 547,1788 651,1787 652,1786 652,1785 652,1785 695,1784 696,1784 695,1770 697,1768 700,1768 700,1768 700,1765 701,1764 717,1764 717,1765 718,1778 718,1778 729,1778 730,1778 730,1784 730,1785 742,1785 743,1785 743,1787 743,1788 835,1787 836,1786 835,1753 836,1753 913,1752 913,1752 914,1784 914,1785 930,1785 931,1784 931,1778 931,1778 934,1778 935,1777 935,1771 935,1771 938,1771 939,1770 939,1769 940,1768 948,1768 948,1767 948,1764 949,1764 953,1764 954,1765 1000,1764 1000,1764 1000,1767 1001,1768 1004,1768 1004,1768 1005,1784 1005,1785 1045,1785 1046,1786 1186,1784 1187,1783 1186,1767 1187,1766 1187,1761 1188,1761 1214,1761 1214,1761 1214,1763 1215,1764 1218,1764 1218,1764 1219,1782 1219,1783 1308,1782 1309,1781 1309,1767 1309,1766 1309,1764 1310,1764 1314,1764 1314,1763 1314,1761 1315,1761 1320,1761 1321,1762 1327,1761 1327,1762 1327,1764 1328,1764 1331,1764 1331,1765 1332,1768 1332,1768 1356,1768 1357,1769 1357,1771 1357,1771 1361,1771 1362,1772 1362,1782 1362,1782 1404,1782 1405,1783 1530,1781 1531,1781 1530,1766 1532,1764 1536,1764 1536,1764 1536,1762 1537,1761 1562,1761 1562,1761 1562,1763 1563,1764 1653,1763 1653,1762 1653,1761 1654,1761 1662,1761 1662,1760 1662,1758 1663,1758 1666,1758 1666,1758 1666,1760 1667,1761 1766,1760 1766,1759 1766,1758 1767,1758 1775,1758 1776,1759 1788,1758 1788,1759 1789,1778 1789,1778 1883,1777 1884,1777 1884,1764 1884,1763 1884,1762 1885,1761 1888,1761 1888,1761 1888,1759 1889,1758 1893,1758 1893,1758 1893,1755 1894,1754 1910,1754 1910,1754 1910,1752 1911,1751 1914,1751 1914,1752 1914,1754 1915,1754 1919,1754 1919,1754 1920,1775 1920,1776 1992,1775 1993,1776 1993,1778 1993,1778 1996,1778 1997,1779 1997,1792 1996,1792 1993,1792 1993,1793 1993,1819 1993,1819 1937,1820 1936,1820 1936,1822 1936,1823 1928,1823 1927,1822 1859,1823 1858,1822 1763,1823 1762,1822 1593,1824 1592,1824 1592,1825 1592,1826 1571,1826 1570,1826 1570,1856 1570,1857"/><TextEquiv index="1"><Unicode>fatter la paion de l'un &amp; d'abuer</Unicode></TextEquiv></TextLine><TextLine id="r3_l015"><Coords points="1710,1956 1710,1956 1710,1954 1709,1953 1701,1953 1701,1953 1700,1932 1700,1931 1537,1933 1536,1934 1536,1936 1536,1936 1524,1936 1523,1935 1467,1936 1466,1935 1371,1936 1370,1935 1370,1932 1370,1932 1344,1932 1343,1933 1344,1956 1343,1956 1340,1956 1340,1956 1339,1933 1339,1932 1236,1933 1235,1934 1235,1936 1235,1936 1232,1936 1231,1936 1231,1932 1231,1931 1141,1932 1140,1933 1140,1936 1140,1936 1139,1936 1138,1936 1047,1937 1046,1936 901,1937 900,1938 900,1939 900,1939 888,1939 887,1938 688,1940 687,1941 687,1943 687,1943 680,1944 679,1943 623,1943 622,1942 535,1943 534,1942 396,1944 395,1944 395,1945 395,1946 383,1946 382,1945 382,1881 382,1881 404,1881 405,1881 412,1881 413,1882 413,1898 413,1898 451,1898 452,1898 452,1901 452,1902 455,1902 456,1903 546,1902 547,1901 547,1898 547,1898 621,1897 622,1897 622,1892 622,1891 625,1891 626,1891 626,1889 626,1888 629,1888 630,1888 630,1885 630,1884 634,1884 635,1883 635,1878 635,1878 638,1878 639,1877 639,1874 639,1874 647,1874 648,1874 648,1878 648,1879 770,1878 771,1879 890,1877 891,1877 891,1875 891,1874 895,1874 896,1874 896,1872 896,1871 903,1871 904,1872 1004,1871 1005,1871 1005,1873 1005,1874 1017,1874 1018,1874 1018,1894 1018,1895 1112,1894 1113,1893 1113,1871 1113,1871 1134,1871 1135,1871 1135,1874 1135,1875 1156,1874 1157,1875 1157,1878 1157,1878 1169,1878 1170,1879 1170,1891 1170,1891 1287,1890 1288,1889 1288,1888 1288,1888 1291,1888 1292,1888 1292,1890 1292,1891 1320,1891 1321,1892 1461,1890 1462,1889 1462,1874 1462,1874 1465,1874 1466,1873 1466,1871 1466,1871 1478,1871 1479,1872 1536,1871 1537,1871 1536,1857 1537,1856 1559,1856 1560,1857 1565,1857 1566,1857 1566,1890 1566,1891 1639,1890 1640,1890 1640,1889 1640,1888 1648,1888 1649,1888 1649,1890 1649,1891 1657,1891 1658,1892 1774,1891 1775,1890 1775,1888 1775,1888 1778,1888 1779,1889 1918,1887 1919,1886 1919,1864 1919,1864 1957,1864 1958,1864 1958,1898 1958,1899 2000,1898 2001,1899 2001,1915 2001,1915 1998,1915 1997,1916 1997,1919 1997,1919 1955,1920 1954,1920 1954,1928 1954,1929 1942,1929 1941,1929 1941,1931 1941,1932 1915,1932 1914,1932 1914,1930 1914,1929 1876,1929 1875,1928 1754,1930 1753,1930 1753,1947 1753,1948 1753,1949 1752,1950 1749,1950 1749,1950 1749,1952 1748,1953 1718,1953 1718,1954 1718,1956 1717,1956"/><TextEquiv index="1"><Unicode>la crdulit de l'autre. Mon grand-</Unicode></TextEquiv></TextLine><TextLine id="r3_l016"><Coords points="390,1982 2001,1965 2002,2056 391,2073"/><TextEquiv index="1"><Unicode>pere croit que je rite  a vo-</Unicode></TextEquiv></TextLine><TextLine id="r3_l017"><Coords points="381,2090 2006,2073 2007,2163 382,2180"/><TextEquiv index="1"><Unicode>lont, par dfrence pour ma mere;</Unicode></TextEquiv></TextLine><TextLine id="r3_l018"><Coords points="382,2196 2010,2179 2011,2272 383,2289"/><TextEquiv index="1"><Unicode>ma mere de on ct, e peruadera</Unicode></TextEquiv></TextLine><TextLine id="r3_l019"><Coords points="378,2306 2010,2289 2011,2373 379,2390"/><TextEquiv index="1"><Unicode>'aprs ma lettre, que je uis di-</Unicode></TextEquiv></TextLine><TextLine id="r3_l020"><Coords points="391,2404 2010,2387 2011,2481 392,2498"/><TextEquiv index="1"><Unicode>po  combler on attente J'avoue</Unicode></TextEquiv></TextLine><TextLine id="r3_l021"><Coords points="391,2511 2006,2494 2007,2591 392,2608"/><TextEquiv index="1"><Unicode>que non-eulement cet expdient</Unicode></TextEquiv></TextLine><TextLine id="r3_l022"><Coords points="395,2615 2015,2597 2016,2698 396,2716"/><TextEquiv index="1"><Unicode>rpugne  mon cur; mais je ne</Unicode></TextEquiv></TextLine></TextRegion><TextRegion id="r4" type="footnote" orientation="-0.0"><Coords points="1635,2709 1635,2711 1632,2713 1532,2713 1529,2715 1523,2715 1523,2717 1521,2720 1518,2720 1518,2728 1516,2731 1514,2731 1514,2752 1516,2752 1518,2755 1518,2759 1516,2761 1514,2761 1514,2794 1516,2794 1518,2796 1597,2796 1600,2794 1626,2794 1628,2796 1628,2816 1709,2816 1709,2809 1711,2807 1714,2807 1714,2805 1716,2803 1718,2803 1718,2737 1716,2737 1714,2735 1714,2733 1716,2731 1718,2731 1718,2713 1711,2713 1709,2711 1709,2709"/><TextEquiv><Unicode/></TextEquiv><TextLine id="r4_l001"><Coords points="1545,2718 1689,2718 1689,2811 1545,2811"/><TextEquiv index="1"><Unicode>Sii</Unicode></TextEquiv></TextLine></TextRegion></Page></PcGts>