2480 3507
510 374 2111 470 ais pas trop  quoi il me conduira;
515 480 2106 579 i ce n'et  gagner du temps, &
515 593 2111 682 c'et beaucoup dans le depoir
519 699 2102 789 o m'a jett l'inflexibilit du comte.
497 806 2106 898 Peut-tre que la marquie, outenue
475 912 2115 1012 par l'ide que je rpondrai  es
475 1012 2111 1107 vues, trouvera dans cet epoir la
519 1121 2106 1214 force de riter  on beau-pere-
519 1227 2106 1320 Dans cette uppoition, il peut e
510 1337 2106 1426 faire que la famille de la comtee
515 1440 2111 1522 e lae & s'offene des dlais, &
510 1546 2115 1639 foit la premiere  rompre des enga-
510 1656 2106 1741 gements que l'on s'empree i peu
519 1759 2115 1851 de remplir. Alors nous uivrions
510 1865 2106 1961 toujours notre premter projet, &
506 1971 2106 2064 monfieur de L..... e chargeroit
506 2081 2102 2170 encore de la premiere dmarche ...
501 2187 2102 2276 Hlas! je ne vous diimule pas,
501 2293 2102 2379 chere Eliabeth, que toutes ces
497 2396 2145 2492 poibilits ont dans le chaos de
493 2506 2098 2591 l'ineertitude. Mon imagination s'ef-
484 2609 2098 2701 force de les dbrouiller pour ou-
