2480 3507
308 394 1908 502 ager mon cur, mais quoiqu'il
313 505 1911 608 puie arriver, je ne me oumettrai
312 613 1907 716 point  un pouvoir tyrannique. Les
312 716 1915 812 tendres ollicitations de ma mere,
312 822 1911 912 es carees & es larmes, avoient
312 927 1907 1034 ubjugu mon ame, & je vous con-
312 1035 1911 1140 fee qu'alors, i a condecendance
312 1143 1911 1247 pour les dipoitions du comte, ne
308 1248 1907 1354 m'et lai l'epoir d'obtenir on
308 1356 1911 1465 conentement par cette voie, je
312 1459 1911 1563 n'aurois pas fait mes vux comme
308 1568 1911 1681 elle P'exigeoit, parce que c'et t
312 1667 1911 1774 m'ter l'eprance d'tre  vous;
312 1778 1911 1882 eprance qui ne pent m'tre ravre
317 1886 1907 1992 qu'avec le jour: mais mon deein
312 1994 1907 2096 toit de ne me point marier contre
299 2097 1907 2206 on gr. Les gnreux coneils, que
304 2205 1915 2308 vous me donntes  ce ujet, avoient
299 2308 1911 2410 eaucoup contrihu  cette dou-
291 2410 1715 2505 Joureue, mais jute rolution.
347 2518 1911 2633 Je craindrois qu'un emblable aveu
286 2618 1907 2734 me ft douter, toute autre qu'Eli-
1733 291 1911 374 n
