4266 6400
1089 338 1436 418 .
1089 393 1751 491 I
1061 796 3119 897 esuire Robert-Martin (V'-I). Auteur du texte. e crime ou
1061 896 3122 974 Lettres oriqinales contenant les aventures de César de
1061 973 3123 1053 Perlencour. Jome ?, par l'auteur de 'Aventurier françois et
1061 1052 2107 1132 du l'philosophe parvenu' O
1074 1236 3116 1308 Les contenus accessibles sur le site Gallica sont pour la plupart
1074 1320 3114 1391 des reproductions numériques d'oeuvres tombées dans le
1074 1405 3114 1474 domaine public provenant des collections de la Bnf- eur
1076 1487 3116 1558 réutilisation s'inscrit dans le cadre de la loi nſ-s du Il juillet
1076 1573 1259 1626 Oo
1076 1654 3113 1709 a réutilisation non commerciale de ces contenus ou dans le
1073 1737 3116 1808 cadre d'une publication académique ou scientifique est libre et
1073 1820 3116 1891 gratuite dans le respect de la léqislation en viqueur et notamment
1074 1905 3114 1974 du maintien de la mention de source des contenus telle que
1075 1987 3114 2058 précisée ci-après „Source gallica bnf fr ſ Bibliotheque nationale
1074 2071 2493 2141 de France ou Source qallica bnf fr Bnnn-
1074 2154 3116 2224 La réutilisation commerciale de ces contenus est payante et fait
1076 2237 3117 2308 l'objet d'une licence. Est entendue par réutilisation commerciale la
1076 2320 3114 2391 revente de contenus sous forme de produits élaborés ou de
1072 2404 3114 2459 fourniture de service ou toute autre réutilisation des contenus
1073 2487 3117 2558 générant directement des revenus publication vendue (à
1076 2570 3114 2641 l'exception des ouvrages académiques ou scientifiques) une
1074 2655 3116 2724 exposition, une production audiovisuelle, un service ou un produit
1075 2737 2617 2808 payant, un support à vocation promotionnelle etc.
1073 2894 2806 2973 QQERlCClPPOR ACCEDRRAXUXARlSS A A ACENCt
1073 3153 3114 3224 Les contenus de Gallica sont la propriété de la Bnf au sens de
1075 3236 3113 3307 l'article l.z-l du code qénéral de la propriété des personnes
1075 3321 1393 3391 publiques.
1072 3486 3112 3558 Quelques contenus sont soumis à un réqime de réutilisation
1075 3571 1712 3641 particulier. Il s'aqit
1074 3737 3115 3808 des reproductions de documents protégés par un droit d'auteur
1073 3820 3118 3891 appartenant à un tiers. Ces documents ne peuvent être réutilisés
1072 3904 3114 3974 sauf dans le cadre de la copie privée, sans l'autorisation préalable
1074 3988 1753 4043 du titulaire des droits.
1080 4070 3114 4141 des reproductions de documents conservés dans les
1075 4154 3116 4224 bibliotheques ou autres institutions partenaires. Ceux-ci sont
1072 4237 3113 4308 siqnalés par la mention Source gallica.Bnffr l Bibliothèque
1075 4320 3117 4391 municipale de (ou autre partenaire) 'utilisateur est invité à
1072 4404 3114 4474 s'informer auprès de ces bibliothèques de leurs conditions de
1076 4487 1478 4543 réutilisation.
1071 4736 3114 4802 al Gallica constitue une base de données, dont la Bnf- est le
1075 4820 3112 4891 producteur, protéqée au sens des articles -l et suivants du
1073 4904 2176 4974 code de la propriété intellectuelle.
1072 5070 3117 5141 Sl les présentes conditions d'utilisation des contenus de Gallica
1072 5154 3114 5225 sont réqies par la loi française. En cas de réutilisation prévue dans
1075 5237 3117 5308 un autre pays, il appartient à chaque utilisateur de vérifier la
1073 5320 2737 5391 conformité de son projet avec le droit de ce pays.
1073 5486 3115 5558 l l'utilisateur s'enqage à respecter les présentes conditions
1074 5570 3112 5641 d'utilisation ainsi que la législation en viqueur, notamment en
1076 5654 3114 5724 matière de propriété intellectuelle. En cas de non respect de ces
1074 5737 3115 5808 dispositions, il est notamment passible d'une amende prévue par
1076 5821 1801 5891 la loi du I juillet TO.
1073 5986 3118 6052 pour obtenir un document de Gallica en haute définition
1073 6077 1384 6126 contacter
1074 6153 2034 6221 utilisation commercialebnffr
