4266 8039
1582 628 1876 862 L
-15 856 3277 1069 qu'aſſez propre, où l'on jugeoit à propos
-14 1057 3277 1272 de m'enſevelir. Les Frères m'ont reçu
-14 1250 3281 1462 d'un air patelin, & tout ce qu'ils m'ont
-14 1455 3281 1659 dit tendoit à me prouver que tout ce
-13 1640 3181 1843 qu'on faiſoit n'étoit que pour mon bien.
466 1833 3285 2037 Je te quitte, mon bon ami, pour
-12 2025 3416 2234 aſſiſter à la prière du ſoir. Voilà les
-12 2219 3293 2428 exercices amuſans dont je me trouve
-11 2416 3289 2623 occupé, moi indigne, réduit ci-devant,
-5 2609 3296 2810 pour paſſer mes ſoirées, aux bals, aux
-11 2786 3297 2999 ſpectacles, aux parties de plaiſir de
-10 2998 1208 3208 toute eſpèce.
-8 3715 3316 3948 Lettre miniſtérielle à M. de Perlencour père.
2320 4091 2973 4218 Verſailles.
360 4459 3305 4660 otre fils, Monſieur, a été arrêté
-7 4601 3308 4872 le 2o du mois dernier, ſur votre réqui-
-6 4842 3509 5065 ſition, & ſur les inſtances d'un quidam
-6 5029 3308 5262 ſe diſant Chevalier de Loutrailles, chargé
-5 5253 3316 5463 par vous de cette commiſſion. On l'a
-5 5447 3308 5656 tranſporté à S. Yon, auprès de Rouen,
-4 5635 3312 5841 maiſon de force, ou plutôt penſion, où
-4 5802 3308 6024 les réclus ſont traités fort doucement. Les
-4 6022 3389 6224 informations que nous avons recueillies
-3 6179 3300 6428 ſur ſon compte, ont été à ſon avantage.
2420 6428 2772 6568 A iv
