4266 8100
2251 389 2661 571 .
929 1157 4129 1346 Levrette, à Mademoiſelle la Voirie.
3400 1507 4054 1661 Paris.
1087 1869 4065 2079 a bonne amie, tâche de voir le
959 2003 4053 2270 Chevalier Marqué à Bicêtre, & Frédé-
964 2271 4129 2472 gonde à l'Hôpital de la Salpêtrière, &
968 2472 4062 2665 de leur porter quelques ſecours de ma
959 2667 4073 2870 part. Ils ont l'un & l'autre de grands
963 2864 4061 3066 torts vis-à-vis de notre petit bon ami
971 3061 4069 3265 Perlencour; mais ils ſont malheureux,
763 3258 4057 3455 les pauvres Diables! Il faut les plaindre
975 3455 4089 3656 & les ſecourir. Je n'ai, parmi mes con-
975 3652 4077 3849 noiſſances, perſonne qui veuille ſe char-
979 3848 4085 4052 ger de les tirer de là. D'ailleurs, je dois
983 4052 4073 4249 mes premiers ſoins à notre perit ami.
979 4246 4081 4443 J'apprends qu'il eſt à S. Yon, près de
728 4444 4078 4637 Rouen; j'y vole. Puiſſé - je le délivrer!
984 4644 4141 5038 ae veseuie la us le e aiis; les are
821 5037 4077 5240 tention, ſans compter valoir grand'choſe,
987 5234 4073 5427 tu vaux mieux que tous les Chevaliers
988 5432 3507 5633 Marqué & toutes les Frédégonde.
