4266 8382
1730 387 2140 581 i.
322 784 3507 979 i
596 1175 3279 1381 Céſar de Perlencour, à Dumoulin.
2681 1530 3192 1659 S. Yon.
93 1854 3535 2083 Je n'ai ni amis, ni maîtreſſe, mon
362 2081 3547 2291 cher ami, ni plaiſirs d'aucune eſpèce dans
358 2285 3555 2445 cette cruelle maiſon. Je m'entretiens avec
366 2489 2266 2692 toi, c'eſt tout pour moi.
235 2799 3336 2967 C'eſt-là mon Univers, ma fortune & mes Dieux.
309 3110 3555 3314 Je ne ſuis pas abſolument mal dans cette
370 3314 3576 3515 retraite; mais il n'eſt point de belles
366 3510 3564 3727 priſons. Combien de temps ſerai-je encore
375 3714 2861 3919 obligé d'y bâiller? Mais ciell...
1821 4470 2262 4618 Suite.
2789 4772 3413 4925 Rouen.
473 5098 3596 5334 annis que je t'écrivois, j'ai vu
407 5319 3600 5528 entrer, dans ma chambre, un petit Frère
415 5519 3768 5740 conduit par le grand Frère; c'eſt-à-dire
415 5719 3604 5907 par le chef de la Communauté. „Bon-
424 5927 3597 6124 “jour, mon cher ami, m'a-t-il dit, en
432 6127 3612 6348 “me tendant les bras, pour m'embraſ-
424 6319 3625 6552 “ſer.“ J'ai préſenté ma joue machina-
