4266 8042
2026 377 2577 608 r.
914 602 3950 801 “les miens. Bientôt l'heure de partir eſt
634 802 3944 989 “venue. Je ſuis ſortie de la chambre
907 1000 3940 1191 “fort doucement, me gardant bien de
903 1195 3936 1390 “l'éveiller. J'avois prévenu, la veille,
902 1389 3935 1588 “que je ne partirois pas avec la Galiotte,
898 1583 3939 1778 “& que je priois qu'on me laiſsât dor-
727 1778 4176 1974 “mir. Vêtue en Frère, au point du
902 1973 3931 2168 “jour, j'ai recommandé qu'on prît bien
890 2168 4173 2381 “garde d'éveiller la jeune Dame, qui
894 2366 4169 2557 “avoit beſoin de repos. On m'a répondu,
884 2561 4173 2752 “ſans me reconnoître, qu'on étoit pré-
884 2760 4166 2947 “venu de ſes intentions, & qu'on au-
883 2950 4165 3146 “roit grand ſoin de ne pas faire de
879 3144 3923 3335 “bruit. Il y avoit là des ſoldats qui
560 3340 3916 3527 “nous écoutoient, & qui ne me re-
876 3531 4166 3726 “connoiſſoient pas non plus.“ -- „Quoi!
887 3729 4170 3928 “me dirent-ils, cette jeune Dame ne va
880 3928 4177 4119 “donc pas à Rouen?“ -- „Non, leur ré-
872 4123 4174 4314 “pondis-je: & vous?“ -- „Nous autres,
867 4316 4172 4512 “dirent-ils, nous allons à Evreux.“ --
855 4511 3904 4707 „Hé bien, repris-je, vous lui rendriez
867 4682 4165 4920 “un grand ſervice de l'y conduire. Il
875 4896 3892 5087 “faut qu'elle y aille; mais elle voudroit,
867 5095 3923 5297 “auparavant, paſſer dans un château,
867 5286 3892 5490 “où elle veut voir quelqu'un, qu'elle
859 5480 3896 5671 “ne doit pas voir. Elle eſt tendue à
863 5675 3892 5875 “Evreux; il faut qu'elle s' rende. Si
688 5869 4098 6068 “vous vouliez vous charger d'elle, peut-
863 6060 3884 6259 “être qu'elle refuſeroit de ſe livrer entre
