4266 7951
2060 366 2915 555 r.
931 592 4038 794 “pauvre malheureux, que j'ai trompé
935 788 3927 966 “de ſi bon cœur. Que ſera-t-il devenu?
611 981 3915 1179 “Ces ſoldats ne lui auront-ils pas joué
923 1173 3927 1376 “quelque mauvais tour? Au reſte, il
927 1366 3931 1568 “peut arriver au premier moment. Il
831 1564 3927 1763 “faut le prévenir & décamper; mais
912 1759 3569 1953 “comment en venir à bout?“
915 1951 4043 2341 un le meuret caue evuouois entou it
911 2332 4054 2537 la force, elle à la ruſe. Tout ce que j'i-
911 2533 3919 2728 maginois ſentoit un jeune-homme vio-
915 2717 3946 2920 lent & imprudent; tout ce qui lui venoit
915 2914 3946 3107 dans la tête, portoit le caractère doux
908 3106 3915 3301 & inſinuant de ſon ſexe. Enfin, elle
908 3298 3915 3493 s'arrêta à cette idée, qui n'étoit pas neuve.
908 3488 4077 3684 „Mon ami, dit-elle, vîte, prends mes
901 3685 3909 3847 “habits de Frère, ils t'itont comme ils
901 3878 3912 4067 “pourront. Laiſſe - moi les tiens. Vêtu
900 4069 3912 4270 “en noble Ignorantin, tu en impoſeras;
896 4262 3915 4428 “le Portier t'obéira & t'ouvrira avec
585 4455 3916 4648 “reſpect. Un amant jadis ſauva ainſi ſon
901 4652 3916 4844 “amante; une amante, à ſon tour, peut
901 4844 3909 5022 “bien ſauver ſon amant.“ -- „Que
900 5036 3912 5229 “dis - tu, ma chère, lui répondis - je?
900 5228 4100 5437 “Moi, me ſauver à tes dépens, en te
896 5421 3915 5587 “laiſſant ainſi dans les mains des enne-
905 5622 3909 5811 “mis! Me crois - tu donc capable de
904 5810 3908 6002 “cette lâcheté?“ -- „Il n'y a point ici
900 5994 3908 6203 “de lâcheté, reprit-elle; tu es bien en
