<PcGts xmlns="http://schema.primaresearch.org/PAGE/gts/pagecontent/2017-07-15" xmlns:xsi="http://www.w3.org/2001/XMLSchema-instance" xsi:schemaLocation="http://schema.primaresearch.org/PAGE/gts/pagecontent/2017-07-15 http://schema.primaresearch.org/PAGE/gts/pagecontent/2017-07-15/pagecontent.xsd"><Metadata><Creator>User123</Creator><Created>2020-10-14T11:42:35</Created><LastChange>2020-10-14T11:42:35</LastChange></Metadata><Page imageFilename="0026.png" imageHeight="8500" imageWidth="4266"><TextRegion id="r0" type="paragraph" orientation="0.125"><Coords points="1,1 4264,1 4264,8498 1,8498"/><TextLine id="r0_l001"><Coords points="2065,674 2056,665 2056,664 2047,655 2047,654 2038,645 2038,644 2029,635 2029,634 2024,629 2024,628 2024,627 1818,628 1816,626 1816,625 1815,624 1814,624 1812,622 1812,621 1810,619 1809,619 1808,618 1808,617 1806,615 1805,615 1804,614 1804,613 1802,611 1801,611 1800,610 1800,609 1799,608 1799,604 1798,603 1797,603 1796,602 1796,601 1795,600 1795,592 1794,591 1793,591 1792,590 1792,589 1791,588 1791,583 1791,583 1790,583 1787,580 1787,559 1785,558 1784,558 1783,556 1783,507 1785,505 1786,505 1787,504 1787,491 1788,490 1788,489 1788,489 1789,489 1792,486 1792,485 1792,485 1793,485 1795,483 1795,471 1796,470 1796,469 1796,469 1797,469 1800,466 1800,465 1800,465 1801,465 1804,462 1804,457 1805,456 1806,456 1808,454 1808,453 1808,453 1809,452 1810,452 1812,450 1812,445 1813,444 1814,444 1816,442 1816,441 1817,440 1842,440 1844,438 1844,434 1845,433 1845,432 1845,432 1846,432 1847,431 1849,429 1849,428 1849,428 2025,427 2028,430 2028,431 2030,433 2030,434 2031,435 2031,436 2033,438 2033,439 2035,441 2035,442 2037,444 2153,444 2155,445 2155,446 2156,448 2161,448 2163,449 2163,450 2164,452 2165,452 2167,453 2167,454 2168,456 2169,456 2171,457 2171,462 2173,465 2174,465 2175,465 2175,470 2177,473 2178,473 2179,473 2179,474 2181,477 2182,477 2183,477 2183,494 2184,495 2184,496 2184,497 2185,497 2188,499 2188,508 2188,509 2189,509 2192,511 2192,553 2192,554 2259,554 2261,555 2261,561 2260,562 2188,562 2188,562 2188,572 2185,575 2185,664 2186,665 2476,664 2478,667 2478,668 2479,668 2480,668 2482,671 2480,673 2186,674 2185,674"/><TextEquiv index="1"><Unicode></Unicode></TextEquiv></TextLine><TextLine id="r0_l002"><Coords points="2119,889 2118,888 2118,887 2116,885 2107,885 2106,884 2106,837 2105,836 2041,836 2041,836 2041,835 2038,832 1841,833 1838,836 1833,836 1832,834 1832,833 1830,832 1503,832 1501,835 1501,836 1500,836 1265,837 1265,837 1265,838 1263,840 983,840 982,840 714,840 714,840 714,839 711,836 670,836 668,834 668,833 667,832 662,832 660,830 660,829 659,828 658,828 656,826 656,824 655,823 473,824 473,824 473,825 470,828 469,828 469,828 469,829 466,832 461,832 461,831 461,830 456,825 455,812 456,811 456,772 458,771 467,771 468,769 468,768 470,767 491,767 492,766 493,766 493,765 493,764 496,762 677,761 677,761 677,760 678,759 679,759 680,758 692,758 693,757 693,703 694,702 695,702 698,699 698,698 699,697 709,697 709,697 709,696 712,693 721,693 721,694 721,695 722,696 722,697 723,697 729,697 730,699 730,750 731,750 917,750 917,749 917,713 918,712 918,710 919,710 920,710 922,707 922,698 924,697 941,697 942,698 942,703 944,705 945,705 946,706 946,746 947,747 986,746 987,748 987,749 989,750 990,750 990,751 991,752 991,753 994,755 1044,755 1044,755 1044,691 1046,689 1052,689 1052,690 1052,755 1053,755 1159,755 1159,755 1159,703 1161,701 1162,701 1163,700 1163,699 1165,697 1174,697 1175,696 1175,695 1177,693 1186,693 1187,695 1187,696 1189,697 1190,697 1191,699 1191,743 1192,743 1309,743 1309,742 1309,679 1310,678 1310,677 1311,677 1313,677 1314,678 1314,742 1315,743 1372,743 1373,742 1374,742 1375,740 1375,723 1378,721 1379,721 1379,720 1379,715 1382,713 1383,713 1383,712 1383,711 1386,709 1387,709 1387,708 1387,707 1390,705 1391,705 1391,704 1391,703 1394,701 1395,701 1395,700 1395,699 1398,697 1403,697 1403,696 1403,695 1406,693 1435,693 1436,694 1545,693 1546,695 1546,699 1547,700 1547,701 1548,701 1549,701 1550,702 1730,702 1730,701 1730,698 1731,698 1732,698 1732,697 1739,690 1739,689 1740,689 1754,689 1754,689 1754,690 1755,691 1757,693 1758,693 1759,694 1759,753 1760,754 1971,753 1971,753 1971,752 1973,750 1983,750 1983,750 1983,749 1986,746 2208,746 2208,745 2208,743 2210,742 2215,742 2216,740 2216,739 2218,738 2265,738 2265,737 2265,694 2267,693 2268,693 2269,692 2269,691 2269,690 2271,689 2272,689 2272,688 2273,687 2273,686 2275,685 2285,685 2286,686 2480,685 2480,685 2480,673 2481,672 2481,673 2481,685 2482,685 2579,685 2579,686 2579,687 2584,692 2584,762 2585,762 2586,762 2588,764 2588,769 2589,770 2590,770 2592,772 2592,798 2593,799 2771,799 2771,798 2771,784 2773,783 2774,783 2775,781 2775,772 2777,771 2778,771 2779,769 2779,765 2780,764 2780,763 2781,763 2782,763 2783,762 2784,760 2784,759 2786,758 2791,758 2792,756 2792,722 2793,722 2794,722 2796,719 2796,714 2797,714 2798,714 2800,711 2800,710 2801,710 2802,710 2804,707 2804,706 2805,706 2806,706 2808,703 2808,702 2810,701 2816,700 2819,697 2835,697 2837,700 2837,701 2838,701 2839,701 2841,704 2841,705 2842,705 2847,705 2848,706 2849,706 2849,707 2849,713 2850,713 2851,713 2853,716 2853,734 2854,734 3069,734 3069,733 3069,691 3070,690 3070,689 3071,689 3072,689 3072,688 3074,686 3074,685 3075,685 3089,685 3090,683 3090,682 3092,681 3101,681 3102,682 3102,683 3104,685 3105,685 3106,686 3106,737 3107,738 3170,738 3171,739 3513,738 3515,740 3515,741 3516,742 3526,742 3526,742 3526,743 3527,744 3527,745 3528,746 3534,746 3535,747 3535,753 3536,754 3541,754 3542,755 3543,755 3543,755 3543,761 3544,762 3582,762 3584,764 3584,765 3585,766 3606,766 3607,767 3608,767 3608,767 3608,768 3611,771 3620,771 3621,772 3622,851 3622,852 3636,852 3637,851 3637,849 3638,848 3639,848 3641,846 3641,841 3642,840 3643,840 3645,838 3645,837 3646,836 3647,836 3649,834 3649,833 3650,832 3660,832 3661,831 3661,830 3662,829 3662,828 3662,828 3663,828 3664,827 3666,825 3666,824 3666,824 3672,824 3674,825 3674,829 3673,830 3673,831 3672,832 3667,832 3665,834 3665,835 3664,836 3662,836 3661,837 3661,843 3660,844 3650,844 3649,845 3649,846 3643,852 3642,852 3641,853 3633,853 3633,853 3633,855 3632,856 3631,856 3630,857 3622,857 3621,855 3620,787 3620,787 3619,787 3617,788 3617,792 3616,793 3616,794 3616,795 3540,795 3539,795 3539,801 3538,803 3537,803 3534,805 3534,809 3532,812 3531,812 3531,812 3531,813 3528,816 3523,816 3523,816 3523,817 3520,820 3507,820 3506,821 3506,822 3504,824 3331,824 3331,825 3331,879 3326,884 3326,885 3325,885 3299,885 3298,884 3298,883 3296,881 3295,881 3294,880 3294,828 3293,827 3091,828 3090,826 3090,825 3088,824 2895,824 2893,827 2893,828 2892,828 2883,828 2881,826 2881,825 2880,824 2686,825 2686,825 2686,829 2683,832 2682,832 2682,832 2682,841 2681,842 2681,843 2680,844 2679,844 2678,845 2678,849 2677,850 2677,851 2676,852 2675,852 2673,854 2673,855 2672,856 2671,856 2670,857 2666,857 2665,858 2665,859 2664,860 2663,860 2662,861 2653,861 2653,861 2653,862 2650,865 2646,865 2645,863 2645,828 2644,828 2359,828 2359,829 2359,835 2358,835 2352,836 2351,834 2351,832 2350,832 2147,832 2147,832 2147,886 2146,887 2146,888 2145,889"/><TextEquiv index="1"><Unicode>“droit de fuir la captivité, &amp; de pro-</Unicode></TextEquiv></TextLine><TextLine id="r0_l003"><Coords points="2214,1098 2213,1097 2213,1093 2213,1093 2038,1093 2037,1093 2037,1092 2035,1089 2018,1089 2016,1088 2016,1074 2016,1073 131,1077 130,1077 130,1037 129,1036 110,1036 109,1035 109,1034 110,1032 455,1032 456,1031 456,1017 457,1016 458,1016 460,1014 460,976 461,975 462,975 465,972 465,971 465,971 503,971 505,969 505,968 506,967 659,966 660,966 660,954 659,953 97,954 97,954 97,953 96,952 94,950 93,950 93,950 93,948 94,946 659,945 660,945 660,937 669,928 669,923 669,922 670,922 673,920 673,915 673,914 674,914 677,912 677,911 677,910 678,910 679,909 683,909 685,908 685,907 685,906 686,906 687,905 696,905 697,905 697,904 699,901 1410,900 1413,897 2433,894 2434,893 3089,892 3090,891 3090,890 3091,889 3092,889 3094,887 3094,886 3095,885 3125,885 3126,885 3126,886 3128,889 3202,889 3203,890 3451,889 3453,891 3453,892 3454,893 3455,893 3457,895 3457,896 3458,897 3459,897 3461,899 3461,946 3461,946 3512,946 3515,948 3515,949 3515,950 3516,950 3519,952 3519,953 3519,954 3520,954 3523,956 3523,961 3524,963 3525,963 3527,964 3527,970 3527,971 3627,971 3629,972 3629,997 3627,999 3626,999 3625,1000 3625,1001 3623,1003 3622,1003 3621,1004 3609,1004 3608,1005 3608,1006 3607,1007 3539,1007 3539,1007 3539,1022 3537,1024 3536,1024 3535,1025 3535,1026 3533,1028 3491,1028 3490,1030 3490,1031 3488,1032 2841,1033 2841,1034 2841,1035 2839,1036 2367,1037 2367,1038 2367,1039 2366,1040 2224,1041 2223,1041 2223,1097 2223,1098"/><TextEquiv index="1"><Unicode>“fiter des ſecours que vient t'offrir l'a-</Unicode></TextEquiv></TextLine><TextLine id="r0_l004"><Coords points="1186,1310 1186,1310 1185,1250 1185,1249 1074,1249 1073,1248 664,1249 663,1248 662,1248 660,1247 660,1246 659,1244 658,1244 656,1243 656,1236 656,1235 450,1236 448,1234 448,1233 447,1232 446,1232 444,1230 444,1188 446,1187 447,1187 448,1185 448,1180 450,1179 451,1179 452,1177 452,1176 453,1175 453,1175 327,1175 326,1174 326,1173 325,1172 325,1169 326,1168 326,1167 327,1167 664,1166 665,1165 665,1164 666,1163 668,1163 669,1162 1187,1161 1187,1161 1187,1157 1190,1154 1191,1154 1191,1154 1191,1145 1198,1138 1203,1138 1203,1138 1203,1133 1212,1123 1212,1122 1213,1122 1219,1122 1219,1121 1219,1120 1222,1118 1227,1118 1228,1116 1228,1115 1230,1114 1247,1114 1248,1112 1248,1111 1250,1110 1251,1110 1252,1109 1804,1108 1804,1107 1804,1106 1805,1106 1806,1106 1807,1105 2212,1104 2212,1103 2212,1098 2213,1098 3527,1095 3529,1093 3579,1093 3580,1091 3580,1090 3582,1089 3591,1089 3592,1090 3592,1091 3594,1093 3607,1093 3608,1094 3608,1095 3610,1097 3611,1097 3612,1098 3612,1099 3614,1101 3615,1101 3616,1102 3616,1219 3617,1220 3624,1220 3625,1221 3625,1225 3624,1226 3624,1227 3624,1228 3623,1228 3620,1230 3620,1231 3620,1232 3582,1232 3580,1233 3580,1234 3579,1236 3201,1237 3200,1237 3200,1238 3199,1240 2487,1241 2485,1243 2485,1244 2485,1244 2421,1244 2420,1245 2420,1256 2420,1256 2419,1256 2416,1259 2416,1266 2415,1267 2416,1272 2414,1273 2413,1273 2412,1275 2412,1280 2410,1281 2409,1281 2408,1283 2408,1284 2406,1285 2405,1285 2404,1287 2404,1288 2402,1289 2401,1289 2400,1291 2400,1292 2398,1293 1188,1296 1188,1297 1188,1310 1187,1310"/><TextEquiv index="1"><Unicode>“mour. Quant à moi, je me crois auſſi</Unicode></TextEquiv></TextLine><TextLine id="r0_l005"><Coords points="3392,1497 3392,1497 3392,1496 3389,1493 3388,1493 3388,1493 3388,1451 3387,1450 1260,1455 1258,1457 1254,1457 1252,1454 1252,1453 1251,1453 984,1453 983,1452 666,1453 665,1452 665,1451 663,1449 659,1449 658,1448 657,1448 656,1447 656,1442 654,1440 653,1440 652,1439 652,1438 650,1436 649,1436 648,1435 449,1436 448,1434 448,1433 446,1432 441,1432 440,1430 440,1388 438,1387 437,1387 436,1385 436,1380 437,1379 438,1379 440,1377 440,1376 441,1375 484,1375 485,1374 485,1351 484,1351 86,1351 85,1350 85,1348 86,1346 484,1346 485,1345 485,1323 486,1322 957,1321 958,1320 958,1316 959,1315 959,1314 959,1314 968,1314 971,1311 971,1310 971,1310 973,1310 974,1309 1697,1307 1698,1306 1699,1306 1700,1305 1723,1305 1724,1306 2156,1305 2157,1306 2686,1305 2687,1306 2688,1306 2690,1307 2690,1337 2690,1338 2691,1338 2692,1339 2958,1338 2959,1339 2959,1355 2959,1355 3593,1354 3594,1355 3595,1355 3596,1355 3596,1356 3602,1363 3607,1363 3608,1363 3608,1364 3610,1367 3611,1367 3612,1367 3612,1369 3613,1370 3613,1420 3612,1421 3612,1422 3610,1424 3609,1424 3609,1424 3609,1425 3607,1427 3606,1428 3605,1428 3604,1429 3604,1435 3603,1436 3597,1436 3596,1437 3596,1438 3594,1440 3585,1440 3584,1441 3584,1442 3582,1444 3437,1444 3437,1445 3437,1488 3434,1490 3433,1490 3433,1491 3433,1492 3431,1493 3398,1493 3396,1496 3396,1497 3395,1497"/><TextEquiv index="1"><Unicode>“en droit de ſecourir un homme que</Unicode></TextEquiv></TextLine><TextLine id="r0_l006"><Coords points="429,1509 3610,1502 3610,1704 429,1711"/><TextEquiv index="1"><Unicode>“j'aime. Si Meſſieurs les Ignorantins le</Unicode></TextEquiv></TextLine><TextLine id="r0_l007"><Coords points="1216,1924 1216,1923 1217,1922 1217,1861 1216,1861 926,1862 926,1862 926,1863 924,1865 915,1865 914,1863 914,1862 912,1861 654,1861 652,1859 652,1858 651,1857 645,1857 645,1857 645,1856 641,1852 640,1852 640,1852 640,1845 639,1844 434,1845 433,1844 432,1844 432,1843 432,1842 429,1840 428,1840 428,1839 428,1833 429,1832 430,1832 432,1830 432,1792 432,1792 433,1792 436,1789 436,1788 437,1787 479,1787 481,1785 481,1784 482,1783 635,1782 636,1782 636,1781 637,1779 638,1779 640,1778 640,1777 641,1775 642,1775 644,1774 644,1773 645,1771 654,1771 656,1773 656,1775 656,1775 809,1775 812,1777 812,1778 812,1779 1068,1778 1069,1778 1069,1777 1070,1775 1234,1775 1236,1773 1236,1772 1237,1771 1238,1771 1240,1769 1240,1768 1241,1767 1243,1767 1244,1767 1244,1768 1245,1769 1245,1770 1245,1771 1246,1771 1248,1772 1248,1777 1249,1779 1442,1778 1443,1779 1815,1779 1816,1778 1816,1751 1816,1751 1827,1751 1828,1750 1827,1727 1829,1726 1831,1726 1832,1724 1832,1719 1834,1718 1852,1718 1853,1719 1854,1774 1854,1775 1901,1774 1902,1775 1920,1775 1922,1777 1922,1778 1923,1779 1923,1779 1924,1779 1925,1780 2106,1780 2107,1779 2120,1779 2122,1778 2122,1777 2123,1775 2276,1775 2277,1774 2277,1728 2277,1727 2277,1726 2278,1726 2279,1726 2280,1725 2281,1725 2282,1723 2282,1722 2283,1722 2329,1722 2331,1719 2331,1718 2332,1718 2391,1717 2392,1716 2392,1715 2393,1714 2399,1714 2400,1716 2400,1717 2402,1718 2403,1718 2404,1720 2405,1771 2405,1771 2843,1770 2845,1769 2845,1768 2845,1767 3040,1767 3041,1767 3040,1724 3041,1723 3042,1723 3043,1722 3044,1722 3045,1721 3045,1716 3047,1714 3052,1714 3053,1712 3053,1711 3055,1710 3057,1710 3057,1710 3057,1711 3058,1712 3058,1713 3059,1714 3065,1714 3065,1714 3066,1762 3066,1763 3133,1763 3134,1764 3565,1763 3568,1760 3568,1759 3568,1759 3573,1759 3576,1756 3576,1755 3576,1755 3578,1755 3579,1754 3580,1754 3581,1755 3582,1755 3584,1756 3584,1757 3585,1759 3603,1759 3604,1759 3604,1760 3609,1765 3609,1766 3609,1767 3615,1767 3616,1767 3616,1768 3617,1769 3617,1776 3616,1777 3616,1778 3615,1779 3614,1779 3612,1781 3612,1786 3611,1787 3610,1787 3608,1789 3608,1843 3607,1844 3606,1844 3605,1845 3601,1845 3600,1846 3600,1847 3599,1848 3598,1848 3597,1849 3257,1850 3257,1850 3257,1851 3255,1853 3109,1853 3109,1853 3109,1914 3108,1915 3107,1915 3107,1914 3107,1853 3106,1853 2948,1853 2946,1856 2946,1857 2945,1857 2916,1857 2915,1856 2727,1857 2727,1857 2727,1858 2724,1861 2723,1861 2722,1859 2722,1858 2720,1857 2245,1858 2245,1858 2245,1859 2243,1861 2175,1861 2175,1861 2175,1908 2173,1910 2160,1910 2159,1911 2159,1912 2157,1914 2131,1914 2131,1913 2131,1912 2128,1910 2127,1910 2126,1909 2126,1895 2125,1894 1985,1894 1983,1892 1983,1891 1981,1889 1980,1889 1979,1888 1979,1862 1978,1861 1902,1861 1901,1860 1698,1861 1698,1861 1698,1862 1695,1865 1617,1865 1616,1864 1616,1862 1615,1861 1454,1861 1453,1860 1219,1861 1219,1861 1219,1922 1220,1923 1219,1924"/><TextEquiv index="1"><Unicode>“trouvent mauvais, qu'ils me retiennent</Unicode></TextEquiv></TextLine><TextLine id="r0_l008"><Coords points="703,2127 703,2066 703,2065 691,2065 690,2066 690,2126 690,2126 685,2126 684,2126 684,2066 684,2065 670,2065 669,2066 669,2117 668,2118 658,2118 657,2119 657,2120 656,2121 656,2122 656,2122 650,2122 648,2121 648,2120 647,2118 638,2118 636,2117 636,2049 636,2048 487,2049 485,2047 485,2046 484,2045 439,2045 438,2044 437,2044 436,2043 436,2042 434,2040 433,2040 432,2039 432,2038 430,2036 429,2036 428,2035 428,2029 430,2028 432,2028 432,2027 432,1988 434,1987 447,1987 448,1985 448,1984 450,1983 451,1983 451,1983 452,1984 452,1985 454,1987 640,1986 640,1986 640,1985 641,1984 642,1984 643,1983 648,1983 648,1983 648,1982 651,1979 745,1979 746,1978 746,1977 748,1975 799,1975 799,1974 799,1928 804,1923 804,1922 804,1922 903,1922 905,1920 905,1919 906,1918 908,1918 909,1918 909,1919 910,1920 910,1921 910,1922 920,1922 921,1922 921,1923 923,1926 924,1926 926,1927 926,1979 927,1980 1207,1979 1207,1979 1207,1930 1208,1929 1208,1928 1209,1926 1214,1926 1215,1925 1215,1924 1215,1924 1219,1924 1221,1926 1226,1926 1228,1927 1228,1929 1228,1930 1283,1930 1285,1931 1285,1932 1286,1934 1291,1934 1293,1935 1293,1936 1294,1937 1294,1938 1295,1938 1297,1939 1297,1940 1298,1941 1298,1953 1299,1955 1300,1955 1301,1955 1301,1956 1302,1957 1302,1965 1304,1967 1305,1967 1305,1967 1305,1968 1306,1969 1306,1978 1307,1979 1382,1979 1383,1980 1455,1979 1457,1982 1457,1983 1458,1983 1463,1983 1465,1986 1465,1987 1466,1987 1467,1987 1469,1990 1469,1991 1470,1991 1471,1991 1473,1994 1473,1995 1474,1995 1475,1995 1477,1998 1477,2003 1478,2003 1479,2003 1481,2006 1481,2032 1482,2032 1520,2032 1521,2033 1522,2033 1522,2034 1522,2035 1525,2037 1526,2037 1526,2038 1526,2048 1527,2048 1706,2048 1706,2047 1706,1936 1703,1934 1686,1934 1685,1932 1685,1928 1690,1923 1690,1922 1690,1922 1736,1922 1739,1924 1739,1925 1739,1926 1744,1926 1745,1926 1747,1928 1747,1978 1748,1979 1975,1978 1975,1978 1975,1932 1976,1930 1977,1930 1984,1924 1984,1923 1984,1922 2002,1922 2004,1924 2004,1975 2005,1975 2256,1975 2257,1976 2257,1979 2258,1980 2449,1979 2449,1979 2449,1924 2450,1922 2451,1922 2453,1921 2453,1920 2454,1918 2467,1918 2469,1917 2469,1916 2470,1914 2476,1914 2477,1915 2477,1926 2477,1926 2660,1926 2661,1925 2661,1923 2662,1922 2667,1922 2669,1920 2669,1919 2670,1918 2684,1918 2685,1918 2685,1919 2686,1920 2686,1971 2687,1972 3102,1971 3102,1970 3102,1919 3103,1918 3104,1918 3106,1916 3106,1915 3106,1915 3108,1915 3109,1914 3116,1914 3119,1916 3119,1917 3119,1918 3120,1918 3123,1920 3123,1967 3124,1968 3285,1967 3286,1969 3286,1970 3288,1971 3534,1971 3535,1969 3535,1968 3537,1967 3587,1967 3588,1968 3588,1969 3589,1970 3590,1971 3591,1971 3592,1972 3592,1977 3594,1979 3595,1979 3596,1980 3596,1989 3599,1992 3600,1992 3600,1992 3600,2035 3601,2036 3607,2036 3608,2037 3608,2047 3607,2049 3606,2049 3604,2050 3604,2051 3603,2053 3280,2053 3279,2052 3075,2053 3074,2053 3074,2054 3072,2057 2724,2058 2721,2061 2529,2061 2526,2059 2526,2058 2526,2057 2427,2057 2426,2056 2246,2057 2245,2057 2245,2058 2243,2061 2169,2061 2167,2062 2167,2063 2166,2065 2161,2065 2159,2063 2159,2061 2159,2061 1813,2062 1812,2062 1812,2063 1811,2065 1712,2065 1710,2066 1710,2067 1709,2069 1708,2069 1705,2071 1705,2072 1705,2073 1696,2073 1693,2075 1693,2076 1693,2077 1679,2077 1677,2075 1677,2074 1676,2073 1671,2073 1669,2072 1669,2070 1669,2069 1444,2069 1443,2068 1442,2069 1440,2067 1440,2066 1439,2065 1005,2065 1004,2064 705,2065 704,2066 704,2127 704,2127"/><TextEquiv index="1"><Unicode>“priſonnière. Je leur déclarerai mon</Unicode></TextEquiv></TextLine><TextLine id="r0_l009"><Coords points="996,2302 995,2301 995,2300 991,2296 991,2286 990,2285 850,2286 848,2283 848,2273 847,2273 714,2273 714,2273 714,2272 711,2269 632,2269 632,2269 632,2268 631,2267 631,2266 630,2265 629,2265 628,2264 628,2253 627,2252 437,2253 436,2254 436,2255 434,2257 433,2257 431,2254 431,2253 430,2253 429,2253 428,2251 428,2250 426,2249 425,2249 424,2247 424,2246 423,2245 423,2243 424,2242 424,2241 424,2241 425,2241 428,2238 428,2200 428,2200 429,2200 430,2199 432,2197 432,2196 432,2196 470,2196 473,2193 473,2192 473,2192 474,2192 475,2191 631,2190 632,2190 632,2189 632,2188 633,2188 634,2187 638,2187 639,2186 640,2186 644,2182 644,2177 646,2175 647,2175 648,2174 648,2161 650,2159 651,2159 652,2158 652,2153 654,2151 655,2151 656,2150 656,2145 658,2143 659,2143 660,2142 660,2137 663,2134 664,2134 664,2134 664,2133 667,2130 672,2130 673,2129 673,2128 675,2126 703,2126 704,2127 705,2127 705,2128 705,2129 707,2130 708,2130 709,2132 709,2133 710,2134 710,2183 711,2183 896,2183 897,2184 897,2186 898,2187 907,2187 909,2188 909,2189 910,2190 911,2192 912,2192 914,2193 914,2194 915,2196 916,2196 918,2197 918,2202 919,2204 920,2204 922,2205 922,2216 922,2217 1112,2216 1113,2216 1113,2215 1114,2214 1114,2205 1114,2204 1124,2204 1126,2203 1126,2202 1128,2199 1129,2199 1130,2199 1130,2198 1131,2197 1130,2157 1132,2155 1133,2155 1134,2154 1134,2153 1136,2151 1137,2151 1138,2150 1138,2149 1140,2147 1149,2147 1150,2146 1150,2145 1151,2144 1152,2143 1153,2143 1154,2142 1164,2142 1165,2143 1166,2143 1166,2144 1167,2145 1167,2146 1169,2147 1174,2147 1175,2149 1175,2150 1177,2151 1178,2151 1179,2153 1179,2158 1181,2159 1182,2159 1183,2161 1183,2179 1184,2179 1235,2179 1236,2180 1236,2181 1238,2183 1243,2183 1244,2184 1244,2186 1245,2187 1372,2187 1373,2188 1655,2187 1656,2186 1656,2185 1657,2184 1658,2184 1659,2183 1872,2183 1873,2181 1873,2180 1874,2180 1875,2180 1876,2179 1896,2179 1897,2180 2313,2179 2314,2180 2465,2179 2465,2179 2465,2132 2466,2131 2467,2131 2470,2128 2470,2127 2471,2126 2510,2126 2510,2126 2510,2124 2512,2122 2591,2122 2591,2122 2591,2123 2592,2124 2592,2178 2593,2179 2881,2178 2884,2175 2885,2175 2886,2174 2886,2165 2888,2163 2889,2163 2890,2162 2890,2148 2891,2147 2892,2147 2894,2145 2894,2140 2895,2139 2896,2139 2898,2137 2898,2136 2899,2135 2900,2135 2902,2133 2902,2132 2903,2131 2904,2131 2906,2129 2906,2128 2907,2127 2908,2127 2910,2125 2910,2124 2912,2122 2917,2122 2919,2120 2919,2119 2920,2118 2942,2118 2943,2120 2943,2121 2945,2122 2946,2122 2947,2124 2947,2175 2948,2175 3278,2174 3278,2174 3278,2173 3280,2171 3281,2171 3281,2171 3281,2170 3284,2167 3289,2167 3290,2169 3290,2170 3292,2171 3567,2171 3567,2170 3567,2169 3570,2167 3579,2167 3579,2167 3579,2168 3582,2171 3591,2171 3592,2172 3592,2173 3594,2175 3595,2175 3596,2176 3596,2176 3596,2177 3598,2179 3599,2179 3599,2179 3599,2181 3602,2184 3603,2184 3603,2184 3604,2185 3606,2188 3607,2188 3608,2188 3608,2197 3610,2200 3611,2200 3612,2200 3612,2202 3610,2204 3609,2204 3608,2205 3608,2239 3607,2240 3606,2240 3606,2240 3604,2242 3604,2243 3603,2244 3602,2244 3600,2246 3600,2247 3598,2249 3593,2249 3592,2250 3592,2251 3590,2253 3589,2253 3588,2254 3588,2255 3586,2257 3576,2257 3576,2257 3576,2258 3575,2259 3575,2260 3574,2261 3564,2261 3564,2260 3564,2259 3563,2258 3563,2257 3562,2257 3295,2257 3294,2259 3294,2260 3292,2261 3291,2261 3290,2260 2968,2261 2968,2262 2968,2263 2965,2265 2960,2265 2959,2264 2646,2265 2645,2266 2645,2267 2643,2269 2641,2269 2641,2268 2641,2267 2640,2266 2640,2265 2639,2265 2409,2265 2408,2264 1902,2265 1901,2267 1901,2268 1900,2269 1576,2269 1575,2271 1575,2273 1574,2273 1482,2273 1481,2272 1355,2273 1355,2272 1355,2271 1352,2269 1152,2269 1150,2272 1150,2273 1149,2273 1028,2273 1028,2274 1028,2276 1026,2277 1025,2277 1024,2279 1024,2284 1021,2286 1020,2286 1020,2287 1020,2288 1017,2290 1016,2290 1016,2291 1016,2292 1013,2294 1012,2294 1012,2295 1012,2296 1009,2298 1000,2298 1000,2299 1000,2300 997,2302"/><TextEquiv index="1"><Unicode>“ſexe, &amp; nous verrons s'ils oſeront me</Unicode></TextEquiv></TextLine><TextLine id="r0_l010"><Coords points="1388,2537 1387,2536 1387,2473 1387,2473 1018,2473 1016,2475 1016,2476 1015,2477 997,2477 996,2476 936,2477 934,2475 934,2473 934,2473 715,2473 714,2474 714,2508 712,2510 711,2510 710,2511 710,2516 709,2517 709,2518 709,2518 704,2518 701,2521 701,2522 701,2522 688,2522 687,2523 686,2523 685,2524 685,2525 684,2526 679,2526 677,2528 677,2529 676,2530 675,2530 674,2531 660,2531 659,2530 658,2530 657,2530 656,2529 656,2528 655,2526 646,2526 644,2525 644,2524 643,2522 642,2522 640,2521 640,2457 640,2456 442,2457 440,2455 440,2454 439,2453 438,2453 436,2451 436,2450 435,2449 430,2449 428,2447 428,2400 428,2400 429,2400 430,2399 431,2399 432,2398 432,2392 432,2392 455,2392 456,2392 456,2393 458,2396 651,2395 652,2395 652,2394 653,2392 654,2392 656,2391 656,2390 658,2387 921,2387 922,2386 922,2339 923,2338 924,2338 926,2336 926,2335 926,2335 927,2335 928,2334 948,2334 950,2335 950,2387 950,2388 1296,2387 1297,2386 1297,2344 1299,2342 1300,2342 1301,2341 1301,2340 1302,2339 1303,2339 1306,2336 1306,2335 1307,2334 1312,2334 1314,2332 1314,2331 1315,2330 1319,2330 1324,2335 1325,2335 1326,2335 1326,2386 1326,2387 1433,2387 1434,2388 1449,2387 1450,2388 1654,2388 1655,2387 1855,2387 1857,2385 1857,2384 1857,2384 1858,2384 1859,2383 1874,2383 1875,2384 1876,2384 1877,2384 1877,2385 1879,2388 2031,2387 2032,2387 2032,2337 2034,2334 2042,2334 2045,2337 2045,2383 2045,2383 2468,2382 2469,2382 2469,2336 2469,2335 2470,2335 2471,2334 2472,2334 2473,2334 2473,2333 2475,2330 2476,2330 2477,2330 2477,2329 2479,2326 2488,2326 2489,2326 2489,2325 2491,2322 2492,2322 2493,2323 2494,2324 2494,2325 2498,2329 2498,2383 2498,2383 2852,2382 2853,2382 2853,2381 2853,2380 2854,2380 2857,2378 2857,2361 2858,2359 2859,2359 2861,2358 2861,2349 2862,2347 2863,2347 2864,2346 2865,2346 2865,2345 2866,2343 2867,2343 2868,2342 2869,2342 2869,2341 2871,2338 2872,2338 2873,2338 2873,2337 2875,2334 2876,2334 2877,2334 2877,2333 2879,2330 2880,2330 2881,2330 2881,2329 2883,2326 2912,2326 2914,2328 2914,2329 2914,2329 2915,2330 2916,2330 2918,2332 2918,2363 2918,2363 3063,2363 3065,2364 3065,2378 3065,2379 3150,2379 3151,2378 3151,2335 3151,2335 3152,2335 3153,2334 3154,2334 3155,2333 3155,2327 3155,2327 3156,2327 3160,2323 3160,2322 3160,2322 3165,2322 3167,2323 3167,2324 3167,2325 3168,2326 3169,2326 3172,2328 3172,2329 3172,2330 3173,2330 3176,2332 3176,2378 3176,2379 3317,2378 3320,2375 3323,2378 3323,2379 3323,2379 3533,2379 3535,2377 3535,2376 3536,2375 3590,2375 3592,2376 3592,2398 3593,2400 3594,2400 3596,2401 3596,2438 3607,2449 3608,2449 3608,2449 3608,2451 3609,2452 3609,2453 3608,2454 3608,2455 3607,2457 3606,2457 3604,2458 3604,2459 3603,2461 3598,2461 3596,2462 3596,2463 3595,2465 3549,2465 3547,2463 3547,2462 3546,2461 3329,2461 3326,2464 3326,2465 3326,2465 3312,2465 3311,2464 3100,2465 3098,2466 3098,2467 3097,2469 2932,2469 2931,2469 2931,2468 2929,2465 2870,2465 2869,2466 2869,2528 2869,2528 2862,2528 2861,2528 2861,2466 2861,2465 2679,2466 2677,2467 2677,2468 2677,2469 2639,2469 2636,2471 2636,2472 2636,2473 2622,2473 2620,2471 2620,2470 2619,2469 2540,2469 2539,2468 2463,2468 2462,2469 2462,2530 2462,2530 2453,2530 2452,2530 2452,2469 2452,2468 2312,2469 2310,2470 2310,2471 2309,2473 2099,2473 2098,2474 2098,2521 2097,2522 2092,2522 2090,2524 2090,2525 2089,2526 2076,2526 2073,2529 2073,2530 2073,2530 2072,2530 2071,2531 2068,2531 2065,2529 2065,2528 2065,2527 2064,2527 2061,2525 2061,2499 2061,2498 1928,2498 1926,2497 1926,2473 1926,2472 1667,2473 1665,2475 1665,2476 1664,2477 1491,2477 1490,2478 1489,2478 1488,2477 1487,2477 1486,2476 1426,2477 1424,2475 1424,2474 1423,2473 1396,2473 1395,2473 1395,2536 1395,2537"/><TextEquiv index="1"><Unicode>“garder chez eux, pour leur ſervice ou</Unicode></TextEquiv></TextLine><TextLine id="r0_l011"><Coords points="2322,2737 2322,2736 2322,2731 2321,2731 2284,2731 2283,2730 2282,2730 2281,2728 2281,2681 2280,2681 897,2684 897,2684 897,2739 896,2740 881,2740 881,2739 881,2726 880,2726 628,2726 628,2726 628,2725 625,2722 624,2722 624,2722 624,2661 623,2660 425,2661 423,2658 423,2657 422,2657 421,2657 419,2654 419,2647 419,2646 419,2606 420,2605 420,2604 421,2604 422,2604 424,2601 424,2600 425,2600 467,2600 468,2598 468,2598 48,2599 47,2598 47,2595 48,2594 48,2592 49,2592 644,2590 646,2588 1228,2587 1228,2586 1228,2544 1231,2542 1232,2542 1232,2541 1232,2540 1234,2539 1239,2539 1240,2537 1240,2536 1243,2534 2446,2531 2447,2530 2861,2529 2862,2528 2869,2528 2871,2530 2876,2530 2877,2532 2877,2533 2878,2534 2880,2535 2881,2535 2882,2537 2882,2583 2883,2583 3100,2583 3101,2584 3102,2584 3102,2584 3102,2585 3105,2588 3110,2588 3110,2588 3110,2589 3113,2592 3114,2592 3114,2592 3114,2632 3115,2633 3329,2632 3331,2635 3331,2636 3332,2636 3418,2636 3419,2637 3420,2637 3420,2638 3420,2640 3422,2641 3423,2641 3424,2643 3425,2659 3424,2660 3424,2661 3423,2661 3422,2661 3421,2662 3420,2664 3420,2665 3419,2665 3414,2665 3412,2668 3412,2669 3411,2669 2951,2670 2951,2671 2951,2672 2949,2673 2326,2675 2326,2675 2326,2736 2325,2737"/><TextEquiv index="1"><Unicode>“pour celui de leurs priſonniers....</Unicode></TextEquiv></TextLine><TextLine id="r0_l012"><Coords points="1083,2918 1081,2917 1081,2916 1081,2915 1080,2915 1079,2914 1078,2914 1077,2914 1077,2883 1077,2882 988,2882 987,2881 888,2882 884,2878 703,2878 701,2880 701,2881 700,2882 699,2881 698,2881 697,2881 697,2879 697,2878 631,2878 630,2877 629,2877 628,2877 628,2876 625,2873 612,2873 611,2872 611,2865 610,2864 416,2865 416,2864 416,2863 413,2861 412,2861 412,2860 412,2859 411,2858 411,2854 409,2853 408,2853 407,2851 407,2850 408,2849 409,2849 411,2847 411,2806 412,2805 412,2804 412,2804 413,2804 415,2802 415,2798 416,2797 416,2796 416,2796 438,2796 440,2797 440,2798 441,2800 446,2800 448,2801 448,2802 449,2804 618,2803 619,2803 619,2746 620,2745 620,2744 620,2743 621,2743 624,2741 624,2740 624,2739 626,2739 627,2738 628,2738 629,2739 630,2739 632,2741 632,2742 633,2743 874,2743 877,2740 877,2739 877,2739 880,2739 881,2740 896,2740 899,2743 904,2743 905,2743 905,2748 907,2751 908,2751 909,2751 909,2752 910,2753 910,2803 910,2804 986,2803 987,2804 993,2804 995,2806 995,2807 996,2808 1005,2808 1009,2812 1010,2812 1011,2813 1011,2814 1012,2815 1012,2857 1012,2857 1219,2857 1220,2856 1220,2805 1221,2804 1226,2804 1228,2802 1228,2801 1229,2800 1484,2799 1485,2799 1485,2798 1486,2796 1729,2796 1730,2795 1730,2744 1731,2743 1732,2743 1734,2741 1734,2740 1735,2739 1749,2739 1750,2739 1750,2740 1752,2743 1753,2743 1755,2744 1755,2792 1755,2793 1949,2792 1951,2794 1951,2795 1952,2796 2313,2796 2314,2795 2314,2744 2315,2743 2316,2743 2318,2741 2318,2740 2320,2738 2321,2738 2322,2737 2326,2737 2328,2739 2333,2739 2334,2739 2334,2740 2336,2743 2337,2743 2338,2743 2338,2744 2339,2745 2339,2849 2339,2850 2570,2849 2571,2849 2571,2802 2572,2800 2573,2800 2574,2799 2576,2798 2576,2797 2576,2796 2581,2796 2584,2794 2584,2793 2584,2792 2721,2792 2722,2793 2840,2792 2841,2792 2841,2740 2841,2739 2842,2739 2845,2737 2845,2736 2846,2734 2847,2734 2849,2736 2849,2792 2849,2792 3125,2792 3126,2791 3126,2749 3127,2748 3127,2747 3127,2747 3128,2747 3131,2744 3131,2743 3131,2743 3132,2743 3135,2740 3135,2739 3135,2739 3137,2739 3138,2738 3139,2738 3140,2739 3141,2739 3142,2739 3143,2740 3143,2741 3144,2743 3149,2743 3151,2744 3151,2753 3152,2755 3153,2755 3155,2756 3155,2791 3155,2792 3374,2791 3376,2790 3376,2789 3376,2788 3459,2788 3461,2787 3461,2786 3461,2785 3462,2784 3463,2784 3464,2783 3568,2783 3569,2784 3570,2784 3572,2785 3572,2786 3573,2788 3595,2788 3596,2788 3596,2794 3597,2796 3598,2796 3600,2797 3600,2802 3598,2804 3597,2804 3596,2805 3596,2859 3594,2861 3589,2861 3588,2862 3588,2863 3586,2865 3585,2865 3584,2866 3584,2867 3582,2869 3581,2869 3580,2870 3580,2871 3579,2873 3578,2873 3577,2874 3555,2874 3554,2873 3553,2873 3551,2871 3551,2870 3549,2869 3296,2869 3294,2872 3294,2873 3294,2873 3197,2874 3195,2873 2901,2873 2900,2874 2899,2874 2898,2875 2898,2876 2896,2878 2824,2878 2823,2877 2450,2878 2449,2879 2449,2892 2436,2905 2436,2906 2436,2906 2430,2906 2429,2907 2429,2908 2428,2909 2428,2910 2428,2910 2418,2910 2417,2911 2417,2912 2416,2913 2416,2914 2416,2914 2414,2914 2412,2913 2412,2912 2412,2911 2411,2911 2408,2909 2408,2878 2408,2877 2135,2878 2134,2878 2134,2880 2133,2882 2084,2882 2081,2880 2081,2879 2081,2878 1874,2879 1873,2879 1873,2880 1873,2881 1872,2881 1871,2882 1319,2883 1316,2886 1308,2886 1306,2884 1306,2883 1305,2882 1119,2882 1118,2883 1118,2897 1118,2897 1117,2897 1114,2900 1114,2904 1113,2905 1113,2906 1113,2906 1112,2906 1109,2909 1109,2910 1109,2910 1108,2910 1105,2913 1105,2914 1105,2914 1096,2914 1093,2917 1093,2918 1093,2918"/><TextEquiv index="1"><Unicode>“Enfin, mon cher ami, nous n'avons</Unicode></TextEquiv></TextLine><TextLine id="r0_l013"><Coords points="412,2942 3605,2935 3605,3135 412,3142"/><TextEquiv index="1"><Unicode>“pas de temps à perdre. Il faut prendre</Unicode></TextEquiv></TextLine><TextLine id="r0_l014"><Coords points="3504,3344 3503,3344 3503,3279 3502,3278 3368,3278 3368,3279 3368,3280 3365,3282 3364,3281 2911,3282 2910,3284 2910,3330 2908,3331 2907,3331 2906,3330 2906,3284 2904,3282 2899,3282 2898,3281 2703,3282 2702,3283 2702,3284 2701,3285 2700,3285 2700,3285 2698,3287 2698,3288 2696,3290 2686,3290 2686,3290 2686,3291 2683,3294 2678,3294 2678,3294 2678,3295 2675,3298 2670,3298 2669,3296 2669,3295 2667,3294 2662,3294 2661,3292 2661,3291 2660,3291 2659,3290 2658,3290 2657,3288 2657,3270 2656,3270 2498,3270 2498,3271 2498,3272 2496,3273 2437,3273 2437,3274 2437,3276 2434,3278 2433,3278 2432,3280 2432,3285 2430,3286 2347,3287 2347,3287 2347,3333 2346,3335 2345,3335 2341,3339 2312,3339 2310,3337 2310,3336 2309,3335 2308,3335 2306,3333 2306,3282 2305,3282 1771,3283 1771,3283 1771,3284 1769,3286 1768,3286 1767,3284 1767,3283 1765,3282 1510,3282 1510,3283 1510,3285 1508,3286 1474,3286 1473,3285 1473,3284 1471,3282 1462,3282 1461,3281 1233,3282 1232,3283 1232,3284 1230,3286 995,3286 995,3287 995,3338 994,3339 993,3339 991,3341 991,3342 990,3343 989,3343 988,3342 981,3343 979,3341 979,3340 978,3339 961,3339 958,3336 958,3335 958,3335 957,3335 954,3332 954,3286 953,3286 845,3286 844,3284 844,3283 842,3282 595,3282 595,3283 595,3289 593,3290 588,3290 587,3289 587,3287 586,3286 572,3286 571,3285 571,3270 570,3269 428,3270 428,3270 428,3271 425,3274 400,3274 399,3275 399,3276 397,3278 396,3278 395,3276 395,3274 395,3274 396,3274 397,3273 398,3273 399,3272 399,3205 400,3204 401,3204 402,3204 403,3205 403,3206 404,3208 623,3207 624,3207 624,3206 625,3204 626,3204 628,3203 628,3202 629,3200 630,3200 632,3199 632,3198 633,3196 634,3196 635,3196 636,3195 636,3194 637,3192 646,3192 648,3194 648,3199 649,3200 977,3200 978,3201 1214,3200 1215,3199 1215,3198 1217,3196 1268,3196 1269,3195 1269,3144 1270,3143 1445,3142 1446,3143 1455,3143 1456,3144 1456,3145 1458,3147 1458,3147 1459,3147 1460,3148 1460,3149 1462,3151 1463,3151 1465,3153 1465,3200 1465,3200 1684,3200 1685,3199 1685,3156 1686,3155 1687,3155 1691,3151 1694,3148 1694,3147 1694,3147 1700,3147 1701,3146 1701,3145 1702,3144 1702,3143 1702,3143 1708,3143 1710,3144 1710,3145 1711,3147 1712,3147 1714,3148 1714,3195 1714,3196 1781,3196 1782,3197 1974,3196 1975,3196 1975,3153 1976,3151 1977,3151 1978,3151 1979,3150 1979,3149 1980,3147 1998,3147 1999,3148 1999,3149 2001,3151 2002,3151 2004,3153 2004,3200 2004,3200 2328,3200 2330,3201 2330,3203 2330,3204 2362,3203 2363,3204 2373,3204 2375,3206 2375,3207 2376,3208 2672,3208 2673,3207 2673,3148 2674,3147 2729,3147 2730,3147 2730,3148 2735,3153 2735,3193 2735,3194 2898,3193 2899,3192 2950,3192 2951,3192 2951,3149 2952,3147 2953,3147 2955,3146 2955,3145 2956,3143 2965,3143 2968,3146 2968,3147 2968,3147 2969,3147 2971,3149 2971,3150 2972,3151 2972,3196 2972,3196 3223,3196 3224,3195 3224,3145 3225,3144 3225,3143 3225,3143 3247,3143 3249,3144 3249,3195 3249,3196 3279,3195 3280,3196 3370,3196 3371,3197 3371,3198 3372,3199 3372,3200 3372,3200 3484,3200 3486,3202 3486,3203 3487,3204 3488,3204 3490,3206 3490,3207 3491,3208 3492,3208 3494,3210 3494,3211 3495,3212 3496,3212 3498,3214 3498,3249 3498,3249 3574,3249 3576,3250 3576,3251 3577,3253 3586,3253 3588,3254 3588,3255 3589,3257 3590,3257 3591,3257 3592,3258 3592,3259 3593,3261 3594,3261 3596,3262 3596,3271 3598,3274 3599,3274 3600,3274 3600,3292 3598,3294 3597,3294 3596,3295 3596,3300 3594,3302 3593,3302 3592,3303 3592,3304 3590,3306 3589,3306 3588,3307 3588,3308 3586,3310 3577,3310 3576,3311 3576,3312 3574,3314 3560,3314 3559,3312 3559,3278 3558,3278 3509,3278 3509,3278 3509,3343 3509,3344"/><TextEquiv index="1"><Unicode>“ton parti ſur-le-champ.“ Je tins bon,</Unicode></TextEquiv></TextLine><TextLine id="r0_l015"><Coords points="1397,3543 1396,3542 1396,3541 1395,3540 1395,3538 1395,3538 797,3539 795,3537 795,3536 794,3535 793,3535 792,3534 454,3535 453,3534 453,3533 451,3531 450,3530 449,3530 448,3529 448,3478 448,3478 434,3478 432,3476 432,3475 431,3474 426,3474 424,3472 424,3467 422,3465 421,3465 420,3464 420,3463 418,3461 417,3461 416,3460 416,3459 414,3457 413,3457 411,3455 411,3450 410,3449 409,3449 407,3447 407,3434 409,3433 410,3433 411,3431 411,3422 414,3420 415,3420 415,3419 415,3418 418,3416 419,3416 420,3414 420,3413 422,3412 423,3412 424,3410 424,3409 426,3408 427,3408 428,3406 428,3405 430,3404 435,3404 436,3402 436,3401 438,3400 455,3400 457,3397 457,3396 458,3396 697,3395 697,3395 697,3368 697,3367 87,3368 85,3367 85,3365 87,3363 697,3362 697,3362 697,3353 699,3351 700,3351 702,3349 702,3348 703,3347 704,3347 706,3345 706,3344 707,3343 721,3343 721,3344 721,3345 722,3345 1860,3343 1861,3344 1861,3345 1862,3346 2893,3343 2895,3345 3510,3344 3511,3345 3511,3346 3512,3347 3513,3347 3515,3349 3515,3350 3516,3351 3517,3351 3519,3353 3519,3395 3520,3396 3579,3396 3580,3397 3580,3398 3582,3400 3591,3400 3592,3401 3592,3402 3593,3403 3594,3404 3595,3404 3596,3405 3596,3459 3599,3462 3600,3462 3600,3462 3600,3468 3600,3469 3599,3469 3598,3470 3593,3470 3592,3470 3592,3476 3592,3477 3591,3477 3590,3478 3585,3478 3584,3478 3584,3479 3582,3482 3565,3482 3564,3482 3564,3483 3562,3486 3144,3487 3143,3487 3143,3496 3142,3498 3141,3498 3139,3499 3139,3504 3138,3506 3137,3506 3135,3507 3135,3512 3134,3514 3133,3514 3132,3515 3131,3515 3131,3516 3129,3519 3128,3519 3127,3519 3127,3520 3125,3523 3124,3523 3122,3524 3122,3525 3121,3527 3120,3527 3118,3528 3118,3529 3117,3531 2855,3531 2853,3530 2853,3527 2853,3526 1441,3530 1440,3530 1440,3541 1439,3543"/><TextEquiv index="1"><Unicode>quelque temps, dans mon refus; mais</Unicode></TextEquiv></TextLine><TextLine id="r0_l016"><Coords points="2898,3749 2898,3749 2898,3742 2897,3741 1722,3744 1722,3744 1722,3749 1721,3750 1710,3750 1710,3749 1710,3717 1709,3717 854,3719 852,3716 852,3690 851,3690 784,3690 783,3688 783,3687 781,3686 560,3686 559,3685 445,3686 444,3684 444,3683 442,3682 433,3682 432,3680 432,3679 430,3678 425,3678 424,3676 424,3675 422,3674 421,3674 420,3672 420,3671 419,3671 418,3670 417,3670 415,3667 415,3654 413,3653 412,3653 411,3651 411,3646 409,3645 408,3645 407,3643 407,3600 406,3600 400,3600 399,3598 399,3593 400,3592 614,3591 615,3591 615,3579 616,3578 616,3577 616,3576 617,3576 620,3574 620,3569 620,3568 621,3568 624,3566 624,3565 624,3564 625,3564 630,3559 636,3559 636,3559 636,3553 638,3551 639,3551 640,3550 640,3549 642,3547 672,3547 672,3548 672,3549 676,3552 1881,3550 1882,3548 1882,3547 1883,3547 1888,3547 1889,3545 1889,3544 1891,3543 1893,3543 1893,3543 1893,3544 1898,3549 2787,3547 2787,3547 2787,3548 2795,3556 3007,3555 3007,3556 3008,3589 3008,3589 3468,3588 3470,3590 3470,3600 3470,3600 3570,3600 3571,3600 3571,3601 3572,3602 3572,3603 3572,3604 3581,3604 3584,3606 3584,3607 3584,3608 3589,3608 3590,3609 3591,3609 3592,3609 3592,3610 3594,3613 3595,3613 3596,3613 3596,3623 3596,3624 3597,3624 3598,3625 3599,3625 3600,3625 3600,3631 3600,3632 3601,3632 3602,3633 3861,3632 3862,3633 3864,3633 3866,3635 3865,3636 3865,3637 3864,3637 3604,3638 3604,3638 3604,3639 3602,3641 3600,3641 3600,3641 3600,3676 3598,3678 3597,3678 3596,3679 3596,3680 3594,3682 3585,3682 3583,3684 3583,3685 3582,3686 3581,3686 3579,3688 3579,3689 3578,3690 2906,3691 2906,3692 2906,3749 2905,3749"/><TextEquiv index="1"><Unicode>enfin, Levrette, la généreuſe Levrette</Unicode></TextEquiv></TextLine><TextLine id="r0_l017"><Coords points="756,3951 754,3950 754,3949 753,3947 744,3947 742,3946 742,3945 741,3943 740,3943 738,3942 738,3887 738,3886 544,3886 542,3888 542,3889 541,3890 532,3890 531,3889 405,3890 403,3888 403,3887 402,3886 401,3886 399,3884 399,3875 401,3874 403,3874 403,3873 403,3752 404,3751 414,3751 415,3750 415,3749 417,3747 422,3747 423,3746 423,3745 425,3743 430,3743 432,3744 432,3745 433,3746 433,3747 434,3747 436,3748 436,3750 436,3751 470,3751 473,3753 473,3754 473,3755 478,3755 481,3757 481,3803 482,3804 531,3803 532,3804 545,3804 546,3806 546,3807 548,3808 933,3808 934,3806 934,3805 936,3804 1003,3803 1006,3800 1010,3800 1012,3803 1012,3808 1013,3808 1031,3808 1032,3810 1032,3811 1034,3812 1095,3812 1096,3813 1097,3813 1097,3814 1097,3815 1100,3817 1101,3817 1101,3818 1101,3823 1104,3825 1105,3825 1105,3826 1105,3827 1106,3828 1106,3861 1107,3861 1297,3861 1297,3860 1297,3757 1299,3755 1356,3755 1359,3757 1359,3758 1359,3759 1360,3759 1363,3761 1363,3803 1364,3804 1422,3804 1423,3805 1424,3805 1424,3805 1424,3806 1426,3808 1430,3808 1431,3809 1706,3808 1706,3807 1706,3752 1707,3751 1708,3751 1709,3750 1722,3750 1723,3751 1728,3751 1730,3752 1730,3811 1731,3812 1926,3811 1926,3811 1926,3758 1932,3751 1941,3751 1942,3751 1942,3750 1944,3747 1949,3747 1950,3748 1950,3749 1951,3750 1951,3804 1952,3804 1982,3804 1983,3806 1983,3807 1985,3808 2441,3807 2441,3807 2441,3806 2443,3804 2612,3804 2612,3803 2612,3760 2612,3760 2613,3760 2614,3759 2619,3759 2620,3758 2620,3757 2622,3755 2791,3755 2792,3754 2792,3752 2793,3751 2794,3751 2796,3749 2796,3748 2797,3747 2810,3747 2812,3748 2812,3749 2812,3750 2905,3749 2907,3751 2908,3751 2910,3753 2910,3754 2911,3755 2912,3755 2914,3757 2914,3800 2915,3800 2962,3800 2963,3802 2963,3804 2964,3804 3113,3804 3115,3806 3115,3807 3116,3808 3117,3808 3118,3809 3118,3811 3119,3812 3261,3812 3261,3811 3261,3769 3262,3768 3263,3768 3264,3767 3301,3766 3302,3766 3302,3761 3302,3760 3303,3760 3304,3759 3316,3759 3318,3761 3318,3762 3319,3763 3320,3763 3323,3766 3323,3767 3324,3768 3324,3768 3325,3768 3327,3770 3327,3771 3327,3771 3328,3771 3331,3774 3331,3808 3332,3808 3488,3808 3490,3811 3490,3812 3491,3812 3496,3812 3497,3813 3498,3813 3498,3814 3498,3820 3499,3820 3500,3820 3501,3821 3502,3821 3502,3822 3502,3837 3503,3837 3595,3837 3596,3838 3596,3839 3598,3841 3599,3841 3600,3842 3600,3851 3595,3857 3582,3857 3580,3858 3580,3859 3578,3862 3511,3862 3510,3862 3510,3885 3510,3886 3509,3886 3508,3887 3507,3887 3506,3888 3506,3889 3505,3890 3394,3890 3392,3892 3392,3893 3391,3894 3279,3894 3278,3895 3278,3908 3277,3910 3276,3910 3274,3911 3274,3924 3272,3927 3271,3927 3270,3927 3270,3932 3268,3935 3267,3935 3266,3935 3266,3936 3264,3939 3259,3939 3257,3937 3257,3935 3257,3935 3104,3935 3102,3933 3102,3894 3102,3894 2843,3894 2841,3896 2841,3897 2840,3898 2834,3898 2833,3897 2728,3898 2726,3896 2726,3895 2725,3894 2520,3894 2519,3895 2519,3896 2518,3897 2518,3898 2518,3898 2516,3898 2514,3897 2514,3896 2513,3894 2438,3894 2437,3894 2437,3893 2435,3890 2365,3890 2364,3889 2136,3890 2135,3890 2135,3891 2134,3892 2134,3893 2134,3894 2038,3894 2037,3894 2037,3893 2035,3890 1780,3891 1779,3891 1779,3892 1778,3894 1769,3894 1767,3892 1767,3891 1766,3890 1581,3890 1580,3891 1580,3892 1578,3894 1577,3894 1576,3893 1328,3894 1326,3895 1326,3896 1325,3898 1324,3898 1322,3899 1322,3900 1321,3902 1320,3902 1318,3903 1318,3904 1317,3906 1276,3906 1273,3908 1273,3909 1273,3910 1270,3910 1269,3909 1269,3902 1269,3902 1238,3902 1236,3900 1236,3899 1235,3898 1234,3898 1232,3896 1232,3895 1232,3895 1231,3895 1230,3894 1062,3894 1061,3894 1061,3893 1059,3890 1005,3890 1004,3889 768,3890 767,3890 767,3945 766,3947 761,3947 759,3948 759,3949 758,3951"/><TextEquiv index="1"><Unicode>l'emporta. Je mis bas mes habits; j'en-</Unicode></TextEquiv></TextLine><TextLine id="r0_l018"><Coords points="1563,4155 1563,4155 1563,4154 1560,4151 1559,4151 1559,4151 1559,4095 1558,4094 1351,4095 1351,4095 1351,4096 1349,4098 1347,4098 1346,4096 1346,4095 1344,4094 1021,4094 1020,4096 1020,4097 1018,4098 1016,4098 1015,4097 706,4098 705,4097 705,4096 703,4094 532,4094 531,4093 461,4094 461,4093 461,4092 458,4090 412,4090 412,4089 412,4088 409,4086 408,4086 408,4085 408,4084 405,4082 404,4082 403,4080 403,4075 400,4073 399,4073 399,4072 399,4066 398,4066 397,4066 396,4065 395,4065 395,4064 395,4042 396,4041 397,4041 399,4039 399,4030 400,4029 401,4029 402,4028 403,4027 403,4026 404,4025 405,4025 407,4023 407,4022 408,4021 413,4021 414,4020 415,4020 416,4018 416,4017 417,4017 422,4017 424,4014 424,4013 425,4013 426,4013 427,4012 440,4012 440,4011 440,3956 441,3956 442,3956 443,3955 448,3955 448,3954 448,3953 451,3951 471,3951 473,3953 473,3959 474,3960 672,3959 673,3958 673,3957 675,3955 676,3955 677,3954 677,3953 679,3951 712,3951 714,3954 714,3955 715,3955 946,3955 946,3954 946,3953 949,3951 953,3951 954,3952 954,3953 955,3954 955,4008 956,4009 1191,4008 1191,4008 1191,3966 1194,3963 1195,3963 1195,3963 1195,3962 1198,3959 1199,3959 1199,3959 1199,3958 1202,3955 1214,3955 1216,3957 1216,3958 1217,3959 1218,3959 1220,3961 1220,4011 1221,4012 1453,4011 1453,4011 1453,4010 1455,4008 1636,4008 1636,4008 1636,3962 1639,3959 1640,3959 1640,3959 1640,3958 1643,3955 1655,3955 1657,3958 1657,3959 1658,3959 1659,3959 1661,3962 1661,4008 1662,4008 1900,4008 1901,4009 1933,4008 1935,4011 1935,4012 1936,4012 2354,4012 2355,4010 2355,4009 2356,4009 2357,4009 2358,4008 2391,4007 2391,4007 2391,3973 2392,3972 2392,3965 2393,3964 2394,3964 2395,3963 2399,3963 2400,3962 2400,3961 2401,3960 2402,3960 2403,3959 2587,3959 2588,3958 2588,3957 2590,3955 2591,3955 2591,3954 2591,3953 2594,3951 2595,3951 2596,3952 2596,3953 2600,3957 2601,4065 2601,4066 2812,4066 2813,4065 2812,3969 2815,3967 2816,3967 2816,3966 2816,3965 2819,3963 2894,3962 2894,3962 2894,3957 2896,3955 2904,3955 2905,3956 2906,3956 2906,3957 2906,3958 2909,3960 2910,3960 2910,3961 2910,3966 2913,3968 2914,3968 2914,3969 2914,4008 2915,4008 3118,4008 3118,4007 3118,3998 3121,3996 3122,3996 3122,3995 3122,3986 3123,3985 3123,3984 3124,3984 3125,3984 3126,3982 3126,3974 3127,3973 3127,3972 3128,3972 3129,3972 3131,3969 3131,3968 3132,3968 3133,3968 3135,3965 3135,3964 3136,3964 3137,3964 3139,3961 3139,3960 3140,3960 3141,3960 3142,3959 3150,3959 3151,3957 3151,3956 3152,3956 3153,3956 3154,3955 3166,3955 3167,3956 3167,3957 3168,3958 3169,3959 3170,3959 3171,3960 3171,3961 3172,3962 3174,3964 3175,3964 3175,3964 3175,3965 3178,3968 3179,3968 3180,3969 3180,3978 3182,3980 3183,3980 3184,3981 3184,4011 3185,4012 3206,4012 3207,4013 3208,4013 3209,4014 3410,4013 3411,4012 3547,4012 3547,4011 3547,3961 3550,3959 3551,3959 3551,3958 3551,3957 3554,3955 3578,3955 3580,3957 3580,4003 3581,4004 3582,4004 3584,4006 3585,4077 3585,4078 3586,4078 3588,4079 3588,4080 3589,4082 3590,4082 3591,4083 3592,4083 3592,4084 3593,4086 3594,4086 3596,4087 3596,4088 3593,4091 3592,4091 3592,4091 3592,4092 3590,4094 3353,4094 3352,4095 3351,4095 3351,4096 3351,4097 3349,4098 3344,4098 3343,4097 3343,4096 3341,4094 3340,4094 3339,4093 3339,4090 3338,4089 3144,4090 3143,4091 3143,4092 3141,4094 2861,4094 2861,4095 2861,4098 2860,4098 2823,4098 2822,4097 2396,4098 2395,4097 2062,4098 2061,4097 2061,4096 2059,4094 1722,4095 1722,4095 1722,4096 1720,4098 1567,4098 1567,4099 1567,4155 1566,4155"/><TextEquiv index="1"><Unicode>doſſai le harnois monachal. Il eſt vrai</Unicode></TextEquiv></TextLine><TextLine id="r0_l019"><Coords points="391,4161 3588,4154 3589,4345 392,4352"/><TextEquiv index="1"><Unicode>que ce mauvais acoutrement m'étoit bien</Unicode></TextEquiv></TextLine><TextLine id="r0_l020"><Coords points="3396,4570 3396,4570 3396,4512 3395,4511 3381,4511 3380,4510 3238,4511 3237,4509 3237,4508 3235,4507 3020,4507 3020,4508 3020,4510 3018,4511 3017,4511 3016,4513 3016,4518 3014,4519 3013,4519 3013,4520 3012,4521 3012,4522 3010,4523 3009,4523 3008,4525 3008,4530 3006,4531 3001,4531 3000,4533 3000,4534 2998,4535 2989,4535 2988,4537 2988,4538 2986,4539 2980,4539 2980,4539 2980,4538 2979,4537 2979,4512 2978,4511 2863,4511 2862,4510 2490,4511 2490,4512 2490,4513 2487,4515 2483,4515 2481,4513 2481,4512 2480,4511 2366,4511 2365,4510 2348,4511 2347,4509 2347,4508 2345,4507 2228,4507 2228,4507 2228,4569 2227,4570 2216,4570 2216,4569 2216,4507 2215,4507 2131,4507 2130,4509 2130,4510 2128,4511 1865,4512 1865,4512 1865,4513 1864,4514 1863,4514 1861,4516 1861,4521 1859,4523 1858,4523 1857,4524 1857,4529 1855,4531 1854,4531 1852,4533 1852,4534 1851,4535 1829,4535 1828,4533 1828,4511 1827,4511 1728,4511 1724,4507 1449,4507 1448,4506 1212,4507 1212,4508 1212,4509 1209,4511 1205,4511 1203,4509 1203,4508 1202,4507 1042,4507 1041,4506 812,4507 812,4507 812,4508 809,4511 801,4511 799,4508 799,4507 798,4507 621,4507 620,4506 620,4505 618,4503 581,4503 580,4502 503,4503 501,4500 501,4499 500,4499 410,4499 409,4498 408,4498 407,4496 407,4495 405,4494 404,4494 403,4492 403,4491 402,4491 401,4490 400,4490 399,4488 399,4483 397,4482 396,4482 396,4481 395,4480 394,4478 394,4478 393,4478 391,4476 391,4446 392,4446 393,4446 395,4443 395,4438 397,4437 398,4437 399,4435 399,4430 401,4429 406,4429 408,4426 408,4425 409,4425 414,4425 416,4422 416,4421 417,4421 418,4421 420,4418 420,4417 421,4417 521,4417 522,4418 522,4419 524,4421 529,4420 530,4421 733,4421 734,4420 734,4419 736,4417 741,4417 742,4416 742,4415 744,4413 746,4413 746,4414 746,4415 749,4417 750,4417 750,4418 750,4421 751,4421 926,4421 926,4420 926,4372 927,4372 928,4372 929,4371 930,4371 930,4370 930,4369 932,4368 958,4368 959,4369 1084,4368 1085,4370 1085,4371 1087,4372 1093,4372 1093,4373 1093,4417 1094,4417 1142,4417 1142,4418 1142,4419 1145,4421 1330,4421 1330,4420 1330,4373 1332,4372 1337,4372 1338,4370 1338,4369 1340,4368 1341,4368 1342,4366 1342,4365 1344,4364 1517,4363 1518,4362 1518,4361 1519,4360 1522,4360 1522,4361 1522,4362 1525,4364 1623,4364 1624,4366 1624,4367 1625,4367 1626,4367 1628,4370 1628,4371 1629,4371 1630,4372 1631,4372 1632,4374 1632,4417 1633,4417 1676,4417 1677,4418 1677,4419 1678,4420 1679,4420 1680,4421 1754,4421 1755,4422 1755,4423 1757,4425 1762,4425 1763,4426 1763,4427 1765,4429 1766,4429 1767,4430 1767,4431 1768,4432 1769,4433 1770,4433 1771,4434 1771,4477 1772,4478 1971,4477 1971,4477 1971,4447 1972,4446 1973,4446 1984,4435 1984,4434 1985,4433 1991,4433 1991,4433 1991,4432 1996,4427 1996,4426 1997,4425 2113,4425 2114,4424 2114,4423 2116,4421 2297,4421 2298,4422 2298,4423 2300,4425 2526,4424 2527,4423 2527,4422 2528,4421 2534,4421 2534,4422 2534,4423 2535,4424 2535,4425 2536,4425 2726,4425 2726,4424 2726,4369 2728,4368 2742,4368 2743,4369 2743,4370 2744,4371 2745,4372 2746,4372 2747,4373 2747,4421 2748,4422 2889,4421 2890,4423 2890,4424 2892,4425 2897,4425 2898,4427 2898,4428 2900,4429 2901,4429 2902,4431 2902,4432 2904,4433 2905,4433 2906,4435 2906,4436 2908,4437 2909,4437 2910,4439 2910,4448 2913,4450 2914,4450 2914,4451 2915,4478 2915,4478 3114,4478 3115,4477 3114,4430 3116,4429 3126,4429 3126,4428 3126,4403 3127,4402 3127,4401 3129,4400 3130,4400 3131,4398 3131,4393 3133,4392 3134,4392 3135,4390 3135,4381 3137,4380 3138,4380 3139,4378 3139,4377 3141,4376 3142,4376 3143,4374 3143,4373 3145,4372 3146,4372 3147,4370 3147,4369 3148,4369 3150,4367 3151,4367 3151,4366 3151,4365 3153,4364 3191,4364 3192,4365 3192,4421 3193,4422 3529,4421 3531,4418 3531,4417 3532,4417 3537,4417 3539,4414 3539,4413 3540,4413 3543,4413 3543,4413 3543,4414 3547,4418 3547,4423 3549,4425 3575,4425 3575,4425 3575,4426 3578,4429 3579,4429 3580,4430 3580,4439 3579,4440 3580,4496 3577,4499 3576,4499 3576,4499 3576,4504 3573,4507 3568,4507 3568,4507 3568,4508 3565,4511 3404,4511 3404,4512 3404,4570 3403,4570"/><TextEquiv index="1"><Unicode>court. Mes habits, au contraire, furent</Unicode></TextEquiv></TextLine><TextLine id="r0_l021"><Coords points="2283,4777 2282,4776 2282,4715 2282,4715 2079,4715 2078,4715 2078,4714 2076,4711 1909,4711 1908,4710 1601,4711 1600,4712 1600,4713 1598,4715 1565,4715 1562,4713 1562,4712 1562,4711 1384,4712 1383,4712 1383,4766 1382,4768 1381,4768 1379,4769 1379,4770 1378,4772 1373,4772 1371,4770 1371,4769 1370,4768 1344,4768 1343,4767 1343,4766 1342,4765 1342,4711 1342,4711 1156,4711 1155,4712 1155,4745 1154,4746 1154,4747 1154,4747 1153,4747 1150,4750 1150,4755 1149,4756 1148,4756 1146,4758 1146,4759 1146,4759 1145,4760 1144,4760 1142,4762 1142,4763 1141,4764 1136,4764 1134,4766 1134,4767 1133,4768 1124,4768 1122,4770 1122,4771 1121,4772 1091,4772 1089,4771 1089,4770 1088,4768 1083,4768 1081,4767 1081,4766 1080,4764 1079,4764 1077,4763 1077,4762 1076,4760 1075,4760 1073,4759 1073,4712 1073,4711 1030,4711 1029,4710 908,4711 905,4708 905,4707 904,4707 829,4707 828,4706 647,4706 646,4707 637,4707 636,4709 636,4710 636,4710 635,4710 634,4711 622,4711 620,4710 620,4709 618,4707 556,4707 555,4706 417,4707 415,4704 415,4703 414,4703 409,4703 407,4700 407,4699 406,4699 405,4699 403,4696 403,4638 401,4637 400,4637 399,4635 399,4634 397,4633 396,4633 395,4631 395,4630 396,4629 397,4629 399,4627 399,4622 400,4621 401,4621 402,4620 403,4619 403,4618 404,4617 409,4617 411,4615 411,4614 412,4613 545,4612 546,4612 546,4578 547,4576 548,4576 550,4575 550,4574 551,4572 561,4572 562,4573 562,4574 571,4583 571,4592 571,4592 572,4592 575,4595 575,4600 575,4600 576,4600 579,4603 579,4608 579,4608 580,4608 583,4611 583,4625 583,4625 650,4625 653,4628 653,4629 653,4629 654,4629 655,4630 827,4630 828,4629 828,4573 829,4572 830,4572 832,4570 832,4569 833,4568 851,4568 852,4568 852,4569 854,4572 855,4572 856,4572 856,4573 857,4574 857,4624 857,4625 924,4625 925,4626 1002,4625 1003,4626 1003,4628 1004,4629 1185,4629 1187,4628 1187,4602 1188,4600 1190,4600 1191,4600 1191,4595 1193,4592 1194,4592 1195,4592 1195,4591 1197,4588 1202,4588 1203,4589 1203,4625 1203,4625 1365,4625 1367,4626 1367,4627 1368,4629 1401,4629 1402,4630 1638,4629 1641,4627 1641,4626 1641,4625 1642,4625 1645,4623 1645,4622 1645,4621 1798,4621 1799,4620 1799,4578 1801,4576 1802,4576 1803,4575 1803,4574 1805,4572 1822,4572 1824,4573 1824,4574 1825,4576 1826,4576 1828,4577 1828,4628 1828,4629 2076,4628 2077,4628 2077,4627 2078,4625 2079,4625 2081,4624 2081,4623 2082,4621 2088,4621 2089,4622 2089,4623 2090,4624 2090,4625 2090,4625 2211,4625 2212,4624 2212,4573 2213,4572 2214,4572 2216,4570 2284,4570 2286,4568 2288,4568 2290,4569 2290,4570 2291,4572 2341,4572 2342,4572 2342,4573 2343,4574 2344,4576 2345,4576 2347,4577 2347,4629 2347,4630 2422,4629 2424,4631 2424,4632 2424,4632 2425,4633 2426,4633 2427,4634 2608,4634 2609,4633 2615,4633 2616,4632 2616,4577 2617,4576 2630,4576 2633,4573 2633,4572 2633,4572 2639,4572 2640,4572 2640,4573 2642,4576 2647,4576 2649,4577 2649,4632 2649,4633 2720,4633 2722,4634 2722,4635 2723,4637 2897,4636 2898,4636 2898,4578 2899,4576 2900,4576 2902,4575 2902,4574 2903,4572 2916,4572 2919,4575 2919,4576 2919,4576 2920,4576 2922,4578 2922,4579 2923,4580 2923,4629 2923,4629 3329,4628 3332,4625 3333,4625 3334,4625 3334,4624 3335,4623 3335,4622 3335,4621 3387,4621 3388,4621 3388,4574 3389,4572 3394,4572 3396,4570 3404,4570 3405,4571 3405,4572 3405,4572 3406,4572 3408,4574 3408,4621 3408,4621 3459,4621 3462,4624 3462,4625 3462,4625 3549,4625 3551,4626 3551,4627 3552,4629 3553,4629 3555,4630 3555,4631 3556,4633 3561,4633 3564,4635 3564,4636 3564,4637 3565,4637 3568,4639 3568,4640 3568,4641 3569,4641 3572,4643 3572,4648 3572,4649 3573,4649 3576,4651 3576,4656 3577,4658 3578,4658 3580,4659 3580,4663 3579,4664 3579,4665 3578,4666 3576,4666 3576,4666 3576,4692 3574,4694 3573,4694 3572,4695 3572,4700 3569,4703 3568,4703 3568,4703 3568,4704 3566,4707 3565,4707 3563,4708 3563,4709 3562,4711 3557,4711 3555,4712 3555,4713 3554,4715 3541,4715 3539,4716 3539,4717 3538,4719 3533,4719 3531,4717 3531,4716 3530,4715 3279,4715 3276,4719 3185,4719 3184,4719 3184,4770 3183,4772 3149,4772 3147,4770 3147,4769 3146,4768 3145,4768 3143,4766 3143,4715 3143,4715 2916,4715 2915,4715 2915,4714 2915,4713 2734,4714 2733,4715 2728,4715 2727,4715 2727,4716 2725,4719 2724,4719 2723,4719 2723,4720 2721,4723 2712,4723 2710,4724 2710,4725 2709,4727 2708,4727 2707,4726 2706,4725 2706,4724 2705,4723 2696,4723 2694,4721 2694,4719 2694,4719 2621,4719 2620,4719 2620,4770 2619,4772 2614,4772 2612,4770 2612,4719 2612,4719 2606,4719 2605,4718 2599,4718 2424,4718 2423,4719 2394,4719 2391,4717 2391,4716 2391,4715 2390,4715 2389,4714 2294,4715 2293,4715 2293,4776 2293,4777"/><TextEquiv index="1"><Unicode>très - longs pour la taille de la petite</Unicode></TextEquiv></TextLine><TextLine id="r0_l022"><Coords points="1411,4980 1411,4979 1410,4915 1410,4915 1279,4915 1277,4916 1277,4917 1276,4919 1275,4919 1274,4919 1273,4920 1273,4921 1272,4923 1271,4923 1270,4923 1269,4924 1269,4925 1268,4927 1238,4927 1236,4925 1236,4924 1236,4924 1235,4923 1234,4923 1232,4921 1232,4915 1232,4915 1001,4915 1000,4916 1000,4917 998,4919 992,4919 991,4918 858,4919 857,4918 857,4917 856,4916 856,4915 856,4915 773,4915 771,4913 771,4912 770,4911 540,4911 539,4910 389,4911 387,4909 387,4908 386,4907 385,4907 383,4905 383,4777 385,4776 386,4776 387,4774 387,4773 389,4772 443,4772 444,4773 444,4774 446,4776 447,4776 448,4777 448,4825 449,4826 557,4825 559,4828 559,4829 560,4829 851,4829 853,4826 853,4825 854,4825 921,4825 922,4826 922,4828 923,4829 991,4828 992,4829 1006,4829 1008,4832 1008,4833 1009,4833 1014,4833 1015,4835 1016,4836 1016,4837 1017,4837 1018,4837 1020,4840 1020,4845 1021,4845 1022,4845 1024,4848 1024,4849 1025,4849 1026,4849 1028,4852 1028,4857 1029,4857 1030,4857 1032,4860 1032,4882 1033,4882 1063,4882 1065,4885 1065,4886 1066,4886 1067,4886 1069,4889 1069,4890 1070,4890 1071,4890 1073,4893 1073,4903 1074,4903 1248,4903 1248,4902 1248,4782 1249,4781 1249,4780 1250,4780 1256,4780 1256,4779 1256,4778 1259,4776 1284,4776 1285,4777 1285,4778 1287,4780 1308,4780 1312,4784 1313,4784 1314,4785 1314,4828 1315,4829 1514,4828 1514,4828 1514,4782 1516,4780 1517,4780 1518,4779 1518,4778 1520,4776 1533,4776 1534,4778 1534,4779 1536,4780 1582,4780 1583,4782 1583,4783 1584,4783 1585,4784 1586,4784 1587,4786 1587,4795 1590,4797 1591,4797 1591,4798 1591,4799 1592,4800 1592,4829 1593,4829 1828,4829 1828,4828 1828,4785 1830,4784 1831,4784 1833,4781 1833,4780 1834,4780 1840,4780 1840,4779 1840,4778 1841,4777 1841,4776 1842,4776 1860,4776 1861,4777 1861,4829 1862,4830 2093,4829 2093,4829 2093,4816 2094,4815 2094,4814 2095,4813 2096,4813 2098,4811 2098,4806 2099,4805 2100,4805 2100,4805 2102,4803 2102,4802 2103,4801 2104,4801 2106,4799 2106,4798 2107,4797 2108,4797 2110,4795 2110,4794 2111,4793 2112,4793 2114,4791 2114,4790 2115,4789 2116,4789 2118,4787 2118,4786 2120,4784 2130,4784 2130,4784 2130,4783 2131,4782 2131,4781 2132,4780 2166,4780 2167,4778 2167,4777 2169,4776 2174,4776 2175,4774 2175,4773 2177,4772 2199,4772 2199,4772 2199,4773 2202,4776 2207,4776 2208,4777 2293,4777 2302,4786 2302,4845 2303,4846 2497,4845 2498,4844 2498,4843 2500,4841 2509,4841 2510,4840 2510,4839 2512,4837 2518,4837 2518,4837 2518,4782 2520,4780 2525,4780 2527,4778 2527,4777 2528,4776 2546,4776 2546,4777 2546,4778 2549,4780 2550,4780 2551,4782 2551,4833 2552,4833 2787,4833 2788,4831 2788,4830 2790,4829 2795,4829 2795,4828 2795,4827 2798,4825 2799,4825 2800,4826 2800,4827 2802,4829 2803,4829 2804,4830 2804,4833 2805,4834 3040,4833 3041,4832 3041,4831 3043,4829 3044,4829 3045,4828 3045,4827 3047,4825 3052,4825 3053,4826 3053,4827 3055,4829 3056,4829 3057,4830 3057,4831 3059,4833 3260,4833 3261,4834 3509,4833 3510,4834 3510,4836 3511,4837 3546,4837 3547,4838 3547,4839 3549,4841 3554,4841 3555,4842 3555,4843 3557,4845 3562,4845 3563,4846 3563,4859 3566,4862 3567,4862 3567,4862 3567,4863 3568,4864 3568,4905 3570,4907 3575,4907 3576,4908 3576,4909 3578,4911 3579,4911 3580,4912 3580,4917 3579,4919 3574,4919 3572,4920 3572,4921 3571,4923 3569,4923 3568,4922 3568,4921 3566,4919 3296,4919 3295,4918 2998,4919 2996,4921 2996,4922 2995,4923 2813,4924 2812,4924 2812,4925 2811,4927 2606,4927 2604,4925 2604,4924 2603,4923 2541,4923 2538,4921 2538,4920 2538,4919 2496,4919 2495,4918 2352,4919 2351,4919 2351,4932 2350,4933 2351,4941 2349,4943 2348,4943 2347,4944 2345,4944 2344,4943 2343,4943 2343,4942 2342,4919 2342,4919 2026,4919 2024,4921 2024,4922 2024,4922 2023,4923 2022,4923 2020,4925 2020,4926 2019,4927 2018,4927 2016,4926 2016,4925 2015,4923 2014,4923 2013,4923 2012,4922 2012,4921 2011,4919 2010,4919 2009,4918 1886,4919 1885,4919 1886,4944 1885,4945 1885,4946 1883,4948 1881,4945 1881,4944 1880,4944 1879,4944 1877,4941 1876,4919 1876,4919 1847,4919 1844,4916 1844,4915 1844,4915 1655,4915 1652,4918 1652,4919 1652,4919 1630,4919 1628,4918 1628,4917 1627,4915 1512,4915 1511,4914 1421,4915 1420,4915 1421,4979 1420,4980"/><TextEquiv index="1"><Unicode>Levrette. Je l'embraſſai de tout mon</Unicode></TextEquiv></TextLine><TextLine id="r0_l023"><Coords points="1544,5168 1543,5168 1543,5167 1542,5166 1542,5119 1541,5118 1029,5119 1028,5121 1028,5122 1026,5123 877,5124 877,5124 877,5133 875,5135 874,5135 873,5136 873,5141 870,5144 865,5144 865,5144 865,5145 862,5148 857,5148 856,5149 856,5150 854,5152 842,5152 841,5151 840,5151 840,5150 840,5115 839,5115 621,5115 620,5114 502,5115 501,5113 501,5112 499,5111 409,5111 407,5108 407,5107 406,5107 400,5107 400,5106 400,5105 392,5098 391,5098 391,5097 391,5087 390,5087 389,5087 387,5084 387,5059 388,5058 389,5058 391,5056 391,5046 391,5046 392,5046 405,5033 414,5033 415,5032 415,5031 417,5029 418,5029 419,5028 419,5027 421,5025 438,5025 440,5026 440,5027 441,5029 511,5029 514,5031 514,5032 514,5033 523,5033 524,5034 716,5033 717,5033 717,5032 719,5029 720,5029 722,5031 722,5032 723,5033 752,5033 754,5035 754,5036 755,5037 756,5037 758,5039 758,5040 759,5040 759,5089 759,5090 986,5090 987,5089 987,5059 988,5057 989,5057 991,5056 991,5051 991,5050 992,5050 993,5049 994,5049 995,5049 995,5048 997,5045 998,5045 999,5045 999,5044 1001,5041 1002,5041 1003,5041 1003,5040 1005,5037 1010,5037 1011,5037 1011,5036 1013,5033 1256,5033 1257,5032 1257,4985 1258,4984 1259,4984 1261,4982 1261,4981 1262,4980 1263,4980 1265,4978 1265,4977 1266,4976 1279,4976 1281,4977 1281,4978 1282,4980 1426,4980 1428,4981 1428,4986 1430,4989 1431,4989 1432,4989 1432,4996 1432,4997 1572,4996 1577,5001 1578,5001 1579,5002 1579,5037 1579,5037 1954,5036 1955,5036 1955,5035 1956,5033 1961,5033 1962,5034 1962,5035 1968,5041 2154,5041 2155,5040 2155,4989 2156,4988 2157,4988 2159,4986 2159,4985 2160,4984 2165,4984 2167,4982 2167,4981 2168,4980 2181,4980 2183,4981 2183,4982 2184,4984 2185,4984 2188,4986 2188,4991 2188,4992 2189,4992 2192,4994 2192,5032 2192,5033 2254,5033 2258,5037 2267,5037 2268,5038 2422,5037 2424,5039 2424,5040 2425,5041 2688,5041 2689,5040 2689,5039 2691,5037 2836,5036 2837,5036 2837,4986 2838,4984 3043,4984 3045,4983 3045,4982 3046,4980 3157,4980 3159,4981 3159,4982 3160,4984 3161,4984 3163,4985 3163,5032 3163,5033 3165,5033 3167,5034 3167,5035 3168,5037 3378,5036 3381,5033 3432,5033 3433,5033 3433,5023 3434,5021 3435,5021 3437,5020 3437,5015 3438,5013 3439,5013 3441,5012 3441,5007 3443,5004 3444,5004 3445,5004 3445,4999 3447,4996 3448,4996 3449,4996 3449,4990 3449,4989 3450,4989 3451,4988 3452,4988 3453,4988 3453,4982 3454,4980 3459,4980 3461,4982 3461,4983 3462,4984 3463,4984 3466,4987 3466,4988 3466,4988 3467,4988 3470,4991 3470,5000 3471,5001 3472,5001 3474,5003 3474,5008 3475,5009 3476,5009 3478,5011 3478,5016 3479,5017 3480,5017 3482,5019 3482,5029 3482,5029 3541,5029 3543,5030 3543,5031 3544,5033 3545,5033 3547,5034 3547,5036 3547,5037 3573,5037 3576,5039 3576,5040 3576,5041 3577,5041 3580,5043 3580,5047 3577,5050 3576,5050 3576,5050 3576,5112 3567,5121 3567,5122 3566,5123 3405,5123 3405,5124 3405,5125 3402,5127 3389,5127 3388,5126 2755,5128 2755,5128 2755,5129 2753,5131 2498,5131 2498,5131 2498,5130 2497,5129 2497,5128 2496,5127 2486,5127 2486,5127 2486,5126 2485,5125 2485,5124 2484,5123 2261,5124 2261,5124 2261,5125 2259,5127 2254,5127 2253,5125 2253,5124 2251,5123 1909,5123 1908,5122 1575,5123 1575,5124 1575,5130 1573,5131 1572,5131 1571,5133 1571,5142 1568,5144 1567,5144 1567,5145 1567,5159 1565,5160 1564,5160 1562,5163 1562,5164 1561,5164 1560,5164 1558,5167 1558,5168 1558,5168"/><TextEquiv index="1"><Unicode>cœur, en lui jurant de revenir bientôt</Unicode></TextEquiv></TextLine><TextLine id="r0_l024"><Coords points="380,5177 3568,5170 3568,5375 380,5382"/><TextEquiv index="1"><Unicode>enfoncer les portes du Couvent, &amp; l'ar-</Unicode></TextEquiv></TextLine><TextLine id="r0_l025"><Coords points="2167,5595 2167,5594 2167,5536 2166,5536 1949,5536 1948,5535 1947,5535 1947,5535 1947,5534 1945,5532 1937,5532 1936,5531 1668,5532 1667,5531 1665,5531 1665,5531 1665,5530 1662,5527 1451,5527 1450,5526 1074,5527 1073,5526 743,5527 742,5526 742,5525 740,5523 673,5523 673,5523 673,5522 670,5519 567,5519 566,5518 388,5519 387,5517 387,5516 385,5515 384,5515 383,5513 383,5503 383,5503 386,5503 387,5502 387,5438 387,5438 388,5438 389,5437 394,5437 395,5436 395,5435 397,5433 618,5432 619,5432 619,5398 620,5397 619,5395 620,5394 620,5390 621,5389 622,5389 624,5387 624,5386 626,5384 634,5384 635,5385 1018,5384 1020,5387 1020,5388 1021,5388 1022,5388 1023,5389 1887,5388 1888,5389 1889,5389 1889,5389 1889,5390 1890,5391 1890,5392 1891,5393 1892,5393 1893,5394 2441,5392 2442,5393 2443,5393 2445,5395 2445,5397 2445,5397 3338,5395 3339,5395 3339,5394 3339,5393 3340,5393 3341,5392 3395,5392 3395,5392 3395,5391 3398,5388 3401,5388 3402,5389 3403,5389 3403,5390 3403,5391 3405,5392 3417,5392 3418,5393 3419,5393 3420,5394 3420,5395 3422,5397 3431,5397 3433,5399 3433,5400 3434,5401 3439,5401 3441,5403 3441,5404 3442,5405 3447,5405 3449,5407 3449,5408 3450,5409 3451,5409 3453,5411 3453,5412 3454,5413 3455,5413 3457,5415 3457,5416 3458,5417 3459,5417 3462,5420 3462,5421 3462,5421 3463,5421 3466,5424 3466,5425 3466,5425 3467,5425 3470,5428 3470,5433 3470,5433 3471,5433 3474,5436 3474,5441 3474,5441 3535,5441 3536,5442 3537,5442 3539,5443 3539,5444 3539,5445 3540,5445 3541,5446 3550,5446 3551,5446 3551,5447 3563,5459 3563,5460 3564,5461 3564,5469 3564,5470 3565,5470 3568,5472 3568,5508 3549,5527 3544,5527 3543,5528 3543,5529 3541,5531 3540,5531 3539,5532 3090,5533 3090,5533 3090,5537 3087,5540 2826,5540 2825,5539 2447,5540 2446,5539 2445,5539 2445,5539 2445,5538 2443,5536 2431,5536 2430,5535 2175,5536 2175,5536 2175,5594 2174,5595"/><TextEquiv index="1"><Unicode>racher des mains de ces barbares. „De</Unicode></TextEquiv></TextLine><TextLine id="r0_l026"><Coords points="868,5781 867,5780 866,5780 865,5779 865,5778 863,5776 842,5776 840,5774 840,5759 840,5759 360,5760 358,5758 358,5753 352,5747 351,5747 350,5746 350,5737 353,5735 840,5734 840,5733 840,5723 840,5723 695,5723 693,5722 693,5721 692,5719 601,5719 599,5718 599,5717 598,5715 597,5715 595,5714 595,5703 595,5702 385,5703 383,5701 383,5651 386,5649 387,5649 387,5648 387,5647 389,5646 430,5646 432,5643 432,5642 433,5642 435,5642 436,5641 599,5640 599,5640 599,5591 601,5588 602,5588 603,5588 603,5587 605,5584 621,5584 624,5587 624,5594 624,5594 1165,5593 1167,5595 1167,5597 1167,5597 2175,5595 2177,5597 2178,5597 2179,5597 2179,5598 2180,5600 3345,5597 3347,5599 3347,5600 3347,5600 3348,5601 3349,5601 3351,5603 3351,5646 3352,5646 3567,5646 3567,5646 3567,5647 3570,5650 3571,5650 3571,5650 3571,5651 3572,5652 3572,5659 3571,5660 3571,5661 3571,5662 3570,5662 3568,5663 3568,5667 3567,5668 3567,5669 3567,5670 3566,5670 3565,5671 3563,5672 3563,5673 3563,5674 3560,5674 3559,5674 3559,5730 3559,5731 3558,5731 3557,5732 3467,5732 3465,5734 3465,5735 3465,5735 3464,5735 3463,5736 3140,5737 3137,5740 2997,5740 2996,5741 2996,5742 2994,5744 2699,5745 2698,5745 2698,5754 2697,5756 2696,5756 2694,5757 2694,5762 2693,5764 2692,5764 2690,5765 2689,5766 2689,5767 2689,5768 2676,5768 2673,5770 2673,5771 2673,5772 2663,5772 2661,5770 2661,5747 2661,5747 878,5751 877,5751 877,5774 875,5777 874,5777 873,5777 873,5778 872,5780 871,5780 870,5781"/><TextEquiv index="1"><Unicode>“la prudence, me dit-elle, mon cher</Unicode></TextEquiv></TextLine><TextLine id="r0_l027"><Coords points="1834,5825 1832,5823 1832,5813 1832,5813 1614,5813 1612,5812 1612,5811 1611,5809 1601,5809 1600,5809 1600,5808 1599,5807 1599,5803 1598,5801 1597,5801 1596,5801 1596,5800 1595,5799 1595,5798 1595,5797 1589,5797 1587,5796 1587,5786 1587,5785 1586,5785 1585,5784 1584,5784 1583,5784 1583,5758 1585,5756 1586,5756 1587,5755 1587,5754 1589,5752 1594,5752 1595,5751 1595,5750 1596,5749 1605,5749 1606,5748 1614,5748 1615,5749 1644,5749 1647,5752 1652,5752 1652,5753 1652,5754 1655,5756 1660,5756 1661,5758 1661,5760 1662,5760 1684,5760 1685,5761 1685,5771 1685,5772 1684,5772 1681,5774 1681,5775 1681,5776 1676,5776 1675,5777 1674,5777 1673,5778 1673,5779 1671,5781 1670,5781 1669,5782 1669,5783 1667,5785 1666,5785 1665,5786 1665,5797 1666,5797 1844,5797 1844,5797 1844,5798 1846,5800 1847,5801 1848,5801 1848,5801 1848,5802 1851,5805 1852,5805 1852,5805 1852,5806 1853,5807 1853,5811 1852,5813 1851,5813 1849,5814 1849,5823 1849,5824 1844,5824 1843,5825"/><TextEquiv index="1"><Unicode></Unicode></TextEquiv></TextLine><TextLine id="r0_l028"><Coords points="2911,6002 2911,6002 2911,5945 2910,5944 2827,5944 2826,5943 2707,5944 2706,5942 2706,5941 2705,5941 2704,5940 2703,5940 2702,5938 2702,5932 2701,5932 2465,5932 2465,5933 2465,5951 2463,5952 2446,5952 2445,5951 2445,5950 2443,5948 2442,5948 2442,5948 2441,5947 2441,5946 2439,5944 2369,5944 2368,5943 2319,5944 2318,5942 2318,5941 2316,5940 2131,5940 2130,5942 2130,5943 2128,5944 2123,5944 2123,5944 2123,5943 2120,5940 1911,5940 1910,5939 1899,5940 1898,5938 1898,5937 1896,5936 1809,5936 1808,5934 1808,5933 1806,5932 1708,5932 1707,5931 1706,5931 1706,5930 1706,5929 1704,5928 1526,5928 1526,5929 1526,5931 1525,5931 1524,5931 1523,5932 1522,5932 1522,5933 1522,5939 1521,5939 1520,5939 1519,5940 1511,5940 1510,5939 1510,5934 1507,5931 1506,5931 1506,5931 1506,5928 1505,5927 1402,5928 1401,5927 1209,5927 1208,5928 1198,5928 1197,5927 1196,5927 1196,5927 1195,5926 1195,5925 1193,5923 975,5924 975,5924 975,5933 972,5936 971,5936 971,5936 971,5937 968,5940 967,5940 967,5940 967,5941 964,5944 963,5944 963,5944 963,5945 960,5948 951,5948 950,5949 950,5950 948,5952 943,5952 942,5950 942,5949 940,5948 939,5948 938,5946 938,5919 937,5919 616,5919 616,5919 616,5918 613,5915 604,5915 603,5914 603,5909 601,5907 600,5907 599,5906 599,5899 598,5898 404,5899 403,5900 403,5901 401,5903 388,5903 387,5901 387,5859 388,5858 389,5858 391,5856 390,5854 391,5853 391,5851 393,5850 394,5850 395,5848 395,5847 397,5846 434,5846 435,5845 436,5845 436,5844 436,5843 438,5842 452,5842 453,5843 618,5842 620,5840 620,5839 621,5838 622,5838 623,5837 840,5837 840,5836 840,5786 843,5784 850,5784 851,5785 852,5785 852,5785 852,5786 855,5789 860,5789 860,5789 860,5790 861,5791 861,5836 863,5838 864,5838 865,5839 866,5894 866,5895 1072,5894 1073,5894 1073,5876 1073,5875 1074,5875 1077,5873 1077,5864 1078,5862 1079,5862 1081,5861 1081,5860 1082,5858 1083,5858 1085,5857 1085,5856 1086,5854 1087,5854 1091,5850 1100,5850 1102,5848 1102,5847 1103,5846 1118,5846 1118,5846 1118,5794 1119,5793 1120,5793 1122,5791 1122,5790 1123,5789 1125,5789 1126,5788 1139,5788 1140,5789 1142,5789 1142,5790 1142,5791 1145,5793 1146,5793 1146,5794 1146,5841 1147,5841 1338,5841 1338,5840 1338,5798 1340,5797 1341,5797 1342,5795 1342,5794 1344,5793 1362,5793 1363,5794 1363,5795 1364,5796 1365,5797 1366,5797 1367,5798 1367,5849 1368,5850 1546,5849 1546,5849 1546,5848 1548,5846 1595,5846 1595,5847 1595,5848 1598,5850 1835,5850 1835,5849 1835,5825 1836,5825 1843,5825 1844,5824 1910,5823 1912,5821 1913,5821 1914,5820 1914,5811 1916,5809 1917,5809 1918,5808 1918,5807 1920,5805 1929,5805 1930,5807 1931,5854 1931,5854 2112,5854 2113,5853 2113,5852 2115,5850 2163,5850 2163,5849 2163,5806 2165,5805 2166,5805 2167,5803 2167,5802 2169,5801 2178,5801 2180,5803 2180,5804 2181,5805 2187,5805 2187,5805 2187,5806 2188,5807 2189,5857 2189,5858 2263,5858 2265,5859 2265,5860 2266,5862 2437,5861 2438,5861 2437,5831 2439,5829 2440,5829 2441,5828 2441,5823 2443,5821 2460,5821 2461,5823 2462,5874 2462,5874 2702,5874 2703,5873 2702,5814 2704,5813 2705,5813 2706,5811 2706,5810 2708,5809 2823,5808 2825,5806 2825,5805 2826,5804 2885,5804 2886,5803 2886,5802 2887,5801 2897,5801 2898,5803 2898,5804 2900,5805 2901,5805 2902,5807 2903,5854 2903,5854 2962,5854 2963,5855 2963,5856 2964,5857 2964,5858 2964,5858 3233,5858 3234,5857 3233,5814 3235,5813 3236,5813 3237,5811 3237,5810 3239,5809 3240,5809 3241,5807 3241,5806 3243,5805 3248,5805 3249,5806 3249,5807 3250,5808 3251,5809 3252,5809 3253,5810 3253,5811 3255,5813 3256,5813 3257,5814 3257,5814 3257,5815 3259,5817 3260,5817 3261,5818 3262,5857 3262,5858 3293,5857 3294,5857 3294,5856 3295,5854 3468,5854 3469,5855 3469,5856 3470,5857 3470,5858 3470,5858 3476,5858 3477,5859 3477,5860 3479,5862 3480,5862 3482,5864 3482,5870 3482,5870 3483,5870 3486,5873 3486,5878 3486,5878 3561,5878 3563,5879 3563,5880 3564,5881 3564,5893 3565,5895 3566,5895 3567,5895 3567,5898 3566,5899 3564,5899 3564,5899 3564,5900 3561,5903 3556,5903 3555,5904 3555,5905 3553,5907 3536,5907 3535,5908 3535,5909 3533,5911 3494,5911 3494,5912 3494,5931 3493,5931 3492,5931 3487,5936 3311,5936 3310,5938 3310,5939 3308,5940 3307,5940 3306,5939 3306,5938 3304,5936 3139,5937 3139,5937 3139,5938 3137,5940 2968,5940 2968,5941 2968,5942 2965,5944 2955,5944 2955,5945 2955,5964 2954,5964 2952,5964 2951,5965 2950,5965 2949,5964 2947,5964 2947,5964 2947,5945 2946,5944 2917,5944 2917,5945 2917,6002 2916,6002"/><TextEquiv index="1"><Unicode>“ami, de la modération!“ Elle m'em-</Unicode></TextEquiv></TextLine><TextLine id="r0_l029"><Coords points="2589,6205 2588,6205 2588,6203 2587,6202 2587,6153 2587,6152 2380,6152 2379,6153 2379,6172 2379,6172 2378,6172 2375,6175 2375,6176 2375,6176 2374,6176 2373,6177 2371,6179 2371,6180 2371,6180 2369,6180 2367,6182 2367,6183 2366,6184 2361,6185 2359,6186 2359,6187 2359,6188 2358,6189 2357,6189 2355,6187 2355,6186 2354,6185 2353,6185 2351,6183 2351,6140 2351,6140 2174,6140 2170,6136 1944,6136 1943,6137 1943,6142 1941,6144 1940,6144 1939,6145 1939,6146 1938,6147 1938,6151 1937,6152 1936,6152 1935,6153 1935,6154 1933,6156 1928,6156 1926,6158 1926,6159 1925,6160 1912,6160 1911,6159 1907,6159 1906,6159 1906,6132 1906,6131 1598,6132 1595,6130 1595,6129 1595,6128 1590,6128 1589,6127 1354,6128 1353,6127 1352,6127 1350,6125 1350,6124 1350,6124 1144,6124 1142,6126 1142,6127 1142,6127 1141,6127 1140,6128 1015,6128 1014,6127 1013,6127 1012,6126 948,6127 946,6125 946,6124 946,6124 750,6124 749,6123 748,6123 746,6122 746,6121 746,6120 599,6120 598,6119 399,6120 398,6119 397,6119 395,6117 395,6116 394,6115 389,6115 387,6113 387,5998 385,5997 384,5997 383,5995 383,5994 381,5993 380,5993 379,5991 379,5985 379,5985 380,5985 383,5982 383,5981 383,5981 384,5981 385,5980 398,5980 399,5979 399,5978 401,5976 405,5976 407,5977 407,5978 408,5979 408,5980 409,5980 411,5981 411,6032 411,6033 635,6032 636,6032 636,6027 636,6026 637,6026 640,6024 640,6019 640,6018 641,6018 644,6016 644,6015 645,6013 646,6013 648,6012 648,6007 649,6005 650,6005 653,6003 653,6002 653,6001 654,6001 657,5999 657,5998 657,5997 658,5997 661,5995 661,5994 661,5993 679,5993 680,5993 680,5992 682,5989 716,5989 718,5991 718,5992 719,5993 753,5993 754,5994 754,5995 756,5997 757,5997 758,5998 758,5999 759,5999 759,6032 759,6033 939,6033 940,6034 941,6034 942,6034 942,6038 942,6039 1206,6038 1207,6038 1207,5992 1208,5991 1208,5990 1208,5989 1217,5989 1220,5986 1220,5985 1220,5985 1222,5985 1223,5984 1228,5984 1229,5985 1230,5985 1236,5990 1236,6036 1236,6037 1306,6037 1307,6038 1308,6038 1310,6039 1310,6040 1311,6042 1430,6042 1432,6043 1432,6044 1433,6046 1451,6045 1452,6046 1773,6046 1775,6047 1775,6048 1776,6050 1794,6050 1795,6050 1795,6051 1797,6054 1798,6054 1799,6054 1799,6055 1800,6056 1800,6103 1801,6104 2065,6103 2065,6103 2065,6093 2067,6091 2068,6091 2069,6090 2069,6085 2071,6082 2072,6082 2073,6082 2073,6077 2075,6074 2080,6074 2081,6074 2081,6073 2083,6070 2088,6070 2089,6070 2089,6028 2091,6025 2092,6025 2094,6024 2094,6023 2095,6021 2100,6021 2102,6020 2102,6019 2103,6017 2128,6017 2130,6019 2130,6020 2131,6021 2132,6021 2134,6023 2134,6024 2135,6025 2136,6025 2137,6026 2138,6026 2138,6027 2140,6030 2141,6030 2143,6031 2143,6053 2143,6054 2358,6054 2359,6053 2359,6034 2359,6034 2360,6034 2361,6033 2362,6033 2363,6032 2363,6026 2363,6025 2364,6025 2368,6021 2381,6021 2383,6023 2383,6024 2384,6025 2384,6025 2385,6025 2388,6028 2388,6037 2388,6037 2389,6037 2392,6040 2392,6062 2392,6062 2774,6062 2775,6061 2775,6060 2777,6058 2897,6057 2898,6057 2898,6011 2899,6009 2900,6009 2901,6009 2902,6008 2902,6007 2903,6005 2908,6005 2910,6004 2910,6003 2910,6002 2917,6002 2919,6004 2919,6005 2919,6005 2920,6005 2923,6008 2923,6009 2923,6009 2924,6009 2927,6012 2927,6058 2927,6058 3153,6058 3155,6056 3155,6055 3156,6054 3178,6054 3179,6054 3179,6055 3181,6058 3235,6058 3236,6058 3236,6059 3238,6062 3436,6061 3437,6061 3437,6007 3438,6005 3439,6005 3440,6005 3441,6004 3441,6003 3442,6001 3455,6001 3457,6000 3457,5999 3458,5997 3460,5997 3461,5998 3461,5999 3462,6000 3462,6005 3462,6005 3463,6005 3465,6007 3465,6008 3466,6009 3466,6058 3466,6058 3529,6058 3530,6058 3530,6059 3532,6062 3537,6062 3539,6063 3539,6068 3541,6071 3542,6071 3543,6071 3543,6072 3545,6075 3546,6075 3547,6075 3547,6118 3548,6119 3558,6119 3559,6120 3559,6142 3558,6144 3500,6144 3498,6143 3498,6142 3497,6140 3300,6140 3298,6142 3298,6143 3297,6144 3287,6144 3286,6143 2707,6145 2706,6145 2706,6146 2705,6148 2634,6148 2633,6148 2633,6202 2632,6203 2632,6204 2632,6205"/><TextEquiv index="1"><Unicode>braſſa tendrement, &amp; je partis en la</Unicode></TextEquiv></TextLine><TextLine id="r0_l030"><Coords points="2181,6381 2179,6378 2179,6340 2178,6340 2140,6340 2138,6337 2138,6336 2137,6336 1912,6336 1911,6335 433,6339 394,6339 393,6340 388,6340 387,6338 387,6324 386,6324 381,6324 380,6323 379,6323 379,6322 379,6321 376,6319 375,6319 375,6318 375,6316 376,6315 377,6315 378,6313 378,6312 379,6311 379,6308 381,6307 383,6307 383,6306 383,6205 383,6205 87,6205 85,6204 85,6199 87,6197 92,6197 92,6197 92,6196 93,6195 93,6194 94,6193 383,6193 383,6192 383,6190 389,6185 393,6185 394,6184 395,6184 395,6183 395,6182 398,6180 409,6180 410,6181 699,6180 700,6181 701,6181 701,6182 701,6183 704,6185 705,6185 705,6186 705,6187 708,6189 709,6189 710,6190 1080,6189 1081,6191 1081,6198 1082,6198 1823,6197 1824,6198 2146,6197 2146,6197 2146,6198 2147,6199 2147,6257 2148,6258 2337,6258 2339,6260 2339,6261 2340,6262 2341,6262 2343,6264 2343,6265 2344,6266 2345,6266 2347,6268 2347,6269 2348,6270 2349,6270 2351,6272 2351,6277 2352,6278 2353,6278 2355,6280 2355,6285 2357,6287 2358,6287 2359,6288 2360,6315 2360,6316 2389,6315 2392,6318 2392,6319 2392,6319 2393,6319 2396,6322 2396,6338 2393,6340 2392,6340 2392,6341 2392,6342 2389,6344 2192,6345 2192,6345 2192,6374 2189,6377 2188,6377 2188,6377 2188,6378 2185,6381"/><TextEquiv index="1"><Unicode>laiſſant dans ma chambre.</Unicode></TextEquiv></TextLine><TextLine id="r0_l031"><Coords points="481,6394 3547,6387 3548,6616 482,6623"/><TextEquiv index="1"><Unicode>Je pris d'abord le chemin de la porte.</Unicode></TextEquiv></TextLine></TextRegion></Page></PcGts>