4266 8179
2066 398 2559 585 u
863 624 3940 839 Je me faiſois le plus petit que je pouvois,
544 831 3999 1043 & j'avois mon grand chapeau rabattu ſur
855 1042 4087 1239 mes yeux. Perſonne de ceux que je ren-
847 1237 3936 1428 controis ne faiſoit attention à moi, ce
827 1436 3931 1638 qui étoit bon ſigne. J'arrivai à la porte.
835 1627 3959 1838 Le Portier prit d'abord ſa grande clef
715 1834 3943 2037 pour m'ouvrir, ſans me regarder; mais,
835 2033 3939 2232 par malheur enfin, il jeta les yeux ſur
836 2233 4187 2424 moi. Il m'examina: „Qui êtes-vous, me
831 2431 3931 2634 “dit-il?“ Je vis que je devois profiter
831 2630 3931 2829 du moment favorable où il étoit ſeul;
831 2833 3931 3036 que, ſi je m'amuſois à lui répondre,
823 3028 3935 3231 il pourroit venir quelqu'un à ſon ſe-
827 3231 3932 3430 cours. Il tenoit ſa grande clef à ſa main.
628 3422 3931 3625 Je prends mon parti ſur - le - champ, je
823 3621 3931 3829 lui arrache ſa clef, je le jette & l'étends
824 3830 3932 4024 par terre à dix pas de moi, & me mets
828 4024 3936 4221 en devoir d'ouvrir. Deux ou trois Frères
823 4220 3939 4425 accourent. Je m'empare d'une planche
827 4417 3932 4624 fort longue, je les en frappe dans le
823 4624 3927 4822 ventre, je les renverſe, & je me procure
803 4819 3932 5014 le temps d'ouvrir la porte, avant qu'on
823 5014 3927 5226 puiſſe fondre ſur moi. Je m'élance hors
823 5217 3927 5422 de ma priſon, je ſuis déjà dans les
823 5416 3939 5616 champs. On court à ma pourſuite. J'ar-
2614 5575 2841 5652 n..
815 5615 3935 5818 rache, à un Payſan, un énorme gourdin,
815 5814 4242 6013 j'en frappe, comme un ſourd, tous ceux
823 6009 3927 6220 qui oſent approcher de moi. Je ſuis déjà
604 6204 3924 6419 dans le Fauxbourg. Le peuple admirant
