4266 8303
1445 518 1832 733 a
11 752 3264 969 “Je vous raconterai la mienne.“ Il y
156 957 3276 1171 conſentit. Nous montâmes enſemble dans
67 1160 3288 1374 une chambre, où nous nous enfermâmes
120 1367 3272 1575 tête-à-tête avec du vin; & là nous nous
148 1573 2265 1774 fîmes nos récits réciproques.
345 1766 3283 1972 Le Frère commença. Il m'apprit qu'il
148 1975 3288 2182 avoit rencontré, ſur la route, une très-
140 2177 3284 2378 jolie Demoiſelle, qui paroiſſoit très-
103 2378 3280 2583 ſage; que cette Demoiſelle avoit couché
99 2583 3280 2789 dans la même chambre que lui; qu'elle
144 2784 3288 2994 lui avoit promis de l'éveiller, & qu'au
11 2989 3296 3188 contraire, elle avoit décampé en lui en-
136 3187 3292 3390 levant ſes habits religieux, & lui laiſſant
116 3380 3396 3590 ſes hardes féminines; que n'ayant pas
140 3581 3300 3763 d'autre habillement, il avoit été contraint
19 3786 3300 3999 de s'en revêtir; que des Soldats, pré-
47 3992 3316 4196 venus ſans doute par la Demoiſelle,
152 4189 3296 4403 l'avoient forcé d'aller avec eux à Evreux,
15 4398 3453 4607 & enſuite à Rouen; qu'il avoit été leur
148 4604 3574 4810 jouet; qu'ils l'avoient traité indigne-
160 4805 3304 5011 ment, juſqu'à l'inſtant où la Maréchauſ-
156 4994 3308 5217 ſée les avoit fait diſparoître. „Mainte-
144 5215 3304 5413 “nant, ajouta-t - il, que vais - je faire
160 5413 3308 5566 “avec mes ſots habits de femme? Com-
156 5610 3340 5820 “ment ſerai-je reçu? Je friſſonne.“ --
99 5803 3404 6013 “Raſſurez-vous, lui dis-je, j'ai vos ha-
164 6000 3300 6202 “bits, je vais vous les remettre ſur-le-
168 6206 3332 6419 “champ. J'ai rencontré votre compagne
172 6405 3340 6629 “de voyage. Elle s'intéreſſe beaucoup
