4266 7942
2305 456 2842 633 C
1030 678 4107 880 “à moi. Elle venoit à Rouen pour me
1099 879 4107 1077 “délivrer de la priſon de S. Yon, où
1103 1072 4107 1271 “j'étois enfermé. Elle a imaginé de ſe
1092 1269 4107 1435 “revêtir de votre habit, de ſe donner
1088 1462 4107 1663 “pour le petit Frère qu'on attendoit.
1092 1656 4111 1856 “Elle s'eſt inſinuée dans la maiſon. Elle
1095 1854 4169 2046 “a troqué d'habits avec moi. Sous votre
1093 2050 4120 2232 “froc, je ſuis venu à bout de ſortir,
1096 2235 4116 2440 “non ſans de grandes difficultés. Elle eſt
1093 2440 4112 2633 “reſtée pour gage. Il eſt juſte que je la
1096 2633 4112 2815 “délivre à ſon tour. Si vous voulez avoir
1088 2829 4107 3028 “vos habits, il faut que vous m'aidiez.“
1092 3022 4119 3216 -- „Je le ferai de grand cœur, répondit
1092 3215 4119 3413 “le Frère. Cette jeune perſonne m'in-
1088 3408 4115 3602 “téreſſe; elle eſt très-jolie, & paroît
1084 3605 4115 3800 “avoir un cœur excellent. D'ailleurs,
1080 3798 4107 3988 “le ſervice, qu'elle venoit vous rendre,
1084 3992 4115 4186 “plaide en ſa faveur; mais comment
1092 4185 4119 4383 “ferons-nous?“ -- Qu'êtes-vous, lui
1080 4381 4115 4580 “dis - je? quel eſt votre emploi dans
1088 4574 4119 4772 “la maiſon?“ -- „Je viens, répondit-
1084 4767 4115 4970 “il, pour y enſeigner les Mathéma-
995 4968 4104 5160 “tiques.“ -- „Fort bien, repris - je,
1088 5158 4100 5359 “il faut chercher quelque choſe d'ana-
1080 5354 4111 5557 “logue à votre état.“ Je ruminai quel-
1084 5551 4111 5752 que temps. „Enfin, voilà, lui dis-je, ce
1076 5748 4100 5947 “que j'imagine, en attendant mieux.
1092 5945 4111 6140 “Je vais tâcher de me procurer une
1092 6134 4111 6336 “grande chambre-noire; vous prévien-
3633 6332 4116 6472 “drez
