4266 8317
1147 668 2126 853 .
98 896 3249 1120 “vrette, de t'inſinuer dans la chambre-
154 1103 3245 1315 “noire, ſans qu'on s'en apperçoive;
150 1312 1814 1488 “nous t'enlèverons.“
338 1500 3266 1709 Ce colloque ſecret ſe tenoit à l'écart,
154 1705 3266 1917 tandis que le Frère Supérieur regardoit
11 1909 3258 2122 travailler le Mathématicien. L'opération
23 2109 3261 2326 finie, mes deux compagnons & moi nous
7 2312 3357 2528 enveloppâmes Levrette, de façon que
19 2515 3265 2679 nous l'enfermâmes dans la chambre-noire,
150 2714 3269 2922 ſans que le Supérieur s'en apperçût;
35 2922 3277 3126 d'autant plus que le Frère, notre com-
143 3117 3273 3318 plice, occupoit le bon-homme à regarder
146 3316 3622 3508 par la fenêtre, & ſe poſtoit de manière
31 3516 3313 3720 à nous cacher, pour l'empêcher de rien
3 3715 3273 3915 voir. Nous chargeâmes la boîte, pleine,
3 3915 3277 4126 ſur les épaules du prétendu porte-faix,
11 4118 3281 4322 qui ne dut pas la trouver légère. L'autre
7 4321 3285 4529 camarade me donna le bras; le Supé-
7 4517 3289 4716 rieur & le Mathématicien nous condui-
3 4716 3289 4928 ſirent à la porte, en nous remerciant
7 4916 3289 5117 fort affectueuſement. Je traînois, comme
3 5117 3298 5334 morte, ma jambe qui ſe portoit bien.
7 5317 3472 5540 Nous ſortîmes ſans aucun obſtacle. Sou-
15 5518 3580 5742 dain je redevins parfaitement ingambe.
39 5717 3294 5933 Une voiture nous attendoit. J'y montai
42 5924 3297 6116 avec Levrette. Je chargeai les deux ca-
47 6115 3297 6350 marades, que je récompenſai, de re-
67 6319 3297 6523 mettre la chambre - noire au Miroitier,
63 6500 2675 6734 & nous partîmes ventre à terre.
2467 6738 2811 6964 Bij
