4266 7774
1162 706 4142 897 Nous arrivâmes à Paris le lendemain.
1244 896 4180 1072 Je me rendis chez moi; j'y trouvai une
1240 1083 4142 1271 lettre d'un Exempt de Police, qui me
1241 1270 4139 1465 mandoit de paſſer chez lui; je m'y ren-
904 1457 4135 1626 dis. „On ſait, me dit-il, votre évaſion.
1237 1648 4127 1839 “Pour éviter des ſuites plus fâcheuſes, il
1248 1835 4128 2030 “faut vous rendre, ſur-le-champ, de
1132 2026 4161 2214 “vous-même, à la priſon de l'Abbaye.
1238 2215 4128 2403 “Je puis vous dire, en ſecret, que votre
1240 2402 4124 2595 “détention n'y ſera pas longue; mais
1237 2587 4124 2783 “il faut donner cette ſatisfaction à l'au-
1237 2778 4109 2970 “torité, à laquelle vous avez manqué.“
1199 2964 4112 3166 Je fus obligé de promettre une prompte
1240 3151 2153 3290 obéiſſance.
1181 3328 4110 3532 A mon retour chez moi, je trouvai
1238 3532 4106 3717 Levrette, qui arrivoit de chez elle, où
1237 3716 4105 3912 elle avoit trouvé pareillement une lettre
1237 3907 4101 4124 de l'Exempt, chargé de l'inſpection des
1229 4090 4098 4286 filles publiques, qui lui mandoit de ſe
1222 4280 4097 4473 rendre chez lui. Elle ſentoit que cet ordre
1225 4467 4090 4651 n'annonçoit rien de bon. Elle m'embraſſa
1234 4659 4087 4820 tendrement: „Mon cher ami, me dit
1211 4845 4075 5037 “elle, je vois que je ne pourrai t'a-
1214 5036 4060 5228 “doucir les ennuis de ta nouvelle cap
1210 5223 4068 5417 “tivité, que j'en vais ſubir, moi-même
1196 5406 4064 5606 “une qui me ſera pénible, puiſqu'ell
1188 5593 4060 5793 “me rendra incapable de te voir & de
1192 5776 4060 5971 “t'être utile. J'obéis, & je me rends
1178 5975 4054 6181 “chez l'Exempt.“ -- „Ah!ma chère
