<PcGts xmlns="http://schema.primaresearch.org/PAGE/gts/pagecontent/2017-07-15" xmlns:xsi="http://www.w3.org/2001/XMLSchema-instance" xsi:schemaLocation="http://schema.primaresearch.org/PAGE/gts/pagecontent/2017-07-15 http://schema.primaresearch.org/PAGE/gts/pagecontent/2017-07-15/pagecontent.xsd"><Metadata><Creator>User123</Creator><Created>2020-10-14T11:42:17</Created><LastChange>2020-10-14T11:42:17</LastChange></Metadata><Page imageFilename="0036.png" imageHeight="8269" imageWidth="4266"><TextRegion id="r0" type="paragraph" orientation="0.25"><Coords points="1,1 4264,1 4264,8267 1,8267"/><TextLine id="r0_l001"><Coords points="1389,476 1945,473 1946,699 1390,702"/><TextEquiv index="1"><Unicode>(.</Unicode></TextEquiv></TextLine><TextLine id="r0_l002"><Coords points="588,934 587,933 587,872 586,872 409,872 407,870 407,869 406,868 405,869 405,868 405,867 403,865 403,864 402,864 221,864 219,862 219,861 218,860 217,860 215,858 215,854 217,851 218,851 219,851 219,847 218,846 11,847 11,847 11,841 11,840 218,839 219,839 219,821 219,820 220,820 221,819 222,819 223,819 223,815 223,814 223,810 224,809 226,807 227,807 227,807 227,806 230,803 259,803 259,803 259,798 262,795 399,795 399,794 399,741 402,739 403,739 403,738 403,737 404,737 405,737 406,736 411,735 411,735 411,722 414,719 1206,716 1207,715 1210,715 1213,718 2821,711 2821,710 2821,700 2822,700 2823,700 2824,699 2827,699 2829,701 2829,710 2830,711 2831,711 2833,713 2833,714 2834,715 2925,715 2926,716 2935,715 2937,718 2937,719 2938,719 2939,719 2941,722 2941,728 2942,728 3223,727 3224,728 3225,728 3225,729 3225,742 3232,748 3233,748 3233,749 3233,767 3234,767 3300,767 3301,768 3301,770 3302,771 3303,771 3304,772 3305,772 3305,772 3305,773 3308,776 3309,776 3309,776 3309,790 3310,791 3315,791 3316,792 3317,792 3317,792 3317,793 3320,796 3321,796 3321,796 3322,810 3321,811 3321,842 3320,843 3319,843 3319,843 3317,845 3317,846 3316,847 3315,847 3313,849 3313,850 3312,851 3311,851 3309,853 3309,854 3308,855 3307,855 3306,856 3298,856 3297,857 3297,858 3296,859 3295,859 3294,860 3226,860 3225,862 3225,887 3224,887 3223,887 3217,894 3217,899 3216,899 3215,899 3214,901 3209,906 3209,907 3208,907 3207,907 3206,908 3202,908 3201,910 3201,911 3199,912 3198,912 3197,911 3197,910 3194,907 3193,907 3193,907 3193,900 3192,899 1652,906 1652,907 1652,919 1651,919 1650,919 1649,920 996,923 996,923 996,925 994,928 593,930 592,930 592,933 592,934"/><TextEquiv index="1"><Unicode>“Levrette, lui répondis-je, combien je</Unicode></TextEquiv></TextLine><TextLine id="r0_l003"><Coords points="1810,1124 1806,1120 1802,1120 1789,1107 1788,1107 1788,1107 1788,1098 1787,1097 1293,1100 1292,1098 1292,1074 1291,1074 641,1076 639,1074 639,1073 638,1072 634,1073 633,1072 449,1072 447,1070 4,1072 3,1071 3,1069 4,1068 3,941 4,940 5,940 6,939 7,939 7,939 7,937 9,935 452,933 453,932 454,932 455,931 457,931 458,932 459,932 459,933 459,934 460,934 592,934 594,936 595,936 596,937 929,935 930,936 931,936 932,938 932,939 934,940 935,940 936,942 936,978 937,978 2709,970 2709,970 2709,969 2710,968 2711,968 2713,966 2713,965 2714,964 2789,964 2789,964 2789,925 2790,924 2795,924 2797,922 2797,921 2797,920 2798,920 2799,919 2809,919 2810,920 2811,920 2813,921 2813,922 2813,923 2814,923 2817,925 2817,928 2818,929 3294,927 3295,928 3296,928 3300,932 3301,932 3301,932 3301,1030 3302,1031 3355,1031 3356,1032 3357,1032 3357,1032 3357,1034 3356,1036 3306,1036 3305,1036 3306,1040 3305,1041 3305,1050 3304,1051 3303,1051 3302,1052 3301,1053 3301,1054 3300,1055 3299,1055 3299,1055 3297,1057 3297,1058 3295,1060 2981,1061 2981,1062 2981,1063 2979,1064 2737,1065 2737,1066 2737,1114 2734,1116 2733,1116 2733,1117 2733,1118 2730,1120"/><TextEquiv index="1"><Unicode>“dois t'aimer, te regretter, te pleurer!</Unicode></TextEquiv></TextLine><TextLine id="r0_l004"><Coords points="3233,1321 3232,1320 1353,1328 1352,1327 1352,1326 1350,1324 1349,1324 1348,1323 1348,1322 1347,1321 1346,1320 1345,1320 1344,1319 19,1325 19,1325 19,1313 18,1312 4,1312 3,1311 2,1273 3,1272 39,1272 39,1272 39,1253 40,1252 42,1252 43,1251 79,1251 79,1250 79,1209 81,1208 203,1207 203,1207 203,1206 206,1203 207,1203 207,1203 207,1202 209,1200 210,1200 211,1199 211,1198 213,1196 395,1196 395,1195 395,1141 396,1140 401,1140 403,1138 403,1137 404,1136 747,1134 748,1134 748,1133 748,1132 754,1132 755,1133 1038,1132 1039,1133 2071,1128 2072,1129 2072,1130 2072,1130 2559,1128 2561,1130 2561,1131 2562,1132 2599,1132 2601,1133 2601,1174 2602,1175 3284,1172 3285,1173 3285,1174 3287,1176 3300,1176 3301,1177 3301,1178 3303,1180 3312,1180 3313,1181 3313,1255 3314,1256 3383,1256 3384,1257 3388,1256 3392,1260 3393,1260 3393,1261 3393,1263 3392,1264 3391,1264 3390,1266 3390,1267 3388,1268 3253,1269 3253,1270 3253,1279 3251,1280 3236,1280 3236,1281 3236,1321 3235,1321"/><TextEquiv index="1"><Unicode>“Tu ſouffres pour moi.“ Nous nous</Unicode></TextEquiv></TextLine><TextLine id="r0_l005"><Coords points="3062,1520 3061,1518 3061,1517 3059,1516 3054,1516 3053,1514 3053,1513 3051,1512 3050,1512 3049,1510 3048,1495 3048,1495 20,1508 19,1507 19,1503 19,1502 19,1326 19,1325 22,1325 23,1326 23,1331 23,1331 2583,1320 2585,1321 2585,1322 2585,1323 3232,1320 3233,1321 3236,1321 3237,1322 3237,1323 3238,1324 3239,1324 3241,1326 3241,1327 3242,1328 3243,1328 3245,1330 3245,1400 3246,1400 3320,1400 3322,1402 3322,1403 3323,1404 3324,1404 3325,1405 3325,1418 3324,1420 3323,1420 3321,1421 3321,1422 3320,1424 3299,1424 3297,1425 3297,1426 3296,1428 3258,1428 3257,1429 3257,1455 3256,1456 3186,1456 3185,1457 3185,1459 3184,1460 3179,1460 3177,1462 3177,1463 3176,1464 3093,1465 3092,1465 3093,1514 3091,1516 3082,1516 3081,1517 3081,1518 3079,1520"/><TextEquiv index="1"><Unicode>embraſsâmes avec une tendreſſe inexpri-</Unicode></TextEquiv></TextLine><TextLine id="r0_l006"><Coords points="2634,1724 2633,1723 2633,1722 2632,1721 2632,1720 2632,1720 2610,1720 2609,1719 2609,1717 2608,1716 2608,1684 2608,1684 1093,1691 1092,1691 1092,1694 1091,1696 1090,1696 1088,1697 1088,1710 1087,1712 1086,1712 1083,1714 1083,1715 1083,1716 1082,1716 1079,1718 1079,1719 1079,1720 1078,1720 1076,1721 1076,1722 1075,1724 1073,1724 1072,1723 1072,1722 1071,1721 1071,1720 1071,1720 1065,1720 1064,1719 1064,1707 1064,1707 685,1708 684,1708 684,1707 682,1704 681,1704 680,1704 680,1703 679,1702 679,1676 679,1675 581,1676 580,1675 580,1674 578,1672 421,1672 420,1671 193,1672 191,1671 191,1662 193,1660 194,1660 195,1659 195,1598 196,1596 197,1596 198,1596 199,1595 199,1594 200,1592 209,1592 211,1591 211,1590 212,1588 410,1587 411,1587 411,1542 412,1540 413,1540 415,1539 415,1538 416,1536 425,1536 427,1535 427,1534 428,1532 430,1532 431,1533 431,1534 432,1535 432,1536 432,1536 525,1536 528,1538 528,1539 528,1540 529,1540 531,1541 531,1542 532,1543 532,1549 532,1550 1919,1544 1920,1543 1920,1537 1921,1536 1926,1536 1928,1534 1928,1533 1929,1532 2388,1530 2389,1529 2389,1528 2389,1528 2780,1526 2782,1524 3200,1522 3202,1520 3211,1520 3213,1522 3213,1523 3214,1524 3215,1524 3217,1526 3217,1537 3217,1537 3428,1536 3429,1537 3429,1540 3428,1540 3217,1541 3217,1542 3217,1576 3217,1576 3283,1576 3285,1577 3285,1578 3286,1580 3303,1580 3305,1581 3305,1582 3306,1584 3307,1584 3309,1585 3309,1590 3310,1592 3311,1592 3313,1593 3313,1594 3314,1595 3314,1596 3315,1596 3317,1597 3317,1602 3318,1604 3319,1604 3321,1605 3321,1610 3320,1612 3319,1612 3317,1613 3317,1642 3316,1644 3315,1644 3313,1645 3313,1646 3312,1648 3311,1648 3309,1649 3309,1650 3308,1652 3303,1652 3301,1653 3301,1654 3300,1656 3299,1656 3297,1657 3297,1658 3296,1660 3275,1660 3273,1661 3273,1662 3272,1664 2922,1666 2920,1668 2646,1669 2645,1669 2645,1718 2644,1720 2639,1720 2637,1721 2637,1722 2636,1724"/><TextEquiv index="1"><Unicode>mable, &amp; je me rendis à la priſon de</Unicode></TextEquiv></TextLine><TextLine id="r0_l007"><Coords points="203,1939 202,1938 202,1935 201,1934 201,1931 200,1930 200,1928 199,1927 199,1924 198,1923 198,1921 197,1920 197,1917 196,1916 196,1914 195,1913 195,1910 194,1909 194,1907 193,1906 193,1903 192,1902 192,1900 192,1899 4,1900 3,1900 3,1790 4,1788 5,1788 7,1787 7,1786 8,1784 9,1784 11,1783 11,1782 12,1780 190,1779 191,1779 191,1733 191,1732 221,1732 223,1734 223,1735 224,1736 3092,1724 3094,1725 3094,1726 3095,1728 3096,1728 3097,1728 3097,1776 3097,1777 3315,1776 3317,1777 3317,1827 3317,1828 3319,1828 3321,1829 3321,1923 3322,1924 3360,1924 3361,1925 3361,1935 3362,1936 3376,1936 3377,1937 3377,1938 3378,1939 3379,1940 3380,1940 3381,1941 3381,1942 426,1954 425,1955"/><TextEquiv index="1"><Unicode>l'Abbaye, tandis que Levrette alloit chez</Unicode></TextEquiv></TextLine><TextLine id="r0_l008"><Coords points="209,2144 208,2143 208,2141 207,2140 207,2139 206,2138 206,2137 205,2136 205,2135 204,2134 204,2132 203,2131 203,2130 202,2129 202,2128 201,2127 201,2126 200,2125 200,2123 199,2122 199,2121 198,2120 198,2119 197,2118 197,2117 196,2116 196,2115 195,2114 195,2112 194,2111 194,2110 193,2109 193,2108 192,2107 192,2106 191,2105 191,2103 190,2102 190,2101 189,2100 189,2099 188,2098 188,2097 187,2096 187,2094 186,2093 186,2092 185,2091 185,2090 184,2089 184,2088 183,2087 183,2085 182,2084 182,2083 181,2082 181,2081 180,2080 180,2079 179,2078 179,2076 178,2075 178,2074 177,2073 177,2072 176,2071 176,2070 175,2069 175,2067 174,2066 174,2065 173,2065 29,2065 28,2064 27,2064 27,2064 27,2054 26,2053 13,2053 12,2052 11,2052 11,2052 11,2050 12,2048 13,2048 14,2048 15,2047 15,2046 16,2044 166,2044 167,2043 166,1929 167,1929 228,1928 228,1929 228,1930 231,1933 231,1934 235,1938 235,1939 237,1940 366,1940 367,1941 367,1942 369,1944 374,1944 375,1945 375,1954 377,1956 378,1956 379,1957 380,1991 380,1992 397,1992 398,1993 565,1992 566,1993 801,1992 804,1994 804,1999 804,2000 825,2000 828,2002 828,2047 828,2048 857,2048 860,2050 860,2051 860,2052 863,2052 864,2053 865,2053 868,2055 868,2068 868,2068 869,2068 872,2071 872,2140 873,2140 1070,2140 1070,2140 1070,2141 399,2144 398,2144"/><TextEquiv index="1"><Unicode>l'Exempt.</Unicode></TextEquiv></TextLine><TextLine id="r0_l009"><Coords points="1643,2337 1640,2335 1640,2334 1640,2333 1619,2333 1612,2327 1612,2283 1611,2282 906,2285 905,2284 822,2285 821,2284 820,2284 820,2283 820,2282 818,2281 814,2281 813,2280 598,2281 597,2280 596,2280 595,2278 595,2277 594,2277 431,2277 430,2276 390,2277 389,2276 388,2276 387,2274 387,2273 386,2273 385,2273 383,2270 383,2266 385,2264 390,2264 391,2263 391,2262 392,2261 391,2261 177,2262 177,2261 177,2260 176,2260 175,2260 175,2259 175,2257 176,2256 391,2255 392,2254 391,2149 393,2148 394,2148 398,2144 1191,2140 1192,2139 1192,2138 1194,2136 2060,2132 2060,2132 2060,2131 2063,2128 2870,2125 2871,2124 2895,2124 2897,2126 2897,2127 2898,2128 2903,2128 2904,2129 2905,2129 2905,2129 2906,2184 2906,2185 3115,2184 3116,2185 3183,2184 3184,2185 3185,2185 3186,2186 3186,2188 3186,2188 3194,2188 3195,2189 3196,2189 3197,2190 3197,2191 3199,2193 3200,2193 3201,2194 3201,2195 3203,2197 3204,2197 3205,2198 3205,2199 3207,2201 3208,2201 3209,2202 3209,2207 3211,2209 3212,2209 3213,2210 3213,2240 3213,2240 3291,2240 3293,2241 3293,2242 3294,2244 3298,2244 3299,2245 3300,2245 3301,2245 3301,2246 3302,2247 3303,2249 3304,2249 3305,2249 3305,2254 3307,2257 3308,2257 3309,2257 3309,2262 3311,2265 3312,2265 3313,2265 3313,2271 3312,2272 3311,2272 3310,2273 3309,2273 3309,2273 3309,2291 3308,2292 3307,2292 3297,2302 3297,2303 3297,2304 3296,2304 3295,2305 2364,2309 2363,2309 2363,2332 2363,2333 1647,2336 1646,2337"/><TextEquiv index="1"><Unicode>Me revoici en pays de connoiſſance,</Unicode></TextEquiv></TextLine><TextLine id="r0_l010"><Coords points="1538,2537 1536,2535 1536,2478 1535,2478 1508,2478 1508,2478 1508,2483 1506,2485 1505,2485 1504,2486 1504,2499 1503,2500 1502,2500 1501,2501 1500,2501 1500,2501 1500,2515 1499,2516 1498,2516 1493,2521 1489,2521 1484,2526 1484,2527 1483,2528 1482,2529 1481,2529 1480,2527 1480,2526 1478,2525 1334,2525 1333,2524 1332,2524 1332,2524 1332,2481 1331,2480 1097,2481 1096,2481 892,2481 892,2482 892,2483 889,2485 873,2485 872,2484 793,2485 791,2482 791,2481 790,2481 669,2481 668,2480 617,2481 615,2478 615,2477 614,2477 441,2477 440,2476 365,2477 363,2474 363,2473 362,2473 193,2473 191,2471 19,2472 19,2472 19,2431 16,2428 15,2428 15,2428 14,2389 14,2388 12,2388 11,2388 11,2387 11,2386 9,2384 8,2384 7,2384 7,2382 8,2381 9,2381 14,2376 17,2376 18,2377 19,2377 19,2378 20,2424 20,2424 191,2423 192,2423 191,2399 194,2396 195,2396 195,2396 195,2395 198,2392 203,2392 203,2392 203,2391 206,2388 249,2388 250,2389 251,2389 251,2390 251,2391 253,2392 381,2392 382,2393 383,2393 383,2393 383,2394 385,2396 389,2396 390,2397 671,2395 671,2395 671,2351 674,2348 683,2348 683,2348 683,2347 686,2344 690,2344 691,2346 691,2347 692,2348 692,2400 693,2400 813,2400 814,2401 897,2400 898,2401 1224,2400 1224,2399 1224,2349 1225,2349 1226,2349 1228,2346 1228,2345 1229,2345 1230,2345 1231,2344 1242,2344 1244,2346 1244,2396 1245,2397 1346,2396 1348,2399 1348,2400 1349,2400 1488,2400 1488,2399 1488,2361 1489,2361 1490,2361 1491,2360 1495,2360 1496,2358 1496,2357 1497,2357 1498,2357 1499,2356 1502,2356 1512,2366 1512,2392 1513,2393 1796,2391 1799,2388 1940,2388 1940,2387 1940,2338 1943,2336 1944,2336 1944,2335 1944,2334 1947,2332 1958,2332 1959,2333 1960,2333 1960,2333 1960,2334 1963,2337 1964,2337 1964,2337 1964,2388 1965,2389 2248,2387 2248,2387 2248,2343 2251,2340 2256,2340 2256,2340 2256,2339 2259,2336 2264,2336 2264,2336 2264,2335 2267,2332 2361,2332 2362,2333 2364,2333 2364,2333 2364,2334 2366,2336 2371,2336 2372,2337 2372,2338 2373,2339 2373,2391 2374,2392 2451,2392 2452,2393 2857,2391 2857,2390 2857,2389 2858,2389 2859,2389 2860,2388 2879,2388 2880,2389 3084,2388 3085,2386 3085,2385 3086,2385 3139,2385 3140,2384 3147,2384 3148,2385 3207,2384 3208,2385 3281,2385 3281,2385 3281,2386 3283,2388 3295,2388 3296,2389 3297,2389 3297,2389 3297,2390 3299,2392 3303,2392 3304,2393 3305,2393 3305,2393 3305,2394 3308,2397 3309,2397 3309,2397 3309,2402 3316,2409 3317,2409 3317,2409 3318,2415 3317,2416 3317,2451 3315,2453 3314,2453 3313,2454 3313,2455 3312,2456 3311,2456 3309,2458 3309,2459 3308,2460 3307,2460 3305,2462 3305,2463 3304,2464 3303,2464 3301,2466 3301,2467 3300,2468 3299,2468 3298,2469 3294,2469 3293,2470 3293,2471 3292,2472 3291,2472 3290,2473 3210,2473 3209,2475 3209,2476 3208,2476 3205,2476 3205,2476 3205,2475 3203,2473 3156,2474 3155,2473 2999,2473 2998,2472 2717,2473 2717,2474 2717,2527 2715,2529 2698,2530 2697,2529 2695,2529 2693,2527 2693,2526 2691,2525 2678,2525 2677,2523 2677,2477 2676,2477 2674,2477 2672,2474 2672,2473 2671,2473 2490,2473 2489,2472 2266,2473 2265,2472 2010,2474 2009,2473 1790,2473 1789,2472 1585,2473 1584,2475 1584,2476 1583,2476 1582,2476 1581,2477 1544,2478 1544,2478 1544,2535 1543,2537"/><TextEquiv index="1"><Unicode>mon cher ami; je crains bien que cette</Unicode></TextEquiv></TextLine><TextLine id="r0_l011"><Coords points="16,2749 15,2748 15,2747 13,2745 12,2745 11,2744 11,2722 11,2721 182,2720 183,2720 183,2719 184,2718 184,2705 183,2704 8,2705 7,2704 7,2698 7,2697 183,2696 184,2696 183,2603 186,2600 187,2600 187,2600 187,2599 189,2597 194,2597 195,2596 195,2595 197,2593 238,2593 239,2592 351,2592 351,2591 351,2546 354,2544 355,2544 355,2543 355,2542 358,2540 359,2540 359,2539 359,2538 361,2537 453,2536 454,2537 455,2537 455,2538 455,2539 457,2540 465,2540 466,2541 467,2541 467,2542 467,2543 470,2545 471,2545 472,2546 2293,2538 2294,2537 2299,2537 2300,2536 2300,2535 2302,2533 2303,2533 2304,2532 2306,2532 2307,2533 2308,2533 2308,2534 2308,2535 2309,2536 2309,2537 2310,2537 2502,2536 2503,2537 2898,2536 2899,2537 2946,2536 2947,2537 2948,2537 2949,2539 2949,2540 2950,2540 2951,2540 2953,2543 2953,2589 2954,2589 3028,2589 3029,2590 3204,2589 3205,2591 3205,2592 3206,2592 3207,2592 3208,2593 3213,2593 3213,2594 3214,2645 3214,2645 3295,2645 3297,2646 3297,2647 3297,2648 3298,2648 3299,2649 3303,2649 3313,2658 3313,2663 3313,2664 3314,2664 3317,2666 3317,2675 3315,2677 3314,2677 3313,2678 3313,2687 3311,2689 3310,2689 3310,2689 3309,2690 3309,2691 3308,2692 3307,2692 3306,2693 3305,2694 3305,2695 3304,2696 3303,2696 3302,2697 3301,2698 3301,2699 3299,2701 3294,2701 3293,2702 3293,2703 3291,2705 2272,2709 2272,2710 2272,2738 2271,2738 2265,2738 2265,2738 2265,2729 2264,2728 2134,2729 2132,2726 2132,2725 2131,2725 2126,2725 2124,2723 2124,2722 2123,2721 2122,2721 2120,2719 2120,2710 2119,2709 2118,2709 2116,2707 2116,2682 2115,2681 227,2689 227,2690 227,2728 225,2729 220,2729 219,2731 219,2732 217,2733 19,2734 19,2735 19,2748 17,2749"/><TextEquiv index="1"><Unicode>priſon ne devienne mes galeries. Tiens,</Unicode></TextEquiv></TextLine><TextLine id="r0_l012"><Coords points="2033,2933 2033,2933 2033,2932 2032,2931 2032,2930 2031,2929 2017,2929 2016,2928 2015,2873 2015,2872 1721,2874 1718,2877 1557,2877 1556,2877 1376,2877 1376,2878 1376,2892 1374,2893 1373,2893 1372,2895 1372,2900 1370,2901 1365,2901 1364,2903 1364,2904 1362,2905 1361,2905 1360,2907 1360,2908 1358,2909 1345,2909 1344,2908 1344,2885 1343,2884 1173,2885 1172,2884 804,2886 803,2887 803,2888 802,2889 800,2889 800,2888 800,2887 799,2886 799,2885 798,2885 641,2885 639,2883 639,2881 638,2881 513,2881 509,2877 420,2877 419,2876 224,2877 223,2879 223,2880 221,2881 216,2881 215,2880 215,2879 213,2877 212,2877 211,2877 211,2859 210,2857 209,2857 207,2856 207,2843 206,2841 205,2841 203,2840 203,2835 202,2833 201,2833 199,2832 199,2821 199,2820 97,2821 95,2819 95,2818 94,2817 89,2817 87,2815 87,2813 87,2813 73,2813 71,2811 71,2810 70,2809 27,2809 26,2810 27,2912 25,2913 23,2913 23,2914 23,2932 21,2933 20,2933 19,2932 19,2931 18,2930 17,2929 16,2929 15,2928 14,2810 14,2809 13,2809 11,2808 11,2807 10,2805 9,2805 7,2804 7,2802 8,2801 10,2801 11,2800 39,2800 39,2800 39,2786 40,2785 43,2785 43,2786 43,2787 47,2791 47,2792 49,2793 54,2793 55,2794 371,2793 371,2792 371,2750 373,2748 374,2748 375,2747 375,2746 376,2745 377,2745 379,2743 379,2742 380,2741 390,2741 391,2742 450,2741 451,2742 451,2745 451,2745 506,2745 507,2746 507,2747 509,2749 510,2749 511,2750 511,2759 513,2761 514,2761 515,2762 515,2771 518,2773 519,2773 519,2774 519,2779 522,2781 523,2781 523,2782 523,2784 524,2785 524,2789 525,2789 607,2789 607,2789 607,2790 610,2793 611,2793 611,2793 611,2804 612,2805 635,2805 636,2806 895,2804 895,2804 895,2756 896,2755 896,2754 896,2753 897,2753 900,2751 900,2750 900,2749 905,2749 907,2748 907,2747 908,2745 1114,2744 1116,2743 1116,2742 1116,2741 1118,2741 1120,2743 1120,2744 1121,2745 1122,2745 1124,2747 1124,2797 1125,2797 1251,2797 1252,2798 1252,2803 1254,2805 1279,2805 1280,2806 1463,2805 1464,2803 1464,2802 1466,2801 1480,2801 1480,2800 1480,2745 1480,2745 1486,2745 1488,2743 1488,2742 1489,2741 1506,2741 1508,2742 1508,2743 1508,2744 1509,2744 1510,2745 1511,2745 1512,2745 1512,2793 1513,2794 1755,2793 1756,2794 1756,2795 1758,2797 1763,2797 1764,2798 2032,2796 2032,2796 2032,2795 2034,2793 2100,2793 2100,2793 2100,2743 2101,2741 2263,2740 2265,2738 2271,2738 2274,2741 2279,2741 2280,2742 2280,2743 2281,2744 2281,2789 2282,2789 2328,2789 2328,2790 2328,2791 2331,2793 2548,2792 2548,2792 2548,2752 2549,2751 2549,2750 2549,2749 2586,2749 2589,2746 2589,2745 2589,2745 2603,2745 2605,2746 2605,2747 2606,2748 2606,2749 2607,2749 2609,2750 2609,2793 2610,2794 2887,2793 2891,2789 2896,2789 2897,2790 3079,2789 3080,2788 3081,2788 3081,2787 3081,2786 3083,2785 3088,2785 3089,2786 3089,2787 3091,2789 3092,2789 3093,2790 3172,2789 3173,2791 3173,2792 3175,2793 3184,2793 3185,2795 3185,2796 3187,2797 3188,2797 3189,2799 3189,2800 3191,2801 3192,2801 3193,2802 3193,2803 3193,2804 3195,2805 3196,2805 3197,2807 3197,2808 3199,2809 3200,2809 3201,2811 3201,2837 3202,2837 3280,2837 3281,2838 3281,2839 3283,2841 3288,2841 3289,2842 3289,2843 3291,2845 3292,2845 3293,2846 3293,2847 3295,2849 3296,2849 3297,2850 3297,2851 3299,2853 3300,2853 3301,2854 3302,2873 3301,2874 3301,2887 3299,2889 3298,2889 3297,2890 3297,2891 3295,2893 3294,2893 3293,2894 3293,2899 3291,2901 3290,2901 3289,2902 3289,2903 3287,2905 3278,2905 3277,2906 3277,2907 3275,2909 3262,2909 3261,2908 3261,2907 3259,2905 3258,2905 3257,2904 3257,2874 3256,2873 3156,2874 3155,2873 2947,2873 2946,2872 2722,2873 2718,2877 2698,2878 2697,2877 2554,2877 2553,2876 2322,2877 2321,2876 2056,2877 2056,2878 2056,2928 2054,2929 2049,2929 2048,2931 2048,2932 2046,2933"/><TextEquiv index="1"><Unicode>voilà un billet, de ma petite Levrette,</Unicode></TextEquiv></TextLine><TextLine id="r0_l013"><Coords points="2277,3133 2277,3133 2277,3132 2276,3131 2276,3130 2275,3129 2269,3129 2269,3129 2269,3128 2268,3127 2267,3077 2267,3076 2004,3078 2003,3078 2004,3123 2002,3125 1973,3125 1972,3123 1971,3073 1971,3073 1765,3074 1764,3074 1764,3075 1763,3077 1738,3077 1736,3075 1736,3074 1735,3073 1493,3074 1492,3074 1492,3075 1491,3077 1321,3078 1320,3078 1320,3079 1319,3081 1314,3081 1312,3079 1312,3078 1311,3077 1130,3077 1127,3080 1127,3081 1127,3081 1085,3082 1083,3083 1083,3084 1083,3085 885,3085 884,3086 885,3105 884,3106 884,3119 880,3123 880,3127 875,3132 875,3133 874,3133 868,3134 868,3134 868,3135 867,3136 867,3137 866,3138 865,3138 864,3137 857,3137 855,3134 855,3133 854,3133 848,3133 848,3132 848,3131 847,3130 846,3085 846,3085 520,3086 519,3087 519,3088 518,3089 517,3089 515,3091 515,3105 514,3106 515,3108 513,3109 512,3109 511,3111 511,3116 509,3117 508,3117 508,3118 508,3119 505,3121 504,3121 504,3122 504,3123 501,3125 500,3125 500,3126 500,3127 497,3129 488,3129 487,3128 486,3081 486,3080 259,3081 258,3082 259,3124 257,3125 256,3125 255,3127 255,3128 253,3129 216,3129 215,3128 215,3127 213,3125 212,3125 211,3124 210,3078 210,3077 209,3077 207,3076 207,3075 206,3073 197,3073 195,3072 195,3071 194,3069 193,3069 191,3068 191,3067 190,3065 185,3065 183,3064 183,3059 182,3057 181,3058 179,3056 179,3055 175,3051 175,3021 175,3021 9,3021 7,3020 7,3019 7,3018 6,3017 5,3017 3,3016 3,3007 5,3005 7,3005 7,3006 7,3012 8,3012 15,3012 15,3012 15,2951 16,2949 66,2949 67,2949 67,2951 67,2952 68,2953 70,2953 71,2953 71,2996 72,2997 203,2996 203,2996 203,2995 205,2993 399,2993 399,2993 399,2994 400,2995 400,2996 401,2997 406,2997 407,2998 499,2997 499,2997 499,2971 500,2969 501,2969 503,2968 503,2963 504,2961 505,2961 507,2960 507,2959 508,2957 518,2957 519,2958 519,2959 519,2959 525,2965 526,2965 527,2965 527,2967 528,2968 528,2996 529,2997 587,2997 587,2997 587,2998 590,3001 599,3001 599,3001 599,3002 601,3004 776,3003 776,3002 776,3001 777,3001 795,3001 796,3002 1000,3001 1000,3000 1000,2953 1000,2953 1001,2953 1002,2952 1004,2950 1004,2949 1004,2949 1018,2949 1019,2949 1019,2950 1021,2953 1022,2953 1024,2954 1024,3000 1025,3001 1204,3000 1204,3000 1204,2974 1204,2973 1205,2973 1209,2969 1231,2969 1232,2968 1232,2957 1232,2957 1242,2957 1244,2955 1244,2954 1245,2953 1254,2953 1255,2952 1255,2951 1256,2950 1256,2949 1256,2949 1281,2949 1285,2945 1407,2944 1408,2944 1408,2943 1409,2941 1418,2941 1420,2943 1420,2993 1421,2993 1483,2993 1484,2994 1668,2993 1668,2993 1668,2955 1670,2952 1671,2952 1672,2951 1672,2950 1673,2949 1674,2949 1676,2947 1676,2946 1677,2945 1686,2945 1687,2946 1858,2945 1860,2947 1860,2948 1860,2948 1861,2948 1864,2951 1864,2952 1865,2953 1865,2953 1866,2953 1868,2955 1868,2960 1869,2961 1870,2961 1872,2963 1872,2993 1873,2993 1996,2993 1997,2994 2188,2993 2189,2994 2356,2993 2356,2993 2356,2948 2357,2947 2357,2946 2357,2945 2358,2945 2361,2942 2361,2941 2361,2941 2374,2941 2376,2939 2376,2938 2377,2937 2379,2937 2381,2938 2381,2939 2382,2941 2383,2941 2384,2941 2384,2942 2385,2943 2385,2993 2386,2994 2653,2993 2653,2992 2653,2949 2653,2949 2654,2949 2661,2942 2661,2941 2661,2941 2679,2941 2681,2942 2681,2977 2681,2978 2855,2977 2857,2978 2857,2992 2858,2993 3029,2992 3029,2992 3029,2991 3031,2989 3193,2988 3193,2988 3193,2983 3194,2981 3195,2981 3197,2980 3197,2967 3198,2965 3199,2965 3200,2965 3201,2964 3201,2963 3202,2961 3203,2961 3205,2960 3205,2955 3206,2954 3206,2953 3207,2953 3209,2952 3209,2951 3210,2949 3211,2949 3213,2948 3213,2947 3213,2946 3214,2945 3215,2945 3217,2944 3217,2943 3218,2941 3223,2941 3225,2940 3225,2939 3226,2937 3231,2937 3233,2936 3233,2935 3234,2933 3247,2933 3249,2935 3249,2936 3250,2937 3251,2937 3253,2939 3253,2940 3254,2941 3255,2941 3257,2943 3257,2989 3258,2989 3280,2989 3281,2990 3281,2991 3283,2993 3292,2993 3293,2994 3293,2995 3295,2997 3300,2997 3301,2998 3301,2999 3303,3001 3304,3001 3305,3002 3305,3011 3307,3013 3308,3013 3309,3014 3309,3055 3308,3057 3307,3057 3305,3058 3305,3063 3304,3065 3303,3065 3301,3066 3301,3067 3300,3069 3295,3069 3293,3070 3293,3071 3292,3073 3287,3073 3285,3074 3285,3075 3284,3077 3267,3077 3265,3076 3265,3075 3264,3073 3219,3073 3218,3072 2902,3074 2901,3074 2901,3075 2900,3077 2714,3077 2713,3076 2469,3078 2468,3077 2305,3077 2304,3078 2305,3127 2304,3128 2304,3129 2303,3129 2285,3129 2285,3130 2285,3131 2282,3133"/><TextEquiv index="1"><Unicode>que je reçois. Elle n'eſt pas plus heureuſe</Unicode></TextEquiv></TextLine><TextLine id="r0_l014"><Coords points="2333,3337 2333,3337 2333,3336 2330,3333 2294,3333 2294,3333 2294,3332 2292,3331 2292,3304 2292,3303 260,3312 259,3313 259,3317 259,3317 258,3317 257,3318 256,3318 255,3319 255,3320 254,3321 245,3321 243,3323 243,3324 242,3325 213,3325 211,3324 211,3274 211,3273 205,3273 203,3272 203,3271 202,3269 197,3269 195,3268 195,3267 194,3265 189,3265 187,3264 187,3263 186,3261 185,3261 183,3260 183,3259 182,3258 178,3258 175,3255 175,3250 174,3249 173,3249 171,3247 171,3230 173,3229 174,3229 175,3227 175,3218 176,3217 178,3217 179,3216 179,3211 180,3210 181,3210 183,3208 183,3207 184,3205 189,3205 191,3204 191,3203 192,3201 193,3201 194,3201 193,3200 4,3201 3,3200 3,3195 4,3193 766,3190 767,3189 767,3155 768,3154 768,3153 768,3153 769,3153 776,3146 776,3145 776,3145 1436,3142 1437,3141 1442,3141 1444,3139 1444,3138 1445,3137 1767,3136 1768,3135 1768,3134 1769,3133 2047,3131 2049,3129 2054,3129 2057,3132 2057,3133 2057,3133 2074,3133 2077,3136 2077,3137 2077,3137 2078,3137 2079,3138 3215,3133 3217,3135 3217,3136 3217,3136 3218,3137 3219,3137 3221,3139 3221,3144 3222,3145 3223,3145 3225,3147 3225,3185 3225,3185 3275,3185 3277,3186 3277,3188 3277,3189 3303,3189 3305,3190 3305,3191 3306,3193 3307,3193 3309,3194 3309,3203 3307,3205 3306,3205 3305,3206 3305,3207 3304,3208 3303,3209 3302,3209 3301,3210 3301,3267 3300,3269 3283,3269 3281,3270 3281,3271 3280,3273 3263,3273 3261,3275 3261,3276 3260,3277 3050,3278 3049,3278 3049,3279 3048,3281 3047,3281 3045,3283 3045,3284 3044,3285 2346,3288 2345,3289 2345,3331 2345,3332 2345,3333 2344,3333 2342,3333 2340,3336 2340,3337 2339,3337"/><TextEquiv index="1"><Unicode>que moi, &amp; elle ſouffre pour m'avoir</Unicode></TextEquiv></TextLine><TextLine id="r0_l015"><Coords points="3,3339 680,3336 681,3529 4,3532"/><TextEquiv index="1"><Unicode>obligé.</Unicode></TextEquiv></TextLine><TextLine id="r0_l016"><Coords points="7,3719 3305,3704 3306,3927 8,3942"/><TextEquiv index="1"><Unicode>Billet de Levrette, à Céſar de Perlencour.</Unicode></TextEquiv></TextLine><TextLine id="r0_l017"><Coords points="1724,4117 2977,4112 2978,4276 1725,4281"/><TextEquiv index="1"><Unicode>De la Salpêtrière.</Unicode></TextEquiv></TextLine><TextLine id="r0_l018"><Coords points="176,4368 544,4366 544,4485 176,4487"/><TextEquiv index="1"><Unicode></Unicode></TextEquiv></TextLine><TextLine id="r0_l019"><Coords points="3070,4723 3070,4722 3069,4662 3069,4662 3043,4662 3042,4661 2397,4664 2396,4664 2397,4715 2396,4716 2396,4717 2395,4718 2372,4718 2371,4719 2370,4719 2370,4718 2369,4662 2369,4662 2279,4662 2277,4660 1986,4662 1985,4661 1985,4660 1983,4658 1878,4658 1877,4657 1738,4658 1736,4656 1736,4655 1735,4654 1602,4654 1601,4653 1089,4656 1088,4656 1088,4679 1087,4680 1087,4681 1087,4682 1086,4682 1083,4684 1083,4685 1083,4686 1082,4686 1080,4687 1080,4691 1079,4692 1079,4693 1079,4694 1078,4694 1075,4696 1075,4697 1075,4698 1062,4698 1059,4695 1059,4694 1059,4694 1054,4694 1052,4692 1052,4650 1052,4650 986,4650 983,4648 983,4647 983,4646 914,4646 911,4644 911,4643 911,4642 890,4642 889,4641 460,4643 459,4644 459,4657 458,4658 457,4658 455,4660 455,4661 454,4662 449,4662 447,4664 447,4665 446,4666 441,4666 439,4668 439,4669 438,4670 417,4670 415,4672 415,4673 414,4675 408,4675 407,4674 401,4674 400,4673 400,4672 398,4670 389,4670 388,4669 388,4668 386,4666 381,4666 379,4664 379,4655 378,4654 377,4654 375,4652 375,4635 377,4634 378,4634 379,4632 379,4631 380,4630 380,4630 197,4630 195,4629 195,4628 194,4626 193,4626 191,4625 191,4624 190,4622 189,4622 187,4621 187,4618 187,4617 17,4618 15,4617 15,4616 17,4614 183,4614 183,4613 183,4584 184,4583 185,4582 187,4581 187,4580 188,4578 189,4578 191,4577 191,4576 192,4574 197,4574 199,4573 199,4572 200,4570 238,4570 239,4570 239,4568 240,4566 434,4565 435,4565 435,4541 434,4540 164,4542 163,4540 163,4535 164,4534 434,4532 435,4532 435,4503 435,4502 449,4502 450,4501 461,4501 462,4500 478,4500 480,4498 488,4498 489,4497 494,4497 495,4498 570,4498 571,4498 571,4499 573,4502 574,4502 575,4502 575,4507 577,4510 578,4510 579,4510 579,4550 579,4551 642,4551 643,4551 643,4552 645,4554 646,4554 647,4555 647,4557 648,4558 648,4559 648,4559 1287,4557 1288,4556 1288,4514 1288,4514 1294,4514 1295,4513 1295,4512 1297,4510 1302,4510 1304,4508 1304,4507 1305,4506 1310,4506 1312,4507 1312,4508 1312,4509 1313,4510 1314,4510 1316,4512 1610,4510 1611,4511 1923,4510 1924,4510 1924,4511 1925,4512 1925,4513 1925,4514 1931,4514 1932,4514 1932,4520 1932,4521 1933,4521 1934,4522 1935,4522 1936,4522 1936,4569 1936,4570 1998,4570 1999,4571 2123,4570 2124,4571 2704,4569 2705,4568 2705,4523 2705,4523 2718,4522 2721,4520 2721,4519 2721,4518 2735,4518 2736,4519 3039,4518 3041,4520 3041,4521 3042,4522 3043,4522 3044,4523 3203,4522 3205,4524 3205,4582 3205,4582 3271,4582 3273,4584 3273,4585 3274,4586 3275,4586 3277,4588 3277,4601 3279,4602 3280,4602 3281,4603 3281,4640 3283,4642 3296,4642 3297,4643 3297,4656 3296,4658 3295,4658 3293,4659 3293,4660 3292,4662 3287,4662 3285,4663 3285,4664 3284,4666 3084,4667 3083,4667 3084,4722 3083,4723"/><TextEquiv index="1"><Unicode>„J'ai reçu l'ordre de me rendre à la</Unicode></TextEquiv></TextLine><TextLine id="r0_l020"><Coords points="1330,4916 1329,4915 1329,4899 1329,4899 605,4902 604,4901 604,4900 602,4898 581,4898 580,4897 580,4896 579,4895 579,4884 579,4884 21,4886 19,4885 19,4880 21,4878 579,4876 579,4875 579,4852 579,4852 41,4854 39,4853 39,4852 38,4850 37,4850 35,4849 35,4848 37,4846 38,4846 38,4846 39,4845 39,4844 41,4842 42,4842 43,4841 43,4840 45,4838 155,4838 155,4837 155,4815 156,4814 157,4814 159,4812 159,4811 160,4810 161,4810 163,4808 163,4771 164,4770 165,4770 166,4769 167,4768 167,4767 168,4766 214,4765 215,4765 215,4764 216,4762 366,4762 367,4761 367,4727 368,4726 369,4726 370,4725 371,4724 371,4723 372,4722 373,4722 375,4720 375,4719 376,4718 377,4718 379,4716 379,4715 380,4714 381,4714 383,4712 383,4711 384,4710 402,4710 403,4708 403,4707 405,4706 407,4706 408,4707 558,4706 560,4708 887,4706 887,4707 887,4708 888,4709 889,4710 889,4710 894,4710 895,4711 895,4712 897,4714 898,4714 899,4715 899,4716 900,4717 900,4718 900,4718 954,4718 955,4719 955,4720 957,4722 958,4722 959,4723 959,4724 959,4724 2369,4718 2370,4719 2371,4719 2373,4721 2983,4718 2985,4720 2985,4721 2986,4722 2986,4722 2987,4722 2988,4723 3084,4723 3085,4723 3085,4724 3086,4726 3087,4726 3089,4727 3089,4759 3089,4760 3432,4758 3433,4759 3433,4762 3432,4762 3293,4763 3293,4763 3293,4864 3292,4866 1340,4874 1339,4875 1339,4915 1339,4915"/><TextEquiv index="1"><Unicode>“Salpêtrière, mon cher ami. On a bien</Unicode></TextEquiv></TextLine><TextLine id="r0_l021"><Coords points="1678,5114 1676,5112 1676,5111 1675,5110 1674,5110 1672,5109 1672,5056 1671,5054 1481,5055 1480,5055 1480,5056 1479,5058 1470,5058 1468,5056 1468,5055 1467,5054 1401,5054 1400,5053 1250,5054 1247,5052 1072,5053 1071,5054 1061,5054 1060,5053 1060,5052 1057,5050 1052,5050 1052,5049 1052,5048 1049,5046 880,5046 879,5045 600,5047 599,5048 599,5049 598,5050 596,5050 595,5048 595,5047 593,5046 488,5046 487,5045 396,5046 395,5044 395,5043 393,5042 392,5042 391,5040 391,5030 390,5030 216,5030 215,5029 215,5028 214,5027 39,5028 39,5029 39,5030 38,5030 23,5030 23,5031 23,5061 22,5062 17,5062 15,5061 15,5052 16,5050 18,5050 19,5050 19,4996 20,4994 35,4994 36,4994 35,4936 37,4934 38,4934 39,4933 39,4932 41,4930 50,4930 51,4932 52,4962 52,4962 178,4962 179,4963 389,4962 390,4963 437,4962 439,4964 439,4965 440,4966 631,4966 632,4965 631,4915 633,4914 634,4914 636,4911 636,4910 637,4910 643,4910 644,4908 644,4907 645,4906 654,4906 655,4908 655,4909 656,4910 657,4942 659,4944 659,4945 660,4946 660,4966 660,4966 745,4966 746,4967 1070,4966 1071,4966 1071,4967 1073,4970 1082,4970 1083,4970 1083,4971 1088,4977 1263,4976 1265,4974 1268,4974 1269,4973 1268,4923 1270,4922 1271,4922 1272,4920 1272,4919 1274,4918 1328,4918 1328,4917 1328,4916 1329,4916 1340,4915 1340,4916 1340,4917 1342,4918 1343,4918 1344,4920 1344,4921 1345,4921 1346,4922 1347,4922 1348,4924 1349,4970 1349,4970 1615,4969 1616,4969 1616,4948 1617,4946 1618,4946 1620,4945 1620,4944 1621,4942 1622,4942 1624,4944 1624,4949 1625,4950 1626,4950 1628,4952 1628,4974 1628,4974 1686,4974 1688,4975 1688,4976 1689,4978 1750,4978 1751,4979 1819,4978 1820,4978 1820,4938 1821,4937 1820,4932 1822,4930 1827,4930 1828,4929 1828,4928 1830,4926 1835,4926 1836,4928 1836,4929 1838,4930 1839,4930 1839,4931 1840,4932 1840,4933 1842,4934 1843,4934 1844,4936 1845,4942 1845,4942 1846,4942 1848,4944 1848,4978 1848,4978 1974,4978 1977,4980 1977,4981 1977,4982 2155,4981 2157,4979 2157,4978 2157,4978 2323,4977 2326,4974 2342,4974 2345,4977 2345,4978 2345,4978 2354,4978 2355,4979 2599,4978 2600,4979 2771,4978 2772,4979 2772,4980 2774,4982 2944,4981 2945,4981 2945,4937 2946,4936 2945,4928 2947,4926 2948,4926 2949,4925 2949,4924 2951,4922 3116,4922 3117,4923 3117,4924 3118,4925 3119,4926 3120,4926 3121,4927 3212,4926 3213,4928 3214,4978 3214,4978 3263,4978 3265,4980 3265,4981 3266,4982 3287,4982 3289,4983 3289,4984 3290,4986 3291,4986 3293,4987 3293,5056 3292,5058 3291,5058 3289,5059 3289,5060 3288,5062 3287,5062 3285,5063 3285,5064 3284,5066 3259,5066 3257,5065 3257,5064 3256,5062 3251,5062 3250,5061 2943,5062 2942,5061 2700,5063 2699,5062 2510,5062 2509,5061 2330,5062 2329,5062 2329,5061 2327,5058 2258,5058 2257,5057 2039,5058 2036,5061 2036,5062 2036,5062 2014,5063 2013,5062 1721,5063 1720,5063 1720,5105 1720,5106 1719,5106 1718,5107 1717,5107 1716,5107 1716,5108 1715,5110 1690,5110 1688,5111 1688,5112 1687,5114"/><TextEquiv index="1"><Unicode>“voulu me dire qu'on me connoiſſoit</Unicode></TextEquiv></TextLine><TextLine id="r0_l022"><Coords points="2761,5319 2760,5318 2758,5318 2757,5318 2757,5317 2755,5314 1591,5319 1590,5319 1590,5294 1590,5293 388,5299 387,5298 353,5298 351,5296 351,5262 350,5262 10,5263 9,5262 8,5262 7,5261 7,5256 8,5254 107,5254 108,5253 107,5131 109,5130 110,5130 110,5129 111,5128 111,5127 113,5126 1164,5121 1164,5121 1164,5120 1166,5118 1175,5118 1176,5117 1176,5116 1178,5114 1187,5114 1188,5116 1188,5121 1189,5121 1991,5118 1992,5119 1992,5120 1994,5122 1999,5122 2000,5123 2000,5128 2002,5130 2003,5130 2005,5132 3272,5126 3273,5128 3273,5129 3275,5130 3276,5130 3277,5132 3277,5141 3279,5142 3280,5142 3281,5143 3282,5245 3283,5247 3284,5247 3285,5247 3285,5248 3286,5249 3286,5250 3287,5250 3289,5251 3289,5260 3286,5263 3285,5263 3285,5263 3285,5264 3283,5266 3073,5267 3073,5267 3073,5280 3071,5283 3070,5283 3069,5283 3069,5284 3067,5287 3066,5287 3065,5287 3065,5288 3063,5291 3062,5291 3061,5291 3061,5292 3060,5294 3051,5294 3049,5296 3049,5297 3048,5298 2798,5299 2797,5300 2797,5313 2796,5314 2795,5314 2793,5316 2793,5317 2792,5318 2791,5318 2790,5319"/><TextEquiv index="1"><Unicode>“pour une bonne enfant; &amp; que, ſi</Unicode></TextEquiv></TextLine><TextLine id="r0_l023"><Coords points="2982,5529 2981,5529 2981,5509 2981,5508 1375,5515 1374,5514 1373,5514 1372,5514 1372,5492 1371,5491 11,5497 11,5497 10,5380 9,5378 8,5378 7,5378 7,5376 9,5374 10,5374 11,5373 11,5372 13,5370 147,5370 147,5369 147,5367 148,5367 149,5367 158,5358 359,5357 359,5356 359,5328 362,5326 363,5326 363,5325 363,5324 366,5322 1250,5318 1251,5319 1390,5318 1392,5320 1596,5319 1596,5320 1596,5321 1599,5323 1807,5322 1808,5324 1808,5325 1810,5327 1811,5327 1812,5327 1812,5328 1812,5329 1813,5329 2647,5326 2649,5328 2649,5331 2650,5332 3075,5330 3076,5331 3077,5331 3077,5331 3077,5332 3080,5335 3081,5335 3081,5335 3081,5381 3082,5382 3155,5382 3156,5383 3220,5382 3221,5384 3221,5385 3223,5386 3267,5386 3268,5387 3269,5387 3269,5388 3269,5389 3272,5391 3273,5391 3274,5392 3274,5393 3275,5394 3275,5395 3275,5395 3276,5395 3277,5396 3277,5405 3279,5407 3280,5407 3281,5408 3281,5421 3283,5423 3284,5423 3285,5423 3285,5453 3285,5454 3286,5454 3287,5455 3288,5455 3289,5455 3289,5465 3288,5466 3287,5466 3282,5471 2985,5472 2985,5473 2985,5529 2985,5529"/><TextEquiv index="1"><Unicode>“je me conduiſois bien, ma détention</Unicode></TextEquiv></TextLine><TextLine id="r0_l024"><Coords points="1670,5719 1666,5715 1658,5715 1654,5711 1650,5711 1645,5706 1644,5706 1644,5706 1644,5700 1643,5699 1642,5699 1641,5698 1640,5698 1640,5698 1640,5660 1639,5659 1558,5660 1557,5659 1478,5659 1477,5658 1476,5658 1476,5657 1476,5656 1474,5655 1284,5656 1281,5659 1136,5659 1136,5660 1136,5706 1134,5707 1113,5707 1112,5706 1112,5705 1110,5703 1097,5704 1096,5702 1096,5651 1095,5651 997,5651 995,5648 995,5647 994,5647 986,5647 985,5646 984,5646 984,5646 984,5645 982,5643 707,5644 707,5645 707,5646 705,5647 701,5647 699,5645 699,5644 698,5643 645,5644 644,5643 477,5643 475,5641 475,5640 474,5639 425,5639 424,5638 405,5639 403,5636 403,5635 402,5635 353,5635 351,5632 350,5623 350,5623 152,5624 151,5624 151,5625 151,5626 150,5626 149,5627 146,5627 143,5624 143,5623 143,5623 142,5623 139,5620 139,5611 139,5611 21,5611 19,5610 19,5596 19,5595 11,5595 10,5596 11,5666 9,5667 5,5667 4,5666 3,5666 3,5666 3,5648 4,5647 3,5520 4,5519 7,5519 7,5520 7,5530 8,5530 9,5530 10,5531 11,5531 11,5531 11,5498 11,5497 18,5497 19,5498 19,5550 20,5550 22,5550 23,5552 23,5553 24,5553 25,5554 26,5554 27,5556 27,5579 28,5579 143,5579 143,5578 143,5576 146,5574 147,5574 147,5573 147,5572 150,5570 151,5570 151,5569 151,5568 154,5566 195,5565 198,5562 355,5562 355,5561 355,5560 358,5558 367,5558 367,5557 367,5556 369,5555 371,5555 371,5555 371,5556 373,5558 408,5558 409,5559 623,5558 623,5557 623,5548 626,5546 627,5546 627,5545 627,5528 630,5526 631,5526 631,5525 631,5524 634,5522 635,5522 635,5521 635,5520 637,5519 639,5519 639,5518 639,5517 642,5515 643,5515 643,5514 643,5513 645,5510 650,5510 651,5510 651,5509 653,5506 673,5506 675,5508 675,5509 676,5510 677,5510 679,5512 679,5513 680,5514 680,5562 681,5562 915,5561 915,5561 915,5518 916,5517 916,5516 918,5514 919,5514 919,5514 920,5513 920,5512 921,5510 937,5510 940,5513 940,5558 941,5558 986,5558 988,5561 988,5562 989,5562 990,5562 992,5564 992,5565 993,5566 994,5566 996,5568 996,5569 997,5570 1010,5570 1011,5571 1114,5570 1116,5573 1116,5574 1117,5574 1400,5573 1400,5573 1400,5528 1401,5527 1402,5527 1404,5525 1404,5524 1405,5523 1406,5523 1407,5522 1411,5522 1412,5521 1412,5520 1413,5519 1414,5519 1415,5518 1422,5518 1428,5525 1428,5578 1429,5578 1506,5578 1507,5579 1690,5578 1691,5579 1692,5579 1692,5579 1692,5580 1694,5582 1714,5582 1715,5583 2036,5581 2036,5581 2036,5537 2039,5534 2084,5534 2084,5534 2084,5533 2087,5530 2210,5530 2211,5531 2212,5531 2212,5531 2212,5532 2215,5535 2216,5535 2216,5535 2216,5536 2217,5537 2217,5582 2218,5583 2286,5582 2287,5583 2288,5583 2288,5584 2288,5585 2290,5586 2489,5585 2489,5585 2489,5540 2491,5538 2492,5538 2492,5538 2493,5537 2493,5536 2495,5534 2496,5534 2497,5533 2497,5532 2499,5530 2504,5530 2505,5529 2505,5528 2507,5526 2515,5526 2517,5529 2517,5530 2518,5530 2519,5530 2521,5533 2521,5582 2522,5582 2591,5582 2593,5585 2593,5586 2594,5586 2599,5586 2600,5587 2839,5586 2840,5587 2969,5586 2969,5586 2969,5536 2970,5535 2971,5535 2971,5535 2973,5533 2973,5532 2974,5531 2975,5531 2976,5530 2980,5530 2981,5529 3041,5529 3041,5529 3041,5528 3042,5527 3095,5527 3096,5526 3099,5526 3100,5527 3101,5527 3101,5527 3101,5532 3104,5535 3105,5535 3105,5535 3105,5538 3106,5539 3271,5538 3272,5539 3273,5539 3273,5540 3274,5646 3275,5647 3276,5647 3277,5648 3277,5662 3276,5662 3275,5662 3274,5663 3270,5663 3269,5665 3269,5666 3268,5666 3267,5666 3266,5667 3262,5667 3261,5669 3261,5670 3260,5670 3257,5670 3257,5670 3257,5669 3255,5667 3158,5668 3157,5667 2941,5667 2941,5668 2941,5669 2938,5671 2929,5672 2928,5671 2815,5671 2814,5670 2813,5670 2813,5670 2813,5669 2811,5667 2722,5667 2721,5666 2549,5667 2549,5668 2549,5685 2546,5687 2542,5687 2541,5686 2541,5685 2539,5683 2538,5683 2537,5682 2537,5681 2536,5680 2536,5672 2535,5671 2494,5671 2493,5670 2274,5671 2273,5670 2074,5671 2072,5669 2072,5668 2071,5667 2042,5667 2041,5666 1720,5668 1720,5668 1720,5689 1719,5690 1718,5690 1716,5692 1716,5697 1715,5698 1714,5698 1712,5700 1712,5700 1712,5701 1711,5702 1710,5702 1708,5704 1708,5705 1707,5706 1706,5706 1704,5708 1704,5709 1703,5710 1702,5710 1700,5712 1700,5713 1699,5714 1698,5714 1697,5715 1681,5715 1680,5716 1680,5717 1679,5718 1678,5718 1677,5719"/><TextEquiv index="1"><Unicode>“ne ſeroit pas longue. Dieu le veuille!</Unicode></TextEquiv></TextLine><TextLine id="r0_l025"><Coords points="2714,5927 2713,5926 2713,5925 2711,5923 2710,5923 2709,5922 2709,5871 2708,5871 2486,5871 2484,5869 2484,5868 2483,5867 2471,5868 2470,5867 2266,5867 2264,5865 2264,5864 2263,5863 2254,5863 2253,5862 2162,5863 2160,5860 2160,5859 2159,5859 1940,5860 1940,5860 1940,5861 1938,5863 1886,5863 1884,5861 1884,5860 1883,5859 1862,5859 1861,5858 1709,5859 1708,5857 1708,5856 1706,5855 1659,5855 1659,5856 1659,5916 1658,5916 1646,5916 1645,5915 1642,5915 1642,5915 1642,5856 1641,5855 1512,5856 1512,5856 1512,5885 1511,5886 1510,5886 1508,5888 1508,5889 1507,5890 1506,5890 1504,5892 1504,5893 1503,5894 1502,5894 1500,5896 1500,5897 1499,5898 1498,5898 1496,5900 1496,5901 1494,5903 1481,5903 1480,5904 1480,5905 1478,5907 1453,5907 1452,5905 1452,5904 1450,5903 1445,5903 1444,5902 1444,5901 1442,5899 1437,5899 1436,5898 1436,5893 1434,5891 1433,5891 1432,5890 1431,5852 1431,5851 1374,5851 1372,5850 1372,5849 1371,5847 1366,5847 1365,5846 1286,5847 1284,5845 1284,5844 1283,5843 1102,5844 1101,5843 942,5843 940,5842 940,5841 939,5839 934,5839 932,5838 932,5837 931,5835 867,5836 866,5835 508,5836 507,5837 507,5838 506,5839 502,5839 499,5837 499,5836 499,5835 430,5835 429,5834 350,5835 347,5832 347,5823 347,5823 194,5823 193,5822 138,5823 137,5822 136,5822 135,5821 135,5776 134,5775 133,5775 131,5773 131,5771 132,5771 133,5771 134,5770 135,5770 135,5769 135,5768 137,5767 141,5767 142,5766 143,5766 143,5765 143,5764 147,5760 147,5759 148,5759 151,5759 151,5759 151,5760 153,5762 160,5762 161,5763 163,5763 163,5763 163,5764 166,5767 351,5766 351,5765 351,5704 352,5703 357,5703 359,5701 359,5700 360,5699 362,5699 363,5699 363,5700 364,5702 376,5702 377,5703 508,5702 509,5703 510,5703 511,5704 511,5705 513,5707 514,5707 515,5708 515,5710 516,5711 516,5752 517,5752 643,5752 644,5753 644,5754 645,5755 671,5754 672,5755 862,5755 864,5752 864,5751 865,5751 866,5751 867,5750 868,5750 868,5749 868,5748 869,5748 870,5748 871,5746 871,5738 872,5737 872,5736 872,5736 873,5736 876,5733 876,5732 876,5731 877,5731 879,5730 879,5718 880,5717 880,5716 880,5715 881,5715 884,5713 884,5712 884,5711 885,5711 888,5709 888,5708 888,5707 889,5707 890,5706 916,5706 917,5707 918,5707 920,5709 920,5710 921,5711 922,5711 924,5713 924,5714 924,5714 1091,5714 1092,5715 1112,5714 1113,5715 1114,5715 1116,5717 1116,5767 1117,5767 1295,5767 1296,5766 1301,5766 1302,5767 1303,5767 1303,5767 1304,5768 1304,5769 1305,5770 1320,5770 1321,5771 1397,5770 1398,5771 1689,5770 1690,5771 1691,5771 1696,5776 1696,5777 1697,5778 1698,5778 1699,5779 1932,5778 1932,5777 1932,5772 1935,5770 1936,5770 1936,5769 1936,5756 1939,5754 1940,5754 1940,5753 1940,5752 1943,5750 1944,5750 1944,5749 1944,5744 1947,5742 1948,5742 1948,5741 1948,5740 1950,5738 1951,5738 1952,5737 1952,5736 1953,5735 1954,5735 1955,5734 1963,5734 1964,5733 1964,5732 1965,5731 1966,5731 1967,5730 1969,5730 1970,5731 1971,5731 1972,5731 1972,5732 1973,5734 1980,5734 1981,5735 1983,5735 1984,5735 1984,5736 1985,5738 1987,5739 1988,5739 1988,5739 1988,5740 1991,5743 1992,5743 1992,5743 1992,5780 1995,5783 2012,5783 2013,5784 2184,5783 2184,5782 2184,5736 2185,5735 2186,5735 2188,5733 2188,5732 2189,5731 2190,5731 2191,5730 2205,5730 2206,5731 2207,5731 2208,5731 2208,5732 2210,5735 2211,5735 2212,5735 2212,5782 2213,5783 2278,5782 2279,5783 2280,5783 2280,5784 2280,5785 2283,5787 2440,5787 2441,5788 2730,5786 2731,5787 2844,5787 2845,5788 3099,5787 3101,5784 3101,5783 3102,5783 3169,5782 3169,5782 3169,5737 3175,5730 3176,5730 3177,5730 3177,5729 3178,5727 3179,5727 3180,5726 3181,5726 3182,5727 3183,5727 3185,5729 3185,5730 3185,5730 3193,5730 3194,5731 3196,5731 3197,5732 3197,5779 3198,5779 3281,5779 3281,5780 3281,5794 3281,5794 3280,5794 3279,5795 3277,5797 3277,5798 3277,5798 3276,5798 3275,5799 3270,5799 3269,5800 3270,5853 3269,5854 3269,5858 3268,5858 3267,5858 3266,5859 3265,5861 3265,5862 3263,5863 3251,5863 3250,5862 3108,5863 3108,5863 3108,5923 3107,5924 3102,5924 3102,5923 3102,5863 3101,5863 3029,5863 3029,5864 3029,5866 3028,5866 3027,5866 3022,5871 2946,5871 2945,5870 2749,5871 2749,5872 2749,5922 2747,5923 2746,5923 2742,5927"/><TextEquiv index="1"><Unicode>“Mon ſeul regret eſt de ne pouvoir</Unicode></TextEquiv></TextLine><TextLine id="r0_l026"><Coords points="15,6094 15,6094 15,6089 13,6087 12,6087 10,6086 10,6085 11,6084 11,5941 12,5939 394,5938 395,5937 395,5912 397,5910 398,5910 399,5909 399,5908 400,5907 401,5907 403,5905 403,5904 404,5903 408,5903 409,5904 410,5904 411,5904 411,5905 411,5906 1058,5903 1059,5904 1118,5903 1120,5905 1120,5916 1120,5916 1490,5915 1491,5916 1645,5915 1646,5916 1659,5916 1660,5917 1660,5922 1660,5922 1661,5922 1662,5923 1663,5923 1664,5924 1664,5976 1665,5976 3093,5970 3093,5969 3093,5932 3095,5930 3096,5930 3097,5929 3097,5928 3099,5926 3100,5926 3101,5925 3101,5924 3101,5924 3219,5923 3221,5925 3221,5926 3221,5926 3222,5926 3225,5929 3225,5979 3226,5979 3252,5979 3253,5981 3253,5982 3255,5983 3260,5983 3261,5985 3261,5986 3262,5986 3263,5986 3265,5989 3265,5990 3266,5990 3267,5990 3269,5993 3269,6002 3271,6003 3272,6003 3273,6005 3273,6014 3272,6015 3271,6015 3269,6017 3269,6046 3268,6047 3267,6047 3265,6049 3265,6054 3264,6055 3263,6055 3262,6056 3261,6057 3261,6058 3260,6059 3255,6059 3253,6061 3253,6062 3252,6063 3030,6064 3029,6065 3029,6066 3028,6067 2420,6070 2419,6071 2411,6071 2408,6068 2408,6067 2408,6067 2283,6067 2280,6065 2280,6064 2280,6063 2275,6063 2274,6062 2203,6063 2200,6060 2200,6059 2200,6059 2143,6059 2140,6056 1430,6059 1428,6058 1428,6057 1427,6055 1426,6055 1424,6054 1424,6053 1423,6051 1422,6051 1420,6050 1420,6047 1420,6046 47,6052 46,6053 47,6094 46,6094"/><TextEquiv index="1"><Unicode>“t'être utile. J'ai vu cette mauvaiſe</Unicode></TextEquiv></TextLine><TextLine id="r0_l027"><Coords points="11,6095 3526,6079 3527,6299 12,6315"/><TextEquiv index="1"><Unicode>“Frédégonde. La grande malheureuſe!</Unicode></TextEquiv></TextLine><TextLine id="r0_l028"><Coords points="2416,6331 2769,6330 2770,6516 2417,6517"/><TextEquiv index="1"><Unicode>Bii</Unicode></TextEquiv></TextLine></TextRegion></Page></PcGts>