4266 8043
1182 453 1886 674 .
157 712 3237 939 pitalité, & qui tire ſon nom de cette
226 908 3233 1132 vertu ſi chère aux Anciens. Tâche de te
215 1109 3237 1325 joindre à Levrette, ma chère A-tout-
230 1300 3233 1519 venant, pour me tirer de mon château
219 1506 3237 1710 royal. Je volerai dans tes bras, & je ne
14 1695 3144 1916 négligerai rien pour te faire ta fortune.
238 2080 3562 2318 E
803 2470 2668 2678 Le même, à Frédégonde.
1097 2779 3083 3036 Du Château Royal de Bicêtre.
3 3214 3352 3437 Aguerre à ſes revers, ma Générale.
33 3429 3298 3637 Nous voilà tous les deux priſonniers de
45 3633 3268 3846 guerre, chacun de notre côté. Il ne faut
38 3826 3271 4054 pas nous déſeſpérer. Nous devons, au
53 4023 3271 4235 contraire, faire tous nos efforts pour
57 4211 3426 4436 ſortir de-là au plutôt. J'ai des eſpérances
45 4416 3268 4621 prochaines; &, dès que je ſerai libre,
60 4612 3264 4829 tu ſais tout le bien que je te veux, &
76 4801 3263 5017 la prodigieuſe eſtime que j'ai pour toi.
72 4975 3268 5219 Si je n'avois pas été arrêté, le même
95 5196 3267 5403 jour que toi, tu ſens que je ne t'aurois
103 5387 3460 5650 pas laiſſée deux jours dans un lieu ſi peu
107 5580 1217 5788 digne de toi.
115 5780 3453 5970 Je ne veux pas que le ſieur Perlen-
115 5973 3526 6186 cour le père ſache ma diſgrace, & perde
126 6166 3279 6356 la confiance qu'il a en moi. Je lui écris
2549 6380 2880 6524 Iiv
