4266 8479
886 547 4185 795 de s'échapper. Dès que nous aurons re-
891 775 4141 1008 trouvé le digne Chevalier ſi injuſtement
875 978 4133 1188 noirci, nous ſerons bien heureux s'il daigne
882 1184 4147 1422 concourir avec moi, pour perfectionner
883 1402 4233 1617 l'éducation de Monſieur votre fils. Ce
832 1605 4233 1834 jeune-homme paroît prévenu contre lui;
887 1817 4233 2037 il ſera bon que vous lui écriviez,
895 2028 4232 2257 que vous chargez auſſi le Chevalier
887 2236 4233 2469 Marqué de ſon éducation; & que vous
887 2444 4233 2673 lui ordonniez d'être ſoumis à ce gentil-
895 2648 4232 2885 homme. Je ne puis vous en écrire plus
883 2864 4232 3095 long pour l'inſtant, Monſieur. Je crois
895 3078 4232 3307 qu'il eſt temps que nous faſſions les dé-
588 3277 4232 3515 marches néceſſaires, pour que notre
894 3498 3582 3684 cher élève obtienne ſa liberté.“
1102 4260 4235 4535 Frédégonde, au Chevalier Marqué.
1085 4649 4235 4911 De la Maiſon Royale de la Salpêtrière.
980 5120 4233 5348 Malheureux! tu mériterois bien
907 5341 4233 5560 que j'écriviſſe au benêt de Perlencour
908 5552 4232 5765 père, pour le détromper ſur un roué
904 5762 4232 5974 comme toi. On devroit bien te tenir
646 5971 4233 6181 enfermé pour toute ta vie. Il te convient
896 6166 4232 6395 bien de me perſiffler comme tu le fais!
887 6386 4232 6625 Un garnement de Bicêtre ſe donner ces
