4266 8386
999 688 4161 905 ment, qui eſt l'ame du monde, a percé
999 901 4160 1106 dans mon cœur; c'eſt à ma nouvelle
1003 1101 4160 1323 détention, dans la priſon de l'Abbaye,
999 1310 4225 1529 que je dois cet avantage ou cette diſ-
999 1512 4226 1734 grace, ſelon ce que l'événement nous
856 1720 4226 1939 apprendra. J'ai vu, à travers ma fenêtre
1003 1930 4226 2147 grillée, une voiſine, une jeune perſonne,
1003 2130 4226 2343 dont les traits me paroiſſent réunir tout
999 2339 3683 2557 ce qu'il y a d'enivrant ſur la terre:
1130 2778 4161 2937 Que Liſis a d'appas, Dieux, ô Dieux! quelle eſt belle!
1138 2969 3638 3162 Seroit-elle enchantée, ou le ſuis-je par elle?
783 3351 4164 3565 Oui, je le ſuis ſans retour. Tel eſt mon
1007 3559 3155 3756 ſort; il faut s'y ſoumettre.
1220 3760 4165 3976 Cette jeune fille me paroît d'une con-
991 3972 4151 4172 dition vulgaire; ſa miſe eſt ſimple, & je
1007 4176 4160 4376 lui vois une nobleſſe & une dignité dont
1007 4384 4160 4586 il n'y a pas d'exemple. Le cœur me bat
1011 4584 4160 4789 quand je la vois paſſer, quand je ſoup-
1011 4784 4160 4993 çonne même qu'elle paſſe ſous mes fe-
1008 4992 4156 5204 nêtres. Quand ſon œil paroît tourné de
1016 5196 4147 5405 mon côté, je ſens des palpitations, qui
1003 5405 4143 5610 manquent de m'étouffer. Je ſuis tenté de
1011 5608 4143 5813 me jeter à genoux, & de l'invoquer comme
1004 5809 4143 6023 un ange revêtu d'une forme humaine.
1003 6025 4135 6230 Me voilà malheureux pour toute ma vie,
1003 6221 4131 6434 ſi je ne puis lui plaire, ſi je ne puis la
991 6426 4131 6638 poſſéder. Et je ſuis enfermé, & je ne
