4266 8269
1511 388 1967 596 .
1 559 3330 828 Marqué, nous allons lui rendre la liberté;
1 826 3326 1026 mais nous vous exhortons à l'examiner
83 1025 3338 1223 très-particulièrement, avant de lui donner
1 1232 2395 1412 aucune ombre de confiance.
87 1426 3638 1636 Nous allons auſſi ouvrir, à Monſieur
227 1630 3346 1831 votre fils, les portes de ſa priſon. Nous
1 1827 3350 2030 avons exigé qu'il s'y rendît pendant quel-
15 2026 3346 2238 que temps, pour expier la faute qu'il
223 2234 3346 2444 avoit commiſe, en s'échappant de S. Yon.
1 2434 3354 2634 Nous croyons qu'il pourra vous donner
47 2634 3350 2838 de la ſatisfaction par la ſuite; mais il
1 2830 1887 3046 faut le veiller de près.
1 3223 3351 3447 i.
1 3592 3259 3803 Le Chevalier Marqué, à Monſieur de
852 3999 2415 4191 Perlencour père.
7 4406 3374 4622 Je ne puis aſſez vous remercier, Mon-
1 4617 3370 4830 ſieur, puiſque c'eſt à vous que je dois
247 4824 3374 5034 ma liberté. Je gémiſſois de ce qu'on m'a-
39 5021 3374 5225 voit noirci à vos yeux; je reſpire, quand
1 5225 3382 5439 je vois qu'on me rend enfin juſtice. Je
27 5427 3382 5633 vais me concerter parfaitement avec mon
7 5629 3374 5825 ami M. de Loutraille, pour l'avantage
35 5817 3374 5977 de Monſieur votre fils. Nous ſommes ſi
19 6017 3506 6217 étroitement unis enſemble, que nous ne
15 6197 3374 6441 faiſons qu'une même perſonne. On ne
