4266 8334
2303 413 2702 606 o
967 647 4117 870 peut donc exiger un plus merveilleux
970 916 1577 1012 concert.
1162 1057 4111 1247 Je vais bien faire ma cour à M. de
962 1262 4108 1471 Perlencour fils, en le tirant de ſa pri-
958 1468 4103 1684 ſon, pour le ramener dans le monde.
959 1677 4104 1874 Je ſuis fâché, Monſieur, de ce que vous
966 1878 4103 2089 partez avec preſque toute votre famille,
958 2092 4107 2291 pour vous enſevelir, pendant quelque
962 2291 4107 2494 temps, au fond de l'Amérique. Je tâcherai
962 2494 4111 2701 de vous ſuppléer pendant votre abſence,
958 2697 4111 3112 l euu o ueress ſt euone ſ ſ eſi
962 3099 4103 3311 Céſar. Je vous remercie des fonds que
962 3309 3937 3523 vous avez bien voulu me faire paſſer.
1177 4107 4251 4305 Céſar de Perlencour, à Dumoulin.
3376 4504 3889 4633 Paris.
946 4891 4111 5112 'ai été fort ſurpris, ce matin, mon
942 5107 4103 5318 cher ami, de voir entrer, chez moi, le
942 5306 4111 5509 Chevalier Marqué, que je croyois à Bi-
938 5513 4107 5721 cêtre, & qui eſt venu m'annoncer, en
596 5716 4103 5924 m'embraſſant, que j'étois libre par ſes
937 5915 4107 6127 ſoins. J'étois aſſez mal diſpoſé en faveur
950 6123 4107 6341 de M. le Chevalier; cependant, grace au
946 6314 4115 6558 bienfait, que je recevois de lui, je n'ai
