4266 8145
1410 347 2207 604 .
-16 599 3337 1011 de le teaeetier ceorn nei me arodit
-15 1003 3514 1212 un peu froid, il m'a préſenté vingt-cinq
-14 1209 3340 1415 louis, & ma froideur n'a pu tenir contre
-14 1397 1533 1628 un pareil cadeau.
268 1604 3340 1809 Je ſuis ſorti de priſon. J'ai couru
-13 1794 3337 2002 d'abord à la maiſon qui renfermoit le
-13 1994 3340 2206 nouvel objet de mes amours. Je n'ai point
-12 2201 3337 2406 eu le bonheur qu'elle ait paru à la porte,
-12 2395 3337 2600 ni à la fenêtre. J'ai vainement attendu,
-11 2592 3344 2828 pendant près d'une heure, qu'elle ſe
-11 2788 3341 3003 montrât, malgré une groſſe pluie qui
-10 2988 3340 3193 m'inondoit. Le Chevalier Marqué s'eſt
-10 3189 3344 3389 impatienté, & m'a planté là. Ne voyant
-9 3383 3479 3619 point ma nouvelle Divinité, j'ai penſé
-9 3581 3348 3787 à deux autres, qui ont un droit égal de
-9 3783 3344 3981 m'intéreſſer, & auxquelles je dois mes
-8 3980 3340 4191 ſoins les plus empreſſés. La belle Laure
-8 4181 3340 4388 de Lyſange ſouffre peut-être, pour moi,
-7 4380 3344 4596 dans ſon Couvent; & la chère petite
-7 4578 3337 4780 Levrette eſt enfermée, pour moi, dans
-6 4779 3337 4982 une priſon indigne d'elle. Il faut que je
-6 4977 1976 5193 délivre l'une & l'autre.
224 5175 3337 5379 Je me ſuis rendu d'abord chez l'officier
-5 5360 3329 5583 de Police, chargé de l'inſpection des
-5 5539 3333 5776 filles. Je lui ai demandé la permiſſion
-4 5764 3329 5966 de voir la nommée Levrette, enfermée
-4 5962 3329 6169 à la Salpêtrière. Je lui ai raconté, en
-3 6161 3321 6439 peu de mots, les obligations que j'avois
