4266 8285
816 674 3993 893 “dont je n'ai point à rougir; mais je
816 889 3973 1104 “ne puis refuſer un don ſi précieux
816 1092 3977 1307 “que celui de la liberté, ſur-tout quand
816 1299 3981 1511 “il m'eſt préſenté par la main de mon
812 1498 4026 1710 “cher Perlencour. J'ai pluſieurs choſes,
808 1706 3985 1913 “d'ailleurs, qui me rappellent dans le
821 1915 3986 2122 “chaos de Paris. Ma mère a peut-être
820 2118 3989 2309 “beſoin de mes ſecours. Ah! je veux
820 2315 3994 2531 “voler pour lui en porter. Dreſſe donc
816 2522 3998 2730 “ton placet, mon cher ami, obtiens
824 2729 4003 2938 “ma liberté, & je me jete dans tes
828 2937 1523 3084 “bras.“
1031 3136 4006 3350 La Sœur qu'elle ſervoit paſſa dans ce
828 3347 4014 3542 moment. Elle entendit ce que nous di-
832 3542 4014 3755 ſions: „Ah! s'écria-t-elle, ne m'enlevez
824 3749 4087 3961 “pas mon bras droit. Que lui manque-
840 3957 4015 4163 “t-il à ma petite Levrette? Dis, ma
829 4159 4015 4369 “chère amie, que peux-tu deſirer? Je
832 4367 4014 4571 “tâcherai de te le procurer.“ Levrette
840 4566 4022 4758 attendrie ſe jeta dans les bras de la
726 4769 4018 4979 bonne Sœur. Les deux chères perſonnes
840 4973 4034 5180 pleurèrent enſemble, & je les quittai
642 5180 1909 5328 tout attendri.
966 5379 4026 5592 „Je laiſſe la vertu à l'Hôpital, me
844 5586 4034 5795 “diſois - je, en m'éloignant de cette
848 5792 4071 6004 “grande maiſon. Hâtons - nous de l'en
856 6001 4030 6205 “délivrer.“ Il étoit temps de dîner.
852 6200 4034 6407 J'entrai dans une auberge, pour remplir
860 6403 4034 6606 cette fonction indiſpenſable, & je me
