4266 8095
-15 644 3279 854 décidai à ne pas rentrer chez moi, que
-15 843 3283 1050 je n'euſſe vu la belle Laure de Lyſange.
-15 1042 3295 1241 Je me rendis, après-dîner, aux Carmé-
-14 1234 3291 1459 lites. Je demandai Mademoiſelle Laure.
-14 1444 3291 1647 „De quelle part, me dit-on?“ -- „De
-13 1646 3482 1846 “la part de ſon père & de ſa mère,
-13 1846 3414 2050 “répondis - je.“ -- „Avez - vous une
-12 2049 3307 2249 “lettre, reprit - on, qui atteſte que
-12 2248 3295 2451 “vous êtes chargé de cette commiſſion?“
-12 2424 3315 2658 Je dis que je n'avois qu'un ordre verbal
-11 2646 3323 2853 de leur part. On me répondit que cela
-11 2847 3319 3048 ne ſuffiſoit pas, & je demandai la Mère
-10 3029 3323 3267 S. Amand. On la fit venir au Parloir.
-10 3243 3335 3445 Elle parut ſurpriſe de me voir, & elle
-9 3442 3326 3648 me reconnut. „Pour Dieu, ma pieuſe
-9 3637 3334 3841 “Mère, lui dis-je, ne me trahiſſez pas.
-8 3841 3338 4040 “Je viens vous demander, à mains
-8 4033 3347 4239 “jointes, des nouvelles de Mademoi-
-8 4239 3346 4445 “ſelle de Lyſange.“ -- „Ah! mon
-7 4440 3346 4645 “enfant, répondit-elle, il ne m'eſt pas
-7 4641 3350 4843 “permis de vous en donner; mais vous
-6 4838 3350 5047 “avez fait bien du mal.“ Alors les
-6 5038 3350 5237 larmes vinrent aux yeux de la bonne
-5 5212 3350 5445 Mère, & je fus moi-même attendri. La
-5 5440 3354 5635 douleur que je lui voyois m'éclaira ſur
-5 5601 3362 5835 le ſort de l'infortunée Laure. „Ah!
-4 5826 3370 6025 “voilà ce que je craignois, m'écriai-
-4 6025 3366 6229 “je, on l'a cru ma complice, & on l'a
-3 6226 3406 6436 “punie.“ La Mère S. Amand levoit
