4266 8386
2289 460 2813 669 .
693 693 4152 961 les yeux au ciel. Elle ne répondoit pas;
918 926 4172 1134 mais elle ne nioit pas, & elle fondoit
926 1137 4091 1351 en larmes. C'étoit un aveu tacite, par
918 1344 4091 1556 lequel elle m'apprenoit que la chère
905 1550 4082 1759 Laure étoit punie, & peut-être renfer-
701 1755 4086 1976 mée dans quelque ſouterrein. Je fré-
909 1967 4086 2167 miſſois d'horreur, & j'étois d'autant plus
913 2171 4086 2384 déchiré, que je me reprochois d'être la
562 2383 4082 2592 cauſe première de ſes peines. „Ah! ma
901 2592 4086 2801 “chère maman, dis-je à la bonne Mère,
897 2796 4086 3006 “je veux abſolument la voir, & la déli-
901 3006 4082 3211 “vrer des chaînes, où, ſans doute, on
909 3211 4086 3412 “la fait gémir.“ -- „Mon fils, me ré-
701 3411 4086 3630 “pondit - elle, pour Dieu! modérez-
897 3626 4086 3829 “vous. Très-sûrement vous ne pourrez
896 3829 4086 4025 “la voir; &, ſi vous voulez faire quel-
897 4032 4083 4240 “qu'eſclandre, au lieu de la ſoulager,
901 4240 4074 4446 “vous ne ferez qu'empirer ſon ſort.“
905 4441 4082 4654 -- „Ah! ma chère maman, répondis-
901 4649 4078 4860 “je, cela eſt bien cruel. Je vois trop
897 4857 4074 5062 “que je ne puis rien obtenir de vous;
893 5058 4074 5270 “probablement vous ne pouvez rien;
889 5267 4074 5474 “mais je reviendrai, & je vais prendre
893 5470 4074 5679 “des meſures infaillibles, pour délivrer
889 5682 4070 5883 “l'incomparable Laure.“ -- „Puiſſiez-
889 5886 4066 6096 “vous y réuſſir, dit la bonne Mère!“
897 6091 4070 6299 & elle prit congé de moi, en ſoupi-
893 6352 1240 6454 rant.
1082 6493 4189 6744 J'allai méditer au Luxembourg, dans
