4266 8384
1453 526 1832 709 n.
43 709 3268 969 l'allée des ſoupirs, ſur le parti que je
43 969 3275 1182 devois prendre. Il me vint ſubitement
67 1170 3292 1386 une idée que je réſolus d'exécuter dès
47 1376 3288 1591 le lendemain; car il étoit déjà tard. Je
43 1581 3296 1789 voulus retourner dans mon ancien loge-
39 1782 3296 1997 ment; mais je rencontrai la grande la
39 1966 3304 2195 Voirie, qui me dit qu'elle s'appelloit à
55 2192 3304 2406 préſent Roſe A- tout - venant. Elle me
59 2394 3304 2596 conduiſit chez elle. J'y ſoupai & j'v
67 2596 3651 2802 couchai ſeul, dans un bon lit, où je
67 2800 3312 3010 m'occupai, toute la nuit, de Levrette,
79 3002 3400 3199 de Laure, & du nouvel objet de mes
83 3218 757 3429 amours.
87 3559 3333 3804 .
1279 3988 2169 4131 Suite.
116 4414 3489 4620 e lendemain, j'allai trouver, dès que
115 4611 3348 4833 je fus levé de bonne-heure, un domeſ-
128 4812 3421 5031 tique intelligent qui m'avoit ſervi quel-
124 5009 3344 5228 que temps, & qui eſt actuellement au
136 5207 2334 5429 ſervice de Monſeigneur.
707 5437 3352 5646 .Je lui expliquai mon projet pour
168 5600 3360 5845 délivrer la belle Laure, & je le priai
184 5823 3364 6034 de me ſeconder. Je lui demandai d'abord
196 6021 3376 6242 s'il avoit de l'écriture de Monſeigneur.
176 6202 3698 6451 Il m'en montra, avec la ſignature du
200 6411 3372 6657 Prélat. „Cela ſuffit, lui dis-je, à pré-
