4266 8271
2389 371 2788 548 s)
1111 595 4242 809 “ſent, mon ami, pourriez - vous me
749 805 4201 1010 “procurer le grand habit d'un Cardi-
1103 1006 4197 1180 “nal?“ -- „J'ai mon frère, me ré-
1096 1213 4186 1414 “pondit-il, qui eſt juſtement valet-de-
1096 1414 4182 1620 “chambre de Monſeigneur le Cardinal
994 1623 2138 1800 “de*.
1957 1623 4177 1824 l pourra, peut-être, vous
1092 1825 4154 2023 “faire ce plaiſir.“ -- „Allons le trou-
1087 2029 4149 2234 “ver, m'écriai - je, & je fis monter,
1091 2231 4153 2434 avec moi, en voiture le domeſtique qui
1087 2434 3931 2639 me parut flatté de cette diſtinction.
1083 2638 4145 2842 Nous arrivâmes chez le frère, qui
1071 2839 4141 3053 parut d'abord aſſez peu diſpoſé à me
1071 3045 4141 3251 rendre le ſervice que je demandois; mais
1087 3242 4137 3452 qui ſe laiſſa bientôt perſuader par quatre
1075 3448 4129 3657 louis gliſſés dans ſa main. Il me con-
1075 3649 4133 3847 duiſit dans ſa chambre, m'ajuſta lui-
1067 3851 4129 4065 même, & me paſſa le grand habit de
873 4060 4125 4258 cérémonie de ſon maître; habit qui, par
1064 4263 4126 4456 un heureux haſard, m'alloit très - bien
1059 4463 4117 4665 Je mis un grand manteau par - deſſus
1054 4652 4105 4878 pour ſortir, ſans que perſonne de l'hôtel
1054 4866 3553 5075 s'apperçût de mon déguiſement.
1260 5052 4097 5221 M. le Cardinal de nouvelle date ſ
1047 5274 4090 5471 rendit, avec le fidèle domeſtique, ches
1042 5474 4089 5680 Madame la Voirie, ou plutôt Roſe A-
1050 5672 4088 5881 tout venant. Elle ne fut pas ſurpriſe de
1046 5881 4089 6083 me voir en manteau; mais, quand je
701 6071 4088 6297 fus dans ſon appartement, je jetai le
1050 6276 4084 6478 manteau bas, & elle fut toute émerveillée
3186 6477 4089 6671 d'appercevoiſ
