4266 8031
-15 687 3274 897 d'appercevoir un Cardinal. „Miſéricorde,
-15 878 3247 1094 “s'écria-t-elle! Qu'eſt-ce que je vois?“
-14 1080 3270 1287 -- „A genoux, lui dis-je.“ Elle ſe proſ-
-14 1270 3266 1474 terna en riant, deux autres femmes le
-14 1474 3278 1673 firent tout de bon; & je leur donnai gra-
-13 1671 2862 1884 vement une bénédiction pontificale.
264 1841 3406 2071 Je chargeai le domeſtique de me faire
-12 2041 3286 2263 venir, ſur-le-champ, un carroſſe de re-
-12 2253 3282 2457 miſe, le plus brillant qu'il pourroit trou-
-11 2450 3282 2656 ver; & de m'amener pluſieurs domeſti-
-11 2646 3278 2850 ques à livrée. Il me promit que je ne tar-
-11 2842 3290 3045 derois pas à avoir ce que je demandois.
-10 3015 3278 3236 Pendant qu'il alloit me faire cette com-
-10 3227 3290 3429 miſſion, j'écrivis, en prenant effronté-
-9 3425 3278 3612 ment le nom de l'Archevêque, la lettre
-9 3598 3278 3820 ſuivante, adreſſée à la Prieure des Car-
-8 3817 785 4035 mélites.
427 4013 3282 4218 „Ma Révérende Mère, le jeune
-7 4192 1434 4400 “Cardinal ...
1710 4214 3282 4425 ,qui arrive de
-7 4400 3282 4608 “Rome, m'a témoigné l'envie de voir
-7 4597 3290 4804 “pluſieurs Couvents de cette capitale;
-6 4787 3293 4993 “entr'autres, celui des Carmélites, qui,
-6 4986 3297 5196 “par ſa ſainteté connue, excite, ſur-
-5 5178 3297 5375 “tout, ſa curioſité. Il va ſuivre ma
-5 5375 3301 5577 “lettre de près; je ſuis fâché de ne
-5 5569 3305 5771 “pouvoir l'accompagner; mais je vous
-4 5763 3305 5968 “prie de faire les honneurs de votre
-4 5954 3313 6162 “édifiante maiſon, de faire tout voir
-3 6150 3321 6361 “à Son Eminence, &, ſur-tout, de lui
513 6354 1249 6504 Tome I.
