4266 8396
855 677 4179 902 “préſenter une perſonne que nous ſa-
846 884 4092 1096 “vons, de ſcience certaine, être chez
478 1095 4096 1310 “vous, & qu'elle veut abſolument voir,
499 1305 4084 1526 “parce qu'elle s'intéreſſe beaucoup à
710 1517 4088 1732 “cette perſonne, qui lui eſt chaudement
851 1723 4092 1935 “recommandée. Faites tout ce qui ſera
851 1930 4241 2149 “en vous pour l'édification & la ſatis-
850 2145 4099 2361 “faction de Son Eminence. Sur ce, ma
507 2348 4204 2568 “Révérende Mère, je vous donne ma
611 2558 4220 2774 “bénédiction apoſtolique, & je prie
797 2769 4216 2991 “Dieu qu'il vous ait en ſa ſainte garde.“
822 2972 4212 3196 Je copiai, le mieux que je pus, la
805 3186 4208 3401 ſignature du reſpectable Prélat, que j'a-
855 3390 4204 3607 vois ſous les yeux. Le domeſtique revint.
871 3600 4104 3816 „Vous allez, me dit-il, avoir dans un
867 3807 4096 4014 “moment votre carroſſe & vos gens.“
871 4017 4101 4239 --„Fort bien, répondis-je. Pour m'an-
859 4225 4100 4446 “noncer, va porter cette lettre, comme
863 4435 4100 4649 “de la part de ton maître, à la Prieure
549 4642 4104 4854 “des Carmélites.“ Je lui dis ce qu'elle
867 4853 4100 5064 contenoit. Il revint bientôt après. „Tout
859 5059 4101 5274 “le Couvent eſt ſur pied, dit - il; on
532 5273 4096 5484 “attend Son Eminence. On eſt au dé-
859 5477 4096 5696 “ſeſpoir de n'avoir pas été plutôt inſ-
855 5688 4084 5903 “truit de ſa viſite, pour lui préparer
859 5899 3576 6107 “une réception digne d'elle.“
1053 6098 4081 6320 Soudain je pris la route du Monaſtère.
598 6315 4088 6470 J'avois une voiture aſſez brillante &
851 6514 4188 6733 quatre grands laquais derrière, avec un
