4266 8072
1080 622 4265 846 ce que j'avois fait. Elle paſſa près de
1072 838 4266 1057 moi, ſans me regarder. Je lui gliſſai
1061 1037 4266 1243 mon billet dans la main. Elle me regarda,
1068 1232 4266 1436 me reconnut & rougit. Elle alla dans un
1061 1408 4267 1649 coin lire mon papier; & revint quel-
1061 1631 4267 1838 que temps après me gliſſer, à ſon tour,
1064 1828 4268 2029 ſa réponſe. Je la lus à l'écart. Elle m'ap-
1049 2019 4268 2427 ls eeppieaions quion oio eoe vvele
1045 2420 4269 2628 ſaint Prélat; mais qu'il avoit daigné cepen-
1053 2613 4269 2817 dant s'informer de l'innocence de la vic-
1044 2817 4270 3026 time, & que, ne la trouvant pas coupable,
959 3007 4270 3216 il avoit défendu qu'on la tourmentât, &
1033 3210 4271 3418 avoit recommandé, au contraire, qu'on
1037 3402 4271 3618 eût beaucoup de ſoin d'elle; de plus, elle
1026 3602 4272 3813 me ſatisfaiſoit ſur tous les autres points
1010 3803 4272 4023 de ma lettre, me faiſoit ſes tendres re-
994 4010 4272 4215 mercîmens, & ſe recommandoit à moi,
1014 4201 4273 4402 comme à ſon Sauveur. Je vins à bout
1014 4397 4273 4594 de lui dire à l'oreille que je ferois tous
915 4581 4274 4802 mes efforts pour la tirer d'eſclavage; &
912 4796 4274 4997 je vis rayonner, dans ſes yeux, l'eſpé-
994 4996 3856 5199 rance, & peut-être auſſi l'amour.
1139 5163 4275 5397 De retour chez moi, je cherchois les
991 5390 4275 5585 moyens de voir Laure quand je voudrois.
971 5577 4276 5788 Je reconnus que ce Monaſtère n'étant pas
983 5773 4276 5995 entièrement iſolé, d'un côté, je pourrois
986 5987 4277 6216 monter ſur le toît du bâtiment voiſin, &,
