4266 7758
21 618 3198 829 de là, gagner le ſien, & me préſenter
32 811 3206 1011 même auprès de ſa fenêtre. Le danger
21 1003 2171 1211 ne paroiſſoit pas grand.
499 1181 3209 1371 Le lendemain, j'allai encore barbouil-
21 1322 3206 1572 ler. Je donnai rendez-vous à Laure pour
25 1552 3206 1761 la nuit ſuivante, à deux heures après
14 1748 3206 1941 minuit, à ſa fenêtre. Je me pourvus
21 1938 3209 2128 d'échelles de ſoie, & de crampons; j'eus
40 2119 3206 2318 accès dans la maiſon voiſine. Je montai
39 2290 3213 2680 ſu ceouneui lnſiie d'ata ile il
54 2679 3209 2869 une de mes échelles, que j'attachai à un
62 2861 3209 3046 tuyau de cheminée, je me laiſſai gliſſer
66 3050 3361 3240 juſque devant la fenêtre de mon amante,
66 3235 3206 3421 ſur un petit balcon où elle m'attendoit.
66 3417 3206 3610 Avec quel tranſport elle me reçut! quel
66 3606 3198 3796 amour! quels tendres embraſſemens!
77 3795 3202 3984 comme ſa philoſophie ſembloit donner
95 3980 3206 4175 plus de piquant aux ſentimens amou-
92 4158 3076 4370 reux qu'elle daignoit me témoigner!
492 4358 3206 4544 Nous entrâmes dans des détails qu'il
103 4470 3202 4733 ſeroit trop long de te rapporter, mon
132 4723 3202 4918 cher Dumoulin. Elle me raconta les per-
125 4885 3205 5096 ſécutions qu'elle avoit eſſuyées; mon
140 5096 3283 5289 cœur ſaigneroit trop pour me les rap-
147 5274 3198 5486 peler. Elle m'a dit qu'en déſapprouvant
151 5459 3358 5660 quelques-uns des moyens dont je m'étois
173 5645 3202 5832 ſervi, elle étoit édifiée de ma conduite
181 5830 3194 6023 à ſon égard. Elle m'en a remercié hau-
2297 6033 2639 6209 Cvi
