4266 9179
1662 342 2341 673 i
-54 677 4198 925 “artiſte; par exemnple, d'un graveur.
-53 897 3814 1145 “Je m'applique un peu à ce talent. Je
-52 1138 4207 1376 “voudrois, ainſi déguiſé, loger pen-
-50 1344 3823 1596 “dant quelque temps auprès d'elle, en
-49 1563 4013 1866 “qualité de voiſin; je la fréquenterois,
-47 1807 4013 2052 “& ....“ -- „Et... fort bien. Hé bien,
-46 2046 3863 2277 “vous n'avez qu'à louer un appartement
-44 2274 3814 2507 “dans la maiſon qu'elle occupe.“ --
-43 2497 3800 2735 „Mais s'il n'y en a point à louer?“
-41 2715 3809 2965 -- „On s'arrange pour qu'il y en ait.
-40 2952 3809 3184 “Vous êtes bien de votre village; on
-38 3176 3809 3417 “fait donner congé à quelque locataire,
-37 3402 3809 3654 “à celui qui vous déplaît le plus. J'ar-
-35 3633 1848 3864 “rangerai cela.“
487 3845 3805 4076 Je trouvois cette manière de procéder
-33 3998 3827 4317 fort leſte; mais pas très-canonique. Ce-
-31 4302 3805 4570 pendant le grand deſir que j'avois de
-29 4541 3872 4789 me voir le voiſin de la belle Aurore,
-28 4766 3798 5017 me faiſoit paſſer ſur bien des choſes.
474 4962 3809 5230 Je m'informai ſur-le-champ de tout
-25 5203 3963 5467 ce qui logeoit dans la maiſon de ma
-23 5450 3796 5694 Divinité. J'appris qu'il y avoit, juſte-
-22 5671 3782 5915 ment vis - à - vis d'elle, une femme de
-20 5894 3927 6142 mœurs un peu ſuſpectes. „Ah! me dis-
-19 6131 3782 6372 “je, elle n'eſt pas digne d'habiter près
-18 6346 3787 6598 “de mon ange. Il faut écarter toute
-16 6571 3773 6819 “ombre de corruption, d'un objet ſi
-15 6798 3773 7041 “pur; mais comment déloger cette
-13 7024 3768 7276 “femme?“ Le Chevalier Marqué s'en
-11 7233 872 7499 chargea.
