4266 8879
1988 407 2580 634 .
748 650 4126 870 Il alla, le lendemain fort bien mis,
717 879 4187 1112 la voir, & débuta ſans façon, avec elle,
713 1098 4108 1340 de cette manière: „Ma belle Dame,
709 1318 4112 1557 “lui dit-il, j'ai entendu dire tant de
709 1541 4112 1779 “bien de vous, que j'ai deſiré de vous
704 1756 4125 1979 “connoître. J'ai cherché quelqu'un qui
700 1979 4112 2216 “me préſentât chez vous; je n'ai trouvé
349 2203 4117 2435 “perſonne; je me ſuis préſenté moi-
704 2426 4117 2659 “même.“ La Dame n'étoit pas très-
709 2645 4144 2873 difficile. Elle ſe contenta de ce début.
704 2869 4121 3102 Elle étoit à ſa fenêtre au moment où
516 3089 4121 3321 M. le Chevalier entroit; elle avoit vu
704 3311 4122 3534 qu'il ſortoit d'une fort jolie voiture. Elle
704 3530 4112 3701 étoit flattée de faire une connoiſſance ſi
547 3738 4126 3984 brillante; elle en avoit beſoin. Elle ré-
696 3977 4130 4200 pondit fort poliment. Bientôt le galant
577 4199 4135 4423 fit ſes propoſitions; il parla même d'en-
709 4423 4130 4638 tretenir. On l'écouta; il dit qu'il vou-
696 4638 4130 4867 loit loger la Dame plus près de lui. Elle
709 4861 4131 5085 témoigna qu'elle ne tenoit pas à ſon
538 5076 4125 5309 logement; & qu'elle iroit, pour lui
709 5304 4125 5524 plaire, s'établir où il voudroit; „mais
700 5519 4134 5740 “il faut, dit-elle, finir mon terme.“ --
700 5740 4147 5964 „Non, non, répondit-il, je vous trou-
704 5963 4125 6193 “verai quelqu'un qui prendra votre
709 6188 4125 6412 “appartement ſur-le-champ; & j'en ai
687 6403 4125 6637 “un autre tout près pour vous.“ --
713 6622 4117 6856 „Soit, dit-elle, je ſuis à vos ordres;
704 6842 4108 7074 “mais que ferai-je de mes meubles?“
