4266 8733
1652 468 2350 741 .
3037 942 3574 1082 L
6 903 2338 1178 i
1401 1345 2422 1503 Suite.
7 1669 3594 2035 Apptaudis - moi, mon bon ami,
288 2001 3603 2233 couronne moi de laurier. J'ai tiré ma
11 2209 3586 2432 chère Levrette de ſa maiſon de captivité.
275 2417 3586 2662 C'eſt l'Officier de Police qui a été aſſez
11 2638 3594 2872 complaiſant pour me charger de cette
12 2842 3598 3098 heureuſe commiſſion. Je me ſuis rendu
262 3063 3586 3291 en hâte à ſa triſte demeursA ma voix
262 3275 3581 3505 les portes de fer ſont tombees. On m'a
254 3492 3586 3720 ſoudain remis, dans les bras, ma chère
12 3700 3577 3932 Levrette, qui ne ceſſoit de m'embraſſer
250 3917 3581 4130 comme ſon libérateur; mais enſuite elle
245 4130 3577 4364 s'eſt jetée dans les bras de la Sœur qu'elle
227 4352 3569 4572 ſervoit, & qui la pleuroit amèrement.
46 4562 3811 5001 e aa ſe iil ouu a qir el
228 4997 3773 5205 “cruellement? Que te manque-t-il avec
236 5208 3700 5431 “moi? Parle, ma chère amie, demande
237 5426 3560 5643 “tout ce que tu voudras à ta bonne
233 5637 3891 5860 “Sœur.“ Levrette pleuroit ſans rien
118 5847 3560 6072 dire, & la tenoit ſerrée ſur ſon cœur.
275 6058 3569 6280 ſoutes les autres Sœurs pleuroient; la
194 6272 3441 6493 déſolation étoit répandue dans l'Hôpital.
458 6487 3547 6692 Enfin je ſuis venu à bout d'enlever
236 6684 3549 6948 ma chère Levrette. Elle a voulu que je
