4266 8032
22 774 3541 994 auprès d'une Princeſſe d'Allemagne,
21 980 3183 1179 qu'elle aime beaucoup; que cette petite
22 1182 3183 1379 cour eſt charmante, & qu'elle a eu toutes
22 1363 3187 1564 les peines du monde à s'en détacher.
21 1543 3191 1765 Elle a déjà, autour d'elle, un cercle de
14 1753 3194 1957 jeunes Seigneurs. Elle leur débite toutes
14 1944 3199 2150 ces impertinences; & ces Meſſieurs, qui
7 2138 3206 2342 ſavent très-bien d'où elle vient, ſemblent
14 2329 3207 2533 prendre à la lettre tout ce qu'elle dit, &
11 2531 3186 2732 la remercier de la complaiſance qu'elle
30 2726 3213 2924 a eue pour eux. Quant à moi, je m'en-
34 2917 2913 3135 fuis ſouvent en hauſſant les épaules.
222 3109 3221 3302 Je me réfugie auprès de ma petite
49 3306 3376 3497 Levrette, toujours innocente, toujours
45 3495 3214 3688 édifiante, au ſein du déréglement, où
41 3687 3210 3880 elle eſt plongée malgré elle. Je reſpire
37 3880 3198 4078 dans ſes bras. Je me partage, d'ailleurs,
38 4077 3218 4267 entre ma nouvelle Divinité, & la noble
45 4266 3210 4471 de Lyſange. L'Aurore eſt pour le matin.
41 4433 3215 4663 J'ai lié connoiſſance avec elle; je me
57 4655 3237 4848 ſuis déjà introduit dans cette maiſon. Ce
53 4848 3410 5048 ſont de bonnes-gens. Le père eſt perclus
45 5040 3214 5237 de preſque tous ſes membres. La fille
61 5241 3206 5430 travaille, avec ſa mère, pour le ſoutenir;
68 5430 3217 5627 mais que peuvent gagner des femmes
76 5615 3206 5811 avec leur couture? J'ai perſuadé à ma
84 5803 3202 6008 petite maîtreſſe que je la ferai gagner
88 6000 3198 6199 bien davantage avec la gravure. Je lui
84 6193 3206 6405 enſeigne le deſſin. Elle fait des progrès
