4266 8596
952 649 4240 890 ſenſibles. Elle reçoit mes ſoins avec tant
956 883 4240 1103 de douceur, que j'ai lieu de me flatter
952 1095 4240 1326 qu'ils ne ſeront pas perdus. Elle m'aime
952 1309 4156 1545 déjà ſans s'en douter, ou elle m'aimera
944 1519 4152 1717 bientôt infailliblement. Quelle inno-
948 1729 4240 1943 cence! C'eſt l'ame de Levrette parfai-
948 1940 4240 2170 tement pure, avec le bonheur de n'avoit
944 2158 4148 2384 jamais connu l'ombre du déſordre. Que
935 2372 4224 2598 j'ai de plaiſir à vivre bourgeoiſement
940 2565 4219 2814 avec ces bonnes - gens! Je me ſuis mis
940 2792 4198 3023 en penſion chez eux pour le dîner. C'eſt
935 3002 4182 3238 la belle Aurore qui l'apprête. C'eſt elle
183 3212 4140 3443 qui fait ma chambre. Elle eſt ſurpriſe
717 3433 4140 3657 de ne jamais trouver le lit dérangé;
649 3647 4144 3878 car, ſi je ſuis le matin un petit bour-
923 3850 4186 4291 eaeeais e reſtee, ou ſe l pae
658 4287 4148 4492 être, végéter dans une plus haute ſphère.
914 4497 4144 4706 La nuit ſouvent, au clair de la lune, je
910 4702 4140 4915 me rends, avec mes échelles de ſoie,
930 4913 4182 5127 dans la niche aérienne où je m'entretiens
934 5111 4136 5344 avec la belle Laure, autre ame honnête,
923 5332 4135 5555 plus ſublime & plus majeſtueuſe que les
919 5541 4182 5789 autres, avec laquelle je goûte des plaiſirs
927 5756 2846 5975 d'un genre plus relevé.
1066 5957 4127 6189 Cependant tout s'avance pour ma gloire
579 6189 4135 6401 Littéraire & ma gloire Politique; mes
927 6391 4131 6609 pièces de théâtre vont être jouées; mes
625 6608 4137 6856 autres ouvrages vont être imprimés; mes
3576 6834 4136 7038 projets,
