4266 8303
23 650 3320 892 projets, préſentés au Gouvernement,
15 873 3316 1081 vont être mis en exécution. Tu vois que
1 1074 3328 1297 mon ſort eſt aſſez heureux. Je ſuis,
1 1280 3324 1492 d'ailleurs, un peu en fonds. Je jouis des
1 1482 3656 1695 plaiſirs de la ſageſſe & de ceux .... je ne
1 1689 3312 1897 dis pas du libertinage; mais au moins
1 1890 1215 2108 de la jeuneſſe.
372 2666 3099 2897 Dumoulin, à Céſar de Perlencour.
2445 2987 3018 3220 Lyon.
1 3431 3300 3652 ues heureux, miſérable, tu jouis!
7 3647 3288 3886 & ta ſœur, malheureux! ta ſœur!....
675 4454 2751 4683 Fin de la première Liaſſe.
270 6369 1184 6610 Tone II.
