4266 8579
2300 346 2812 570 (.
1202 710 1689 836 p.
2959 727 3408 852 L
961 749 4169 1028 L
961 1162 4165 1546 ME.
1322 2030 3782 2238 Seconde Liasse.
1060 2669 4003 2965 Céſar de Perlencour, à Dumoulin.
3099 3122 3887 3280 Paris 1778.
972 3500 4144 3754 ciel! que m'as-tu dit, dans unſi
936 3734 4153 3944 court billet? J'ai cru entendre une voi
606 3952 4186 4161 ſépulchrale ſortir des tombeaux, & re-
953 4161 4149 4366 tentir dans le fond de mon cœur. Quel
953 4370 4144 4582 reproche veux - tu me faire? Qu'eſt - elle
957 4582 4144 4806 devenue ma pauvre ſœur? Ah! je friſ-
949 4793 4144 5026 ſonne, mon cher Dumoulin. J'ai paſſé,
949 5002 4144 5219 par haſard, à l'ancien hôtel où je de-
949 5213 4195 5431 meurois ci-devant. On m'y a remis une
949 5404 4190 5642 lettre, qu'on m'y gardoit depuis long-
953 5629 4144 5838 temps. Elle eſt de ma ſœur. Je tremble
949 5842 4136 6056 de l'ouvrir. Je ne ſais qui me retient
932 6052 4132 6266 la main... Ouvrons. Ah! mon ami, tiens,
923 6261 4136 6512 la voilà cette fatale lettre. Ah! qu'eſt
922 6469 2418 6725 devenue ma ſœur?
