4266 8512
485 310 668 423 “
2082 454 2760 727 s)
883 902 4234 1156 L
945 1283 4113 1558 Céſar de Perlencour, à Dumoulin.
899 1754 4232 1984 An, cruel! qu'ai - je donc fait pour
891 1959 4233 2196 que tu me traites avec tant de rigueur?
895 2167 4233 2411 Quoi! ma ſœur! O ciel! ſeroit-il vrai?
887 2386 4187 2610 Ma ſœur ne ſeroit plus! Grand Dieu!
891 2605 4220 2821 J'aurois perdu ma ſœur, &, pour comble
900 2812 4216 3034 d'horreur, tu voudrois m'accuſer d'avoir
895 3029 4216 3242 contribué à ſa mort. Ah! tu me donnes
899 3233 4095 3450 mille coups de poignard. Explique toi,
845 3444 4216 3659 je t'en conjure. Ne me laiſſe pas dans
896 3634 4100 3858 cette affreuſe ſituation. Qu'eſt-il arrivé à
891 3844 4104 4077 ma ſœur? Ne m'abandonne pas, ſi j'ai fait
895 4067 4121 4287 l'horrible perte que tu me fais preſſentir.
895 4276 4112 4486 Pourquoi m'abandonnerois-tu? Je ne ſuis
542 4485 4209 4916 ea laite eau eue ſe
904 4908 4116 5116 vèrement dans une de mes lettres; mais
904 5116 4208 5334 elle le méritoit, ſelon toi-même. Je la relis
684 5323 4204 5519 cette fatale lettre, où tu me détailles
688 5531 4208 5748 ſes torts, qui m'ont irrité contr'elle.
904 5726 4104 5958 Hélas! c'eſt-ce qui me confond. En exa-
597 5955 4104 6158 minant bien, je ne reconnois point ton
904 6158 4216 6377 écriture, dans ce malheureux papier. J'y
908 6362 4212 6578 vois quelque choſe de gêné, & qui n'eſt
907 6568 4108 6789 pas naturel. O ciel! auroit-on contrefait
