4266 8351
2257 556 2969 747 o
937 800 4088 1014 vois adreſſées, qu'ils avoient dû traiter
945 1002 4221 1211 de même les miennes vis-à-vis de toi.
933 1208 4056 1412 Les miſérables craignoient qu'un ami ne
937 1410 4201 1604 t'éclairât ſur leur infâme conduite à ton
945 1603 4051 1834 égard. Quoi qu'il en ſoit, revenons à ta
937 1819 3376 1973 malheureuſe & adorable ſœur.
1148 2024 4040 2223 Cette jeune Beauté, douée de toutes
929 2235 4185 2430 les vertus réunies à tous les charmes,
933 2429 4043 2640 étoit la véritable gloire de ſa famille;
630 2628 4039 2842 cependant tu ſais que ta mère ne l'a
924 2838 4165 3049 jamais aimée; qu'elle l'a toujours traitée,
925 3039 4165 3244 au contraire, de la manière la plus ri-
921 3234 4153 3453 goureuſe; qu'elle a toujours paru diſ-
917 3444 4039 3655 poſée à la ſacrifier à ſon indigne favori;
921 3659 3360 3861 & cet indigne favori, c'eſt toi.
1127 3860 4039 4007 Je ſentois l'extrême mérite de la cé-
921 4055 4137 4268 leſte Adèle; & plût à Dieu que j'euſſe
662 4264 4128 4464 pu être digne d'elle, & que le ciel m'eût
921 4462 4040 4669 choiſi pour faire le bonheur d'un objet
909 4669 4136 4876 ſi méritant; mais j'étois, à tous égards,
776 4872 4031 5075 trop au-deſſous d'elle. Elle avoit mieux
909 5077 4024 5274 que moi. Le jeune Comte de S. Flour,
731 5284 4027 5479 moulé par les graces, doué d'une ame
897 5479 4104 5690 faite pour animer un ſuperbe corps,
893 5685 4019 5891 s'étoit préſenté à elle. Le ciel avoit fait
897 5891 4120 6094 ces deux objets l'un pour l'autre. Le plus
889 6094 4116 6502 l à ſes paeni,
893 6498 4007 6705 & n'avoit demandé qu'elle; mais hélas!
