4266 8086
936 781 4035 994 de ſon côté, la porte du Parloir. Enſuite
948 992 3014 1191 elle s'eſt jetée à genoux:
1151 1187 4190 1398 „Madame, a - t - elle dit, ma mère,
936 1391 4019 1594 “ô! vous qui m'avez portée dans votre
936 1590 4174 1798 “ſein, à qui je dois cette miſérable
924 1789 4019 1994 “vie, que je vais perdre, ſi vous ne
940 1994 4018 2194 “renoncez à votre tyrannie; ma mère,
936 2192 4126 2393 “au nom de Dieu qui nous voit &
924 2391 4162 2594 “nous entend, ſouffrez que je vous
717 2591 4138 2798 “implore une dernière fois. Ne rejet-
920 2794 4134 2998 “tez pas, de votre ſein, celle que
916 2994 4142 3194 “vous y avez portée. Ne donnez pas
924 3193 4142 3396 “la mort à celle qui ne vous a jamais
920 3384 3995 3588 “offenſée, qui vous a toujours aimée,
929 3597 4036 3796 “& révérée comme ſa mère. Ah! pour
717 3796 3996 3968 “vous - même, chère auteur de mes
901 4003 4111 4195 “jours, ne vous préparez pas un re-
904 4194 4102 4396 “mords éternel, qui vous déchirera
916 4385 3987 4597 “juſqu'à votre dernier inſtant, ſi vous
908 4589 3987 4791 “m'égorgez ſans pitié...“ Elle en au-
860 4784 3979 4988 roit dit plus long; mais ſa marâtre n'a
772 4987 2527 5199 pas voulu l'entendre.
912 5183 4091 5386 Alors l'infortunée, voyant qu'il n'y
872 5378 4090 5594 avoit plus d'eſpérance pour elle, s'eſt
884 5573 4087 5789 levée, a repris ſa grandeur, a fait quel-
892 5782 4098 5988 ques tours dans le Parloir; enſuite, ſe
888 5980 4094 6190 proſternant de nouveau: „Ce n'eſt plus
848 6180 4063 6387 “devant ma mère, a-t-elle dit, que je
