4266 8419
1526 471 2253 696 i.
76 719 3366 927 “me proſterne, je n'ai plus de mère.
72 923 3378 1140 “Je n'ai plus de père. C'eſt devant toi,
76 1127 3378 1336 “Etre des Etres, toi le père & l'ami
68 1330 3553 1538 “de tout ce qui reſpire; c'eſt devant
60 1531 3370 1730 “toi que je vais exhaler mon ame. Je
64 1730 3370 1951 “te demande pardon, ô! mon Dieu,
52 1937 3370 2149 “du crime que je vais commettre. Tu
48 2143 3521 2356 “vois qu'on m'y force. Le crime n'en
39 2344 3386 2548 “eſt point à moi. Et vous mère barbare,
52 2542 3366 2765 “a-t-elle continué, en ſe levant, vous
44 2751 3362 2971 “vouliez immoler votre fille; hé bien,
32 2951 3358 3167 “contemplez le ſacrifice de votre vic-
35 3162 3362 3366 “time. C'eſt à vous ſeule que je m'en
39 3358 3700 3579 “prends, de tout ce que je ſouffre &
32 3569 3676 3773 “j'oſe; c'eſt vous ſeule que j'en accuſe
23 3777 3468 3983 “au tribunal de ce Dleu, que j'ai in-
23 3976 3639 4182 “voqué en vain devant vous; puiſſe-t il
27 4182 3639 4380 “vous pardonner ma mort, dont vous
7 4375 3350 4588 “ſeule êtes coupable! Puiſſe le fils auſſi
56 4583 3354 4787 “cruel que vous, à qui vous me ſa-
4 4786 3346 4996 “crifiez, ne pas vous punir un jour
182 4990 3350 5198 “de votre partialité cruelle, par une
3 5189 3346 5404 “ingratitude marquée, & une con-
198 5397 3354 5605 “duite indigne de lui. Si Dieu me re-
182 5605 3346 5813 “proche ma mort, je vous cite & vous
174 5809 3346 6008 “ajourne à ſon tribunal, pour lui ré-
170 6008 3329 6212 “pondre avec moi. Adieu, Madame.
162 6208 3325 6418 “O mon Dieu, pardonne-moi.“ Alors
158 6395 3334 6615 elle s'eſt hâtée d'avaler un poiſon mor-
