4266 8587
1463 483 2085 684 S
49 729 3278 914 chirée, mourante de ſon côté. On eſt
57 936 3312 1151 venu ſecourir cette mère cruelle, qui
57 1148 1459 1355 le méritoit ſi peu.
245 1359 3290 1571 Cependant le bruit de cet horrible
62 1563 3286 1780 accident s'eſt répandu d'abord dans l'é-
66 1772 3294 1988 gliſe, où l'on attendoit la victime, en-
74 1983 3290 2197 ſuite au-dehors. Juge, malheureux! de
82 2189 3390 2410 la conſternation, de l'horreur dont tout
87 2397 3294 2614 le monde a été frappé. Les chants di-
91 2606 3294 2789 vins ont ceſſé. On a entendu des hur-
91 2814 3303 3020 lemens. La vertueuſe Adèle étoit adorée.
91 3027 3557 3244 Sa mort étoit un malheur épouvantable,
91 3235 3298 3452 qui faiſoit pouſſer, à preſque toutes les
87 3440 3302 3663 Religieuſes, de longs gémiſſemens. On
95 3653 3315 3873 redemandoit au ciel cette fille adorable.
103 3857 3427 4084 On chargeoit d'imprécations le père &
91 4061 3306 4257 ſur - tout la mère, aſſaſſins de leur ver-
95 4282 3319 4493 tueuſe fille. On a manqué de lapider
91 4474 3319 4704 la marâtre dans la rue, quand elle eſt
95 4699 3319 4917 retournée chez elle. Les glaces de ſa
95 4904 3319 5121 voiture ont été briſées, elle a eu même
99 5104 3573 5334 la tête fracaſſée & enſanglantée. Le
99 5325 3327 5542 peuple furieux a caſſé, à coups de pierre,
103 5542 3319 5746 toutes les vîtres de ſon logis. On y
99 5738 3327 5942 vouloit mettre le feu. On eſt obligé
95 5938 3323 6168 d'avoir la garde pour défendre cette
91 6153 3573 6372 maiſon fatale. Ton père eſt toujours
3 6368 3319 6585 reſté à la campagne, pendant cette
87 6564 3319 6797 émeute. Ta mère a éprouvé une maladie
