<PcGts xmlns="http://schema.primaresearch.org/PAGE/gts/pagecontent/2017-07-15" xmlns:xsi="http://www.w3.org/2001/XMLSchema-instance" xsi:schemaLocation="http://schema.primaresearch.org/PAGE/gts/pagecontent/2017-07-15 http://schema.primaresearch.org/PAGE/gts/pagecontent/2017-07-15/pagecontent.xsd"><Metadata><Creator>User123</Creator><Created>2020-10-14T11:42:09</Created><LastChange>2020-10-14T11:42:09</LastChange></Metadata><Page imageFilename="0096.png" imageHeight="8406" imageWidth="4266"><TextRegion id="r0" type="paragraph" orientation="-0.0"><Coords points="1,1 4264,1 4264,8404 1,8404"/><TextLine id="r0_l001"><Coords points="1482,522 1882,522 1882,711 1482,711"/><TextEquiv index="1"><Unicode></Unicode></TextEquiv></TextLine><TextLine id="r0_l002"><Coords points="28,759 3315,759 3315,945 28,945"/><TextEquiv index="1"><Unicode>criminelle, de l'autre comme celle d'une</Unicode></TextEquiv></TextLine><TextLine id="r0_l003"><Coords points="3005,1175 3004,1175 3004,1172 3004,1171 2794,1171 2792,1170 2792,1169 2792,1168 2791,1167 2790,1167 2788,1166 2788,1119 2788,1118 715,1118 714,1119 714,1128 712,1130 711,1130 710,1131 710,1136 709,1137 709,1138 709,1138 708,1138 705,1141 705,1142 705,1142 704,1142 701,1145 701,1146 701,1146 700,1146 689,1157 689,1158 689,1158 688,1158 687,1159 37,1159 36,1160 36,1166 35,1167 34,1167 31,1165 31,1164 31,1163 30,1163 28,1162 28,1161 27,1160 27,1062 27,1061 26,1061 23,1059 23,1055 26,1052 35,1052 35,1052 35,946 37,944 40,944 42,946 43,946 44,948 44,967 45,967 243,967 244,969 244,970 246,971 252,971 252,972 252,975 253,975 1097,975 1097,976 1097,977 1100,979 3245,979 3245,979 3245,977 3247,975 3248,975 3249,974 3249,973 3251,971 3264,971 3265,970 3265,969 3267,967 3297,967 3298,969 3298,970 3299,970 3300,970 3302,973 3302,1092 3304,1093 3305,1093 3306,1094 3306,1095 3306,1096 3308,1097 3309,1097 3310,1099 3310,1105 3310,1105 3309,1105 3306,1108 3306,1109 3306,1109 3305,1109 3304,1110 3295,1110 3294,1111 3294,1129 3293,1130 3017,1130 3016,1131 3016,1174 3015,1175"/><TextEquiv index="1"><Unicode>ſainte; mais on n'a oſé attaquer ſi</Unicode></TextEquiv></TextLine><TextLine id="r0_l004"><Coords points="961,1380 960,1380 960,1368 960,1367 18,1367 15,1365 15,1361 17,1359 23,1359 24,1358 24,1291 27,1288 27,1263 29,1261 31,1261 31,1261 31,1194 34,1191 485,1191 485,1191 485,1189 487,1187 488,1187 489,1186 489,1185 491,1183 500,1183 501,1182 501,1181 503,1179 545,1179 546,1178 546,1177 548,1175 1223,1175 1224,1177 1224,1178 1226,1179 3004,1179 3004,1179 3004,1176 3005,1175 3048,1175 3049,1174 3049,1172 3050,1171 3052,1171 3054,1174 3054,1175 3055,1175 3056,1175 3057,1177 3057,1178 3058,1179 3059,1179 3060,1179 3061,1181 3061,1224 3062,1224 3281,1224 3282,1226 3282,1227 3284,1228 3297,1228 3298,1230 3298,1231 3300,1232 3301,1232 3302,1234 3302,1235 3304,1236 3305,1236 3306,1238 3306,1239 3308,1240 3309,1240 3310,1242 3310,1251 3313,1253 3314,1253 3314,1254 3314,1297 3314,1297 3313,1297 3310,1300 3310,1305 3310,1305 3309,1305 3306,1308 3306,1309 3306,1309 3305,1309 3302,1312 3302,1313 3301,1314 3296,1314 3294,1316 3294,1317 3293,1318 2887,1318 2886,1319 2886,1370 2885,1371 2884,1371 2881,1374 2881,1375 2881,1375 2679,1375 2678,1376 2678,1377 2676,1379 2659,1379 2657,1378 2657,1377 2656,1375 971,1375 970,1376 970,1380 970,1380"/><TextEquiv index="1"><Unicode>cruellement l'opinion d'une populace</Unicode></TextEquiv></TextLine><TextLine id="r0_l005"><Coords points="1912,1588 1911,1588 1911,1526 1911,1525 1808,1525 1807,1526 1670,1526 1669,1527 1669,1578 1668,1579 1667,1579 1666,1580 1665,1581 1665,1582 1664,1583 1654,1583 1653,1583 1653,1582 1651,1579 1638,1579 1636,1578 1636,1523 1636,1522 1462,1522 1461,1523 1461,1562 1460,1563 1450,1563 1449,1563 1449,1562 1448,1561 1448,1519 1448,1518 1234,1518 1232,1520 1232,1521 1231,1522 916,1522 914,1524 914,1525 913,1526 837,1526 836,1527 836,1570 835,1571 834,1571 832,1573 832,1574 831,1575 801,1575 799,1574 799,1547 799,1546 627,1546 626,1547 625,1547 624,1548 624,1549 622,1551 606,1551 603,1549 603,1523 603,1522 499,1522 497,1521 497,1520 496,1518 282,1518 281,1519 281,1582 281,1582 277,1582 276,1582 276,1519 276,1518 274,1518 273,1519 273,1521 272,1522 205,1522 203,1521 203,1520 202,1518 49,1518 48,1519 48,1570 47,1571 42,1571 40,1570 40,1535 40,1534 29,1534 28,1535 28,1581 28,1581 25,1581 24,1581 24,1531 24,1530 13,1530 11,1529 11,1496 14,1493 23,1493 23,1493 23,1381 25,1379 27,1379 28,1381 28,1387 29,1387 31,1387 32,1389 32,1396 33,1396 213,1396 214,1395 215,1395 215,1395 215,1394 218,1391 222,1391 224,1394 224,1395 225,1395 226,1395 228,1398 228,1435 230,1436 524,1436 526,1439 526,1440 527,1440 532,1440 537,1445 538,1445 538,1446 538,1452 539,1452 540,1452 541,1453 542,1453 542,1454 542,1489 543,1489 754,1489 754,1489 754,1467 756,1465 757,1465 758,1464 758,1459 760,1457 761,1457 763,1455 763,1454 764,1453 765,1453 767,1451 767,1450 768,1449 769,1449 771,1447 771,1446 773,1444 778,1444 779,1443 779,1442 781,1440 786,1440 787,1439 787,1438 789,1436 950,1436 950,1436 950,1390 953,1387 954,1387 954,1387 954,1386 957,1383 958,1383 958,1383 958,1382 960,1380 970,1380 973,1383 974,1383 975,1385 975,1440 976,1440 1260,1440 1261,1439 1261,1438 1263,1436 1265,1436 1265,1436 1265,1413 1266,1412 1267,1412 1268,1411 1271,1411 1273,1414 1273,1436 1274,1436 1428,1436 1428,1436 1428,1389 1430,1387 1435,1387 1436,1386 1436,1385 1438,1383 1443,1383 1445,1386 1445,1387 1446,1387 1447,1387 1448,1389 1448,1390 1449,1391 1449,1432 1450,1432 1496,1432 1498,1435 1498,1436 1499,1436 1500,1436 1502,1439 1502,1440 1503,1440 1655,1440 1657,1443 1657,1444 1658,1444 1909,1444 1910,1443 1910,1434 1912,1432 1913,1432 1914,1431 1914,1418 1916,1416 1917,1416 1918,1415 1918,1414 1921,1411 1922,1411 1922,1411 1922,1406 1925,1403 1926,1403 1926,1403 1926,1398 1929,1395 1930,1395 1930,1395 1930,1389 1931,1388 1932,1387 1942,1387 1942,1387 1942,1386 1945,1383 1970,1383 1971,1385 1971,1386 1972,1387 1973,1387 1974,1387 1975,1389 1975,1440 1976,1440 2010,1440 2014,1444 2305,1444 2306,1443 2306,1442 2308,1440 2546,1440 2546,1440 2546,1439 2549,1436 2550,1436 2551,1437 2551,1438 2551,1439 2553,1440 2893,1440 2894,1439 2894,1438 2896,1436 3041,1436 3041,1436 3041,1389 3043,1387 3044,1387 3045,1386 3045,1385 3047,1383 3052,1383 3053,1382 3053,1381 3055,1379 3060,1379 3061,1381 3061,1382 3062,1383 3063,1383 3064,1383 3065,1385 3065,1386 3066,1386 3067,1387 3068,1387 3069,1389 3069,1436 3070,1436 3231,1436 3233,1439 3233,1444 3234,1444 3235,1444 3236,1445 3237,1445 3237,1446 3237,1460 3238,1460 3274,1460 3275,1461 3305,1461 3313,1469 3314,1469 3314,1470 3314,1473 3314,1473 3312,1473 3310,1475 3310,1485 3310,1485 3296,1485 3294,1487 3294,1488 3293,1489 3222,1489 3221,1490 3221,1515 3220,1516 3220,1517 3219,1518 3153,1518 3151,1520 3151,1521 3150,1522 2826,1522 2825,1523 2825,1524 2823,1526 2144,1526 2143,1527 2143,1582 2142,1583 2141,1583 2138,1586 2138,1587 2138,1587 2132,1587 2130,1586 2130,1585 2129,1583 2107,1583 2106,1583 2106,1527 2106,1526 1989,1526 1988,1525 1926,1525 1925,1526 1925,1588 1925,1588"/><TextEquiv index="1"><Unicode>émne, qui auroit pu ſe porter aux der-</Unicode></TextEquiv></TextLine><TextLine id="r0_l006"><Coords points="3100,1783 3098,1782 3098,1781 3097,1779 3088,1779 3077,1769 3077,1768 3077,1767 3076,1767 3073,1765 3073,1740 3073,1739 1058,1739 1056,1741 1056,1742 1056,1742 1055,1742 1052,1745 1052,1750 1051,1751 1050,1751 1049,1752 1048,1753 1048,1754 1047,1755 1046,1755 1044,1757 1044,1758 1043,1759 1034,1759 1032,1761 1032,1762 1031,1763 1026,1763 1024,1762 1024,1761 1023,1759 1018,1759 1016,1758 1016,1757 1015,1756 1015,1752 1015,1751 6,1751 5,1750 4,1750 3,1750 3,1749 2,1747 1,1747 1,1747 1,1743 1,1742 1015,1742 1015,1742 1015,1731 1015,1730 854,1730 852,1729 852,1728 851,1726 348,1726 346,1725 346,1724 345,1722 185,1722 183,1721 183,1686 183,1685 25,1685 23,1684 23,1683 22,1681 21,1681 20,1681 20,1680 19,1679 19,1586 24,1581 1232,1581 1234,1579 1243,1579 1244,1581 1244,1582 1246,1583 1390,1583 1392,1586 1392,1587 1393,1587 2427,1587 2428,1589 2428,1590 2430,1591 2431,1591 2432,1593 2432,1594 2433,1595 2433,1636 2434,1636 3305,1636 3306,1638 3306,1643 3308,1644 3309,1644 3310,1646 3310,1648 3309,1649 3308,1649 3306,1651 3306,1656 3305,1657 3299,1657 3298,1658 3298,1717 3297,1718 3296,1718 3294,1720 3294,1721 3293,1722 3219,1722 3215,1726 3156,1726 3155,1727 3155,1762 3154,1763 3153,1763 3151,1765 3151,1766 3150,1767 3149,1767 3147,1769 3147,1770 3146,1771 3145,1771 3143,1773 3143,1774 3142,1775 3141,1775 3139,1777 3139,1778 3138,1779 3129,1779 3126,1782 3126,1783 3126,1783"/><TextEquiv index="1"><Unicode>niers excès, ſi l'on eût voulu outrager</Unicode></TextEquiv></TextLine><TextLine id="r0_l007"><Coords points="4,1759 886,1759 886,1956 4,1956"/><TextEquiv index="1"><Unicode>ſon idole.</Unicode></TextEquiv></TextLine><TextLine id="r0_l008"><Coords points="4,1992 3319,1992 3319,2157 4,2157"/><TextEquiv index="1"><Unicode>On cherche a étouffer cette malheu-</Unicode></TextEquiv></TextLine><TextLine id="r0_l009"><Coords points="1,2196 3340,2196 3340,2348 1,2348"/><TextEquiv index="1"><Unicode>reuſe avanture. On a ſans doute enterré</Unicode></TextEquiv></TextLine><TextLine id="r0_l010"><Coords points="997,2608 995,2607 995,2606 994,2604 993,2604 991,2603 991,2601 991,2600 283,2600 281,2599 281,2598 280,2597 280,2564 280,2563 201,2563 199,2562 199,2548 199,2547 1,2547 1,2547 1,2413 1,2412 435,2412 436,2411 436,2410 438,2408 439,2408 440,2407 440,2406 442,2404 443,2404 444,2403 444,2402 446,2400 472,2400 472,2401 472,2402 475,2404 1354,2404 1354,2405 1354,2406 1357,2408 2950,2408 2951,2407 2951,2406 2953,2404 2971,2404 2971,2405 2971,2407 2972,2408 2972,2461 2973,2461 3207,2461 3208,2463 3208,2464 3210,2465 3211,2465 3212,2467 3212,2468 3214,2469 3215,2469 3216,2471 3216,2484 3218,2485 3219,2485 3220,2487 3220,2489 3221,2489 3307,2489 3308,2490 3310,2490 3310,2491 3310,2505 3309,2506 3308,2506 3306,2508 3306,2509 3305,2510 3304,2510 3302,2512 3302,2513 3301,2514 3230,2514 3229,2515 3229,2537 3227,2539 3226,2539 3225,2540 3225,2541 3223,2543 3121,2543 3120,2544 3120,2604 3120,2604 3104,2604 3102,2603 3102,2556 3102,2555 1278,2555 1277,2556 1277,2591 1276,2592 1275,2592 1268,2599 1268,2600 1268,2600 1008,2600 1007,2601 1007,2604 1007,2604 1006,2604 1002,2608"/><TextEquiv index="1"><Unicode>en ſecret la déplorable victime. Les hon-</Unicode></TextEquiv></TextLine><TextLine id="r0_l011"><Coords points="609,2812 608,2812 608,2811 606,2808 601,2808 599,2807 599,2806 598,2804 593,2804 591,2803 591,2802 590,2800 589,2800 587,2799 587,2794 586,2792 585,2792 583,2791 583,2752 583,2751 201,2751 199,2750 199,2749 198,2747 193,2747 191,2746 191,2745 190,2743 189,2743 187,2742 187,2723 187,2722 27,2722 26,2723 26,2772 27,2772 28,2772 28,2773 28,2790 26,2792 25,2792 24,2793 24,2794 22,2796 21,2796 19,2795 19,2778 22,2775 23,2775 23,2775 23,2774 25,2772 25,2723 25,2722 1,2722 1,2722 1,2715 1,2714 191,2714 191,2714 191,2667 193,2665 194,2665 195,2664 195,2663 197,2661 206,2661 207,2660 207,2659 209,2657 285,2657 285,2657 285,2646 286,2645 287,2645 288,2644 289,2644 289,2644 289,2634 290,2633 291,2633 293,2631 293,2618 295,2616 296,2616 297,2615 297,2614 299,2612 308,2612 309,2614 309,2619 311,2620 312,2620 313,2622 313,2627 315,2628 316,2628 318,2631 318,2636 320,2637 321,2637 322,2639 322,2657 323,2657 365,2657 369,2661 443,2661 444,2663 444,2664 446,2665 1093,2665 1093,2665 1093,2651 1095,2649 1096,2649 1097,2648 1097,2639 1099,2637 1100,2637 1101,2636 1101,2631 1104,2628 1105,2628 1105,2628 1105,2623 1108,2620 1109,2620 1109,2620 1109,2619 1112,2616 1313,2616 1313,2616 1313,2615 1316,2612 1476,2612 1477,2614 1477,2615 1478,2615 1479,2616 1480,2616 1481,2618 1481,2669 1482,2669 1767,2669 1767,2669 1767,2634 1768,2633 1769,2633 1778,2624 1811,2624 1812,2623 1812,2622 1814,2620 1900,2620 1902,2623 1902,2628 1903,2628 1904,2628 1906,2631 1906,2673 1907,2673 2314,2673 2314,2673 2314,2622 2315,2621 2316,2621 2318,2619 2318,2618 2320,2616 2648,2616 2649,2615 2649,2614 2651,2612 2656,2612 2657,2611 2657,2610 2658,2609 2659,2608 2660,2608 2661,2610 2661,2611 2663,2612 2713,2612 2714,2614 2714,2644 2715,2644 2716,2644 2717,2645 2718,2645 2718,2646 2718,2665 2719,2665 3052,2665 3053,2664 3053,2663 3055,2661 3257,2661 3257,2661 3257,2609 3257,2608 3116,2608 3115,2608 3115,2607 3113,2605 3114,2604 3277,2604 3278,2606 3278,2607 3280,2608 3289,2608 3290,2610 3290,2615 3292,2616 3293,2616 3294,2618 3294,2657 3295,2657 3350,2657 3351,2659 3351,2660 3352,2660 3353,2661 3354,2661 3355,2663 3355,2698 3356,2698 3375,2698 3376,2700 3376,2705 3375,2706 3311,2706 3310,2707 3310,2742 3309,2743 3304,2743 3302,2745 3302,2746 3301,2747 3292,2747 3290,2749 3290,2750 3289,2751 2903,2751 2902,2752 2902,2799 2901,2800 2900,2800 2898,2802 2898,2803 2897,2804 2892,2804 2890,2806 2890,2807 2889,2808 2871,2808 2870,2808 2870,2807 2868,2804 2867,2804 2865,2803 2865,2756 2865,2755 2551,2755 2550,2756 2550,2801 2551,2802 2551,2803 2550,2804 2544,2804 2543,2804 2543,2756 2543,2755 2533,2755 2530,2758 2530,2759 2530,2759 2528,2759 2526,2758 2526,2757 2525,2755 2222,2755 2220,2757 2220,2758 2220,2758 2219,2759 2218,2759 2216,2761 2216,2762 2215,2763 2214,2763 2213,2762 2212,2762 2212,2761 2211,2759 1838,2759 1837,2760 1837,2796 1836,2797 1836,2799 1835,2800 1830,2800 1828,2799 1828,2756 1828,2755 1054,2755 1053,2756 1053,2781 1052,2782 1052,2783 1051,2784 1050,2784 1048,2786 1048,2791 1047,2792 1046,2792 1044,2794 1044,2795 1043,2796 1038,2796 1036,2798 1036,2799 1035,2800 1030,2800 1028,2802 1028,2803 1027,2804 1026,2804 1024,2806 1024,2807 1023,2808 993,2808 991,2807 991,2806 990,2804 977,2804 975,2803 975,2802 974,2800 973,2800 971,2799 971,2756 971,2755 666,2755 665,2756 665,2786 663,2788 662,2788 661,2789 661,2790 659,2792 658,2792 656,2794 656,2799 655,2800 650,2800 648,2802 648,2803 647,2804 642,2804 640,2806 640,2807 639,2808 630,2808 628,2810 628,2811 627,2812"/><TextEquiv index="1"><Unicode>nêtes gens gémiſſent. Toute la ville prend</Unicode></TextEquiv></TextLine><TextLine id="r0_l012"><Coords points="3214,3008 3212,3007 3212,3006 3212,3005 3211,3004 3210,3004 3208,3003 3208,2952 3208,2951 3058,2951 3057,2952 3057,2966 3055,2968 3054,2968 3053,2969 3053,2979 3053,2979 3052,2979 3049,2982 3049,2983 3049,2983 3048,2983 3047,2984 3038,2984 3037,2985 3037,2986 3035,2988 3027,2988 3024,2986 3024,2956 3024,2955 2573,2955 2572,2956 2572,2957 2571,2958 2571,2959 2571,2959 2382,2959 2379,2962 2379,2963 2379,2963 2046,2963 2045,2963 2045,2962 2043,2959 1910,2959 1692,2959 1689,2962 1689,2963 1689,2963 1511,2963 1510,2963 1510,2962 1509,2961 1509,2960 1509,2959 662,2959 661,2959 661,2958 659,2955 409,2955 408,2955 408,2954 406,2951 208,2951 207,2952 207,3003 206,3004 201,3004 199,3006 199,3007 198,3008 176,3008 175,3008 175,3007 170,3002 170,2995 171,2994 171,2993 172,2992 173,2992 175,2990 175,2989 176,2988 179,2988 179,2988 179,2871 181,2869 182,2869 183,2868 183,2868 183,2867 185,2865 190,2865 191,2864 191,2863 193,2861 198,2861 199,2863 199,2864 201,2865 398,2865 399,2864 399,2863 401,2861 542,2861 542,2861 542,2818 544,2816 553,2816 554,2818 554,2819 556,2820 557,2820 558,2822 558,2831 561,2833 562,2833 562,2834 562,2835 565,2837 566,2837 566,2838 566,2839 567,2840 567,2844 569,2845 570,2845 571,2847 571,2852 573,2853 574,2853 575,2855 575,2873 576,2873 676,2873 677,2872 677,2871 679,2869 999,2869 999,2869 999,2827 1002,2824 1003,2824 1003,2824 1003,2823 1006,2820 1100,2820 1102,2823 1102,2824 1103,2824 1112,2824 1114,2827 1114,2828 1115,2828 1116,2828 1118,2831 1118,2852 1120,2853 1121,2853 1122,2855 1122,2873 1123,2873 1313,2873 1314,2872 1314,2871 1316,2869 1322,2869 1322,2869 1322,2847 1324,2845 1325,2845 1326,2844 1326,2834 1327,2833 1328,2833 1329,2832 1330,2832 1330,2832 1330,2826 1331,2825 1332,2825 1333,2824 1349,2824 1350,2826 1350,2827 1352,2828 1516,2828 1518,2831 1518,2832 1519,2832 1520,2832 1521,2833 1522,2833 1522,2834 1522,2877 1523,2877 2081,2877 2081,2877 2081,2876 2084,2873 2236,2873 2236,2873 2236,2835 2239,2832 2240,2832 2241,2831 2241,2831 2241,2830 2242,2829 2243,2829 2244,2828 2292,2828 2294,2831 2294,2832 2295,2832 2303,2832 2304,2833 2305,2833 2305,2834 2306,2835 2306,2836 2308,2837 2313,2837 2314,2839 2314,2840 2315,2840 2316,2840 2323,2848 2323,2849 2324,2849 2325,2849 2326,2851 2326,2860 2328,2861 2329,2861 2330,2863 2330,2873 2331,2873 2926,2873 2926,2873 2926,2827 2929,2824 2930,2824 2930,2824 2930,2820 2931,2819 2931,2818 2933,2816 2946,2816 2947,2818 2947,2819 2948,2819 2950,2821 2951,2821 2951,2822 2951,2865 2952,2865 2954,2865 2955,2867 2955,2930 2956,2930 3180,2930 3180,2930 3180,2818 3182,2816 3183,2816 3184,2815 3184,2814 3186,2812 3195,2812 3196,2811 3196,2810 3198,2808 3203,2808 3204,2810 3204,2811 3206,2812 3207,2812 3208,2814 3208,2823 3210,2824 3211,2824 3212,2826 3212,2861 3213,2861 3289,2861 3290,2863 3290,2864 3293,2866 3294,2866 3294,2867 3294,2868 3297,2870 3298,2870 3298,2871 3298,2872 3301,2874 3302,2874 3302,2875 3302,2880 3305,2882 3306,2882 3306,2883 3306,2888 3309,2890 3310,2890 3310,2891 3310,2965 3311,2966 3311,2967 3312,2967 3313,2967 3314,2969 3314,2971 3314,2971 3313,2971 3310,2974 3310,2975 3310,2975 3307,2975 3306,2975 3306,2956 3306,2955 3275,2955 3274,2955 3274,2954 3273,2953 3273,2952 3273,2951 3226,2951 3225,2952 3225,3006 3224,3007 3224,3008 3224,3008"/><TextEquiv index="1"><Unicode>part à ce triſte événement. Pour moi, le</Unicode></TextEquiv></TextLine><TextLine id="r0_l013"><Coords points="1076,3229 1075,3229 1075,3213 1075,3212 9,3212 7,3211 7,3210 7,3209 6,3209 3,3207 3,3206 5,3204 1075,3204 1075,3204 1075,3201 1075,3200 1009,3200 1008,3200 1008,3199 1003,3194 1003,3168 1003,3167 903,3167 901,3166 901,3165 900,3163 642,3163 640,3162 640,3161 639,3159 372,3159 371,3159 371,3158 369,3155 307,3155 305,3154 305,3153 304,3151 185,3151 183,3150 183,3149 182,3147 181,3147 178,3145 178,3144 178,3143 173,3143 170,3141 170,3140 170,3139 169,3139 166,3137 166,3132 166,3131 165,3131 162,3129 162,3109 165,3106 166,3106 166,3106 166,3097 167,3096 167,3095 168,3094 169,3094 170,3093 170,3085 171,3084 171,3083 172,3082 173,3082 175,3080 175,3079 176,3078 177,3078 178,3077 182,3077 183,3076 183,3075 184,3074 185,3074 185,3074 187,3072 187,3071 189,3069 194,3069 195,3068 195,3067 197,3065 599,3065 599,3065 599,3027 602,3024 603,3024 603,3024 603,3023 606,3020 611,3020 611,3020 611,3019 614,3016 888,3016 889,3018 889,3019 891,3020 2680,3020 2682,3023 2682,3024 2683,3024 2949,3024 2954,3029 2955,3029 2955,3030 2955,3048 2957,3049 2958,3049 2959,3051 2959,3065 2960,3065 3276,3065 3278,3068 3278,3069 3279,3069 3292,3069 3301,3078 3302,3078 3302,3079 3302,3085 3303,3085 3304,3085 3305,3086 3306,3086 3306,3087 3306,3097 3307,3097 3308,3097 3309,3098 3310,3098 3310,3099 3310,3142 3309,3143 3308,3143 3306,3145 3306,3150 3305,3151 3304,3151 3302,3153 3302,3154 3301,3155 3300,3155 3298,3157 3298,3158 3297,3159 3246,3159 3245,3160 3245,3217 3245,3217 3242,3217 3241,3217 3241,3168 3241,3167 1834,3167 1833,3168 1164,3168 1163,3169 1163,3186 1161,3188 1160,3188 1159,3189 1159,3194 1157,3196 1156,3196 1155,3197 1155,3202 1154,3203 1154,3204 1154,3204 1153,3204 1152,3205 1146,3211 1146,3212 1146,3212 1080,3212 1079,3213 1079,3229 1079,3229"/><TextEquiv index="1"><Unicode>cœur briſé, j'ai fait faire auſſi la ſtatue</Unicode></TextEquiv></TextLine><TextLine id="r0_l014"><Coords points="3275,3396 3274,3396 3274,3395 3273,3394 3273,3393 3273,3392 3267,3392 3266,3392 3266,3391 3265,3390 3265,3364 3265,3363 3177,3363 3176,3363 3176,3362 3174,3359 2941,3359 2939,3361 2939,3362 2938,3363 2503,3363 2502,3364 2502,3366 2501,3367 2500,3367 2499,3368 2242,3368 2241,3369 2241,3370 2241,3370 2240,3371 2239,3371 2238,3372 2038,3372 2036,3374 2036,3375 2035,3376 1932,3376 1930,3378 1930,3379 1929,3380 1900,3380 1898,3379 1898,3378 1897,3376 1896,3376 1893,3374 1893,3373 1893,3372 921,3372 920,3371 919,3371 918,3371 918,3370 917,3368 791,3368 790,3367 789,3367 787,3366 787,3365 787,3364 786,3364 785,3363 478,3363 477,3363 477,3362 475,3359 189,3359 186,3357 186,3356 186,3355 180,3355 179,3355 179,3354 178,3353 178,3352 178,3351 172,3351 171,3351 171,3350 170,3349 170,3344 170,3343 169,3343 166,3341 166,3332 166,3331 165,3331 162,3329 162,3313 165,3310 166,3310 166,3310 166,3305 169,3302 170,3302 170,3302 170,3293 171,3292 171,3291 172,3290 177,3290 183,3284 183,3283 184,3282 185,3282 187,3280 187,3279 188,3278 193,3278 194,3277 195,3277 195,3277 195,3276 198,3273 207,3273 207,3273 207,3223 210,3220 211,3220 211,3220 211,3219 214,3216 219,3216 219,3216 219,3215 222,3212 230,3212 232,3215 232,3216 233,3216 234,3216 236,3219 236,3273 237,3273 552,3273 553,3274 554,3274 554,3275 554,3276 556,3277 617,3277 618,3278 693,3278 693,3279 693,3280 696,3282 709,3282 709,3283 709,3284 712,3286 901,3286 901,3286 901,3235 903,3233 904,3233 904,3233 905,3232 905,3231 907,3229 908,3229 909,3228 917,3228 918,3227 918,3226 919,3225 921,3225 922,3227 922,3228 924,3229 1220,3229 1221,3228 1222,3229 1325,3229 1326,3231 1326,3242 1327,3242 1502,3242 1503,3241 1504,3241 1506,3239 1506,3238 1507,3237 1508,3237 1510,3235 1510,3234 1511,3233 1516,3233 1518,3231 1518,3230 1519,3229 1521,3229 1522,3228 1523,3229 1546,3229 1546,3230 1546,3231 1549,3233 1656,3233 1657,3235 1657,3236 1659,3237 1660,3237 1661,3239 1661,3286 1662,3286 1725,3286 1726,3288 1726,3289 1728,3290 1738,3290 1738,3291 1738,3292 1742,3296 1742,3300 1743,3301 1743,3302 1744,3302 1745,3302 1747,3305 1747,3310 1748,3310 1749,3310 1750,3311 1914,3311 1914,3311 1914,3239 1916,3237 1917,3237 1918,3236 1918,3235 1920,3233 2276,3233 2277,3232 2277,3231 2279,3229 2280,3229 2281,3228 2283,3228 2284,3229 2285,3229 2285,3230 2285,3231 2288,3233 2289,3233 2290,3234 2470,3234 2471,3233 2472,3233 2473,3232 2473,3231 2475,3229 2476,3229 2477,3228 2479,3228 2480,3229 2481,3229 2481,3230 2481,3231 2484,3233 2485,3233 2485,3234 2485,3235 2488,3237 2489,3237 2490,3239 2490,3282 2491,3282 2864,3282 2865,3281 2865,3276 2868,3273 2869,3273 2869,3273 2869,3264 2872,3261 2873,3261 2873,3261 2873,3244 2874,3243 2874,3242 2875,3241 2876,3241 2878,3239 2878,3238 2879,3237 2880,3237 2882,3235 2882,3234 2883,3233 2884,3233 2886,3231 2886,3230 2887,3229 2888,3229 2890,3227 2890,3226 2891,3225 2892,3225 2893,3224 2910,3224 2910,3224 2910,3223 2913,3220 2916,3220 2917,3221 2918,3221 2918,3222 2918,3223 2920,3224 2924,3224 2925,3225 2926,3225 2926,3226 2926,3227 2927,3228 2927,3273 2928,3273 3171,3273 3171,3273 3171,3264 3174,3261 3175,3261 3175,3261 3175,3256 3178,3253 3179,3253 3179,3253 3179,3245 3180,3244 3180,3242 3181,3241 3182,3241 3184,3239 3184,3230 3185,3229 3194,3229 3196,3227 3196,3226 3197,3225 3200,3225 3200,3226 3200,3281 3201,3281 3202,3281 3208,3288 3208,3293 3210,3294 3211,3294 3212,3296 3212,3326 3213,3326 3241,3326 3241,3326 3241,3218 3242,3217 3245,3217 3245,3218 3245,3326 3246,3326 3287,3326 3288,3327 3289,3327 3290,3329 3290,3330 3291,3330 3292,3330 3294,3333 3294,3334 3296,3335 3301,3335 3302,3337 3302,3342 3304,3343 3305,3343 3306,3345 3306,3354 3308,3355 3309,3355 3310,3357 3310,3359 3310,3359 3309,3359 3306,3362 3306,3383 3305,3384 3304,3384 3302,3386 3302,3387 3301,3388 3300,3388 3298,3390 3298,3391 3297,3392 3288,3392 3286,3394 3286,3395 3285,3396"/><TextEquiv index="1"><Unicode>de cette adorable fille. Je lui ai conſacré,</Unicode></TextEquiv></TextLine><TextLine id="r0_l015"><Coords points="1922,3641 1921,3641 1921,3634 1921,3633 1104,3633 1101,3631 1101,3581 1101,3580 883,3580 881,3579 881,3574 880,3572 590,3572 589,3571 588,3571 587,3571 587,3569 587,3568 447,3568 444,3566 444,3565 444,3564 219,3564 218,3563 217,3563 215,3562 215,3560 215,3559 193,3559 191,3558 191,3557 190,3555 176,3555 175,3555 175,3554 173,3551 172,3551 171,3551 171,3550 169,3547 168,3547 167,3547 167,3546 166,3545 166,3541 165,3539 164,3539 163,3539 163,3538 162,3537 162,3509 165,3506 166,3506 166,3506 166,3497 167,3496 167,3495 168,3494 169,3494 179,3484 179,3483 180,3482 190,3482 191,3481 191,3480 193,3478 199,3478 199,3478 199,3423 202,3420 3202,3420 3203,3421 3204,3421 3204,3422 3204,3423 3207,3425 3208,3425 3208,3426 3208,3427 3211,3429 3212,3429 3212,3430 3212,3453 3213,3453 3656,3453 3658,3456 3658,3457 3657,3458 3657,3477 3656,3478 3655,3478 3653,3480 3653,3481 3652,3482 3344,3482 3343,3483 3343,3616 3342,3617 2768,3617 2767,3618 2767,3624 2766,3625 1941,3625 1940,3626 1940,3641 1940,3641"/><TextEquiv index="1"><Unicode>dans mon appartement, une eſpèce de</Unicode></TextEquiv></TextLine><TextLine id="r0_l016"><Coords points="2083,3833 2081,3832 2081,3831 2077,3827 2077,3781 2077,3780 1707,3780 1706,3781 1706,3791 1705,3792 1704,3792 1702,3794 1702,3799 1701,3800 1700,3800 1697,3803 1697,3804 1697,3804 1696,3804 1694,3806 1693,3807 1693,3808 1693,3808 1692,3808 1689,3811 1689,3812 1689,3812 1688,3812 1687,3813 1683,3813 1681,3815 1681,3816 1681,3816 1680,3816 1679,3817 1672,3817 1671,3816 1670,3816 1669,3816 1669,3789 1669,3788 1540,3788 1539,3788 1539,3787 1537,3784 1010,3784 1007,3782 1007,3781 1007,3780 761,3780 758,3778 758,3777 758,3776 490,3776 489,3777 489,3828 488,3829 467,3829 464,3827 464,3826 464,3825 455,3825 452,3823 452,3769 452,3768 222,3768 219,3766 219,3765 219,3764 202,3764 199,3762 199,3761 199,3760 198,3760 197,3759 193,3759 170,3737 170,3728 170,3727 169,3727 166,3725 166,3724 166,3723 165,3723 162,3721 162,3704 161,3702 160,3702 158,3701 158,3692 160,3690 161,3690 162,3689 162,3672 164,3670 165,3670 166,3669 166,3664 169,3661 170,3661 170,3661 170,3656 173,3653 174,3653 174,3653 174,3652 175,3651 175,3647 177,3645 178,3645 178,3645 178,3644 181,3641 182,3641 182,3641 182,3640 185,3637 194,3637 195,3636 195,3635 197,3633 206,3633 207,3632 207,3631 209,3629 230,3629 232,3627 232,3626 233,3625 235,3625 236,3624 237,3624 238,3625 309,3625 309,3626 309,3631 312,3633 313,3633 313,3634 313,3636 314,3637 314,3682 315,3682 345,3682 346,3684 346,3686 347,3686 636,3686 636,3686 636,3639 638,3637 639,3637 640,3636 640,3635 642,3633 709,3633 709,3634 709,3635 710,3636 710,3694 711,3694 901,3694 901,3694 901,3680 903,3678 904,3678 905,3677 905,3668 908,3665 909,3665 909,3665 909,3660 912,3657 913,3657 914,3656 914,3651 916,3649 921,3649 921,3649 922,3648 922,3643 924,3641 925,3641 926,3640 926,3639 928,3637 937,3637 938,3636 938,3635 940,3633 950,3633 950,3634 950,3635 951,3636 951,3637 952,3637 962,3637 962,3638 962,3639 965,3641 966,3641 966,3642 966,3643 967,3644 967,3694 968,3694 1179,3694 1179,3694 1179,3679 1180,3678 1181,3678 1182,3677 1183,3677 1183,3677 1183,3672 1186,3669 1187,3669 1187,3669 1187,3664 1190,3661 1191,3661 1191,3661 1191,3660 1194,3657 1195,3657 1195,3657 1195,3656 1199,3652 1199,3651 1201,3649 1203,3649 1203,3650 1203,3651 1204,3652 1204,3653 1205,3653 1206,3653 1207,3654 1387,3654 1387,3654 1387,3647 1389,3645 1390,3645 1390,3645 1392,3643 1392,3642 1393,3641 1407,3641 1407,3642 1407,3643 1410,3645 1411,3645 1411,3646 1411,3647 1412,3648 1412,3697 1414,3698 1562,3698 1562,3699 1562,3700 1573,3710 1577,3710 1578,3711 1579,3711 1579,3712 1579,3721 1582,3723 1583,3723 1583,3724 1583,3755 1584,3755 1800,3755 1800,3755 1800,3732 1801,3731 1802,3731 1804,3729 1804,3720 1805,3719 1806,3719 1808,3717 1808,3716 1809,3715 1810,3715 1812,3713 1812,3712 1813,3711 1814,3711 1816,3709 1816,3708 1817,3707 1818,3707 1820,3705 1820,3704 1822,3702 1897,3702 1897,3702 1897,3698 1898,3697 1898,3696 1900,3694 1918,3694 1918,3694 1918,3643 1920,3641 1941,3641 1947,3648 1947,3657 1948,3657 2104,3657 2106,3660 2106,3665 2107,3665 2108,3665 2110,3668 2110,3694 2111,3694 2294,3694 2294,3694 2294,3651 2296,3649 2297,3649 2298,3648 2298,3647 2300,3645 2301,3645 2302,3644 2302,3643 2304,3641 2321,3641 2322,3643 2322,3698 2323,3698 2570,3698 2572,3696 2572,3695 2573,3694 2656,3694 2657,3693 2657,3692 2659,3690 2661,3690 2661,3690 2661,3672 2664,3669 2665,3669 2665,3669 2665,3664 2668,3661 2669,3661 2669,3661 2669,3652 2674,3647 2674,3646 2675,3645 2823,3645 2825,3643 2825,3642 2826,3641 2832,3641 2832,3642 2832,3643 2833,3644 2833,3645 2834,3645 2840,3645 2840,3646 2841,3647 2841,3653 2842,3653 2843,3653 2844,3654 2845,3654 2845,3655 2845,3661 2846,3661 2847,3661 2849,3664 2849,3669 2850,3669 2851,3669 2853,3672 2853,3686 2854,3686 3166,3686 3168,3684 3168,3683 3169,3682 3289,3682 3290,3684 3290,3685 3292,3686 3297,3686 3297,3687 3298,3688 3298,3693 3300,3694 3301,3694 3302,3696 3302,3742 3304,3743 3305,3743 3306,3745 3306,3750 3308,3751 3313,3751 3314,3753 3314,3754 3316,3755 3317,3755 3318,3757 3318,3759 3317,3760 3316,3760 3314,3762 3314,3763 3314,3763 3313,3763 3310,3766 3310,3767 3310,3767 3309,3767 3306,3770 3306,3771 3305,3772 3169,3772 3168,3773 3168,3779 3167,3780 3167,3795 3163,3799 3163,3800 3163,3800 3161,3800 3159,3799 3159,3773 3159,3772 2859,3772 2857,3774 2857,3775 2856,3776 2683,3776 2682,3777 2682,3778 2680,3780 2659,3780 2657,3779 2657,3778 2656,3776 2413,3776 2412,3777 2412,3779 2411,3780 2173,3780 2171,3782 2171,3783 2170,3784 2103,3784 2102,3785 2102,3799 2101,3800 2100,3800 2098,3802 2098,3815 2096,3817 2095,3817 2094,3818 2094,3823 2092,3825 2091,3825 2090,3826 2090,3827 2088,3829 2087,3829 2086,3830 2086,3831 2085,3832 2085,3833 2085,3833"/><TextEquiv index="1"><Unicode>Chapelle funéraire, où je la révère en</Unicode></TextEquiv></TextLine><TextLine id="r0_l017"><Coords points="708,4042 707,4042 707,4010 707,4009 688,4009 683,4004 682,4004 681,4004 681,3981 681,3980 573,3980 570,3978 570,3977 570,3976 332,3976 330,3975 330,3974 329,3972 165,3972 162,3970 162,3969 162,3968 157,3968 154,3966 154,3962 157,3959 158,3959 158,3959 158,3958 161,3955 162,3955 162,3955 162,3893 163,3892 163,3891 164,3890 165,3890 167,3888 167,3887 168,3886 169,3886 170,3885 170,3869 171,3868 171,3867 172,3866 173,3866 174,3865 174,3861 175,3860 175,3859 177,3857 178,3857 179,3856 179,3851 181,3849 182,3849 183,3848 183,3843 185,3841 186,3841 187,3840 187,3839 189,3837 190,3837 191,3836 191,3835 193,3833 198,3833 199,3832 199,3831 201,3829 202,3829 202,3829 203,3828 203,3827 205,3825 272,3825 273,3827 273,3828 275,3829 276,3829 276,3830 276,3831 279,3833 280,3833 281,3835 281,3882 282,3882 337,3882 338,3884 338,3885 340,3886 345,3886 346,3888 346,3889 348,3890 525,3890 525,3891 525,3892 528,3894 594,3894 595,3896 595,3897 597,3898 602,3898 603,3900 603,3901 605,3902 610,3902 611,3904 611,3905 612,3906 612,3914 614,3915 615,3915 616,3917 616,3951 617,3951 844,3951 844,3951 844,3909 847,3906 848,3906 848,3906 848,3905 851,3902 852,3902 852,3902 852,3901 855,3898 994,3898 995,3900 995,3901 997,3902 1227,3902 1228,3901 1228,3900 1230,3898 1231,3898 1232,3897 1232,3896 1234,3894 1235,3894 1236,3893 1236,3876 1238,3874 1239,3874 1240,3873 1240,3872 1242,3870 1243,3870 1244,3869 1244,3864 1247,3861 1248,3861 1248,3861 1248,3856 1251,3853 1252,3853 1252,3853 1252,3852 1255,3849 1256,3849 1256,3849 1256,3848 1259,3845 1296,3845 1297,3847 1297,3902 1298,3902 1914,3902 1914,3902 1914,3892 1916,3890 1983,3890 1983,3890 1983,3852 1986,3849 1987,3849 1987,3849 1987,3848 1990,3845 2056,3845 2057,3847 2057,3853 2058,3853 2059,3853 2060,3854 2061,3854 2061,3855 2061,3898 2062,3898 2198,3898 2200,3901 2200,3902 2201,3902 2206,3902 2211,3907 2212,3907 2212,3908 2212,3914 2213,3914 2395,3914 2396,3913 2396,3912 2397,3911 2398,3911 2400,3909 2400,3908 2402,3906 2407,3906 2408,3905 2408,3904 2409,3903 2410,3903 2412,3901 2412,3900 2414,3898 2424,3898 2424,3898 2424,3897 2425,3896 2425,3895 2426,3894 2897,3894 2898,3893 2898,3892 2900,3890 3011,3890 3012,3889 3012,3888 3014,3886 3019,3886 3021,3884 3021,3883 3022,3882 3032,3882 3032,3883 3032,3884 3035,3886 3268,3886 3270,3884 3270,3883 3271,3882 3272,3882 3274,3880 3274,3879 3275,3878 3289,3878 3290,3880 3290,3881 3292,3882 3309,3882 3311,3885 3311,3886 3312,3886 3313,3886 3315,3889 3315,3890 3316,3890 3317,3890 3319,3893 3319,3957 3318,3958 3318,3959 3318,3959 3317,3959 3316,3960 3314,3962 3314,3963 3314,3963 3313,3963 3312,3964 3310,3966 3310,3967 3309,3968 3304,3968 3302,3970 3302,3971 3301,3972 3284,3972 3282,3971 3282,3970 3281,3968 3051,3968 3049,3970 3049,3971 3049,3971 3048,3971 3047,3972 2916,3972 2914,3974 2914,3975 2913,3976 2908,3976 2906,3978 2906,3979 2905,3980 2900,3980 2898,3979 2898,3978 2897,3976 2888,3976 2886,3975 2886,3973 2886,3972 2822,3972 2630,3972 2629,3973 2629,3974 2627,3976 2573,3976 2571,3978 2571,3979 2570,3980 2323,3980 2322,3981 2322,3983 2321,3984 2320,3984 2318,3986 2318,3991 2317,3992 2316,3992 2314,3994 2314,3999 2313,4000 2308,4000 2306,4002 2306,4003 2305,4004 2304,4005 2303,4005 2302,4006 2302,4007 2301,4008 2300,4008 2299,4009 2293,4009 2292,4008 2291,4008 2290,4008 2290,4007 2288,4004 2287,4004 2285,4003 2285,3985 2285,3984 1765,3984 1763,3983 1763,3982 1762,3980 1662,3980 1503,3980 1502,3981 1502,3982 1500,3984 1491,3984 1489,3986 1489,3987 1488,3988 1483,3988 1481,3987 1481,3986 1480,3984 1099,3984 1098,3984 1098,3983 1098,3982 966,3982 918,3982 917,3983 917,3984 917,3984 726,3984 725,3985 725,4042 725,4042"/><TextEquiv index="1"><Unicode>ſilence, non ſans maudire, comme tout</Unicode></TextEquiv></TextLine><TextLine id="r0_l018"><Coords points="405,4237 403,4236 403,4235 402,4233 372,4233 371,4233 371,4232 370,4231 370,4205 370,4204 196,4204 195,4204 195,4203 191,4199 191,4173 191,4172 157,4172 153,4168 152,4168 150,4167 150,4165 151,4164 152,4164 153,4163 154,4163 154,4163 154,4162 157,4159 166,4159 166,4159 166,4150 169,4147 170,4147 170,4147 170,4055 169,4053 168,4053 166,4052 166,4051 165,4049 164,4049 162,4048 162,4043 161,4041 160,4041 158,4040 158,4035 160,4033 165,4033 167,4031 167,4030 168,4029 186,4029 187,4031 187,4032 188,4033 189,4033 190,4033 191,4035 191,4086 192,4086 243,4086 244,4088 244,4089 246,4090 546,4090 546,4090 546,4047 548,4045 549,4045 550,4044 550,4043 552,4041 558,4041 558,4041 558,4040 559,4039 559,4038 560,4037 574,4037 574,4038 574,4039 577,4041 676,4041 677,4042 726,4042 726,4043 726,4048 728,4049 729,4049 730,4051 730,4098 731,4098 810,4098 812,4101 812,4102 813,4102 818,4102 820,4105 820,4155 821,4155 1028,4155 1028,4155 1028,4104 1030,4102 1040,4102 1040,4102 1040,4096 1041,4095 1042,4095 1044,4093 1044,4080 1046,4078 1047,4078 1048,4077 1048,4072 1050,4070 1051,4070 1052,4069 1052,4064 1055,4061 1056,4061 1056,4061 1056,4060 1059,4057 1060,4057 1061,4056 1061,4055 1063,4053 1064,4053 1065,4052 1065,4051 1066,4050 1067,4049 1068,4049 1069,4048 1069,4047 1071,4045 1104,4045 1106,4048 1106,4053 1107,4053 1108,4053 1110,4056 1110,4102 1111,4102 1210,4102 1212,4105 1212,4106 1213,4106 1395,4106 1395,4106 1395,4085 1396,4084 1396,4083 1397,4082 1398,4082 1399,4081 1399,4068 1401,4066 1402,4066 1404,4064 1404,4063 1405,4062 1406,4062 1408,4060 1408,4059 1409,4058 1410,4058 1412,4056 1412,4055 1414,4053 1415,4053 1416,4052 1416,4051 1418,4049 1423,4049 1424,4048 1424,4047 1426,4045 1431,4045 1432,4044 1432,4043 1434,4041 1455,4041 1459,4045 1713,4045 1714,4047 1714,4048 1717,4050 1718,4050 1718,4051 1718,4093 1720,4094 1721,4094 1722,4096 1722,4102 1723,4102 1794,4102 1796,4105 1796,4106 1797,4106 1798,4106 1800,4109 1800,4110 1801,4110 1967,4110 1967,4110 1967,4084 1969,4082 1970,4082 1971,4081 1971,4072 1973,4070 1974,4070 1975,4069 1975,4068 1978,4065 1979,4065 1979,4065 1979,4064 1982,4061 1987,4061 1987,4061 1987,4060 1990,4057 2010,4057 2012,4060 2012,4061 2013,4061 2014,4061 2024,4071 2196,4071 2196,4071 2196,4047 2198,4045 2203,4045 2204,4044 2204,4043 2206,4041 2427,4041 2429,4044 2429,4045 2430,4045 2431,4045 2432,4047 2432,4048 2433,4049 2433,4094 2434,4094 2783,4094 2783,4094 2783,4049 2784,4048 2784,4047 2786,4045 2799,4045 2800,4047 2800,4048 2803,4050 2804,4050 2804,4051 2804,4052 2807,4054 2808,4054 2808,4055 2808,4065 2809,4065 2810,4065 2811,4066 2812,4066 2812,4067 2812,4073 2813,4073 2814,4073 2816,4076 2816,4090 2817,4090 2966,4090 2967,4092 2967,4093 2968,4093 2969,4094 2970,4094 2972,4097 2972,4098 2973,4098 2978,4098 2980,4101 2980,4114 2982,4115 2983,4115 2984,4117 2984,4147 2985,4147 3176,4147 3176,4147 3176,4096 3178,4094 3179,4094 3179,4094 3179,4093 3182,4090 3187,4090 3188,4089 3188,4084 3190,4082 3191,4082 3192,4081 3192,4076 3194,4074 3195,4074 3196,4073 3196,4059 3197,4058 3198,4058 3200,4056 3200,4051 3201,4050 3202,4050 3203,4049 3209,4043 3209,4042 3210,4041 3211,4041 3213,4039 3213,4038 3214,4037 3215,4037 3217,4035 3217,4034 3218,4033 3219,4033 3221,4031 3221,4030 3222,4029 3252,4029 3253,4031 3253,4032 3254,4033 3255,4033 3256,4033 3257,4035 3257,4086 3258,4086 3289,4086 3290,4088 3290,4089 3292,4090 3293,4090 3294,4092 3294,4093 3296,4094 3297,4094 3298,4096 3298,4130 3300,4131 3301,4131 3302,4133 3302,4147 3303,4147 3313,4147 3314,4149 3314,4150 3315,4151 3315,4152 3314,4153 3314,4155 3314,4155 3313,4155 3310,4158 3310,4167 3309,4168 3308,4168 3306,4170 3306,4179 3305,4180 3201,4180 3200,4181 3200,4236 3200,4236 3197,4236 3196,4236 3196,4181 3196,4180 3091,4180 3090,4181 3090,4187 3089,4188 3088,4188 3086,4190 3086,4191 3085,4192 3085,4192 3084,4192 3081,4195 3081,4196 3081,4196 3080,4196 3077,4199 3077,4200 3077,4200 3072,4200 3069,4203 3069,4204 3069,4204 3068,4204 3067,4205 3053,4205 3052,4204 3050,4204 3049,4204 3049,4177 3049,4176 2814,4176 2812,4178 2812,4179 2811,4180 2711,4180 2710,4181 2710,4232 2709,4233 2675,4233 2673,4232 2673,4214 2673,4213 2520,4213 2518,4212 2518,4181 2518,4180 2222,4180 2220,4182 2220,4183 2219,4184 2218,4184 2217,4184 2216,4183 2216,4182 2215,4180 1793,4180 1792,4181 1792,4182 1790,4184 947,4184 946,4185 946,4191 936,4201 935,4201 934,4202 934,4203 932,4205 931,4205 930,4206 930,4207 928,4209 923,4209 922,4210 922,4211 920,4213 904,4213 901,4211 901,4185 901,4184 412,4184 411,4185 411,4233 411,4233 410,4233 407,4236 407,4237 407,4237"/><TextEquiv index="1"><Unicode>le publie, ſon foible &amp; lâche père, ſa</Unicode></TextEquiv></TextLine><TextLine id="r0_l019"><Coords points="3092,4442 3091,4442 3091,4377 3091,4376 3059,4376 3030,4376 3029,4377 3029,4423 3028,4424 3028,4425 3028,4425 3022,4425 3020,4424 3020,4381 3020,4380 2826,4380 2825,4381 2825,4382 2823,4384 2288,4384 2285,4387 2285,4388 2285,4388 2197,4388 2196,4389 2196,4411 2194,4413 2193,4413 2192,4414 2192,4423 2190,4425 2189,4425 2188,4426 2188,4427 2186,4429 2185,4429 2184,4430 2184,4431 2182,4433 2156,4433 2155,4434 2155,4436 2154,4437 2153,4437 2152,4438 2151,4439 2151,4440 2150,4441 2140,4441 2139,4441 2139,4440 2137,4437 2132,4437 2130,4436 2130,4435 2129,4433 2124,4433 2122,4432 2122,4431 2121,4429 2120,4429 2118,4428 2118,4423 2117,4421 2116,4421 2114,4420 2114,4385 2114,4384 1728,4384 1726,4386 1726,4387 1725,4388 1589,4388 1587,4387 1587,4386 1586,4384 1414,4384 1412,4386 1412,4387 1411,4388 1397,4388 1396,4388 1396,4387 1394,4384 1209,4384 1208,4385 1208,4386 1207,4387 1207,4388 1207,4388 1206,4388 1204,4390 1204,4394 1203,4395 1203,4396 1203,4396 1202,4396 1199,4399 1199,4400 1199,4400 1198,4400 1195,4403 1195,4404 1195,4404 1194,4404 1191,4407 1191,4408 1191,4408 1190,4408 1187,4411 1187,4412 1186,4413 1169,4413 1167,4412 1167,4389 1167,4388 919,4388 918,4388 918,4387 917,4386 917,4385 917,4384 738,4384 667,4384 664,4387 664,4388 664,4388 564,4388 563,4388 563,4387 561,4384 385,4384 383,4383 383,4382 382,4380 333,4380 332,4381 332,4442 332,4442 328,4442 327,4442 327,4381 327,4380 172,4380 171,4381 171,4415 169,4417 162,4411 162,4377 162,4376 160,4376 158,4375 158,4357 158,4341 160,4339 161,4339 162,4338 162,4255 162,4254 161,4254 158,4252 158,4235 160,4233 178,4233 178,4234 178,4235 179,4236 179,4261 180,4261 181,4261 183,4264 183,4290 184,4290 198,4290 199,4292 199,4293 200,4293 366,4293 366,4293 366,4248 369,4245 370,4245 370,4245 370,4244 373,4241 390,4241 391,4243 391,4248 394,4250 395,4250 395,4251 395,4301 397,4302 909,4302 909,4302 909,4257 910,4256 910,4255 912,4253 924,4253 926,4256 926,4257 927,4257 928,4257 930,4260 930,4261 931,4261 932,4261 934,4264 934,4265 935,4265 936,4265 938,4268 938,4273 940,4274 941,4274 942,4276 942,4289 944,4290 945,4290 946,4292 946,4302 947,4302 1091,4302 1092,4303 1093,4303 1093,4304 1093,4305 1095,4306 1099,4306 1100,4307 1101,4307 1101,4308 1101,4309 1102,4309 1104,4311 1105,4311 1105,4312 1105,4313 1108,4315 1109,4315 1110,4317 1110,4322 1112,4323 1113,4323 1114,4325 1114,4356 1115,4356 1260,4356 1260,4356 1260,4354 1263,4351 1289,4351 1289,4351 1289,4346 1296,4339 1301,4339 1301,4339 1301,4330 1302,4329 1302,4328 1303,4327 1304,4327 1306,4325 1306,4324 1307,4323 1308,4323 1310,4321 1310,4320 1311,4319 1312,4319 1314,4317 1314,4316 1315,4315 1318,4315 1318,4315 1318,4280 1320,4278 1321,4278 1322,4277 1322,4272 1324,4270 1329,4270 1330,4269 1330,4268 1332,4266 1528,4266 1529,4265 1530,4265 1530,4265 1530,4260 1533,4257 1538,4257 1538,4257 1538,4252 1541,4249 1558,4249 1558,4249 1558,4248 1561,4245 1562,4245 1563,4247 1563,4248 1565,4249 1573,4249 1574,4250 1575,4250 1575,4251 1575,4302 1576,4302 1610,4302 1612,4305 1612,4306 1613,4306 1812,4306 1812,4306 1812,4259 1813,4258 1814,4258 1816,4256 1816,4247 1818,4245 1827,4245 1828,4247 1828,4248 1830,4249 1835,4249 1836,4251 1836,4302 1837,4302 2012,4302 2012,4302 2012,4251 2013,4250 2014,4250 2016,4248 2016,4247 2018,4245 2080,4245 2081,4247 2081,4248 2083,4249 2088,4249 2089,4251 2089,4252 2090,4253 2090,4302 2091,4302 2330,4302 2330,4302 2330,4301 2333,4298 2453,4298 2453,4298 2453,4280 2455,4278 2456,4278 2457,4277 2457,4263 2458,4262 2463,4262 2464,4261 2465,4261 2465,4261 2465,4260 2466,4259 2468,4257 2469,4257 2469,4257 2469,4252 2472,4249 2473,4249 2473,4249 2473,4248 2476,4245 2485,4245 2485,4245 2485,4244 2488,4241 2509,4241 2510,4243 2510,4244 2511,4245 2512,4245 2513,4245 2514,4247 2514,4249 2515,4249 2594,4249 2596,4252 2596,4253 2597,4253 2602,4253 2607,4258 2608,4258 2608,4259 2608,4265 2609,4265 2610,4265 2612,4268 2612,4281 2614,4282 2615,4282 2616,4284 2616,4298 2617,4298 2758,4298 2759,4300 2759,4301 2760,4301 2914,4301 2914,4301 2914,4255 2915,4254 2916,4254 2917,4253 2963,4253 2963,4253 2963,4252 2966,4249 2971,4249 2971,4249 2971,4248 2974,4245 2983,4245 2984,4244 2984,4243 2986,4241 3007,4241 3008,4243 3008,4244 3010,4245 3188,4245 3188,4245 3188,4239 3190,4237 3195,4237 3196,4236 3201,4236 3202,4237 3211,4237 3212,4239 3212,4240 3213,4240 3214,4241 3215,4241 3216,4243 3216,4347 3217,4347 3296,4347 3297,4348 3298,4348 3298,4349 3298,4350 3300,4351 3305,4351 3306,4353 3306,4358 3309,4360 3310,4360 3310,4361 3310,4366 3313,4368 3314,4368 3314,4369 3314,4383 3313,4384 3312,4384 3310,4386 3310,4392 3310,4392 3309,4392 3306,4395 3306,4404 3306,4404 3305,4404 3304,4405 3300,4405 3298,4407 3298,4408 3298,4408 3297,4408 3296,4409 3283,4409 3282,4410 3282,4411 3280,4413 3277,4411 3277,4410 3277,4409 3268,4409 3265,4407 3265,4389 3265,4388 3263,4388 3261,4387 3261,4386 3261,4385 3260,4384 3259,4384 3257,4383 3257,4377 3257,4376 3102,4376 3101,4377 3101,4442 3101,4442"/><TextEquiv index="1"><Unicode>barbare mère, &amp; ſon indigne frère. Oui,</Unicode></TextEquiv></TextLine><TextLine id="r0_l020"><Coords points="1529,4654 1528,4654 1528,4593 1528,4592 1388,4592 1387,4593 1387,4596 1387,4596 1386,4596 1383,4599 1383,4608 1383,4608 1382,4608 1379,4611 1379,4612 1379,4612 1378,4612 1375,4615 1375,4616 1374,4617 1364,4617 1363,4618 1363,4619 1362,4620 1362,4621 1362,4621 1352,4621 1351,4621 1351,4620 1350,4619 1350,4594 1350,4593 1249,4593 1248,4592 1238,4592 1236,4591 1236,4590 1235,4588 1026,4588 1024,4590 1024,4591 1024,4591 1023,4592 1022,4592 1020,4594 1020,4595 1019,4596 1018,4596 1017,4597 1015,4597 1014,4596 1013,4596 1012,4596 1012,4595 1010,4592 1005,4592 1003,4591 1003,4590 1002,4588 818,4588 816,4590 816,4591 815,4592 769,4592 767,4594 767,4595 766,4596 764,4596 763,4596 762,4595 762,4593 762,4592 666,4592 664,4591 664,4590 663,4588 613,4588 612,4588 612,4587 610,4584 189,4584 187,4586 187,4587 186,4588 180,4588 179,4588 179,4570 178,4568 177,4568 175,4567 175,4566 174,4565 174,4557 174,4556 173,4556 170,4554 170,4541 169,4539 168,4539 166,4538 166,4536 166,4535 21,4535 19,4534 19,4529 21,4527 154,4527 154,4527 154,4500 155,4499 156,4499 161,4494 305,4494 305,4494 305,4492 307,4490 308,4490 308,4490 309,4489 309,4488 311,4486 321,4486 321,4486 321,4449 322,4448 322,4447 324,4445 325,4445 326,4444 326,4443 327,4442 333,4442 336,4445 394,4445 395,4447 395,4448 397,4449 455,4449 456,4451 456,4452 457,4453 459,4454 460,4454 460,4455 460,4460 463,4462 464,4462 464,4463 464,4464 465,4465 465,4477 467,4478 468,4478 468,4479 468,4480 469,4481 469,4490 470,4490 472,4490 472,4491 472,4492 473,4493 473,4506 474,4506 1007,4506 1008,4505 1008,4504 1010,4502 1060,4502 1060,4502 1060,4457 1061,4456 1061,4455 1062,4454 1063,4454 1065,4452 1065,4451 1067,4449 1079,4449 1080,4450 1081,4450 1081,4451 1081,4457 1082,4457 1083,4457 1084,4458 1085,4458 1085,4459 1085,4506 1086,4506 1262,4506 1263,4507 1264,4507 1265,4509 1265,4510 1267,4511 1268,4511 1269,4513 1269,4514 1270,4514 1271,4515 1272,4515 1273,4517 1273,4518 1274,4518 1275,4519 1276,4519 1277,4521 1277,4526 1279,4527 1280,4527 1281,4529 1281,4564 1282,4564 1489,4564 1489,4564 1489,4525 1491,4523 1492,4523 1493,4522 1494,4521 1494,4520 1495,4519 1496,4519 1498,4517 1498,4516 1499,4515 1500,4515 1502,4513 1502,4512 1503,4511 1678,4511 1679,4510 1680,4510 1681,4511 1885,4511 1885,4511 1885,4460 1887,4458 1888,4458 1888,4458 1889,4457 1889,4456 1892,4453 1893,4453 1893,4453 1893,4452 1896,4449 2006,4449 2008,4452 2008,4453 2009,4453 2153,4453 2155,4456 2155,4461 2157,4462 2158,4462 2159,4464 2159,4506 2160,4506 2234,4506 2235,4507 2236,4507 2236,4508 2236,4509 2239,4511 2244,4511 2245,4513 2245,4514 2247,4515 2248,4515 2249,4517 2249,4522 2251,4523 2252,4523 2253,4525 2253,4564 2254,4564 2432,4564 2432,4564 2432,4513 2434,4511 2435,4511 2437,4509 2437,4508 2438,4507 2439,4507 2440,4506 2608,4506 2608,4506 2608,4505 2611,4502 2688,4502 2690,4505 2690,4506 2691,4506 2873,4506 2873,4506 2873,4505 2876,4502 2971,4502 2971,4502 2971,4501 2974,4498 3082,4498 3082,4498 3082,4451 3084,4449 3085,4449 3086,4448 3086,4447 3088,4445 3089,4445 3090,4444 3090,4443 3091,4442 3102,4442 3102,4443 3102,4444 3104,4446 3105,4446 3106,4446 3106,4447 3106,4498 3107,4498 3285,4498 3286,4497 3286,4496 3288,4494 3292,4494 3293,4495 3294,4495 3294,4496 3294,4497 3296,4498 3300,4498 3301,4499 3302,4499 3302,4500 3302,4501 3305,4503 3306,4503 3306,4504 3306,4554 3309,4556 3310,4556 3310,4557 3310,4558 3313,4560 3314,4560 3314,4561 3314,4562 3317,4564 3318,4564 3318,4565 3318,4566 3319,4567 3319,4580 3320,4580 3321,4580 3323,4583 3323,4590 3322,4591 3322,4592 3322,4592 3321,4592 3319,4594 3319,4602 3318,4603 3318,4604 3317,4605 3316,4605 3314,4607 3314,4612 3313,4613 3312,4613 3310,4615 3310,4616 3309,4617 3308,4617 3306,4619 3306,4620 3305,4621 3304,4621 3302,4623 3302,4628 3301,4629 3292,4629 3290,4631 3290,4632 3289,4633 3284,4633 3281,4631 3281,4630 3281,4629 3275,4629 3274,4629 3274,4628 3273,4627 3273,4585 3273,4584 3092,4584 3090,4583 3090,4582 3089,4580 2908,4580 2906,4582 2906,4583 2905,4584 2867,4584 2866,4585 2866,4586 2865,4587 2865,4588 2865,4588 2744,4588 2743,4588 2743,4587 2742,4586 2742,4585 2742,4584 2687,4584 2508,4584 2506,4586 2506,4587 2505,4588 2413,4588 2412,4589 2412,4651 2412,4651 2405,4651 2404,4651 2404,4589 2404,4588 2364,4588 2363,4589 2363,4604 2363,4604 2362,4604 2361,4605 2350,4616 2350,4617 2350,4617 2344,4617 2343,4618 2343,4619 2341,4621 2328,4621 2326,4620 2326,4593 2326,4592 2218,4592 2216,4591 2216,4590 2215,4588 2206,4588 2202,4584 2014,4584 2012,4586 2012,4587 2011,4588 1688,4588 1685,4591 1685,4592 1685,4592 1533,4592 1532,4593 1532,4654 1532,4654"/><TextEquiv index="1"><Unicode>voilà ma reine, mon idole, mon amie;</Unicode></TextEquiv></TextLine><TextLine id="r0_l021"><Coords points="1704,4854 1702,4853 1702,4852 1701,4851 1701,4842 1701,4841 1691,4841 1689,4840 1689,4839 1688,4837 1687,4837 1685,4836 1685,4793 1685,4792 1537,4792 1534,4795 1534,4796 1534,4796 1484,4796 1483,4797 1335,4797 1334,4798 1334,4800 1334,4800 1333,4800 1332,4801 1329,4801 1328,4800 1327,4800 1326,4800 1326,4799 1325,4797 1313,4797 1312,4796 1311,4796 1310,4796 1310,4795 1308,4792 1055,4792 1054,4793 915,4793 914,4794 914,4795 914,4795 913,4796 912,4796 911,4797 888,4797 885,4795 885,4794 885,4793 884,4793 883,4792 446,4792 444,4791 444,4790 444,4789 443,4789 442,4788 176,4788 175,4789 175,4795 174,4796 173,4796 171,4798 171,4811 169,4813 168,4813 167,4814 167,4822 166,4823 166,4824 165,4825 164,4825 163,4826 163,4827 162,4828 162,4837 162,4837 161,4837 159,4839 158,4840 158,4841 158,4841 148,4841 146,4840 146,4831 148,4829 149,4829 150,4828 150,4819 152,4817 153,4817 154,4816 154,4811 156,4809 157,4809 158,4808 158,4672 160,4670 161,4670 161,4670 162,4669 162,4668 164,4666 165,4666 167,4664 167,4663 168,4662 178,4662 179,4664 179,4665 180,4665 181,4666 182,4666 183,4668 183,4702 184,4702 238,4702 240,4705 240,4706 241,4706 242,4706 243,4707 460,4707 460,4708 460,4709 463,4711 892,4711 893,4710 893,4709 895,4707 909,4707 909,4708 909,4709 912,4711 917,4711 918,4713 918,4714 920,4715 1056,4715 1056,4715 1056,4661 1057,4660 1057,4659 1058,4658 1059,4658 1060,4657 1060,4656 1062,4654 1064,4654 1065,4656 1065,4657 1066,4657 1067,4658 1068,4658 1069,4660 1069,4661 1070,4661 1071,4662 1072,4662 1073,4664 1073,4665 1075,4666 1076,4666 1077,4668 1077,4669 1079,4670 1080,4670 1081,4672 1081,4673 1083,4674 1084,4674 1085,4676 1085,4693 1088,4695 1089,4695 1089,4696 1089,4715 1090,4715 1235,4715 1236,4714 1236,4713 1238,4711 1371,4711 1371,4711 1371,4664 1374,4661 1375,4661 1375,4661 1375,4660 1377,4658 1524,4658 1525,4657 1526,4657 1526,4657 1526,4656 1528,4654 1534,4654 1534,4655 1534,4656 1537,4658 1542,4658 1542,4659 1542,4660 1543,4660 1545,4662 1546,4662 1546,4663 1546,4711 1547,4711 1857,4711 1857,4711 1857,4663 1858,4662 1859,4662 1861,4660 1861,4659 1862,4658 1871,4658 1873,4656 1873,4655 1874,4654 1877,4654 1877,4655 1877,4656 1880,4658 1881,4658 1881,4659 1881,4707 1882,4707 1885,4707 1885,4708 1885,4710 1887,4711 2118,4711 2118,4711 2118,4668 2120,4666 2121,4666 2122,4665 2122,4664 2124,4662 2125,4662 2126,4661 2126,4660 2128,4658 2129,4658 2130,4657 2132,4657 2133,4658 2134,4658 2134,4659 2134,4660 2137,4662 2211,4662 2212,4664 2212,4707 2213,4707 2400,4707 2400,4707 2400,4655 2401,4654 2402,4654 2405,4651 2412,4651 2423,4662 2424,4662 2424,4663 2424,4707 2425,4707 2615,4707 2616,4706 2617,4706 2618,4707 2943,4707 2943,4707 2943,4655 2944,4654 2945,4654 2946,4653 2947,4652 2947,4651 2948,4650 2949,4650 2950,4649 3007,4649 3008,4648 3008,4647 3009,4646 3010,4646 3011,4645 3012,4647 3012,4648 3014,4649 3018,4649 3019,4650 3020,4650 3020,4651 3020,4652 3023,4654 3024,4654 3024,4655 3024,4656 3025,4657 3025,4702 3026,4702 3269,4702 3269,4702 3269,4701 3272,4698 3274,4701 3274,4702 3275,4702 3296,4702 3305,4711 3306,4711 3306,4712 3306,4718 3308,4719 3309,4719 3310,4721 3310,4730 3312,4731 3313,4731 3314,4733 3314,4735 3314,4735 3313,4735 3310,4738 3310,4775 3309,4776 3308,4776 3306,4778 3306,4779 3305,4780 3304,4780 3302,4782 3302,4783 3301,4784 3296,4784 3294,4786 3294,4787 3293,4788 3284,4788 3282,4790 3282,4791 3281,4792 3128,4792 3127,4793 3127,4819 3125,4821 3124,4821 3123,4822 3123,4823 3114,4832 3114,4833 3114,4833 3108,4833 3106,4835 3106,4836 3105,4837 3101,4837 3100,4838 3099,4838 3098,4839 3098,4840 3097,4841 3071,4841 3069,4840 3069,4839 3068,4837 3063,4837 3061,4836 3061,4835 3060,4833 3059,4833 3057,4832 3057,4831 3056,4829 3055,4829 3054,4828 3053,4828 3053,4827 3052,4825 3051,4825 3049,4824 3049,4789 3049,4788 3048,4789 3048,4851 3048,4851 3038,4851 3037,4851 3037,4789 3037,4788 2794,4788 2792,4790 2792,4791 2791,4792 2626,4792 2625,4793 2625,4842 2624,4843 2624,4845 2624,4845 2623,4845 2622,4846 2603,4846 2602,4845 2601,4845 2600,4845 2600,4798 2600,4797 2477,4797 2476,4796 2475,4796 2474,4796 2473,4795 2473,4794 2472,4792 2350,4792 2276,4792 2273,4795 2273,4796 2273,4796 2272,4796 2271,4797 2183,4797 2182,4796 2181,4796 2180,4796 2179,4795 2179,4794 2178,4792 2079,4792 2077,4791 2077,4790 2077,4789 2076,4789 2075,4788 1896,4788 1893,4791 1893,4792 1893,4792 1837,4792 1836,4793 1836,4796 1836,4796 1835,4796 1834,4797 1830,4797 1828,4799 1828,4800 1828,4800 1827,4800 1826,4801 1748,4801 1747,4802 1747,4843 1746,4844 1746,4845 1746,4845 1745,4845 1744,4846 1742,4848 1742,4849 1742,4849 1741,4849 1738,4852 1738,4853 1737,4854"/><TextEquiv index="1"><Unicode>je renonce à celui qui n'étoit pas digne</Unicode></TextEquiv></TextLine><TextLine id="r0_l022"><Coords points="1018,5058 1016,5057 1016,5056 1015,5054 1010,5054 1007,5052 1007,5051 1007,5050 1006,5050 1003,5048 1003,4998 1003,4997 609,4997 607,4999 607,5000 606,5001 503,5001 501,5003 501,5004 500,5005 414,5005 411,5003 411,4998 411,4997 275,4997 272,4995 272,4994 272,4993 178,4993 177,4992 176,4992 175,4992 175,4991 173,4988 168,4988 166,4987 166,4986 165,4984 164,4984 162,4983 162,4974 161,4972 160,4972 158,4971 158,4941 157,4939 156,4939 154,4938 154,4933 155,4932 156,4932 162,4926 162,4917 164,4915 165,4915 167,4913 167,4912 168,4911 173,4911 175,4909 175,4908 176,4907 191,4907 191,4907 191,4851 192,4850 193,4850 194,4849 207,4849 207,4849 207,4848 210,4845 212,4848 212,4849 214,4850 215,4850 215,4851 215,4852 218,4854 219,4854 219,4855 219,4856 220,4857 220,4858 221,4858 406,4858 407,4857 407,4856 408,4855 409,4854 410,4854 411,4853 412,4854 423,4854 424,4856 424,4862 425,4862 460,4862 460,4863 460,4864 467,4870 468,4870 468,4871 468,4872 469,4873 469,4915 470,4915 758,4915 758,4915 758,4865 759,4864 759,4863 760,4862 761,4862 763,4860 763,4859 764,4858 782,4858 783,4860 783,4915 784,4915 1129,4915 1130,4914 1130,4913 1132,4911 1137,4911 1138,4913 1138,4914 1140,4915 1455,4915 1457,4913 1457,4904 1458,4903 1459,4903 1461,4901 1461,4896 1462,4895 1463,4895 1465,4893 1465,4888 1467,4886 1468,4886 1469,4885 1469,4880 1471,4878 1472,4878 1473,4877 1473,4872 1475,4870 1476,4870 1477,4869 1477,4868 1479,4866 1480,4866 1481,4865 1481,4864 1483,4862 1521,4862 1522,4864 1522,4869 1524,4870 1525,4870 1526,4872 1526,4919 1527,4919 1770,4919 1771,4918 1771,4917 1773,4915 1787,4915 1787,4916 1787,4917 1788,4918 1794,4923 1795,4923 1795,4924 1795,4964 1796,4964 1971,4964 1971,4964 1971,4868 1973,4866 2093,4866 2093,4866 2093,4865 2094,4864 2094,4863 2095,4862 2105,4862 2106,4864 2106,4865 2108,4866 2109,4866 2110,4868 2110,4915 2111,4915 2419,4915 2420,4914 2420,4913 2422,4911 2555,4911 2555,4911 2555,4864 2557,4862 2558,4862 2559,4861 2559,4860 2561,4858 2566,4858 2567,4857 2567,4856 2569,4854 2570,4854 2571,4853 2573,4853 2574,4854 2575,4854 2575,4855 2575,4856 2578,4858 2579,4858 2579,4859 2579,4860 2582,4862 2636,4862 2636,4863 2636,4864 2637,4864 2639,4866 2640,4866 2640,4867 2640,4868 2643,4870 2644,4870 2645,4872 2645,4877 2647,4878 2648,4878 2649,4880 2649,4890 2650,4890 2651,4890 2652,4891 2653,4891 2653,4892 2653,4898 2654,4898 2655,4898 2657,4901 2657,4922 2659,4923 2660,4923 2661,4925 2661,4968 2662,4968 2877,4968 2877,4968 2877,4922 2878,4921 2878,4920 2879,4919 2880,4919 2882,4917 2882,4916 2883,4915 2889,4915 2889,4915 2889,4914 2890,4913 2890,4912 2891,4911 3031,4911 3033,4909 3033,4855 3034,4854 3035,4854 3038,4851 3049,4851 3049,4852 3049,4853 3050,4853 3205,4853 3206,4854 3208,4854 3208,4855 3208,4856 3209,4856 3211,4858 3212,4858 3212,4859 3212,4913 3215,4915 3216,4915 3216,4916 3216,4931 3217,4931 3305,4931 3306,4933 3306,4934 3308,4935 3309,4935 3310,4937 3310,4955 3309,4956 3308,4956 3306,4958 3306,4963 3305,4964 3267,4964 3266,4965 3266,5053 3266,5053 3250,5053 3249,5053 3249,4965 3249,4964 3222,4964 3221,4965 3221,4974 3220,4975 3220,4976 3220,4976 3219,4976 3216,4979 3216,4984 3216,4984 3211,4984 3204,4991 3204,4992 3204,4992 3203,4992 3202,4993 3179,4993 3178,4992 3177,4992 3176,4992 3176,4991 3174,4988 3055,4988 2970,4988 2967,4991 2967,4992 2967,4992 2950,4992 2949,4993 2777,4993 2776,4994 2776,5002 2775,5003 2775,5004 2774,5005 2773,5005 2771,5007 2771,5012 2770,5013 2769,5013 2767,5015 2767,5016 2766,5017 2761,5017 2759,5019 2759,5020 2759,5020 2758,5021 2757,5021 2755,5023 2755,5024 2754,5025 2740,5025 2739,5025 2739,5023 2738,5022 2738,4998 2738,4997 2434,4997 2432,4999 2432,5000 2431,5001 2274,5001 2273,5002 2273,5008 2272,5009 2271,5009 2270,5010 2269,5011 2269,5012 2268,5013 2267,5013 2265,5012 2265,5006 2265,5005 2161,5005 2159,5004 2159,5003 2158,5001 1974,5001 1973,5000 1972,5000 1971,5000 1971,4998 1971,4997 1720,4997 1716,5001 1459,5001 1457,5000 1457,4999 1456,4997 1430,4997 1225,4997 1224,4998 1224,4999 1222,5001 1218,5001 1216,5000 1216,4999 1215,4997 1037,4997 1036,4998 1036,5057 1035,5058"/><TextEquiv index="1"><Unicode>de l'avoir pour ſœur. Pleure-là, miſé-</Unicode></TextEquiv></TextLine><TextLine id="r0_l023"><Coords points="1716,5267 1715,5267 1715,5206 1715,5205 1592,5205 1591,5206 1591,5257 1590,5258 1581,5258 1579,5260 1579,5261 1578,5262 1573,5262 1571,5261 1571,5260 1570,5258 1553,5258 1550,5256 1550,5206 1550,5205 1493,5205 1492,5206 1492,5267 1492,5267 1483,5267 1482,5267 1482,5206 1482,5205 903,5205 901,5207 901,5253 900,5254 891,5254 889,5253 889,5252 887,5249 886,5249 885,5249 885,5206 885,5205 596,5205 595,5206 595,5216 594,5217 593,5217 591,5219 591,5224 590,5225 585,5225 583,5227 583,5228 582,5229 581,5229 579,5231 579,5232 578,5233 556,5233 554,5232 554,5202 554,5201 447,5201 446,5200 445,5200 444,5200 444,5199 443,5197 308,5197 305,5195 305,5194 305,5193 218,5193 215,5191 215,5190 215,5189 158,5189 157,5188 156,5188 154,5187 154,5182 154,5181 153,5181 150,5179 150,5178 151,5177 152,5176 153,5176 154,5175 154,5113 156,5111 157,5111 158,5110 158,5110 158,5109 160,5107 165,5107 166,5106 166,5105 168,5103 285,5103 285,5103 285,5060 291,5054 385,5054 387,5052 387,5051 388,5050 391,5050 391,5051 391,5052 395,5056 395,5057 396,5057 397,5057 399,5060 399,5061 401,5062 407,5062 407,5063 407,5115 408,5115 455,5115 457,5118 457,5119 458,5119 476,5119 476,5120 476,5121 477,5122 479,5123 480,5123 480,5124 480,5125 482,5127 483,5127 484,5127 485,5129 485,5143 486,5143 487,5143 489,5146 489,5176 490,5176 705,5176 705,5176 705,5142 708,5139 709,5139 709,5139 709,5138 712,5135 713,5135 713,5135 713,5134 716,5131 717,5131 717,5131 717,5130 720,5127 725,5127 726,5126 726,5063 727,5062 741,5062 742,5064 742,5073 744,5074 745,5074 746,5076 746,5081 748,5082 749,5082 750,5084 750,5089 753,5091 754,5091 754,5092 754,5097 757,5099 758,5099 758,5100 758,5101 759,5102 759,5123 760,5123 888,5123 889,5122 889,5121 891,5119 1073,5119 1073,5119 1073,5092 1074,5091 1075,5091 1077,5089 1077,5084 1079,5082 1080,5082 1081,5081 1081,5076 1083,5074 1084,5074 1085,5073 1085,5072 1087,5070 1157,5070 1163,5064 1163,5063 1164,5062 1174,5062 1175,5061 1175,5060 1177,5058 1182,5058 1183,5060 1183,5061 1185,5062 1195,5062 1195,5063 1195,5069 1197,5070 1198,5070 1199,5072 1199,5073 1200,5074 1200,5123 1201,5123 1375,5123 1375,5123 1375,5121 1377,5119 1378,5119 1379,5118 1379,5117 1381,5115 1390,5115 1392,5118 1392,5119 1393,5119 1888,5119 1890,5117 1890,5116 1891,5115 1892,5115 1893,5114 1893,5113 1895,5111 1897,5111 1898,5113 1898,5119 1899,5119 2007,5119 2008,5121 2008,5123 2009,5123 2244,5123 2244,5123 2244,5122 2247,5119 2252,5119 2253,5120 2433,5120 2434,5119 2599,5119 2600,5118 2600,5117 2602,5115 2697,5115 2698,5114 2698,5113 2700,5111 2824,5111 2824,5111 2824,5065 2825,5064 2825,5063 2826,5062 2827,5062 2829,5060 2829,5059 2830,5058 2893,5058 2894,5060 2894,5061 2896,5062 2897,5062 2898,5064 2898,5085 2900,5086 2909,5086 2910,5087 3091,5087 3092,5086 3093,5086 3094,5085 3094,5080 3096,5078 3097,5078 3098,5077 3098,5076 3100,5074 3101,5074 3102,5073 3102,5068 3104,5066 3105,5066 3106,5065 3106,5064 3108,5062 3245,5062 3245,5062 3245,5056 3248,5053 3267,5053 3268,5054 3269,5054 3269,5055 3269,5056 3272,5058 3273,5058 3273,5059 3273,5060 3274,5061 3274,5069 3276,5070 3277,5070 3277,5071 3277,5072 3278,5073 3278,5082 3279,5082 3280,5082 3282,5085 3282,5094 3283,5094 3284,5094 3286,5097 3286,5143 3287,5143 3288,5143 3289,5144 3290,5144 3290,5145 3290,5168 3291,5168 3293,5168 3294,5170 3294,5171 3296,5172 3301,5172 3302,5174 3302,5188 3302,5188 3301,5188 3292,5197 3116,5197 3114,5199 3114,5200 3113,5201 2435,5201 2434,5200 2253,5200 2252,5201 2251,5201 2247,5205 1907,5205 1906,5206 1906,5207 1904,5209 1900,5209 1897,5207 1897,5206 1897,5205 1730,5205 1729,5206 1729,5267 1729,5267"/><TextEquiv index="1"><Unicode>rable, à préſent que tu as contribué à</Unicode></TextEquiv></TextLine><TextLine id="r0_l024"><Coords points="2899,5470 2898,5470 2898,5469 2897,5468 2897,5467 2897,5466 2883,5466 2882,5466 2882,5465 2877,5460 2877,5410 2877,5409 2692,5409 2689,5412 2689,5413 2689,5413 2614,5413 2612,5415 2612,5416 2611,5417 2610,5417 2609,5416 2608,5416 2608,5415 2607,5413 2402,5413 2400,5415 2400,5416 2399,5417 2373,5417 2371,5416 2371,5415 2370,5413 2122,5413 1961,5413 1959,5415 1959,5416 1958,5417 1944,5417 1943,5417 1943,5416 1942,5415 1942,5414 1942,5413 1936,5413 1935,5413 1935,5412 1933,5409 1740,5409 1739,5410 1739,5411 1738,5412 1738,5413 1738,5413 1617,5413 1616,5414 1616,5428 1615,5429 1614,5429 1613,5430 1612,5431 1612,5432 1611,5433 1610,5433 1609,5434 1608,5435 1608,5436 1606,5438 1605,5438 1604,5439 1604,5440 1602,5442 1601,5442 1600,5443 1600,5444 1598,5446 1593,5446 1591,5448 1591,5449 1590,5450 1577,5450 1575,5449 1575,5418 1575,5417 1512,5417 1509,5415 1509,5414 1509,5413 1312,5413 1309,5416 1309,5417 1309,5417 1136,5417 1134,5419 1134,5420 1133,5421 1128,5421 1126,5420 1126,5419 1125,5417 666,5417 665,5417 665,5416 663,5413 369,5413 362,5407 362,5406 362,5405 249,5405 248,5406 248,5425 248,5425 205,5425 204,5426 203,5426 202,5425 201,5425 199,5424 199,5402 199,5401 173,5401 170,5399 170,5398 170,5397 161,5397 158,5395 158,5394 158,5393 153,5393 152,5392 151,5392 150,5392 150,5386 151,5385 152,5385 158,5379 158,5313 160,5311 166,5311 166,5311 166,5285 169,5282 170,5282 170,5282 170,5273 173,5270 182,5270 183,5269 183,5264 185,5262 190,5262 191,5261 191,5260 193,5258 194,5258 194,5258 195,5257 195,5256 197,5254 206,5254 207,5253 207,5252 209,5250 211,5250 211,5251 211,5252 214,5254 219,5254 219,5255 219,5256 220,5256 222,5258 223,5258 223,5259 223,5260 226,5262 227,5262 228,5264 228,5315 229,5315 247,5315 248,5317 248,5318 250,5319 406,5319 407,5321 407,5322 409,5323 660,5323 660,5323 660,5322 663,5319 672,5319 672,5320 672,5321 676,5324 852,5324 852,5324 852,5281 855,5278 868,5278 868,5278 868,5277 871,5274 974,5274 975,5273 975,5272 976,5271 977,5270 978,5270 979,5269 979,5268 981,5266 990,5266 991,5268 991,5269 992,5269 993,5270 994,5270 995,5272 995,5323 996,5323 1412,5323 1412,5323 1412,5276 1414,5274 1415,5274 1416,5273 1416,5272 1418,5270 1423,5270 1424,5269 1424,5268 1426,5266 1427,5266 1428,5267 1493,5267 1494,5269 1494,5270 1495,5270 1496,5270 1498,5273 1498,5278 1499,5278 1500,5278 1502,5281 1502,5290 1503,5290 1504,5290 1506,5293 1506,5298 1508,5299 1509,5299 1510,5301 1510,5339 1511,5339 1512,5339 1514,5342 1514,5347 1516,5348 1517,5348 1518,5350 1518,5384 1519,5384 1701,5384 1701,5384 1701,5331 1702,5330 1702,5329 1704,5327 1705,5327 1705,5327 1706,5326 1706,5325 1708,5323 1710,5323 1710,5323 1710,5272 1712,5270 1713,5270 1714,5269 1714,5268 1715,5267 1730,5267 1730,5268 1730,5269 1732,5270 1790,5270 1792,5273 1792,5274 1793,5274 1794,5274 1796,5277 1796,5323 1797,5323 2008,5323 2008,5323 2008,5317 2010,5315 2011,5315 2012,5314 2012,5301 2019,5294 2020,5294 2020,5294 2020,5288 2021,5287 2022,5287 2023,5286 2024,5286 2024,5286 2024,5280 2026,5278 2032,5278 2032,5278 2032,5277 2035,5274 2040,5274 2040,5274 2040,5273 2043,5270 2203,5270 2204,5269 2204,5268 2206,5266 2313,5266 2314,5268 2314,5269 2316,5270 2321,5270 2322,5272 2322,5319 2323,5319 2591,5319 2591,5319 2591,5318 2594,5315 2599,5315 2600,5317 2600,5318 2602,5319 2893,5319 2894,5318 2894,5317 2896,5315 3011,5315 3012,5317 3012,5318 3014,5319 3019,5319 3020,5321 3020,5330 3022,5331 3023,5331 3024,5333 3024,5356 3025,5356 3297,5356 3298,5358 3298,5359 3300,5360 3301,5360 3302,5362 3302,5367 3304,5368 3305,5368 3306,5370 3306,5392 3306,5392 3305,5392 3302,5395 3302,5404 3301,5405 3279,5405 3278,5406 3278,5419 3277,5420 3277,5421 3277,5421 3276,5421 3274,5423 3273,5424 3273,5425 3273,5425 3264,5425 3261,5428 3261,5429 3261,5429 3189,5429 3188,5430 3187,5430 3186,5429 3185,5429 3184,5429 3184,5414 3184,5413 3145,5413 3143,5412 3143,5411 3142,5409 2923,5409 2922,5410 2922,5466 2922,5466 2904,5466 2902,5468 2902,5469 2901,5470"/><TextEquiv index="1"><Unicode>ſa mort. Pleure-là, il eſt bien temps....</Unicode></TextEquiv></TextLine><TextLine id="r0_l025"><Coords points="1490,5955 1489,5955 1489,5953 1489,5952 1430,5952 1428,5951 1428,5946 1427,5944 1426,5944 1424,5943 1424,5929 1424,5928 1423,5928 1418,5923 1413,5923 1412,5923 1412,5896 1413,5895 1419,5895 1420,5894 1420,5888 1421,5887 1426,5887 1427,5886 1428,5886 1428,5886 1428,5885 1431,5882 1432,5882 1432,5882 1432,5881 1435,5878 1448,5878 1448,5878 1448,5877 1451,5874 1468,5874 1469,5873 1469,5872 1471,5870 1586,5870 1587,5872 1587,5873 1588,5873 1589,5874 1590,5874 1591,5876 1591,5881 1594,5883 1595,5883 1595,5884 1595,5885 1596,5886 1596,5890 1597,5890 1608,5890 1609,5891 1611,5891 1612,5893 1612,5894 1614,5895 1615,5895 1616,5897 1616,5910 1615,5911 1614,5911 1612,5913 1612,5918 1611,5919 1610,5919 1608,5921 1608,5922 1607,5923 1606,5923 1604,5925 1604,5930 1602,5932 1601,5932 1600,5933 1600,5946 1599,5947 1599,5950 1599,5950 1596,5950 1595,5951 1564,5951 1563,5952 1542,5952 1541,5953 1529,5953 1528,5954 1503,5954 1502,5955"/><TextEquiv index="1"><Unicode>n</Unicode></TextEquiv></TextLine><TextLine id="r0_l026"><Coords points="1667,6083 1665,6082 1665,6081 1664,6079 1660,6079 1659,6078 1658,6078 1657,6078 1657,6077 1655,6074 1650,6074 1649,6074 1649,6073 1648,6072 1648,6064 1647,6062 1646,6062 1645,6062 1645,6061 1644,6060 1644,6051 1644,6050 1606,6050 1603,6048 1603,6047 1603,6046 1602,6046 1599,6044 1599,6043 1599,6042 1594,6042 1591,6040 1591,6039 1591,6038 1569,6038 1567,6037 1567,6036 1566,6034 1561,6034 1559,6033 1559,6032 1557,6029 1556,6029 1555,6029 1555,6028 1553,6025 1552,6025 1551,6025 1551,6024 1549,6021 1544,6021 1542,6020 1542,6015 1541,6013 1540,6013 1539,6013 1538,6012 1538,6011 1537,6009 1532,6009 1530,6008 1530,6007 1529,6005 1524,6005 1522,6004 1522,6003 1521,6001 1520,6001 1518,6000 1518,5999 1517,5997 1516,5997 1514,5996 1514,5995 1513,5993 1508,5993 1506,5992 1506,5987 1505,5985 1504,5985 1502,5984 1502,5983 1501,5981 1500,5981 1497,5979 1497,5966 1496,5964 1495,5964 1493,5963 1493,5958 1492,5956 1491,5956 1490,5956 1491,5955 1502,5955 1503,5954 1528,5954 1529,5953 1559,5953 1560,5952 1563,5952 1564,5951 1595,5951 1596,5950 1600,5950 1602,5952 1603,5952 1603,5953 1603,5954 1606,5956 1607,5956 1607,5957 1607,5958 1614,5964 1750,5964 1751,5963 1751,5962 1753,5960 1754,5960 1754,5960 1754,5959 1757,5956 1807,5956 1807,5956 1807,5955 1808,5954 1808,5896 1809,5895 1824,5895 1824,5895 1824,5885 1827,5882 1828,5882 1828,5882 1828,5881 1831,5878 1836,5878 1836,5878 1836,5877 1839,5874 1982,5874 1983,5876 1983,5877 1985,5878 1986,5878 1986,5879 1987,5880 1987,5881 1989,5882 1994,5882 1996,5885 1996,5886 1997,5887 1998,5887 1999,5887 2000,5889 2000,5890 2002,5891 2003,5891 2004,5893 2004,5894 2006,5895 2007,5895 2008,5897 2008,5902 2010,5903 2011,5903 2012,5905 2012,5910 2011,5911 2010,5911 2008,5913 2008,5938 2006,5940 2005,5940 2004,5941 2004,5942 2002,5944 2001,5944 2000,5945 2000,5946 1998,5948 1997,5948 1996,5949 1996,5950 1994,5952 1993,5952 1992,5953 1992,5954 1990,5956 1935,5956 1934,5957 1934,5963 1920,5977 1919,5977 1918,5978 1918,5984 1918,5984 1917,5984 1916,5985 1915,5985 1914,5986 1914,5992 1913,5993 1907,5993 1906,5994 1906,6000 1905,6001 1895,6001 1894,6002 1894,6003 1892,6005 1887,6005 1886,6006 1886,6007 1876,6017 1867,6017 1865,6019 1865,6020 1864,6021 1859,6021 1857,6023 1857,6024 1856,6025 1855,6025 1853,6027 1853,6028 1851,6030 1834,6030 1832,6032 1832,6033 1832,6033 1831,6033 1830,6034 1826,6034 1824,6036 1824,6037 1823,6038 1809,6038 1808,6039 1808,6040 1806,6042 1768,6042 1767,6043 1767,6065 1766,6066 1765,6066 1763,6068 1763,6073 1762,6074 1757,6074 1755,6076 1755,6077 1753,6079 1748,6079 1747,6080 1747,6081 1745,6083"/><TextEquiv index="1"><Unicode>tl</Unicode></TextEquiv></TextLine></TextRegion></Page></PcGts>