4266 8076
2231 526 2607 729 oo.
925 1003 3976 1231 i
1003 1406 4049 1642 Céſar de Perlencour, à Dumoulin.
933 1926 3921 2155 u, miſérable que je ſuis! Malédic-
937 2134 4269 2526 ueuel uue e d d pipuiutr
944 2528 4269 2725 me portes! Comme tu tournes le couteau
952 2719 4270 2916 dans mon cœur; mais je le mérite, j'ai
925 2916 4270 3116 aſſaſſiné ma ſœur. O ciel! punis moi. Me
654 3115 4271 3505 ll u e s re e uurle ſfa ſaneſai
944 3495 4272 3890 ioore; ll ſoe lenateélepui aens
941 3880 4272 4107 tréſor, le tréſor céleſte que je n'ai pas
942 4082 1876 4275 ſu apprécier.
1142 4266 4273 4480 Funeſte ambition! C'eſt pour me faire
945 4475 4273 4675 contracter un mariage prétendu illuſtre,
948 4665 4274 4859 qu'on a occaſionné un ſi déplorable ſa-
945 4851 4274 5061 crifice. Déteſtable prédilection d'une
944 5049 4275 5254 mère aveugle, en faveur de celui qui
968 5247 4275 5451 le méritoit le moins; tyrannie encore
979 5440 4275 5641 plus déteſtable, contre une enfant ado-
914 5626 4276 5839 rable, qui étoit digne de la plus haute
665 5827 4276 6015 fortune & de toutes les faveurs mater-
972 6025 1445 6162 nelles!
1150 6203 4278 6442 Abominable canaille avec laquelle j'ai
