4266 8455
48 743 3303 958 vécu! Ces miſérables, cet indigne Mar-
126 957 3402 1177 qué, cette infame Frédégonde ont eu
15 1156 3463 1382 la barbarie de m'animer contre mon
122 1365 3455 1588 innocente ſœur, qui ne leur avoit ja-
135 1570 3451 1764 mais rien fait. Peut- être ont - ils inter-
143 1772 3328 1995 cepté nos lettres; peut-être en ont - ils
143 1978 3517 2200 forgé de fauſſes. Il paroît qu'ils ont fait
135 2188 3308 2399 tout ce que leur inſpire la plus dam-
73 2393 3332 2608 nable malice, pour conduire cette mal-
143 2599 3329 2814 heureuſe intrigue à ſon dénoument in-
143 2805 3340 3015 fernal. Quel pouvoit être leur déteſtable
135 3009 3345 3230 but, que de faire le mal pour le mal?
312 3225 3332 3435 Ne devrois-je pas, à mon tour, m'ar-
135 3422 3348 3636 racher cette déplorable vie qui a coûté
131 3628 3348 3838 ſi cher à ma ſœur? Puis-je me ſouffrir
135 3838 3616 4048 dans le monde, noirci d'un pareil crime?
135 4028 3690 4250 Ah! je ſuis tenté de m'engager comme
126 4241 3336 4467 ſimple ſoldat, & de me jetter tête baiſſée
139 4456 3328 4674 au milieu des ennemis, à la première
135 4665 3340 4879 action où je me trouverai; mais ce ſe-
139 4879 3603 5102 roit attendre trop long-temps la mort,
143 5080 3674 5287 & l'aller chercher trop loin. Il m'eſt
135 5282 3325 5499 venu, pluſieurs fois, dans l'idée d'aller
143 5492 3344 5702 m'enſevelir à la Trappe, pour y pleurer
147 5692 3357 5908 toute ma vie, pour m'y punir de mon
143 5894 3315 6105 odieuſe conduite. Je ſuis auſſi perſécuté
139 6105 3451 6307 par l'ombre de ma ſœur. J'ai vu, pen-
142 6302 3324 6524 dant la nuit, cette ombre déſolée. Je
135 6512 3488 6750 l'ai vu s'appuyer ſur ma couche. J'ai
