4266 8235
2270 130 2724 239 n
2231 503 2632 688 (.
921 734 4265 954 ſenti ſon poids ſur ma poitrine. Pardonne,
544 937 4266 1148 ô ma ſœur! ma chère ſœur! pardonne
838 1132 4266 1351 à ton coupable frère; il eſt criminel en-
913 1327 4266 1578 vers toi; mais il eſt plus à plaindre que
917 1534 4267 1743 toi. Tu reſpires, dans les régions du
544 1733 4267 1953 bonheur. Il eſt livré, pour la vie, à
910 1935 2484 2141 l'enfer des remords.
969 2105 4268 2328 Ah! mon ami, ne m'abandonne pas
910 2326 4269 2525 dans cette cruelle circonſtance. Sauve
909 2524 4269 2731 un malheureux qui n'a d'eſpérance qu'en
909 2722 4269 2938 toi; ſauve - le de ſon déſeſpoir, tout
906 2923 4270 3136 coupable qu'il eſt. Songe que j'ai été
917 3123 4270 3334 trompé, que je n'ai point de tort à ton
909 3319 4271 3533 égard. Au nom de l'amitié qui nous
778 3519 4271 3729 unit depuis notre enfance; au nom de
894 3715 4272 3933 ma ſœur, de ma victime; par l'honneur
906 3928 4272 4131 que j'ai d'être de ſon ſang, ne m'aban-
909 4108 4272 4338 donne pas. Donne-moi des nouvelles de
913 4321 4273 4531 ma cruelle mère; elle eſt bien coupable;
905 4517 4273 4724 mais c'eſt pour moi. Tout le monde
894 4712 4274 4937 peut la condamner; mais je dois la plaindre
866 4917 1996 5080 & la ſecourir.
