4266 8504
164 860 3329 1078 .e
213 1247 3134 1501 Dumoulin, à Céſar de Perlencour.
2253 1691 3011 1857 Lyon.
189 2093 3349 2323 Il faut que l'amitié, cette vieille ha-
52 2299 3353 2511 bitude de l'enfance, ſoit bien puiſſante
189 2514 3361 2729 ſur nous, puiſque je puis me réſoudre,
193 2721 3374 2932 non pas à te pardonner; mais à t'écrire
189 2928 3369 3137 encore, après ton indignité envers ta
189 3130 3378 3341 ſœur. Mais je reſpecte en toi le ſang de
139 3337 3390 3551 cette perſonne adorable, quoique ta con-
7 3547 3221 3762 duite annonce qu'il eſt trop dégénéré.
375 3749 3382 3965 Nous avons eſſuyé une nouvelle ſcène
193 3956 3411 4159 encore bien douloureuſe. Le jeune amant
185 4154 3382 4374 de ta ſœur, qu'on retenoit, en effet,
181 4364 3394 4579 priſonnier, s'eſt échappé des mains qui
185 4571 3394 4783 le gardoient. Il eſt arrivé à Lyon, au
185 4774 3382 4981 moment, ô ciel! où il venoit de perdre
193 4980 3398 5193 ſon amante. Peins -toi ſon déſeſpoir. Il
210 5187 3403 5396 adreſſoit au ciel les plus tendres com-
205 5393 3398 5609 plaintes. Il s'eſt frappé la tête contre la
214 5600 3404 5809 grille; il eſt tombé tout enſanglanté. Il
210 5802 3407 6014 a heureuſement perdu l'uſage de ſes ſens;
210 6007 3408 6221 mais il les a repris au bout de quelque
226 6215 3415 6439 temps, pour ſentir de nouveaux tour-
206 6417 3427 6666 mens. Il demandoit, à grands cris, le
