4266 8403
2099 432 3049 658 .
844 702 4153 928 tendois pas déſormais avoir aucun com-
999 915 4140 1128 merce avec des gens de leur eſpèce. Il
656 1124 4186 1348 a long-temps eſſayé de me ramener par
961 1338 4128 1558 la perſuaſion; mais enfin, quand il a
986 1545 4123 1752 vu bien décidément qu'il n'y avoit rien
986 1756 4153 1970 à eſpérer de ma part, il a changé de
894 1965 4115 2199 ton: „Monſieur, m'a - t - il dit, vous
886 2174 4111 2379 “abuſez de mes bontés. Vous ignorer
954 2382 4108 2599 “le reſpect & l'obéiſſance que vous me
978 2592 4128 2809 “devez. C'eſt moi qui ſuis chargé de
974 2802 4099 3019 “votre conduite par l'auteur de vs
969 3015 4111 3230 “jours; vos revenus ſont dans mes
953 3224 4111 3438 “mains; vous n'aurez pas un denier,
969 3433 4090 3642 “ſi vous ne vivez ſous mon inſpection,
974 3647 4090 3860 “& ſi vous ne vous prêtez à ce que
693 3851 4090 4065 “croirai devoir exiger de vous.“ Ji
965 4057 4090 4270 été indigné de ſon inſolence. J'ai court
957 4266 4090 4483 à ma canne, pour fondre ſur lui & l
957 4466 4098 4699 traiter, avec cet inſtrument, commel
953 4676 4098 4901 le méritoit. Il a vu clairement mon deſ-
848 4889 4094 5115 ſein; alors, tirant une lettre de ſa poch
949 5102 4094 5316 & me la préſentant. „Monſieur, m'a-
949 5311 4094 5535 “t-il dit, ſi vous dédaignez mon au-
944 5521 4090 5742 “torité, reſpectez du moins celle que
940 5730 4094 5939 “je vous préſente.“ J'ai reconnu l'é
731 5926 4098 6156 criture de mon père. Je lui ai arraché
940 6148 4103 6328 la lettre des mains. Sa lecture m'a con-
944 6357 4107 6575 fondu. Je la mets ſous tes yeux; y com-
877 6566 3885 6780 prends-tu quelque choſe toi-même?
3923 6763 4107 6940 M.
