4266 8197
1093 577 1978 815 r.
266 966 2989 1179 M. de Perlencour père, à ſon fils.
2575 1339 2936 1466 Breſt.
40 1665 3238 1858 ous continuez de vous conduire
72 1891 3238 2097 “indignement, Monſieur. Vous avez
101 2095 3242 2300 “fait bien des ſottiſes; mais la plus
93 2300 3242 2509 “grande a été de vous rendre complice
101 2507 3242 2715 “d'une cruauté, qui peut nous être im-
1 2714 3242 2925 “putée. Il s'eſt fait bien du mal pour
97 2914 3242 3133 “vous, dans le deſſein de vous faire
97 3127 3242 3334 “du bien; mais vous n'êtes pas fait pour
85 3332 3238 3543 “en profiter. Je ſuis obligé de quitter,
1 3541 3238 3749 “pendant quelque temps, ma patrie,
1 3746 3238 3950 “avec votre mère, pour tâcher de faire
86 3955 3243 4132 “oublier, & d'oublier nous-mêmes, la
90 4156 3235 4361 “part que nous craignons d'avoir à une
1 4364 3246 4576 “malheureuſe action. Nous ſommes
1 4562 3254 4774 “déjà à Breſt pour nous embarquer. Je
1 4767 3254 4982 “ne veux pas que vous reſtiez ſans guide,
8 4969 3312 5188 “pendant notre abſence. J'y ai pourvu,
21 5192 3255 5381 “& je vous ordonne, en vertu de mon
36 5396 3263 5602 “autorité paternelle, d'être ſoumis en
15 5601 3267 5793 “tout & par-tout à M. le Chevalier de
19 5801 3262 6006 “Loutraille, & à M. le Chevalier Mar-
109 6002 3267 6203 “qué, auxquels je confie tout le pouvoir
20 6207 3276 6404 “que la nature m'a donné ſur vous. Je
113 6407 3283 6620 “leur ai fait paſſer les fonds que je
450 6625 1175 6773 Tome II.
