4266 8363
2258 580 2671 764 S
936 808 4060 1021 “veux bien ſacriſier à votre entretien,
944 1009 4052 1232 “pendant mon abſence. Obéiſſez à ces
936 1223 4060 1430 “deux ſages Mentor, comme à moi-
936 1429 4056 1615 “même. Conduiſez - vous comme vous
706 1631 4197 1832 “le devez; ſi non vous trouverez dans
940 1837 4068 2040 “moi un père, déjà très-juſtement ir-
956 2035 4185 2246 “rité contre vous, & déſormais inexo-
944 2248 1705 2400 “rable.“
892 2451 4072 2663 Mon ami, je ſuis reſté long-temps muet
827 2653 4076 2860 & ſtupéfait après cette malheureuſe lec-
961 2864 4164 3063 ture: „Vous voyez bien, Monſieur, m'a
961 3061 4165 3268 “dit l'indigne Marqué, que vous me de-
620 3264 4170 3439 “vez de l'obéiſſance. Conduiſez - vous
654 3472 4092 3684 “en honnête garçon; &, ſi vous trouvez
977 3676 4097 3888 “dans moi l'autorité d'un père, vous
723 3883 4100 4088 “y trouverez auſſi le tendre intérêt que
977 4083 4109 4296 “mérite votre jeuneſſe, & que mon
976 4294 3308 4492 “cœur m'inſpire pour vous.“
1191 4488 4104 4698 Je ſuffoquois d'indignation: „Impoſ-
985 4690 4100 4904 “teur! me ſuis-je écrié, c'eſt donc ainſi
989 4900 4104 5111 “que tu ſais m'enchaîner dans tes filets;
985 5106 4108 5304 “c'eſt donc là comme tu faiſois le gé-
985 5311 4104 5514 “néreux, en me donnant de l'argent,
981 5510 4100 5716 “que je croyois tenir de ta généroſité,
980 5716 4104 5918 “tandis qu'il m'appartenoit! mais ta
973 5916 4096 6092 “fourberie ſera découverte. Je ſaurai
972 6128 4096 6331 “détromper mon père, & je te traite-
989 6331 3421 6512 “rai, comme tu le mérites.“
