<PcGts xmlns="http://schema.primaresearch.org/PAGE/gts/pagecontent/2017-07-15" xmlns:xsi="http://www.w3.org/2001/XMLSchema-instance" xsi:schemaLocation="http://schema.primaresearch.org/PAGE/gts/pagecontent/2017-07-15 http://schema.primaresearch.org/PAGE/gts/pagecontent/2017-07-15/pagecontent.xsd"><Metadata><Creator>User123</Creator><Created>2020-10-14T11:42:26</Created><LastChange>2020-10-14T11:42:26</LastChange></Metadata><Page imageFilename="0106.png" imageHeight="8864" imageWidth="4266"><TextRegion id="r0" type="paragraph" orientation="0.25"><Coords points="1,1 4264,1 4264,8862 1,8862"/><TextLine id="r0_l001"><Coords points="1480,602 1880,601 1881,804 1481,805"/><TextEquiv index="1"><Unicode></Unicode></TextEquiv></TextLine><TextLine id="r0_l002"><Coords points="3324,1086 3323,1085 3323,1065 3323,1065 1640,1072 1639,1073 1639,1075 1639,1075 827,1079 826,1080 775,1080 774,1079 774,1027 774,1027 491,1028 490,1027 293,1028 292,1027 292,890 292,890 295,890 296,889 295,882 296,882 365,882 365,881 365,877 366,877 567,876 567,875 567,873 568,873 985,871 985,870 985,869 986,869 989,869 989,868 989,864 990,864 1058,864 1058,863 1058,860 1059,860 1062,860 1063,861 2079,856 2080,857 2367,856 2367,856 2367,859 2368,860 2371,860 2371,860 2371,872 2372,873 3314,869 3314,869 3314,872 3315,873 3318,873 3318,873 3319,916 3319,917 3425,916 3426,917 3426,920 3426,920 3429,920 3430,921 3430,1012 3431,1012 3827,1011 3827,1011 3827,1014 3827,1015 3431,1016 3430,1017 3430,1028 3430,1028 3427,1028 3426,1029 3426,1032 3426,1032 3423,1032 3422,1033 3422,1045 3422,1045 3418,1045 3417,1046 3417,1050 3417,1050 3414,1050 3413,1051 3413,1054 3413,1054 3406,1054 3405,1055 3405,1058 3405,1058 3337,1059 3336,1059 3336,1085 3336,1086"/><TextEquiv index="1"><Unicode>Il vit qu'il ne gagneroit rien avec moi,</Unicode></TextEquiv></TextLine><TextLine id="r0_l003"><Coords points="3177,1299 3176,1299 3176,1296 3176,1295 3154,1296 3153,1295 3134,1295 3133,1294 3133,1230 3133,1230 2799,1231 2798,1232 2798,1256 2798,1256 2794,1256 2793,1257 2793,1265 2793,1265 2790,1265 2789,1266 2789,1269 2789,1269 2786,1269 2785,1270 2785,1273 2785,1273 2781,1273 2780,1274 2780,1278 2780,1278 2777,1278 2776,1279 2776,1282 2776,1282 2773,1282 2772,1283 2772,1286 2772,1286 2760,1286 2759,1286 2759,1235 2759,1234 2411,1236 2410,1236 2410,1238 2410,1239 2402,1239 2401,1238 2401,1235 2401,1235 2312,1235 2311,1235 2311,1231 2311,1230 2101,1231 2100,1232 2100,1235 2100,1235 1877,1236 1876,1237 1876,1239 1876,1239 1869,1239 1868,1239 1868,1236 1868,1235 1864,1235 1863,1234 1593,1235 1592,1234 1197,1236 1196,1237 1196,1239 1196,1239 1020,1240 1019,1240 1019,1242 1019,1243 874,1243 873,1242 534,1244 533,1244 533,1247 533,1248 452,1248 451,1247 155,1249 154,1249 154,1251 154,1252 146,1252 145,1252 145,1255 145,1256 138,1256 137,1255 137,1252 137,1252 125,1252 124,1251 124,1248 124,1248 121,1248 120,1247 120,1243 120,1243 116,1243 115,1242 115,1239 115,1239 112,1239 111,1238 111,1230 111,1230 108,1230 107,1229 107,1213 106,1213 102,1213 102,1212 102,1192 102,1192 106,1192 107,1191 107,1183 107,1183 110,1183 111,1182 111,1179 111,1179 114,1179 115,1178 115,1166 115,1166 119,1166 120,1165 120,1153 120,1153 127,1153 128,1153 128,1156 128,1157 140,1157 141,1158 398,1157 399,1156 399,1153 399,1153 403,1153 404,1154 640,1152 641,1152 641,1150 641,1149 644,1149 645,1149 645,1145 645,1144 701,1144 702,1144 701,1094 702,1093 714,1093 714,1093 714,1089 715,1088 718,1088 718,1089 718,1093 719,1093 722,1093 722,1094 722,1097 723,1097 727,1097 727,1098 728,1149 728,1149 777,1149 778,1150 1057,1149 1058,1148 1058,1144 1058,1144 1165,1143 1166,1143 1166,1141 1166,1140 1307,1140 1308,1139 1308,1127 1308,1127 1311,1127 1312,1126 1312,1111 1313,1110 1316,1110 1316,1109 1316,1105 1317,1105 1321,1105 1321,1104 1321,1098 1322,1098 1325,1097 1325,1097 1325,1094 1326,1093 1334,1093 1334,1093 1334,1089 1335,1088 1338,1088 1338,1088 1338,1085 1339,1084 1368,1084 1368,1085 1368,1088 1369,1088 1372,1088 1372,1089 1372,1097 1373,1097 1377,1097 1377,1098 1378,1144 1378,1144 1588,1143 1589,1143 1588,1094 1589,1093 1592,1093 1592,1093 1592,1089 1593,1088 1618,1088 1618,1089 1619,1144 1619,1144 1854,1143 1855,1143 1855,1141 1855,1140 1858,1140 1859,1140 1859,1137 1859,1136 1862,1136 1863,1137 1863,1140 1863,1140 1867,1140 1868,1141 2228,1140 2229,1139 2229,1136 2229,1136 2233,1136 2234,1135 2234,1114 2234,1114 2237,1114 2238,1113 2238,1110 2239,1109 2238,1098 2239,1098 2246,1097 2246,1097 2246,1094 2247,1093 2251,1093 2251,1093 2251,1085 2252,1084 2255,1084 2255,1084 2255,1081 2256,1080 2259,1080 2259,1080 2259,1076 2260,1075 2294,1075 2294,1076 2294,1080 2295,1080 2298,1080 2298,1081 2298,1084 2299,1084 2341,1084 2342,1085 2492,1084 2492,1085 2492,1088 2493,1088 2505,1088 2505,1089 2505,1101 2506,1101 2509,1101 2509,1102 2509,1105 2510,1105 2513,1105 2513,1106 2514,1118 2514,1118 2517,1118 2518,1119 2518,1127 2518,1127 2521,1127 2522,1128 2522,1136 2522,1136 2573,1136 2574,1137 2574,1140 2574,1140 2667,1140 2668,1141 2883,1140 2884,1139 2884,1110 2884,1110 2914,1110 2915,1109 2914,1093 2915,1093 2918,1093 2918,1092 2918,1088 2919,1088 2922,1088 2922,1087 2922,1084 2923,1084 2924,1084 2925,1085 2996,1084 2996,1085 2996,1088 2997,1088 3000,1088 3000,1089 3001,1145 3001,1145 3318,1144 3319,1143 3318,1088 3319,1088 3323,1088 3323,1087 3323,1086 3324,1086 3336,1086 3336,1086 3336,1087 3337,1088 3340,1088 3340,1088 3340,1092 3341,1093 3344,1093 3344,1093 3345,1144 3345,1145 3391,1144 3392,1145 3392,1149 3392,1149 3416,1149 3417,1150 3417,1153 3417,1153 3421,1153 3422,1154 3422,1157 3422,1157 3425,1157 3426,1158 3426,1235 3426,1235 3423,1235 3422,1236 3422,1239 3422,1239 3414,1239 3413,1240 3413,1243 3413,1243 3397,1243 3396,1243 3396,1240 3396,1239 3384,1240 3383,1239 3383,1235 3383,1235 3182,1235 3181,1236 3181,1299 3181,1299"/><TextEquiv index="1"><Unicode>en continuant ſur le ton ſévère; il prit</Unicode></TextEquiv></TextLine><TextLine id="r0_l004"><Coords points="3091,1506 3090,1505 3090,1502 3090,1502 3087,1502 3086,1501 3086,1454 3086,1454 3018,1454 3017,1454 3017,1451 3017,1450 2781,1451 2780,1452 2780,1467 2780,1467 2777,1467 2776,1468 2776,1476 2776,1476 2773,1476 2772,1477 2772,1484 2772,1484 2760,1484 2759,1485 2759,1489 2759,1489 2747,1489 2746,1490 2746,1493 2746,1493 2743,1493 2742,1493 2742,1490 2742,1489 2738,1489 2737,1489 2737,1454 2737,1453 2648,1454 2647,1453 2647,1450 2646,1450 2393,1451 2393,1451 2393,1466 2393,1467 2390,1467 2389,1467 2389,1470 2389,1471 2385,1471 2384,1471 2384,1475 2384,1476 2377,1476 2376,1476 2376,1479 2376,1480 2351,1480 2350,1480 2350,1451 2349,1450 2237,1451 2236,1450 2005,1451 2005,1451 2005,1453 2005,1454 1688,1455 1687,1455 1687,1458 1687,1459 1679,1459 1678,1458 1339,1459 1338,1458 1132,1459 1131,1460 1131,1510 1131,1510 1124,1510 1123,1510 1123,1460 1123,1459 1093,1460 1092,1459 835,1460 834,1460 834,1462 834,1463 659,1463 658,1464 658,1467 658,1467 642,1467 641,1467 641,1464 641,1463 634,1464 633,1463 366,1464 365,1464 365,1466 365,1467 176,1468 175,1467 129,1467 128,1466 128,1463 128,1463 121,1463 120,1462 120,1459 120,1459 116,1459 115,1458 115,1446 114,1446 111,1446 111,1445 111,1415 111,1415 114,1415 115,1414 115,1407 115,1407 119,1407 120,1406 120,1403 120,1403 123,1403 124,1402 124,1394 124,1394 127,1394 128,1393 128,1390 128,1390 136,1390 137,1389 137,1385 137,1385 140,1385 141,1384 141,1381 141,1381 150,1381 151,1380 150,1325 151,1325 154,1325 154,1324 154,1321 155,1321 167,1321 167,1320 167,1316 168,1316 171,1316 171,1316 171,1320 172,1321 174,1321 175,1322 176,1322 176,1322 177,1377 177,1378 411,1376 412,1376 412,1373 412,1372 701,1371 702,1371 701,1317 702,1316 714,1316 714,1316 714,1313 715,1312 862,1312 863,1313 1075,1312 1075,1311 1075,1308 1076,1308 1088,1308 1088,1307 1088,1304 1089,1304 1091,1304 1092,1305 1097,1304 1097,1305 1098,1364 1098,1364 1304,1364 1305,1363 1304,1316 1305,1316 1308,1316 1308,1315 1308,1312 1309,1312 1316,1312 1316,1311 1316,1308 1317,1308 1329,1307 1329,1307 1329,1305 1330,1304 1428,1304 1429,1305 1652,1304 1652,1305 1652,1308 1653,1308 1657,1308 1657,1309 1658,1364 1658,1364 1703,1364 1704,1365 1970,1364 1971,1363 1971,1360 1971,1360 1978,1360 1979,1359 1979,1355 1979,1355 2031,1354 2032,1354 2031,1305 2032,1304 2035,1304 2035,1304 2035,1300 2036,1299 2048,1299 2048,1300 2048,1304 2049,1304 2053,1304 2053,1305 2053,1308 2054,1308 2057,1308 2057,1309 2058,1360 2058,1360 2207,1360 2208,1360 2208,1363 2208,1364 2237,1364 2238,1365 2254,1364 2255,1365 2255,1368 2255,1368 2258,1368 2259,1369 2259,1377 2259,1377 2263,1377 2264,1378 2264,1415 2264,1415 2530,1414 2531,1414 2531,1399 2531,1398 2534,1398 2535,1398 2535,1391 2535,1390 2538,1390 2539,1390 2539,1386 2539,1385 2543,1385 2544,1385 2544,1382 2544,1381 2547,1381 2548,1381 2548,1378 2548,1377 2551,1377 2552,1377 2552,1373 2552,1372 2555,1372 2556,1372 2556,1340 2557,1339 2556,1335 2557,1334 2561,1334 2561,1334 2561,1326 2562,1325 2565,1325 2565,1325 2565,1322 2566,1321 2569,1321 2569,1321 2569,1317 2570,1316 2599,1316 2599,1316 2599,1320 2600,1321 2608,1321 2608,1321 2608,1328 2609,1329 2612,1329 2612,1329 2613,1337 2613,1338 2617,1338 2618,1338 2618,1354 2618,1355 2680,1355 2681,1355 2681,1363 2681,1364 2685,1364 2686,1364 2686,1424 2686,1425 2887,1424 2888,1423 2888,1368 2888,1368 2891,1368 2892,1367 2892,1364 2892,1364 2900,1364 2901,1365 3153,1364 3155,1365 3155,1368 3155,1369 3382,1368 3383,1367 3383,1365 3383,1365 3386,1364 3387,1364 3387,1361 3387,1360 3395,1360 3396,1361 3396,1368 3396,1368 3425,1368 3426,1369 3426,1372 3426,1372 3429,1372 3430,1373 3430,1441 3430,1441 3434,1441 3435,1442 3435,1446 3434,1446 3430,1446 3430,1447 3430,1454 3430,1454 3427,1454 3426,1455 3426,1459 3426,1459 3393,1459 3392,1458 3126,1460 3125,1460 3125,1462 3125,1463 3121,1463 3120,1463 3120,1470 3120,1471 3117,1471 3116,1471 3116,1488 3116,1489 3113,1489 3112,1489 3112,1496 3112,1497 3109,1497 3108,1497 3108,1505 3108,1506"/><TextEquiv index="1"><Unicode>donc celui de l'inſinuation, &amp;, voyant</Unicode></TextEquiv></TextLine><TextLine id="r0_l005"><Coords points="3208,1734 3207,1734 3207,1731 3207,1730 3195,1730 3194,1730 3194,1726 3194,1725 3190,1725 3189,1725 3189,1722 3189,1721 3186,1721 3185,1721 3185,1705 3185,1704 3182,1704 3181,1704 3181,1696 3181,1695 3177,1695 3176,1695 3176,1678 3175,1677 3069,1678 3069,1677 3069,1674 3068,1674 3017,1674 3017,1674 3017,1670 3016,1669 2935,1669 2934,1668 2660,1670 2660,1670 2660,1673 2659,1674 2643,1674 2643,1673 2643,1669 2642,1669 2367,1670 2367,1670 2367,1673 2366,1674 2302,1674 2302,1674 2302,1670 2301,1669 2109,1670 2109,1671 2109,1674 2108,1674 1967,1675 1967,1675 1967,1729 1967,1730 1963,1730 1962,1730 1962,1733 1962,1734 1933,1734 1932,1733 1932,1730 1932,1730 1929,1730 1928,1729 1928,1725 1928,1725 1838,1725 1837,1725 1837,1718 1837,1717 1834,1717 1833,1717 1833,1675 1832,1674 1779,1675 1778,1674 1519,1675 1519,1675 1519,1677 1518,1678 1334,1678 1334,1678 1334,1675 1333,1674 1252,1675 1252,1675 1252,1733 1252,1734 1249,1734 1248,1733 1248,1675 1247,1675 1140,1675 1140,1676 1140,1678 1139,1678 1114,1678 1113,1677 821,1679 821,1679 821,1681 820,1682 636,1682 636,1683 636,1687 636,1688 634,1688 633,1687 422,1687 421,1686 185,1687 184,1688 184,1738 184,1738 168,1739 167,1739 167,1742 167,1743 151,1743 150,1742 150,1738 150,1738 146,1738 145,1737 145,1734 145,1734 142,1734 141,1733 141,1682 140,1682 132,1682 132,1681 132,1678 131,1678 124,1678 124,1677 124,1674 123,1674 120,1674 120,1673 120,1669 119,1669 115,1669 115,1668 115,1665 114,1665 111,1665 111,1664 111,1648 110,1648 107,1648 107,1647 107,1639 106,1639 102,1639 102,1638 102,1635 102,1635 106,1635 107,1634 107,1618 107,1618 110,1618 111,1617 111,1614 111,1614 114,1614 115,1613 115,1609 115,1609 119,1609 120,1608 120,1605 120,1605 123,1605 124,1604 124,1596 124,1596 127,1596 128,1595 128,1592 128,1592 278,1591 279,1591 279,1584 280,1583 279,1537 280,1536 287,1536 287,1536 287,1533 288,1532 309,1532 309,1532 309,1535 310,1536 313,1536 313,1536 314,1592 314,1593 549,1592 550,1593 799,1592 800,1591 800,1588 800,1588 820,1588 821,1588 821,1591 821,1592 829,1592 830,1593 1005,1592 1006,1591 1006,1570 1006,1570 1032,1570 1033,1569 1032,1532 1033,1532 1037,1532 1037,1531 1037,1527 1038,1527 1041,1527 1041,1526 1041,1523 1042,1523 1058,1523 1058,1523 1058,1526 1059,1527 1062,1527 1062,1527 1062,1535 1063,1536 1067,1536 1067,1536 1068,1583 1068,1584 1139,1583 1140,1584 1140,1588 1140,1588 1148,1588 1149,1589 1341,1588 1342,1588 1342,1571 1342,1570 1346,1570 1348,1569 1347,1563 1348,1562 1351,1562 1351,1562 1351,1550 1352,1549 1355,1549 1355,1549 1355,1546 1356,1545 1360,1545 1360,1545 1360,1541 1361,1540 1364,1540 1364,1540 1364,1537 1365,1536 1368,1536 1368,1536 1368,1533 1369,1532 1372,1532 1372,1532 1372,1528 1373,1527 1381,1527 1381,1527 1381,1524 1382,1523 1403,1523 1403,1524 1403,1527 1404,1527 1411,1527 1411,1528 1412,1583 1412,1583 1669,1582 1670,1581 1670,1579 1670,1579 1673,1579 1674,1578 1674,1569 1675,1568 1674,1566 1675,1566 1678,1566 1678,1565 1678,1553 1679,1553 1682,1553 1682,1552 1682,1545 1683,1545 1687,1545 1687,1544 1687,1536 1688,1536 1691,1536 1691,1535 1691,1532 1692,1532 1700,1532 1700,1531 1700,1527 1701,1527 1704,1527 1704,1526 1704,1523 1705,1523 1734,1523 1734,1523 1734,1526 1735,1527 1738,1527 1738,1527 1739,1582 1739,1583 1944,1582 1945,1581 1945,1579 1945,1579 2031,1578 2032,1578 2031,1528 2032,1527 2035,1527 2035,1527 2035,1524 2036,1523 2040,1523 2040,1523 2040,1520 2041,1519 2053,1519 2053,1520 2053,1523 2054,1523 2246,1522 2246,1522 2246,1520 2247,1519 2255,1519 2255,1519 2255,1516 2256,1515 2294,1515 2294,1516 2295,1575 2295,1575 2379,1575 2380,1575 2380,1578 2380,1579 2400,1579 2401,1580 2663,1579 2664,1580 2891,1579 2892,1580 3038,1579 3039,1580 3039,1583 3039,1583 3042,1583 3043,1584 3244,1583 3245,1584 3245,1588 3245,1588 3335,1588 3336,1588 3336,1591 3336,1592 3339,1592 3340,1592 3340,1595 3340,1596 3343,1596 3344,1596 3344,1614 3344,1615 3438,1614 3439,1615 3439,1622 3439,1622 3511,1622 3512,1622 3512,1625 3511,1626 3508,1626 3508,1626 3508,1630 3507,1631 3504,1631 3504,1631 3504,1634 3503,1635 3491,1635 3491,1636 3491,1639 3490,1639 3430,1639 3430,1640 3430,1704 3430,1704 3272,1705 3271,1706 3271,1708 3271,1708 3268,1708 3267,1709 3267,1717 3267,1717 3264,1717 3263,1718 3263,1721 3263,1721 3259,1721 3258,1722 3258,1725 3258,1725 3251,1725 3250,1726 3250,1730 3250,1730 3246,1730 3245,1731 3245,1734 3245,1734"/><TextEquiv index="1"><Unicode>qu'aucune de ſes ſoupleſſes ne me ga-</Unicode></TextEquiv></TextLine><TextLine id="r0_l006"><Coords points="3186,1954 3185,1954 3185,1950 3185,1949 3173,1949 3172,1949 3172,1946 3172,1945 3169,1945 3168,1945 3168,1893 3167,1892 3030,1893 3030,1893 3030,1890 3029,1889 2884,1890 2884,1890 2884,1892 2883,1893 2677,1894 2677,1894 2677,1910 2677,1911 2674,1911 2673,1911 2673,1914 2673,1915 2665,1915 2664,1915 2664,1918 2664,1919 2661,1919 2660,1918 2660,1893 2659,1893 2488,1893 2488,1893 2488,1890 2487,1889 2479,1889 2478,1888 2302,1889 2301,1888 2117,1889 2117,1890 2117,1893 2116,1893 2066,1893 2066,1893 2066,1890 2065,1889 2057,1889 2056,1888 1824,1889 1824,1890 1824,1893 1823,1893 1812,1893 1812,1894 1812,1898 1811,1898 1794,1898 1794,1898 1794,1894 1793,1893 1790,1893 1789,1892 1558,1893 1558,1894 1558,1898 1557,1898 1497,1899 1497,1899 1497,1901 1496,1902 1493,1902 1493,1901 1493,1898 1492,1898 1321,1899 1320,1898 1075,1899 1075,1899 1075,1905 1074,1906 1071,1906 1071,1906 1071,1918 1071,1919 1068,1919 1067,1919 1067,1931 1067,1932 1063,1932 1062,1932 1062,1944 1062,1945 1059,1945 1058,1945 1058,1948 1058,1949 1051,1949 1050,1949 1050,1953 1050,1954 1046,1954 1045,1953 1045,1949 1045,1949 1038,1949 1037,1948 1037,1898 1036,1898 808,1899 808,1899 808,1901 807,1902 701,1902 701,1902 701,1899 700,1898 550,1899 550,1899 550,1914 550,1915 547,1915 546,1915 546,1923 546,1924 542,1924 541,1924 541,1927 541,1928 538,1928 537,1928 537,1931 537,1932 534,1932 533,1932 533,1935 533,1936 521,1936 520,1937 520,1941 520,1941 504,1941 503,1941 503,1907 502,1906 451,1906 451,1906 451,1903 450,1902 442,1902 441,1901 180,1902 180,1903 180,1941 180,1941 177,1942 176,1942 176,1945 176,1946 172,1946 171,1946 171,1948 171,1949 168,1949 167,1949 167,1953 167,1954 164,1954 163,1954 163,1957 163,1958 155,1958 154,1958 154,1961 154,1962 138,1962 137,1961 137,1958 137,1958 121,1958 120,1957 120,1954 120,1954 116,1954 115,1953 115,1949 115,1949 112,1949 111,1948 111,1945 111,1945 108,1945 107,1944 107,1941 107,1941 103,1941 102,1940 102,1932 103,1932 107,1932 107,1931 107,1928 108,1928 111,1928 111,1927 111,1837 111,1837 114,1837 115,1836 115,1829 115,1829 119,1829 120,1828 120,1820 120,1820 123,1820 124,1819 124,1816 124,1816 127,1816 128,1815 128,1812 128,1812 157,1812 158,1813 374,1812 375,1811 374,1760 375,1760 378,1760 378,1759 378,1756 379,1756 382,1756 382,1755 382,1751 383,1751 399,1751 399,1751 400,1807 400,1808 446,1807 447,1808 447,1812 447,1812 467,1812 468,1813 468,1816 468,1816 614,1816 615,1815 615,1812 615,1812 619,1812 620,1811 619,1751 620,1751 633,1751 634,1752 696,1751 696,1752 696,1756 697,1756 701,1756 701,1757 701,1790 702,1790 847,1790 847,1789 847,1786 848,1786 856,1786 856,1785 856,1777 857,1777 860,1777 860,1776 860,1773 861,1773 864,1773 864,1772 864,1770 865,1770 869,1769 869,1769 869,1765 870,1764 873,1764 873,1764 873,1761 874,1760 877,1760 877,1760 877,1757 878,1756 895,1756 895,1756 895,1752 896,1751 929,1751 929,1751 929,1748 930,1747 933,1747 933,1747 933,1744 934,1743 942,1743 942,1743 942,1739 943,1738 963,1738 963,1739 963,1743 964,1743 976,1743 976,1744 977,1808 977,1808 1256,1807 1257,1806 1256,1751 1257,1751 1260,1751 1260,1750 1260,1747 1261,1747 1273,1747 1273,1746 1273,1743 1274,1743 1286,1743 1286,1743 1287,1807 1287,1808 1449,1807 1450,1806 1450,1799 1450,1799 1453,1799 1455,1797 1454,1781 1455,1781 1459,1781 1459,1780 1459,1769 1460,1769 1463,1769 1463,1768 1463,1760 1464,1760 1467,1760 1467,1759 1467,1756 1468,1756 1471,1756 1471,1755 1471,1751 1472,1751 1476,1751 1476,1750 1476,1747 1477,1747 1484,1747 1484,1746 1484,1743 1485,1743 1519,1743 1519,1743 1519,1746 1520,1747 1523,1747 1523,1747 1523,1750 1524,1751 1527,1751 1527,1751 1528,1802 1528,1803 1550,1803 1551,1804 1737,1803 1738,1804 1935,1803 1936,1802 1936,1799 1936,1799 1958,1799 1959,1798 1958,1747 1959,1747 1962,1747 1962,1746 1962,1743 1963,1743 1971,1743 1971,1743 1971,1746 1972,1747 2008,1747 2009,1748 2018,1747 2018,1748 2018,1751 2019,1751 2023,1751 2023,1752 2023,1756 2024,1756 2027,1756 2027,1757 2028,1803 2028,1803 2155,1803 2156,1802 2156,1799 2156,1799 2159,1799 2161,1797 2160,1794 2161,1794 2169,1794 2169,1794 2170,1797 2170,1798 2315,1797 2316,1797 2315,1795 2316,1794 2367,1794 2368,1795 2556,1794 2556,1794 2556,1744 2557,1743 2561,1743 2561,1743 2561,1739 2562,1738 2694,1738 2694,1738 2695,1799 2695,1800 2926,1799 2927,1798 2927,1797 2928,1796 2928,1795 2928,1795 2931,1794 2932,1795 2932,1799 2932,1799 3115,1799 3116,1798 3116,1797 3117,1796 3117,1794 3117,1794 3125,1794 3126,1794 3126,1798 3126,1799 3154,1799 3155,1800 3214,1799 3215,1800 3215,1803 3215,1803 3352,1803 3353,1803 3353,1829 3353,1830 3434,1829 3435,1830 3435,1855 3434,1855 3430,1855 3430,1856 3430,1859 3429,1859 3422,1859 3422,1860 3422,1876 3421,1876 3417,1876 3417,1877 3417,1880 3416,1880 3366,1881 3366,1881 3366,1888 3365,1889 3362,1889 3362,1889 3362,1892 3361,1893 3340,1893 3340,1893 3340,1897 3339,1898 3258,1898 3258,1899 3258,1924 3258,1924 3255,1924 3254,1925 3254,1932 3254,1932 3251,1932 3250,1933 3250,1936 3250,1936 3246,1936 3245,1937 3245,1945 3245,1945 3233,1945 3232,1946 3232,1949 3232,1949 3229,1949 3228,1950 3228,1954 3228,1954"/><TextEquiv index="1"><Unicode>gnoit, il eſſaya la force d'un meilleur argu-</Unicode></TextEquiv></TextLine><TextLine id="r0_l007"><Coords points="314,2187 313,2186 313,2118 312,2118 296,2118 296,2118 296,2121 295,2122 283,2122 283,2122 283,2118 282,2117 270,2117 269,2116 111,2117 111,2116 111,2113 110,2113 107,2113 107,2112 107,2109 107,2109 110,2109 111,2108 111,2104 111,2104 114,2104 115,2103 115,2035 115,2035 119,2035 120,2034 120,2031 120,2031 123,2031 124,2030 124,2029 124,2028 124,2027 125,2027 171,2027 172,2028 442,2026 442,2026 442,2024 443,2023 455,2023 455,2024 456,2031 456,2031 476,2031 477,2032 477,2035 477,2035 480,2035 481,2036 481,2087 481,2087 635,2087 636,2086 636,2084 636,2084 640,2083 641,2083 640,2001 640,2000 538,2001 537,2000 537,1992 538,1992 679,1991 679,1991 679,1989 680,1988 701,1988 701,1989 701,1992 702,1992 714,1992 714,1993 714,2001 715,2001 718,2001 718,2002 718,2023 719,2023 783,2023 784,2024 882,2023 882,2024 882,2027 883,2027 1011,2027 1011,2026 1011,2014 1012,2014 1019,2014 1019,2014 1019,2026 1020,2027 1045,2027 1045,2026 1045,2023 1046,2023 1067,2023 1067,2023 1067,2026 1068,2027 1080,2027 1081,2028 1213,2027 1213,2026 1213,1971 1214,1971 1217,1971 1217,1970 1217,1967 1218,1967 1235,1967 1235,1966 1235,1962 1236,1962 1291,1962 1291,1962 1291,1966 1292,1967 1295,1967 1295,1967 1295,1970 1296,1971 1299,1971 1299,1971 1299,2018 1300,2019 1347,2018 1347,2019 1348,2027 1348,2027 1492,2027 1493,2027 1493,2030 1493,2031 1496,2031 1497,2031 1497,2043 1497,2044 1501,2044 1502,2045 1647,2044 1648,2044 1648,2041 1648,2040 1699,2040 1700,2039 1700,2035 1700,2035 1768,2035 1769,2034 1769,2027 1769,2027 1820,2026 1821,2026 1820,2024 1821,2023 1833,2023 1833,2023 1833,2002 1834,2001 1837,2001 1837,2001 1837,1993 1838,1992 1842,1992 1842,1992 1842,1985 1843,1984 1846,1984 1846,1984 1846,1976 1847,1975 1850,1975 1850,1975 1850,1972 1851,1971 1855,1971 1855,1971 1855,1968 1856,1967 1859,1967 1859,1967 1859,1963 1860,1962 1863,1962 1863,1962 1863,1959 1864,1958 1893,1958 1893,1959 1893,1962 1894,1962 1898,1962 1898,1962 1898,2013 1899,2014 2053,2013 2053,2013 2053,1963 2054,1962 2057,1962 2057,1962 2057,1959 2058,1958 2074,1958 2074,1959 2074,1962 2075,1962 2079,1962 2079,1963 2079,2018 2080,2018 2160,2018 2161,2019 2423,2018 2423,2017 2423,2014 2424,2014 2449,2014 2449,2014 2449,2018 2450,2019 2810,2017 2810,2017 2810,1968 2811,1967 2815,1967 2815,1966 2815,1962 2816,1962 2823,1962 2823,1961 2823,1958 2824,1958 2832,1958 2832,1957 2832,1954 2833,1954 2836,1954 2836,1954 2836,1957 2837,1958 2841,1958 2841,1958 2841,2017 2842,2018 2875,2018 2876,2019 3086,2018 3087,2019 3202,2018 3202,2019 3203,2023 3203,2023 3374,2023 3375,2022 3374,2005 3375,2005 3383,2005 3384,2006 3405,2005 3405,2006 3406,2027 3406,2027 3408,2027 3409,2028 3409,2031 3409,2031 3412,2031 3413,2032 3413,2040 3413,2040 3416,2040 3417,2041 3417,2044 3417,2044 3421,2044 3422,2045 3422,2048 3422,2048 3425,2048 3426,2049 3426,2057 3425,2057 3422,2057 3422,2058 3422,2100 3421,2100 3417,2100 3417,2101 3417,2104 3416,2104 3409,2104 3409,2105 3409,2109 3408,2109 3405,2109 3405,2110 3405,2113 3404,2113 3392,2113 3392,2114 3392,2117 3391,2117 3384,2118 3383,2117 3374,2117 3374,2116 3374,2113 3373,2113 3271,2113 3271,2113 3271,2110 3270,2109 3155,2110 3154,2109 2961,2109 2961,2110 2961,2113 2960,2113 2957,2113 2957,2113 2957,2110 2956,2109 2944,2109 2943,2108 2875,2109 2875,2108 2875,2104 2874,2104 2703,2104 2703,2105 2703,2109 2702,2109 2630,2110 2630,2110 2630,2155 2630,2156 2626,2156 2625,2156 2625,2159 2625,2160 2622,2160 2621,2159 2621,2156 2621,2156 2618,2156 2617,2155 2617,2109 2616,2109 2414,2110 2414,2110 2414,2116 2413,2117 2410,2117 2410,2116 2410,2113 2409,2113 2406,2113 2406,2112 2406,2109 2405,2109 2401,2109 2401,2108 2401,2104 2400,2104 2225,2105 2225,2105 2225,2108 2224,2109 2156,2109 2156,2109 2156,2112 2155,2113 2130,2113 2130,2112 2130,2109 2129,2109 1928,2110 1928,2110 1928,2112 1927,2113 1863,2113 1863,2113 1863,2110 1862,2109 1816,2109 1816,2109 1816,2105 1815,2104 1812,2104 1812,2104 1812,2096 1811,2095 1661,2096 1661,2097 1661,2100 1660,2100 1502,2101 1502,2101 1502,2108 1501,2109 1497,2109 1497,2109 1497,2112 1496,2113 1364,2113 1364,2114 1364,2117 1363,2117 1338,2117 1337,2116 1226,2117 1226,2116 1226,2113 1225,2113 1062,2114 1062,2114 1062,2116 1061,2117 770,2118 770,2118 770,2121 769,2122 567,2123 567,2123 567,2125 566,2126 563,2126 563,2126 563,2138 562,2139 559,2139 559,2139 559,2142 559,2143 555,2143 554,2143 554,2146 554,2147 547,2147 546,2147 546,2151 546,2152 525,2152 524,2151 524,2122 523,2122 451,2122 451,2122 451,2118 450,2117 318,2118 318,2118 318,2186 318,2187"/><TextEquiv index="1"><Unicode>ment, &amp; me dit: „ſeriez-vous homme</Unicode></TextEquiv></TextLine><TextLine id="r0_l008"><Coords points="2118,2396 2117,2395 715,2401 714,2401 714,2342 713,2341 649,2341 648,2340 438,2341 438,2341 438,2340 437,2339 94,2341 94,2340 94,2337 94,2337 97,2337 98,2336 98,2333 98,2333 110,2333 111,2332 111,2268 111,2268 114,2268 115,2267 115,2264 115,2264 123,2264 124,2263 124,2259 124,2259 144,2259 145,2257 145,2255 146,2255 309,2254 309,2253 309,2190 310,2190 313,2190 313,2189 313,2187 314,2187 1988,2180 1988,2179 1988,2178 1989,2178 2806,2174 2807,2173 2823,2173 2823,2173 2823,2177 2824,2178 2828,2178 2829,2179 3077,2178 3077,2178 3077,2181 3078,2182 3082,2182 3082,2182 3082,2186 3083,2187 3224,2186 3224,2187 3224,2190 3225,2190 3232,2190 3232,2191 3232,2195 3233,2195 3237,2195 3237,2196 3237,2199 3238,2199 3241,2199 3241,2200 3241,2203 3242,2203 3245,2203 3245,2204 3245,2212 3246,2212 3250,2212 3250,2213 3250,2221 3251,2221 3254,2221 3254,2222 3254,2251 3255,2251 3383,2251 3383,2251 3384,2255 3384,2256 3399,2255 3400,2256 3400,2259 3400,2259 3404,2259 3405,2260 3405,2264 3405,2264 3408,2264 3409,2265 3409,2277 3409,2277 3412,2277 3413,2278 3413,2285 3412,2285 3409,2285 3409,2286 3409,2302 3408,2302 3405,2302 3405,2303 3405,2307 3404,2307 3400,2307 3400,2308 3400,2311 3399,2311 3396,2311 3396,2312 3396,2315 3395,2315 3237,2316 3237,2317 3237,2333 3236,2333 2711,2335 2711,2336 2711,2384 2711,2384 2704,2384 2703,2385 2703,2389 2703,2389 2174,2392 2173,2393 2123,2393 2122,2394 2122,2396 2122,2396"/><TextEquiv index="1"><Unicode>“à accepter, de moi, vingt-cinq louis?“</Unicode></TextEquiv></TextLine><TextLine id="r0_l009"><Coords points="3117,2614 3116,2613 1757,2619 1756,2618 1756,2605 1756,2605 896,2608 895,2608 895,2561 894,2560 679,2561 678,2560 563,2561 563,2560 563,2556 562,2556 537,2556 537,2555 537,2552 536,2552 529,2552 529,2551 529,2548 528,2548 524,2548 524,2547 524,2543 523,2543 405,2544 404,2543 361,2543 361,2542 361,2539 360,2539 352,2539 352,2538 352,2531 351,2531 348,2531 348,2530 348,2522 347,2522 197,2522 196,2521 115,2522 115,2521 115,2518 114,2518 107,2518 107,2517 107,2496 107,2496 110,2496 111,2495 111,2492 111,2492 114,2492 115,2491 115,2488 115,2488 365,2487 365,2486 365,2483 366,2483 369,2483 369,2482 369,2479 370,2479 498,2478 498,2478 498,2476 499,2475 503,2475 503,2475 503,2467 504,2466 507,2466 507,2466 507,2445 508,2444 511,2444 511,2444 511,2433 512,2432 516,2432 516,2432 516,2428 517,2427 520,2427 520,2427 520,2424 521,2423 529,2423 529,2422 529,2419 530,2419 541,2419 541,2418 541,2414 542,2414 546,2414 546,2413 546,2410 547,2410 770,2409 770,2408 770,2406 771,2406 1088,2405 1088,2404 1088,2401 1089,2401 2122,2396 2123,2397 2126,2397 2126,2398 2126,2400 2127,2400 2925,2397 2926,2398 2944,2397 2944,2398 2944,2401 2945,2401 3004,2401 3004,2402 3004,2406 3005,2406 3008,2406 3008,2407 3008,2415 3009,2415 3224,2414 3224,2415 3224,2441 3225,2441 3452,2440 3452,2441 3452,2449 3452,2449 3449,2449 3448,2450 3448,2453 3448,2453 3298,2454 3297,2454 3297,2456 3298,2457 3301,2457 3301,2457 3301,2461 3302,2462 3306,2462 3306,2462 3306,2465 3307,2466 3314,2466 3314,2466 3314,2469 3315,2470 3318,2470 3318,2470 3319,2482 3319,2483 3323,2483 3324,2483 3324,2518 3324,2519 3421,2518 3422,2519 3422,2522 3422,2522 3429,2522 3430,2523 3430,2531 3430,2531 3434,2531 3435,2532 3435,2535 3435,2535 3438,2535 3439,2536 3439,2552 3438,2552 3435,2552 3435,2553 3435,2569 3434,2569 3430,2569 3430,2570 3430,2574 3429,2574 3422,2574 3422,2575 3422,2578 3421,2578 3413,2578 3413,2579 3413,2582 3412,2582 3409,2582 3409,2583 3409,2587 3408,2587 3202,2588 3202,2589 3202,2595 3202,2595 3199,2595 3198,2596 3198,2604 3198,2604 3190,2604 3189,2605 3189,2608 3189,2608 3126,2609 3125,2609 3125,2613 3125,2614"/><TextEquiv index="1"><Unicode>-- „Oui, ſans doute, lui répondis-je,</Unicode></TextEquiv></TextLine><TextLine id="r0_l010"><Coords points="637,2842 636,2841 636,2837 636,2837 635,2837 634,2836 629,2836 628,2835 628,2822 627,2822 296,2823 296,2822 296,2759 295,2759 176,2760 175,2759 158,2759 158,2758 158,2754 157,2754 111,2754 111,2753 111,2742 112,2741 111,2698 112,2698 115,2698 115,2697 115,2694 116,2694 120,2694 120,2693 120,2690 121,2690 132,2690 132,2689 132,2686 133,2686 137,2686 137,2685 137,2681 138,2681 305,2680 305,2679 305,2647 306,2647 309,2647 309,2646 309,2643 310,2643 313,2643 313,2642 313,2638 314,2638 1045,2635 1045,2634 1045,2625 1046,2625 1062,2625 1062,2624 1062,2621 1063,2621 1661,2618 1662,2617 1670,2617 1670,2617 1670,2618 1671,2619 1760,2619 1761,2620 3125,2614 3125,2614 3125,2616 3126,2617 3133,2617 3133,2617 3133,2620 3134,2621 3138,2621 3138,2621 3138,2624 3139,2625 3142,2625 3142,2625 3142,2629 3143,2630 3146,2630 3147,2631 3323,2630 3323,2630 3323,2633 3324,2634 3327,2634 3327,2634 3327,2637 3328,2638 3331,2638 3331,2638 3331,2668 3332,2669 3482,2668 3482,2669 3482,2673 3482,2673 3397,2673 3396,2674 3396,2677 3397,2677 3413,2677 3413,2678 3413,2681 3414,2681 3422,2681 3422,2682 3422,2686 3423,2686 3426,2686 3426,2687 3426,2690 3427,2690 3430,2690 3430,2691 3430,2698 3431,2698 3435,2698 3435,2699 3436,2742 3436,2742 3438,2742 3439,2743 3439,2750 3438,2750 3430,2750 3430,2751 3430,2754 3429,2754 3426,2754 3426,2755 3426,2759 3425,2759 3422,2759 3422,2760 3422,2763 3421,2763 3417,2763 3417,2764 3417,2767 3416,2767 3396,2767 3396,2768 3396,2772 3395,2772 3327,2773 3327,2773 3327,2792 3326,2793 3323,2793 3323,2793 3323,2797 3322,2798 3318,2798 3318,2798 3318,2801 3317,2802 3314,2802 3314,2802 3314,2809 3313,2810 3310,2810 3310,2810 3310,2814 3309,2815 3306,2815 3306,2815 3306,2818 3305,2819 2711,2821 2711,2822 2711,2823 2710,2823 2251,2825 2251,2826 2251,2828 2251,2828 2239,2829 2238,2828 2213,2828 2212,2827 2212,2823 2211,2823 2208,2823 2208,2822 2208,2802 2207,2802 675,2808 675,2809 675,2841 675,2841"/><TextEquiv index="1"><Unicode>“je reprends mon bien, par - tout où je</Unicode></TextEquiv></TextLine><TextLine id="r0_l011"><Coords points="115,2845 3435,2831 3435,3045 115,3059"/><TextEquiv index="1"><Unicode>“le trouve.“ -- „En ce cas, reprit-il,</Unicode></TextEquiv></TextLine><TextLine id="r0_l012"><Coords points="16,3062 3439,3047 3440,3231 16,3246"/><TextEquiv index="1"><Unicode>“vous aurez la bonté de m'en donner</Unicode></TextEquiv></TextLine><TextLine id="r0_l013"><Coords points="2759,3485 2759,3485 2759,3418 2758,3417 2587,3418 2587,3419 2587,3422 2586,3422 2492,3422 2492,3423 2492,3426 2491,3426 2479,3426 2479,3427 2479,3430 2478,3430 2470,3431 2470,3431 2470,3435 2469,3436 2468,3435 2453,3435 2453,3434 2453,3430 2452,3430 2449,3430 2449,3429 2449,3426 2448,3426 2444,3426 2444,3425 2444,3422 2443,3422 2281,3422 2280,3421 1984,3423 1984,3423 1984,3425 1983,3426 1790,3426 1789,3425 1489,3427 1489,3427 1489,3434 1488,3435 1484,3435 1484,3435 1484,3442 1483,3443 1480,3443 1480,3443 1480,3455 1479,3456 1476,3456 1476,3456 1476,3468 1475,3469 1471,3469 1471,3469 1471,3477 1470,3478 1463,3478 1463,3478 1463,3481 1462,3482 1454,3482 1454,3481 1454,3478 1453,3478 1450,3478 1450,3477 1450,3473 1449,3473 1446,3473 1446,3473 1446,3489 1445,3490 1433,3490 1433,3490 1433,3440 1432,3439 1323,3440 1322,3439 1316,3439 1316,3438 1316,3435 1315,3435 1308,3435 1308,3434 1308,3430 1307,3430 1304,3430 1304,3429 1304,3417 1303,3417 1045,3418 1045,3418 1045,3425 1044,3426 1041,3426 1041,3426 1041,3429 1040,3430 834,3431 834,3431 834,3434 833,3435 635,3436 634,3435 391,3436 391,3436 391,3477 390,3478 386,3478 386,3478 386,3481 385,3482 339,3482 339,3481 339,3456 338,3456 313,3456 313,3455 313,3452 312,3452 309,3452 309,3451 309,3413 308,3413 305,3413 305,3412 305,3408 304,3408 98,3409 98,3408 97,3403 98,3402 98,3353 99,3353 102,3353 102,3352 102,3349 103,3349 107,3349 107,3348 107,3344 108,3344 141,3344 141,3343 141,3340 142,3340 322,3339 322,3338 322,3336 323,3336 369,3336 370,3337 486,3336 486,3336 486,3294 487,3293 490,3293 490,3293 490,3289 490,3288 493,3288 494,3288 494,3285 494,3284 515,3284 516,3285 516,3336 517,3336 567,3336 567,3336 567,3339 568,3340 628,3340 628,3340 628,3344 629,3345 877,3343 877,3343 877,3315 878,3314 886,3314 886,3315 886,3340 887,3340 985,3340 985,3340 985,3343 986,3344 989,3344 989,3344 989,3348 990,3349 994,3349 994,3349 994,3352 995,3353 998,3353 999,3354 1316,3353 1316,3352 1316,3280 1316,3280 1321,3280 1322,3281 1380,3280 1381,3281 1381,3284 1381,3284 1423,3284 1424,3285 1424,3288 1425,3288 1428,3288 1428,3289 1428,3293 1429,3293 1433,3293 1433,3294 1433,3340 1434,3340 1631,3339 1631,3339 1631,3337 1632,3336 1799,3335 1799,3335 1799,3332 1800,3331 1898,3331 1898,3331 1898,3311 1899,3310 1902,3310 1902,3309 1902,3306 1903,3306 1906,3306 1906,3305 1906,3288 1907,3288 1911,3288 1911,3287 1911,3280 1911,3280 1914,3280 1915,3279 1915,3275 1915,3275 1918,3275 1919,3274 1919,3271 1919,3271 1931,3271 1932,3270 1932,3267 1932,3267 1953,3267 1954,3267 1954,3270 1954,3271 1957,3271 1958,3271 1958,3330 1959,3331 2147,3330 2147,3329 2147,3327 2148,3327 2152,3327 2152,3326 2152,3323 2153,3323 2208,3323 2208,3322 2208,3275 2208,3275 2211,3275 2212,3274 2212,3271 2212,3271 2215,3271 2216,3270 2216,3267 2216,3267 2228,3267 2229,3267 2229,3270 2229,3271 2233,3271 2234,3271 2234,3327 2235,3328 2462,3327 2462,3326 2462,3275 2462,3275 2465,3275 2466,3274 2466,3271 2466,3271 2467,3271 2468,3272 2525,3271 2526,3272 2723,3271 2724,3271 2724,3268 2724,3267 2728,3267 2729,3267 2729,3263 2729,3262 2732,3262 2733,3263 2733,3267 2733,3267 2891,3267 2892,3268 3059,3267 3060,3267 3060,3270 3060,3271 3063,3271 3064,3271 3064,3274 3064,3275 3068,3275 3069,3275 3069,3330 3070,3331 3142,3331 3143,3332 3387,3331 3387,3330 3387,3276 3387,3276 3391,3275 3392,3275 3392,3272 3392,3271 3408,3271 3409,3272 3409,3275 3409,3275 3425,3275 3426,3276 3427,3405 3427,3405 3429,3405 3430,3406 3430,3409 3430,3409 3434,3409 3435,3410 3435,3413 3435,3413 3438,3413 3439,3414 3439,3417 3438,3417 3435,3417 3435,3418 3435,3422 3434,3422 3422,3422 3421,3421 3172,3422 3172,3423 3172,3456 3171,3456 3168,3456 3168,3457 3168,3465 3167,3465 3163,3465 3163,3466 3163,3469 3162,3469 3159,3470 3159,3470 3159,3473 3158,3474 3151,3474 3151,3474 3151,3477 3150,3478 3138,3478 3138,3478 3138,3481 3137,3482 3112,3482 3112,3481 3112,3478 3111,3478 3099,3478 3099,3477 3099,3473 3098,3473 3095,3473 3095,3472 3095,3469 3094,3469 3090,3469 3090,3468 3090,3461 3089,3461 3086,3461 3086,3460 3086,3417 3085,3417 2836,3418 2836,3418 2836,3421 2835,3422 2789,3422 2789,3422 2789,3418 2788,3417 2763,3417 2763,3418 2763,3485 2762,3485"/><TextEquiv index="1"><Unicode>“quittance.“ J'y conſentis. Je lui ſignai</Unicode></TextEquiv></TextLine><TextLine id="r0_l014"><Coords points="3327,3708 3327,3707 3327,3647 3326,3647 3288,3647 3288,3647 3288,3649 3287,3650 3275,3650 3275,3651 3275,3654 3274,3654 3271,3654 3271,3654 3271,3651 3270,3650 3263,3650 3263,3650 3263,3647 3262,3646 3254,3646 3254,3646 3254,3642 3253,3641 3159,3642 3158,3641 2871,3642 2871,3642 2871,3671 2870,3672 2866,3672 2866,3672 2866,3675 2865,3676 2862,3676 2862,3676 2862,3683 2861,3684 2858,3684 2858,3684 2858,3688 2857,3689 2841,3689 2841,3689 2841,3692 2840,3693 2836,3693 2836,3693 2836,3696 2835,3697 2806,3697 2806,3697 2806,3694 2805,3693 2802,3693 2802,3693 2802,3690 2801,3689 2793,3689 2793,3689 2793,3685 2792,3684 2789,3684 2789,3684 2789,3681 2788,3680 2785,3680 2785,3680 2785,3677 2784,3676 2780,3676 2780,3676 2780,3638 2779,3637 2711,3637 2710,3636 2350,3638 2350,3639 2350,3641 2349,3641 2264,3641 2264,3642 2264,3697 2263,3697 2259,3697 2259,3698 2259,3702 2258,3702 2239,3703 2238,3702 2225,3702 2225,3701 2225,3697 2224,3697 2221,3697 2221,3696 2221,3693 2220,3693 2216,3693 2216,3692 2216,3641 2215,3641 2011,3642 2010,3641 1786,3642 1786,3642 1786,3646 1785,3647 1781,3647 1780,3646 1566,3646 1565,3645 1407,3646 1406,3645 1084,3647 1084,3647 1084,3658 1083,3659 1080,3659 1080,3659 1080,3666 1079,3667 1075,3667 1075,3667 1075,3671 1074,3672 1071,3672 1071,3672 1071,3675 1070,3676 1067,3676 1067,3676 1067,3679 1066,3680 1054,3680 1054,3680 1054,3683 1053,3684 1041,3684 1041,3683 1041,3680 1040,3680 1037,3680 1037,3679 1037,3654 1036,3654 950,3654 949,3653 718,3654 718,3654 718,3651 717,3650 636,3651 635,3650 378,3651 378,3651 378,3696 377,3697 335,3697 335,3697 335,3701 334,3702 331,3702 331,3701 331,3697 330,3697 326,3697 326,3696 326,3641 325,3641 201,3641 201,3641 201,3638 200,3637 193,3637 192,3636 98,3637 98,3636 98,3633 97,3633 94,3633 93,3632 94,3631 94,3628 95,3628 98,3628 98,3627 98,3620 99,3620 102,3620 102,3619 102,3495 102,3495 106,3495 107,3494 107,3491 107,3491 119,3491 120,3490 120,3486 120,3486 123,3486 124,3486 124,3490 124,3491 127,3491 128,3491 128,3551 129,3552 365,3551 365,3550 365,3534 366,3534 374,3534 374,3534 374,3551 375,3552 481,3551 481,3551 481,3505 481,3504 485,3504 486,3504 486,3500 486,3499 506,3499 507,3500 507,3551 508,3551 619,3551 619,3550 619,3547 620,3547 623,3547 623,3547 623,3554 624,3555 628,3555 628,3555 628,3563 629,3564 635,3564 636,3565 950,3563 950,3563 950,3561 951,3560 972,3560 972,3561 972,3564 973,3564 981,3564 981,3565 981,3572 982,3572 989,3572 989,3572 989,3576 990,3577 994,3577 994,3577 994,3594 995,3595 1187,3594 1187,3594 1187,3586 1188,3585 1192,3585 1192,3585 1192,3578 1193,3577 1196,3577 1196,3577 1196,3573 1197,3572 1205,3572 1205,3572 1205,3526 1206,3525 1209,3525 1209,3525 1209,3522 1210,3521 1213,3521 1213,3521 1213,3518 1214,3517 1222,3517 1222,3516 1222,3512 1222,3512 1402,3511 1403,3511 1403,3500 1403,3499 1432,3499 1433,3499 1433,3491 1433,3490 1445,3490 1446,3491 1483,3491 1484,3491 1484,3494 1484,3495 1488,3495 1489,3495 1489,3555 1490,3556 1773,3555 1773,3554 1773,3551 1774,3551 1777,3551 1778,3552 2005,3551 2006,3552 2234,3551 2234,3550 2234,3547 2235,3547 2333,3546 2333,3546 2333,3543 2334,3542 2341,3542 2341,3543 2341,3551 2342,3551 2531,3550 2531,3550 2531,3492 2531,3491 2538,3491 2539,3491 2539,3487 2539,3486 2551,3486 2552,3487 2552,3491 2552,3491 2555,3491 2556,3492 2556,3495 2556,3495 2598,3495 2599,3495 2599,3498 2599,3499 2603,3499 2604,3499 2604,3507 2604,3508 2607,3508 2608,3508 2608,3542 2609,3543 2733,3542 2733,3543 2733,3547 2734,3547 2759,3547 2759,3547 2759,3486 2759,3485 2762,3485 2763,3486 2766,3486 2767,3487 2767,3547 2768,3547 3095,3546 3095,3545 3095,3542 3096,3542 3271,3541 3271,3541 3271,3496 3271,3495 3274,3495 3275,3495 3275,3492 3275,3491 3330,3491 3331,3491 3331,3494 3331,3495 3335,3495 3336,3495 3336,3550 3337,3551 3385,3551 3386,3552 3409,3551 3409,3552 3409,3555 3410,3555 3413,3555 3413,3556 3413,3560 3414,3560 3417,3560 3417,3561 3417,3564 3418,3564 3426,3564 3426,3565 3426,3568 3427,3568 3430,3568 3430,3569 3430,3572 3431,3572 3435,3572 3435,3573 3436,3628 3435,3628 3431,3628 3430,3630 3430,3633 3429,3633 3422,3633 3422,3634 3422,3637 3421,3637 3405,3637 3405,3638 3405,3641 3404,3641 3400,3641 3400,3642 3400,3646 3399,3646 3344,3647 3344,3647 3344,3707 3343,3708"/><TextEquiv index="1"><Unicode>la quittance, &amp; il me compta l'argent. Je</Unicode></TextEquiv></TextLine><TextLine id="r0_l015"><Coords points="1652,3932 1652,3932 1652,3931 1651,3930 567,3935 567,3934 567,3921 566,3921 468,3921 468,3921 468,3918 467,3917 464,3917 464,3917 464,3865 463,3864 391,3865 391,3864 390,3861 390,3861 387,3861 386,3860 386,3857 386,3857 189,3857 188,3857 188,3853 188,3852 178,3853 177,3852 116,3852 115,3851 115,3848 115,3848 108,3848 107,3847 107,3844 107,3844 103,3844 102,3843 102,3839 103,3839 107,3839 107,3838 107,3710 107,3710 114,3710 115,3709 115,3706 115,3706 123,3706 124,3706 124,3718 124,3719 127,3719 128,3719 128,3721 128,3722 2095,3713 2096,3713 2096,3711 2096,3710 2099,3710 2100,3710 2100,3707 2100,3706 2775,3703 2776,3702 2779,3702 2780,3703 2780,3706 2780,3706 2797,3706 2798,3707 2798,3710 2798,3710 3343,3708 3344,3708 3344,3709 3344,3710 3348,3710 3349,3710 3349,3766 3350,3767 3426,3766 3426,3767 3426,3771 3427,3771 3430,3771 3430,3772 3430,3827 3431,3827 3439,3827 3439,3828 3439,3831 3439,3831 3436,3831 3435,3832 3435,3839 3435,3839 3431,3839 3430,3840 3430,3844 3430,3844 3427,3844 3426,3845 3426,3848 3426,3848 3423,3848 3422,3849 3422,3852 3422,3852 3418,3852 3417,3853 3418,3857 3417,3857 3406,3857 3405,3859 3405,3861 3404,3861 2961,3863 2961,3864 2961,3874 2960,3874 2957,3874 2957,3875 2957,3878 2956,3878 2953,3878 2953,3879 2953,3891 2952,3891 2948,3891 2948,3892 2948,3895 2947,3895 2935,3895 2935,3896 2935,3904 2934,3904 2931,3905 2931,3905 2931,3908 2930,3909 2522,3910 2522,3911 2522,3913 2521,3913 2518,3913 2518,3914 2518,3917 2517,3917 2384,3918 2384,3918 2384,3920 2383,3921 1661,3924 1661,3925 1661,3932 1660,3932"/><TextEquiv index="1"><Unicode>le reçus, non pas d'un air appaiſé; mais</Unicode></TextEquiv></TextLine><TextLine id="r0_l016"><Coords points="1820,4141 1820,4141 1820,4137 1819,4136 1807,4136 1807,4136 1807,4129 1806,4128 1803,4128 1803,4128 1803,4125 1802,4124 1799,4124 1799,4124 1798,4085 1798,4084 1554,4086 1553,4086 1554,4089 1553,4090 1552,4089 1343,4089 1342,4089 1342,4086 1342,4085 1324,4086 1323,4085 1316,4085 1315,4085 1316,4110 1315,4111 1312,4111 1312,4111 1312,4114 1311,4115 1308,4115 1308,4114 1308,4111 1307,4111 1299,4111 1299,4110 1298,4085 1298,4085 1119,4085 1118,4086 1118,4089 1118,4089 1094,4090 1093,4089 883,4089 882,4088 636,4090 635,4089 616,4089 615,4088 615,4085 615,4085 409,4086 408,4085 408,4081 408,4081 327,4081 326,4080 326,4076 326,4076 220,4076 219,4076 219,4073 219,4072 189,4072 188,4071 112,4072 111,4071 111,4068 111,4068 108,4068 107,4067 107,4059 107,4059 103,4059 102,4058 102,4050 102,4050 99,4050 98,4049 98,3999 99,3999 107,3999 107,3998 107,3990 108,3990 111,3990 111,3989 111,3986 112,3986 115,3986 115,3985 115,3982 116,3982 128,3982 129,3983 231,3982 231,3983 231,3986 232,3986 236,3986 236,3987 236,3990 237,3990 365,3990 365,3990 365,3993 366,3994 369,3994 370,3995 559,3994 559,3993 559,3943 559,3943 562,3943 563,3942 563,3938 563,3938 566,3938 567,3937 567,3935 567,3935 575,3935 576,3935 576,3937 576,3938 584,3938 585,3938 585,3998 586,3999 635,3999 636,4000 765,3999 765,3999 765,4003 766,4004 1093,4003 1093,4002 1093,3999 1094,3999 1196,3998 1196,3998 1196,3995 1197,3994 1205,3994 1205,3995 1205,3999 1206,3999 1213,3999 1214,4000 1545,3999 1545,3998 1545,3994 1546,3994 1552,3994 1553,3995 1566,3994 1566,3995 1566,3999 1567,3999 1652,3999 1652,3999 1652,3933 1652,3932 1660,3932 1661,3933 1661,3934 1661,3934 1772,3934 1773,3934 1773,3942 1773,3943 1776,3943 1777,3943 1777,3990 1778,3991 2010,3990 2010,3989 2010,3987 2011,3987 2091,3986 2091,3986 2091,3961 2091,3960 2095,3960 2096,3961 2096,3964 2096,3964 2099,3964 2100,3965 2100,3986 2101,3986 2410,3985 2410,3984 2410,3930 2410,3930 2418,3930 2419,3929 2419,3926 2419,3926 2426,3926 2427,3926 2427,3929 2427,3930 2431,3930 2432,3930 2432,3969 2432,3970 2586,3969 2587,3970 2587,3986 2588,3986 2711,3985 2711,3985 2711,3983 2712,3982 3004,3981 3004,3981 3004,3931 3004,3930 3007,3930 3008,3930 3008,3927 3008,3926 3012,3926 3013,3926 3013,3922 3013,3921 3029,3921 3030,3922 3030,3930 3030,3930 3119,3930 3120,3931 3283,3930 3284,3930 3284,3933 3284,3934 3287,3934 3288,3934 3288,3981 3289,3982 3353,3982 3353,3982 3353,3985 3354,3986 3366,3986 3366,3986 3366,3989 3367,3990 3370,3990 3370,3990 3370,3993 3371,3994 3374,3994 3374,3994 3374,3998 3375,3999 3379,3999 3379,3999 3379,4002 3380,4003 3383,4003 3383,4003 3383,4042 3384,4043 3426,4042 3426,4043 3426,4055 3427,4055 3430,4055 3430,4056 3430,4068 3430,4068 3427,4068 3426,4069 3426,4072 3426,4072 3423,4072 3422,4073 3422,4076 3422,4076 3414,4076 3413,4077 3413,4081 3413,4081 3410,4081 3409,4081 3409,4077 3409,4076 3401,4076 3400,4075 3255,4076 3254,4076 3254,4073 3254,4072 3182,4072 3181,4071 3018,4072 3017,4072 3017,4069 3017,4068 2975,4068 2974,4067 2600,4069 2599,4069 2599,4071 2599,4072 2596,4072 2595,4072 2595,4075 2595,4076 2350,4077 2349,4078 2350,4132 2349,4132 2298,4132 2298,4132 2297,4081 2297,4080 1885,4082 1884,4083 1885,4115 1884,4115 1880,4115 1880,4116 1880,4124 1879,4124 1876,4124 1876,4125 1876,4128 1875,4128 1872,4128 1872,4129 1872,4132 1871,4132 1855,4132 1855,4133 1855,4136 1854,4136 1850,4136 1850,4137 1850,4141 1849,4141"/><TextEquiv index="1"><Unicode>au moins avec une aigreur plus modérée.</Unicode></TextEquiv></TextLine><TextLine id="r0_l017"><Coords points="3138,4361 3138,4360 3138,4348 3137,4348 2767,4349 2767,4350 2767,4360 2766,4360 2759,4360 2759,4360 2759,4356 2758,4355 550,4365 550,4364 549,4304 549,4304 413,4304 412,4304 412,4301 412,4301 407,4301 406,4300 336,4300 335,4299 335,4296 335,4296 280,4296 279,4296 279,4274 279,4273 129,4274 128,4273 128,4270 128,4270 125,4270 124,4269 124,4266 124,4266 121,4266 120,4265 120,4253 120,4253 112,4253 111,4252 111,4244 112,4244 115,4244 115,4243 115,4236 116,4236 120,4236 120,4235 120,4223 121,4223 124,4223 124,4222 124,4218 125,4218 128,4218 128,4217 128,4214 129,4214 132,4214 132,4213 132,4210 133,4210 287,4209 287,4209 287,4159 287,4158 291,4158 292,4158 292,4155 292,4154 2168,4146 2169,4145 2336,4144 2337,4144 2337,4142 2337,4141 2534,4140 2535,4140 2535,4137 2535,4136 2555,4136 2556,4137 2556,4141 2556,4141 2607,4141 2608,4141 2608,4144 2608,4145 2611,4145 2612,4145 2612,4154 2612,4155 2822,4154 2823,4154 2823,4196 2823,4197 2896,4197 2897,4197 2897,4200 2898,4201 2905,4201 2905,4201 2905,4202 2906,4203 3385,4201 3386,4202 3396,4201 3396,4202 3396,4205 3397,4205 3413,4205 3413,4206 3413,4210 3414,4210 3417,4210 3417,4211 3417,4214 3418,4214 3422,4214 3422,4215 3422,4218 3423,4218 3426,4218 3426,4219 3426,4227 3427,4227 3430,4227 3430,4228 3430,4236 3431,4236 3435,4236 3435,4237 3435,4240 3435,4240 3431,4240 3430,4241 3430,4279 3430,4279 3423,4279 3422,4280 3422,4283 3422,4283 3418,4283 3417,4284 3417,4291 3417,4291 3410,4291 3409,4292 3409,4296 3409,4296 3393,4296 3392,4297 3392,4300 3392,4301 3237,4301 3236,4302 3237,4343 3236,4343 3232,4343 3232,4344 3232,4347 3231,4347 3155,4348 3155,4348 3155,4360 3154,4361"/><TextEquiv index="1"><Unicode>„Et qu'eſt-ce que c'eſt, lui dis-je, que</Unicode></TextEquiv></TextLine><TextLine id="r0_l018"><Coords points="2983,4567 2983,4567 2983,4564 2982,4563 2965,4563 2965,4563 2964,4508 2964,4507 2945,4507 2944,4506 2596,4508 2595,4508 2595,4510 2595,4511 2575,4511 2574,4511 2574,4508 2574,4507 2351,4508 2350,4509 2350,4511 2350,4511 2252,4511 2251,4510 1838,4512 1837,4513 1837,4515 1837,4515 1666,4516 1665,4517 1665,4520 1665,4520 1580,4520 1579,4520 1579,4516 1579,4515 1553,4516 1552,4515 1537,4515 1536,4514 1536,4511 1536,4511 1335,4511 1334,4512 1334,4515 1334,4515 1270,4516 1269,4516 1269,4519 1269,4520 1072,4521 1071,4521 1071,4523 1071,4524 676,4525 675,4526 675,4528 675,4528 637,4529 636,4528 636,4524 636,4524 633,4524 632,4523 632,4520 632,4520 620,4520 619,4519 619,4515 619,4515 418,4515 417,4516 417,4520 417,4520 400,4521 399,4521 399,4523 399,4524 387,4524 386,4523 386,4520 386,4520 379,4520 378,4519 378,4515 378,4515 297,4515 296,4515 296,4512 296,4511 293,4511 292,4511 292,4508 292,4507 288,4507 287,4507 287,4495 287,4494 284,4494 283,4494 283,4490 283,4489 103,4490 102,4489 102,4481 102,4481 99,4481 98,4480 98,4434 98,4434 106,4434 107,4433 107,4429 107,4429 153,4429 154,4430 338,4429 339,4429 339,4433 339,4434 579,4433 580,4432 580,4416 580,4416 584,4416 585,4415 585,4412 585,4412 588,4412 589,4411 589,4408 589,4408 592,4408 593,4407 593,4403 593,4403 596,4403 597,4402 597,4399 597,4399 601,4399 602,4398 602,4395 602,4395 605,4395 606,4394 606,4391 606,4391 618,4391 619,4390 619,4386 619,4386 631,4386 632,4385 632,4382 632,4382 730,4381 731,4381 731,4379 731,4378 739,4378 740,4378 740,4374 740,4373 747,4373 748,4374 748,4378 748,4378 751,4378 752,4379 752,4429 752,4429 864,4429 865,4430 876,4429 877,4430 877,4434 878,4434 1110,4433 1110,4433 1110,4383 1110,4382 1113,4382 1114,4382 1114,4379 1114,4378 1117,4378 1118,4378 1118,4374 1118,4373 1182,4373 1183,4373 1183,4370 1183,4369 1186,4369 1187,4370 1187,4373 1187,4373 1191,4373 1192,4374 1192,4425 1192,4425 1268,4425 1269,4426 1367,4425 1368,4426 1368,4429 1368,4429 1371,4429 1372,4430 1372,4434 1373,4434 1553,4434 1553,4433 1553,4374 1553,4374 1561,4373 1562,4373 1562,4370 1562,4369 1582,4369 1583,4369 1583,4366 1583,4365 1587,4365 1588,4366 1588,4369 1588,4369 1591,4369 1592,4370 1592,4425 1592,4425 1819,4424 1820,4424 1820,4370 1820,4369 1884,4369 1885,4370 1885,4421 1885,4421 2168,4420 2169,4419 2169,4416 2169,4416 2177,4416 2178,4416 2178,4420 2178,4421 2379,4420 2380,4419 2380,4357 2380,4357 2439,4357 2440,4356 2461,4356 2462,4357 2512,4356 2513,4357 2513,4360 2513,4360 2517,4360 2518,4361 2518,4416 2518,4416 2598,4416 2599,4416 2599,4420 2599,4421 2607,4421 2608,4422 2753,4421 2754,4421 2754,4361 2754,4360 2771,4360 2772,4361 2772,4369 2772,4369 2775,4369 2776,4370 2776,4373 2776,4373 2779,4373 2780,4374 2780,4386 2780,4386 2784,4386 2785,4387 2785,4399 2785,4399 2788,4399 2789,4400 2789,4403 2789,4403 2792,4403 2793,4404 2793,4422 2793,4422 3137,4421 3138,4420 3138,4361 3138,4361 3154,4361 3155,4361 3155,4368 3155,4369 3156,4369 3157,4370 3158,4370 3159,4370 3159,4378 3159,4379 3326,4378 3327,4378 3327,4381 3327,4382 3335,4382 3336,4382 3336,4420 3336,4421 3385,4421 3386,4422 3399,4421 3400,4422 3400,4425 3400,4425 3416,4425 3417,4426 3417,4429 3418,4429 3422,4429 3422,4430 3422,4434 3423,4434 3426,4434 3426,4435 3426,4438 3427,4438 3430,4438 3430,4439 3430,4455 3431,4455 3435,4455 3435,4456 3435,4464 3435,4464 3431,4464 3430,4465 3430,4498 3430,4498 3427,4498 3426,4499 3426,4502 3426,4502 3423,4502 3422,4503 3422,4511 3422,4511 3410,4511 3409,4512 3409,4515 3409,4515 3328,4516 3327,4516 3327,4523 3327,4524 3324,4524 3323,4524 3323,4536 3323,4537 3319,4537 3318,4537 3319,4545 3318,4546 3314,4546 3314,4546 3314,4553 3313,4554 3310,4554 3310,4554 3310,4557 3309,4558 3306,4558 3306,4558 3306,4562 3305,4563 3297,4563 3297,4562 3297,4558 3296,4558 3293,4558 3293,4557 3292,4510 3292,4510 3013,4511 3012,4512 3013,4563 3012,4563 3008,4563 3008,4564 3008,4567 3007,4567"/><TextEquiv index="1"><Unicode>“ce Chevalier de Loutraille à qui je</Unicode></TextEquiv></TextLine><TextLine id="r0_l019"><Coords points="1880,4799 1880,4799 1880,4796 1879,4795 1876,4795 1876,4795 1875,4744 1875,4743 831,4748 830,4747 830,4744 830,4744 702,4744 701,4743 547,4744 546,4743 546,4739 546,4739 409,4740 408,4739 344,4739 343,4738 343,4735 343,4735 297,4735 296,4735 296,4732 296,4731 288,4731 287,4731 287,4727 287,4726 284,4726 283,4726 283,4723 283,4722 280,4722 279,4722 279,4710 279,4709 276,4709 275,4708 95,4709 94,4708 94,4649 94,4649 97,4649 98,4648 98,4645 98,4645 317,4644 318,4643 318,4593 318,4593 321,4593 322,4592 322,4589 322,4589 1871,4582 1872,4582 1872,4581 1872,4580 1901,4580 1902,4581 1902,4584 1902,4584 1905,4584 1906,4585 3154,4580 3155,4580 3155,4583 3155,4584 3156,4584 3157,4585 3158,4585 3159,4585 3159,4598 3159,4599 3550,4597 3551,4597 3551,4605 3550,4606 3159,4608 3159,4608 3159,4640 3159,4641 3343,4640 3344,4641 3421,4640 3422,4641 3422,4645 3422,4645 3425,4645 3426,4646 3426,4649 3426,4649 3429,4649 3430,4650 3430,4713 3430,4713 3427,4713 3426,4714 3426,4722 3426,4722 3423,4722 3422,4723 3422,4731 3422,4731 3414,4731 3413,4732 3413,4735 3413,4735 3401,4735 3400,4736 3400,4739 3400,4739 3393,4740 3392,4739 3392,4736 3392,4736 3387,4736 3386,4735 1885,4741 1884,4742 1885,4799 1884,4799"/><TextEquiv index="1"><Unicode>“dois auſſi de l'obéiſſance?“ -- „Vous</Unicode></TextEquiv></TextLine><TextLine id="r0_l020"><Coords points="3284,5018 3283,5017 3235,5017 3234,5016 3224,5016 3224,5016 3224,5012 3223,5011 559,5023 559,5022 559,5019 558,5019 455,5019 455,5019 455,5016 454,5015 451,5015 451,5015 450,4997 450,4996 4,4998 3,4998 3,4994 4,4993 450,4991 450,4991 450,4959 450,4958 379,4959 378,4958 378,4955 378,4955 306,4955 305,4954 305,4950 305,4950 276,4950 275,4950 275,4947 275,4946 271,4946 270,4946 270,4924 270,4923 103,4924 102,4923 102,4920 102,4920 99,4920 98,4919 98,4864 98,4864 136,4864 137,4863 137,4860 137,4860 274,4859 275,4859 275,4813 275,4812 278,4812 279,4812 279,4809 279,4808 286,4808 287,4808 287,4805 287,4804 299,4804 300,4804 300,4805 300,4806 1884,4799 1885,4800 1885,4801 1885,4801 2108,4800 2109,4801 2109,4804 2109,4804 2112,4804 2113,4805 2113,4808 2113,4808 3119,4804 3120,4804 3120,4807 3120,4808 3124,4808 3125,4808 3125,4811 3125,4812 3132,4812 3133,4812 3133,4824 3133,4825 3137,4825 3138,4825 3138,4842 3138,4843 3141,4843 3142,4843 3142,4855 3142,4856 3296,4855 3297,4855 3297,4859 3297,4860 3309,4860 3310,4860 3310,4863 3310,4864 3313,4864 3314,4864 3314,4867 3314,4868 3317,4868 3318,4868 3318,4872 3318,4873 3322,4873 3323,4873 3323,4876 3323,4877 3326,4877 3327,4877 3327,4924 3328,4925 3529,4924 3529,4924 3529,4985 3530,4986 3667,4985 3667,4986 3667,4998 3667,4998 3293,5000 3292,5000 3293,5017 3292,5018"/><TextEquiv index="1"><Unicode>“l'apprendrez de Monſieur votre père,</Unicode></TextEquiv></TextLine><TextLine id="r0_l021"><Coords points="761,5243 761,5242 761,5239 760,5239 757,5239 757,5239 756,5184 756,5183 706,5183 705,5183 705,5179 705,5178 693,5178 692,5177 469,5178 468,5178 468,5175 468,5174 408,5175 407,5174 340,5174 339,5173 339,5170 339,5170 284,5170 283,5170 283,5166 283,5165 280,5165 279,5165 279,5144 279,5143 142,5144 141,5143 141,5140 141,5140 133,5140 132,5139 132,5135 132,5135 95,5135 94,5134 94,5131 94,5131 90,5131 89,5130 89,5075 89,5075 93,5075 94,5074 94,5071 94,5071 708,5068 709,5068 709,5059 709,5058 713,5058 714,5058 714,5050 714,5049 717,5049 718,5049 718,5042 718,5041 721,5041 722,5041 722,5037 722,5036 734,5036 735,5036 735,5033 735,5032 1126,5030 1127,5030 1127,5029 1127,5028 2710,5021 2711,5021 2711,5020 2711,5019 2723,5019 2724,5019 2724,5016 2724,5015 2728,5015 2729,5015 2729,5011 2729,5010 2741,5010 2742,5011 2742,5012 2742,5012 2891,5012 2892,5012 2892,5014 2892,5015 2896,5015 2897,5015 2897,5017 2897,5018 3234,5016 3235,5017 3240,5017 3241,5018 3292,5018 3293,5018 3293,5074 3293,5075 3326,5075 3327,5076 3395,5075 3396,5076 3396,5079 3396,5079 3404,5079 3405,5080 3405,5084 3405,5084 3412,5084 3413,5085 3413,5088 3413,5088 3421,5088 3422,5089 3422,5092 3422,5092 3425,5092 3426,5093 3426,5101 3426,5101 3429,5101 3430,5102 3430,5114 3429,5114 3426,5114 3426,5115 3426,5144 3426,5144 3423,5144 3422,5145 3422,5157 3422,5157 3418,5157 3417,5158 3417,5161 3417,5161 3414,5161 3413,5162 3413,5165 3413,5165 3397,5165 3396,5166 3396,5170 3396,5170 2402,5175 2401,5175 2401,5177 2401,5178 2110,5179 2109,5180 2109,5220 2110,5220 3637,5213 3637,5214 3637,5217 3638,5217 3641,5217 3641,5218 3641,5221 3641,5221 3638,5221 3637,5222 3637,5226 3637,5226 2105,5233 2104,5234 804,5240 804,5240 804,5242 803,5243"/><TextEquiv index="1"><Unicode>“me répondit-il; vous pouvez lui écrire</Unicode></TextEquiv></TextLine><TextLine id="r0_l022"><Coords points="1098,5425 1097,5424 1097,5421 1097,5421 1096,5421 1095,5420 1094,5420 1093,5419 1093,5415 1093,5415 1089,5415 1088,5414 1088,5402 1088,5402 867,5403 866,5402 865,5402 864,5401 864,5398 864,5398 667,5398 666,5398 666,5395 666,5394 654,5394 653,5393 452,5394 451,5394 451,5390 451,5389 448,5389 447,5388 332,5389 331,5388 331,5385 331,5385 284,5385 283,5385 283,5382 283,5381 280,5381 279,5381 279,5365 279,5364 276,5364 275,5364 275,5359 275,5358 95,5359 94,5358 94,5355 94,5355 90,5355 89,5354 89,5312 88,5312 85,5312 85,5311 85,5303 85,5303 88,5303 89,5302 89,5299 89,5299 93,5299 94,5298 94,5295 94,5295 127,5295 128,5294 128,5290 128,5290 291,5289 292,5289 292,5244 292,5243 295,5243 296,5243 296,5240 296,5239 308,5239 309,5239 309,5242 309,5243 312,5243 313,5243 313,5247 313,5248 502,5247 503,5248 503,5252 503,5252 523,5252 524,5253 524,5256 524,5256 532,5256 533,5257 786,5256 787,5256 787,5259 787,5260 790,5260 791,5260 791,5264 791,5265 795,5265 796,5265 796,5307 796,5308 825,5308 826,5308 826,5320 826,5321 1010,5320 1011,5320 1011,5324 1011,5325 1014,5325 1015,5325 1015,5328 1015,5329 1023,5329 1024,5329 1024,5342 1024,5343 1165,5342 1166,5343 1166,5346 1166,5346 1169,5346 1170,5347 1170,5359 1171,5359 1174,5359 1174,5360 1174,5364 1175,5364 1179,5364 1179,5365 1179,5368 1179,5368 1175,5368 1174,5369 1174,5372 1175,5372 1235,5372 1235,5372 1235,5375 1236,5376 1316,5376 1316,5376 1316,5384 1316,5385 1106,5385 1105,5386 1105,5424 1105,5424"/><TextEquiv index="1"><Unicode>“à Breſt.“</Unicode></TextEquiv></TextLine><TextLine id="r0_l023"><Coords points="3027,5669 3026,5669 3026,5666 3026,5665 3005,5665 3004,5665 3004,5662 3004,5661 2997,5661 2996,5661 2996,5605 2996,5604 2816,5605 2815,5606 2815,5613 2815,5613 2811,5613 2810,5613 2810,5610 2810,5609 2807,5609 2806,5608 2639,5609 2638,5608 2638,5605 2638,5605 2553,5605 2552,5604 2265,5605 2264,5606 2264,5665 2264,5665 2242,5666 2241,5665 2230,5665 2229,5664 2229,5661 2229,5661 2226,5661 2225,5660 2225,5605 2225,5605 2062,5605 2061,5604 1881,5605 1880,5606 1880,5609 1880,5609 1783,5610 1782,5609 1576,5609 1575,5610 1575,5613 1575,5613 1554,5614 1553,5613 1553,5609 1553,5609 1365,5609 1364,5610 1364,5613 1364,5613 1326,5614 1325,5613 1162,5613 1161,5612 706,5614 705,5615 705,5618 705,5618 697,5618 696,5618 696,5614 696,5613 693,5613 692,5612 435,5613 434,5612 357,5613 356,5612 356,5605 356,5605 280,5605 279,5605 279,5588 280,5587 283,5587 283,5587 282,5466 283,5465 283,5459 284,5458 292,5458 292,5459 292,5463 293,5463 313,5463 314,5464 442,5463 442,5464 443,5467 443,5467 446,5467 447,5468 447,5519 447,5519 506,5519 507,5520 507,5523 507,5523 523,5523 524,5524 524,5527 524,5527 528,5527 529,5528 846,5527 847,5526 847,5475 847,5475 850,5475 851,5474 851,5471 851,5471 855,5471 856,5470 856,5467 856,5467 924,5466 925,5465 925,5464 926,5463 1166,5462 1166,5462 1166,5459 1167,5458 1174,5458 1174,5459 1175,5519 1175,5519 1324,5519 1325,5519 1325,5523 1325,5524 1638,5522 1639,5522 1639,5520 1639,5519 1643,5519 1644,5519 1644,5515 1644,5514 1647,5514 1648,5514 1648,5511 1648,5510 1716,5510 1717,5510 1717,5513 1717,5514 1720,5514 1721,5514 1721,5519 1721,5520 1931,5519 1932,5518 1932,5464 1933,5463 1941,5463 1941,5462 1941,5458 1942,5458 1949,5458 1949,5457 1949,5454 1950,5454 1958,5454 1959,5455 2104,5454 2104,5455 2105,5514 2105,5514 2241,5514 2242,5513 2242,5511 2242,5511 2426,5510 2427,5510 2427,5513 2427,5514 2461,5514 2462,5514 2462,5518 2462,5519 2465,5519 2466,5520 2745,5518 2746,5518 2746,5515 2746,5514 2840,5514 2841,5515 3029,5514 3030,5515 3111,5515 3112,5514 3112,5467 3112,5467 3115,5467 3116,5466 3116,5463 3116,5463 3128,5463 3129,5463 3129,5466 3129,5467 3137,5467 3138,5467 3138,5474 3138,5475 3141,5475 3142,5475 3142,5492 3142,5493 3145,5493 3146,5493 3146,5500 3146,5501 3150,5501 3151,5501 3151,5514 3151,5515 3309,5514 3310,5514 3310,5518 3310,5519 3317,5519 3318,5519 3318,5522 3318,5523 3322,5523 3323,5523 3323,5526 3323,5527 3326,5527 3327,5527 3327,5535 3327,5536 3330,5536 3331,5536 3331,5579 3332,5580 3405,5579 3405,5579 3405,5498 3405,5497 3438,5497 3439,5498 3439,5510 3438,5510 3430,5510 3430,5510 3430,5507 3429,5506 3426,5506 3426,5507 3426,5618 3426,5618 3423,5618 3422,5619 3422,5630 3422,5630 3418,5630 3417,5631 3417,5635 3417,5635 3410,5635 3409,5636 3409,5639 3409,5639 3401,5639 3400,5640 3400,5643 3400,5643 3388,5644 3387,5644 3387,5648 3387,5649 3386,5648 3384,5648 3383,5647 3383,5643 3383,5643 3375,5643 3374,5642 3374,5613 3374,5613 3289,5613 3288,5612 3044,5613 3043,5614 3043,5669 3043,5669"/><TextEquiv index="1"><Unicode>Me voilà donc attaché par mon père,</Unicode></TextEquiv></TextLine><TextLine id="r0_l024"><Coords points="3375,5893 3374,5892 3374,5889 3374,5889 3350,5889 3349,5888 3349,5884 3349,5884 3345,5884 3344,5883 3344,5880 3344,5880 3341,5880 3340,5879 3340,5876 3340,5876 3337,5876 3336,5875 3336,5872 3336,5872 3332,5872 3331,5871 3331,5829 3331,5829 3113,5830 3112,5830 3112,5849 3112,5850 3109,5850 3108,5850 3108,5858 3108,5859 3104,5859 3103,5859 3103,5862 3103,5863 3100,5863 3099,5863 3099,5875 3099,5876 3096,5876 3095,5876 3095,5879 3095,5880 3087,5880 3086,5879 3086,5876 3086,5876 3083,5876 3082,5875 3082,5824 3082,5824 2962,5824 2961,5823 2712,5824 2711,5823 2428,5825 2427,5825 2427,5836 2427,5837 2424,5837 2423,5837 2423,5840 2423,5841 2420,5841 2419,5841 2419,5845 2419,5846 2415,5846 2414,5846 2414,5849 2414,5850 2394,5850 2393,5850 2393,5853 2393,5854 2385,5854 2384,5853 2384,5824 2384,5824 2278,5824 2277,5823 2028,5824 2027,5823 1968,5824 1967,5823 1967,5820 1967,5820 1770,5821 1769,5821 1769,5823 1769,5824 1692,5824 1691,5824 1691,5828 1691,5829 1524,5830 1523,5830 1523,5879 1523,5880 1490,5880 1489,5880 1489,5883 1489,5884 1477,5884 1476,5883 1476,5828 1476,5828 1305,5829 1304,5828 1304,5824 1304,5824 1096,5825 1095,5824 741,5825 740,5826 740,5829 740,5829 672,5829 671,5828 521,5829 520,5829 520,5825 520,5824 413,5825 412,5824 125,5825 124,5825 124,5858 124,5859 121,5859 120,5859 120,5862 120,5863 103,5863 102,5862 102,5738 101,5738 98,5738 98,5737 98,5717 98,5717 110,5717 111,5716 111,5712 111,5712 119,5712 120,5712 120,5716 120,5717 144,5717 145,5717 145,5720 145,5721 153,5721 154,5721 154,5728 154,5729 157,5729 158,5730 412,5729 413,5728 412,5687 413,5687 417,5686 417,5686 417,5683 418,5682 430,5682 430,5682 430,5679 431,5678 442,5678 442,5679 442,5686 443,5686 486,5686 486,5687 486,5691 487,5691 490,5691 490,5692 490,5695 491,5695 493,5695 494,5696 494,5738 494,5738 618,5738 619,5739 941,5737 942,5737 942,5695 942,5694 942,5679 943,5678 963,5678 963,5679 963,5683 964,5683 1256,5682 1256,5681 1256,5678 1257,5678 1269,5678 1269,5678 1269,5681 1270,5682 1273,5682 1273,5682 1274,5741 1274,5742 1483,5741 1484,5740 1484,5738 1484,5738 1575,5737 1576,5737 1575,5687 1576,5686 1579,5686 1579,5686 1579,5683 1580,5682 1588,5682 1588,5682 1588,5679 1589,5678 1592,5678 1592,5678 1592,5675 1593,5674 1601,5674 1601,5675 1601,5678 1602,5678 1605,5678 1605,5679 1606,5734 1606,5734 1867,5733 1868,5733 1868,5713 1868,5712 1871,5712 1872,5712 1872,5709 1872,5708 1875,5708 1876,5708 1876,5696 1876,5695 1879,5695 1880,5695 1880,5694 1881,5693 1880,5687 1881,5686 1885,5686 1885,5686 1885,5683 1886,5682 1889,5682 1889,5682 1889,5679 1890,5678 1898,5678 1898,5678 1898,5675 1899,5674 1906,5674 1906,5673 1906,5669 1907,5669 1924,5669 1924,5669 1924,5673 1925,5674 1932,5674 1932,5674 1933,5734 1933,5735 2108,5734 2109,5734 2109,5730 2109,5729 2194,5729 2195,5728 2195,5712 2195,5712 2198,5712 2199,5711 2199,5708 2199,5708 2202,5708 2203,5707 2203,5695 2203,5695 2207,5695 2208,5694 2208,5693 2209,5692 2208,5682 2209,5682 2216,5682 2216,5682 2216,5685 2217,5686 2225,5686 2225,5686 2226,5729 2226,5730 2297,5729 2298,5730 2298,5734 2298,5734 2310,5734 2311,5735 2311,5738 2311,5738 2504,5737 2505,5737 2505,5722 2505,5721 2508,5721 2509,5721 2509,5705 2509,5704 2512,5704 2513,5704 2513,5696 2513,5695 2517,5695 2518,5695 2518,5693 2519,5692 2518,5687 2519,5686 2522,5686 2522,5686 2522,5683 2523,5682 2531,5682 2531,5682 2531,5679 2532,5678 2535,5678 2535,5678 2535,5675 2536,5674 2565,5674 2565,5675 2565,5682 2566,5682 2569,5682 2569,5683 2570,5738 2570,5738 2766,5737 2767,5737 2767,5735 2767,5734 2888,5734 2889,5733 2888,5678 2889,5678 2901,5678 2901,5677 2901,5674 2902,5674 2918,5674 2918,5674 2919,5695 2919,5696 3107,5695 3108,5694 3108,5692 3109,5691 3112,5691 3113,5691 3113,5694 3113,5695 3119,5695 3120,5695 3120,5698 3120,5699 3124,5699 3125,5699 3125,5738 3125,5739 3386,5738 3387,5739 3391,5739 3392,5739 3392,5742 3392,5743 3429,5742 3430,5743 3430,5747 3430,5747 3434,5747 3435,5748 3435,5760 3434,5760 3426,5760 3426,5761 3426,5854 3426,5854 3423,5854 3422,5855 3422,5859 3422,5859 3418,5859 3417,5860 3417,5872 3417,5872 3414,5872 3413,5873 3413,5876 3413,5876 3410,5876 3409,5877 3409,5880 3409,5880 3397,5880 3396,5881 3396,5884 3396,5884 3388,5885 3387,5885 3387,5888 3387,5889 3380,5889 3379,5889 3379,5892 3379,5893"/><TextEquiv index="1"><Unicode>par l'autorité la plus ſacrée, ſous le joug</Unicode></TextEquiv></TextLine><TextLine id="r0_l025"><Coords points="3225,6104 3224,6104 3224,6101 3224,6100 3190,6100 3189,6100 3189,6096 3189,6095 3186,6095 3185,6095 3185,6045 3185,6044 3182,6044 3181,6043 3018,6044 3017,6044 3017,6040 3017,6039 2997,6039 2996,6038 2613,6040 2612,6040 2612,6043 2612,6044 2506,6044 2505,6045 2505,6106 2505,6106 2493,6106 2492,6106 2492,6045 2492,6044 2441,6045 2440,6045 2440,6056 2440,6057 2437,6057 2436,6057 2436,6064 2436,6065 2428,6065 2427,6065 2427,6069 2427,6070 2411,6070 2410,6070 2410,6073 2410,6074 2252,6074 2251,6075 2251,6078 2251,6078 2247,6079 2246,6079 2246,6083 2246,6084 2243,6084 2242,6084 2242,6087 2242,6088 2239,6088 2238,6088 2238,6090 2238,6091 2230,6091 2229,6091 2229,6094 2229,6095 2191,6095 2190,6094 2190,6091 2190,6091 2183,6091 2182,6090 2182,6087 2182,6087 2174,6087 2173,6086 2173,6039 2173,6039 2097,6039 2096,6039 2096,6036 2095,6035 2012,6036 2011,6035 1803,6035 1802,6034 1493,6036 1493,6036 1493,6090 1493,6091 1490,6091 1489,6091 1489,6094 1489,6095 1481,6095 1480,6095 1480,6099 1480,6100 1477,6100 1476,6099 1476,6095 1476,6095 1447,6095 1446,6095 1446,6092 1446,6091 1442,6091 1441,6091 1441,6035 1440,6034 1252,6035 1252,6035 1252,6038 1252,6039 1098,6040 1097,6040 1097,6074 1097,6075 1094,6075 1093,6075 1093,6077 1093,6078 1089,6078 1088,6078 1088,6082 1088,6083 1085,6083 1084,6083 1084,6086 1084,6087 1081,6087 1080,6087 1080,6090 1080,6091 1051,6091 1050,6091 1050,6094 1050,6095 1042,6095 1041,6094 1041,6091 1041,6091 1025,6091 1024,6090 1024,6087 1024,6087 1020,6087 1019,6086 1019,6083 1019,6083 1016,6083 1015,6082 1015,6078 1015,6078 1012,6078 1011,6077 1011,6035 1010,6035 839,6036 839,6036 839,6038 839,6039 568,6040 567,6040 567,6043 567,6044 456,6044 455,6043 392,6044 391,6043 391,6039 390,6039 201,6039 201,6039 201,6036 200,6035 197,6035 197,6035 197,6032 196,6031 193,6031 193,6031 193,6023 192,6022 188,6022 187,6021 120,6022 120,6021 120,6018 119,6018 115,6018 115,6017 115,6014 114,6014 111,6014 111,6013 111,6009 110,6009 107,6009 107,6008 107,6005 106,6005 102,6005 102,6004 102,5992 101,5992 98,5992 98,5991 98,5966 98,5966 101,5966 102,5965 102,5962 102,5962 106,5962 107,5961 107,5949 107,5949 110,5949 111,5948 111,5945 111,5945 114,5945 115,5944 115,5940 115,5940 123,5940 124,5939 124,5936 124,5936 145,5936 146,5935 145,5880 146,5880 150,5880 150,5879 150,5876 151,5876 158,5876 158,5876 158,5879 159,5880 163,5880 163,5880 164,5945 164,5946 218,5945 219,5946 219,5949 219,5949 230,5949 231,5950 231,5953 231,5953 532,5952 533,5951 533,5949 533,5949 536,5949 537,5948 537,5945 537,5945 545,5945 546,5945 546,5952 546,5953 692,5952 693,5952 692,5894 693,5893 714,5893 715,5894 963,5893 963,5893 963,5890 964,5889 976,5889 976,5890 976,5893 977,5893 985,5893 985,5894 986,5945 986,5945 988,5945 989,5946 989,5949 989,5949 1251,5948 1252,5947 1252,5945 1252,5945 1264,5945 1265,5945 1265,5948 1265,5949 1272,5949 1273,5950 1466,5949 1467,5948 1467,5945 1467,5945 1470,5945 1471,5946 1720,5945 1721,5944 1721,5932 1721,5932 1724,5932 1725,5931 1725,5923 1726,5922 1725,5919 1726,5919 1730,5919 1730,5918 1730,5906 1731,5906 1734,5906 1734,5905 1734,5902 1735,5902 1738,5902 1738,5901 1738,5897 1739,5897 1743,5897 1743,5896 1743,5893 1744,5893 1756,5893 1756,5892 1756,5889 1757,5889 1777,5889 1777,5889 1777,5892 1778,5893 1782,5893 1783,5894 1786,5894 1786,5894 1786,5897 1787,5898 1790,5898 1790,5898 1791,5945 1791,5946 1901,5945 1902,5946 1902,5949 1902,5949 2004,5949 2005,5950 2301,5948 2302,5948 2302,5946 2302,5945 2314,5945 2315,5946 2315,5949 2315,5949 2327,5949 2328,5950 2328,5953 2328,5953 2332,5953 2333,5954 2333,5958 2333,5958 2336,5958 2337,5959 2337,5962 2337,5962 2340,5962 2341,5963 2341,5971 2341,5971 2344,5971 2345,5972 2345,6009 2345,6009 2573,6008 2574,6008 2574,5963 2574,5962 2577,5962 2578,5962 2578,5954 2578,5953 2586,5953 2587,5953 2587,5950 2587,5949 2603,5949 2604,5950 2875,5949 2876,5948 2875,5893 2876,5893 2888,5893 2888,5892 2888,5889 2889,5889 2909,5889 2910,5890 2961,5889 2961,5890 2961,5893 2962,5893 2965,5893 2965,5894 2966,5945 2966,5945 2969,5945 2970,5946 2970,5949 2970,5949 3033,5949 3034,5950 3034,5953 3034,5953 3046,5953 3047,5954 3313,5953 3314,5952 3314,5949 3314,5949 3386,5949 3387,5950 3408,5949 3409,5950 3409,5953 3409,5953 3412,5953 3413,5954 3413,5958 3413,5958 3416,5958 3417,5959 3417,5962 3417,5962 3425,5962 3426,5963 3426,5966 3426,5966 3429,5966 3430,5967 3430,5971 3430,5971 3434,5971 3435,5972 3435,5992 3434,5992 3430,5992 3430,5993 3430,6022 3429,6022 3426,6022 3426,6023 3426,6031 3425,6031 3422,6031 3422,6032 3422,6035 3422,6035 3406,6035 3405,6036 3405,6039 3405,6039 3401,6039 3400,6040 3400,6044 3400,6044 3246,6045 3245,6046 3245,6095 3245,6095 3242,6095 3241,6096 3241,6100 3241,6100 3229,6100 3228,6101 3228,6104 3228,6104"/><TextEquiv index="1"><Unicode>de cet indigne perſonnage, tandis que</Unicode></TextEquiv></TextLine><TextLine id="r0_l026"><Coords points="2346,6317 2345,6317 2345,6251 2344,6250 2255,6250 2255,6251 2255,6255 2254,6255 2251,6255 2251,6256 2251,6259 2250,6260 2242,6260 2242,6259 2242,6255 2241,6255 2074,6255 2074,6255 2074,6251 2073,6250 2070,6250 2070,6250 2070,6247 2069,6246 1842,6247 1842,6248 1842,6250 1841,6250 1756,6251 1756,6251 1756,6301 1756,6302 1752,6302 1751,6301 1751,6298 1751,6298 1735,6298 1734,6297 1734,6246 1733,6246 1562,6247 1562,6247 1562,6250 1561,6251 1446,6251 1446,6252 1446,6255 1445,6255 1433,6255 1433,6255 1433,6251 1432,6250 1149,6251 1149,6252 1149,6255 1148,6255 1144,6255 1144,6256 1144,6268 1144,6268 1141,6268 1140,6269 1140,6272 1140,6272 1137,6272 1136,6273 1136,6289 1136,6289 1132,6289 1131,6290 1131,6302 1131,6302 1128,6302 1127,6303 1127,6306 1127,6306 1115,6306 1114,6307 1114,6311 1114,6311 1111,6311 1110,6311 1110,6307 1110,6306 1106,6306 1105,6306 1105,6255 1104,6255 731,6256 731,6257 731,6259 730,6259 718,6259 718,6260 718,6263 717,6263 641,6264 641,6264 641,6315 641,6316 611,6316 610,6316 610,6318 610,6319 598,6319 597,6318 597,6315 597,6315 594,6315 593,6314 593,6259 592,6259 352,6260 352,6260 352,6262 351,6263 343,6263 343,6262 343,6259 342,6259 305,6259 305,6258 305,6255 304,6255 193,6255 193,6255 193,6251 192,6250 180,6251 180,6250 180,6242 179,6242 124,6242 124,6242 124,6301 124,6302 121,6302 120,6301 120,6298 120,6298 116,6298 115,6297 115,6242 114,6242 111,6242 111,6241 111,6238 110,6238 107,6238 107,6237 107,6229 106,6229 102,6229 102,6228 102,6225 101,6225 98,6225 98,6224 98,6220 97,6220 94,6220 94,6219 94,6190 94,6190 97,6190 98,6189 98,6173 98,6173 101,6173 102,6172 102,6164 102,6164 110,6164 111,6163 111,6156 111,6156 114,6156 115,6155 114,6153 115,6152 115,6151 116,6151 236,6150 236,6150 236,6118 237,6117 240,6117 240,6117 240,6114 241,6113 249,6113 249,6113 249,6109 250,6108 262,6108 262,6109 262,6113 263,6113 408,6113 408,6113 408,6121 409,6122 412,6122 412,6122 413,6169 413,6170 622,6169 623,6168 623,6164 623,6164 752,6163 753,6163 752,6109 753,6108 774,6108 774,6108 774,6112 775,6113 778,6113 778,6113 779,6164 779,6165 967,6164 968,6165 1054,6165 1055,6164 1054,6117 1055,6117 1058,6117 1058,6116 1058,6113 1059,6113 1062,6113 1062,6112 1062,6108 1063,6108 1067,6108 1067,6108 1067,6112 1068,6113 1080,6113 1080,6113 1080,6116 1081,6117 1084,6117 1084,6117 1085,6164 1085,6165 1182,6164 1183,6165 1410,6164 1411,6164 1411,6161 1411,6160 1419,6160 1420,6160 1420,6157 1420,6156 1492,6156 1493,6156 1493,6160 1493,6161 1704,6160 1705,6159 1704,6108 1705,6108 1708,6108 1708,6107 1708,6104 1709,6104 1721,6104 1721,6103 1721,6100 1722,6100 1730,6100 1730,6100 1730,6103 1731,6104 1734,6104 1734,6104 1735,6159 1735,6160 1763,6160 1764,6161 1854,6160 1855,6161 1855,6164 1855,6164 1862,6164 1863,6165 2057,6164 2058,6164 2057,6109 2058,6108 2061,6108 2061,6108 2061,6105 2062,6104 2087,6104 2087,6105 2087,6108 2088,6108 2091,6108 2091,6109 2092,6160 2092,6160 2155,6160 2156,6160 2156,6163 2156,6164 2233,6164 2234,6165 2483,6163 2484,6163 2483,6109 2484,6108 2492,6108 2492,6108 2492,6107 2493,6106 2505,6106 2505,6107 2505,6108 2506,6108 2509,6108 2509,6109 2510,6160 2510,6160 2560,6160 2561,6161 2561,6164 2561,6164 2564,6164 2565,6165 2723,6164 2724,6165 2724,6169 2724,6169 2853,6169 2854,6168 2853,6117 2854,6117 2858,6117 2858,6116 2858,6113 2859,6113 2875,6113 2875,6113 2875,6116 2876,6117 2879,6117 2879,6117 2879,6120 2880,6121 2884,6121 2884,6121 2885,6168 2885,6169 2939,6168 2940,6168 2940,6165 2940,6164 3016,6164 3017,6165 3017,6169 3017,6169 3063,6169 3064,6170 3292,6169 3293,6168 3293,6164 3293,6164 3305,6164 3306,6163 3306,6160 3306,6160 3309,6160 3310,6160 3310,6163 3310,6164 3348,6164 3349,6164 3349,6194 3349,6195 3429,6194 3430,6195 3430,6199 3430,6199 3434,6199 3435,6200 3435,6212 3434,6212 3426,6212 3426,6213 3426,6216 3425,6216 3396,6217 3396,6217 3396,6220 3395,6221 3336,6221 3336,6221 3336,6249 3335,6250 3219,6250 3219,6251 3219,6255 3218,6255 3202,6255 3201,6254 2929,6256 2928,6255 2703,6256 2702,6255 2552,6255 2552,6255 2552,6251 2551,6250 2479,6251 2478,6250 2358,6250 2358,6251 2358,6317 2358,6317"/><TextEquiv index="1"><Unicode>celui qui m'y attache devroit m'en ar-</Unicode></TextEquiv></TextLine><TextLine id="r0_l027"><Coords points="2557,6522 2556,6522 2556,6466 2555,6465 2371,6466 2371,6465 2371,6461 2370,6461 2173,6462 2173,6462 2173,6465 2172,6466 2014,6467 2013,6466 1783,6467 1782,6466 1626,6466 1625,6465 1536,6466 1536,6466 1536,6486 1535,6487 1523,6487 1523,6486 1523,6466 1522,6466 1334,6466 1334,6467 1334,6470 1333,6471 1325,6471 1324,6470 1118,6470 1118,6470 1118,6466 1117,6465 925,6466 925,6467 925,6470 924,6470 920,6470 920,6471 920,6474 919,6474 907,6474 907,6475 907,6479 906,6479 903,6479 902,6478 671,6479 671,6480 671,6492 670,6492 666,6492 666,6493 666,6496 665,6496 662,6496 662,6497 662,6500 662,6500 659,6500 658,6501 658,6504 658,6504 654,6504 653,6505 653,6509 653,6509 646,6510 645,6510 645,6513 645,6514 639,6514 638,6513 629,6513 628,6512 628,6479 627,6479 438,6479 438,6479 438,6475 437,6474 434,6474 433,6473 374,6474 374,6473 374,6470 373,6470 210,6470 210,6470 210,6467 209,6466 179,6467 178,6466 171,6466 171,6465 171,6457 170,6457 98,6457 98,6456 97,6382 98,6381 98,6375 99,6375 102,6375 102,6374 102,6371 103,6371 145,6371 145,6370 145,6345 146,6345 197,6344 197,6344 197,6342 198,6341 313,6341 313,6340 313,6328 314,6328 335,6328 335,6328 335,6336 336,6337 339,6337 339,6337 340,6387 340,6388 373,6388 374,6389 463,6388 464,6389 464,6393 464,6393 549,6393 550,6393 550,6400 550,6401 553,6401 554,6401 554,6452 554,6453 786,6452 787,6451 787,6414 787,6414 790,6414 791,6413 791,6410 791,6410 799,6410 800,6409 800,6405 800,6405 803,6405 804,6404 804,6384 805,6383 804,6362 805,6362 808,6362 808,6361 808,6354 809,6354 817,6354 817,6353 817,6349 818,6349 821,6349 821,6348 821,6345 822,6345 830,6345 830,6344 830,6341 831,6341 839,6341 839,6341 839,6344 840,6345 856,6345 856,6345 856,6353 857,6354 860,6354 860,6354 860,6357 861,6358 864,6358 864,6358 864,6380 865,6381 938,6380 938,6381 939,6394 939,6394 1122,6393 1123,6393 1123,6389 1123,6388 1130,6388 1131,6388 1131,6385 1131,6384 1307,6384 1308,6383 1308,6381 1309,6380 1324,6380 1325,6381 1338,6380 1339,6381 1339,6384 1339,6384 1544,6384 1545,6383 1545,6381 1546,6380 1549,6380 1549,6379 1549,6319 1550,6319 1562,6319 1562,6318 1562,6316 1563,6316 1734,6315 1734,6314 1734,6311 1735,6311 1747,6311 1747,6310 1747,6306 1748,6306 1756,6306 1756,6306 1756,6310 1757,6311 1764,6311 1764,6311 1764,6314 1765,6315 1769,6315 1769,6315 1769,6374 1770,6375 1783,6375 1784,6376 1988,6375 1988,6374 1988,6324 1989,6324 1992,6324 1992,6323 1992,6319 1993,6319 1997,6319 1997,6318 1997,6315 1998,6315 2012,6315 2013,6316 2018,6316 2018,6316 2018,6324 2019,6325 2023,6324 2023,6325 2023,6371 2024,6371 2169,6371 2169,6371 2169,6374 2170,6375 2178,6375 2178,6375 2179,6379 2179,6380 2182,6380 2183,6381 2341,6380 2342,6380 2341,6320 2342,6319 2345,6319 2345,6319 2345,6318 2346,6317 2358,6317 2358,6318 2358,6319 2359,6319 2363,6319 2363,6320 2363,6332 2364,6332 2367,6332 2367,6332 2367,6344 2368,6345 2371,6345 2371,6345 2371,6353 2372,6354 2376,6354 2376,6354 2376,6361 2377,6362 2380,6362 2380,6362 2381,6384 2381,6385 2569,6384 2570,6384 2569,6342 2570,6341 2574,6341 2574,6341 2574,6338 2575,6337 2591,6337 2591,6338 2591,6341 2592,6341 2595,6341 2595,6341 2596,6379 2596,6380 2720,6379 2721,6379 2720,6376 2721,6375 2724,6375 2724,6376 2725,6380 2725,6380 2957,6379 2958,6379 2957,6320 2958,6319 2974,6319 2974,6320 2974,6324 2975,6324 2978,6324 2978,6325 2978,6375 2979,6375 3039,6375 3039,6376 3040,6380 3040,6380 3055,6380 3056,6381 3361,6380 3362,6380 3362,6383 3362,6384 3387,6384 3388,6385 3412,6384 3413,6385 3413,6388 3413,6388 3416,6388 3417,6389 3417,6393 3417,6393 3421,6393 3422,6394 3422,6397 3422,6397 3425,6397 3426,6398 3426,6461 3426,6461 3434,6461 3435,6462 3435,6470 3434,6470 3430,6470 3430,6471 3430,6474 3429,6474 3405,6474 3404,6473 3293,6474 3293,6473 3293,6470 3292,6470 3254,6470 3254,6470 3254,6467 3253,6466 3241,6466 3241,6466 3241,6457 3240,6456 3047,6457 3047,6458 3047,6461 3046,6461 3043,6461 3043,6462 3043,6466 3042,6466 3030,6466 3030,6467 3030,6470 3029,6470 3021,6470 3021,6470 3021,6467 3020,6466 2948,6466 2947,6465 2638,6467 2638,6467 2638,6469 2637,6470 2591,6470 2591,6471 2591,6483 2590,6483 2587,6483 2587,6484 2587,6492 2586,6492 2582,6492 2582,6493 2582,6504 2582,6504 2579,6504 2578,6505 2578,6513 2578,6513 2570,6513 2569,6514 2569,6522 2569,6522"/><TextEquiv index="1"><Unicode>racher, &amp; me défendre à jamais un</Unicode></TextEquiv></TextLine><TextLine id="r0_l028"><Coords points="2002,6752 2001,6751 2001,6681 2000,6681 1781,6682 1781,6682 1781,6684 1780,6685 1691,6685 1691,6685 1691,6689 1690,6690 1592,6690 1591,6689 1278,6691 1278,6691 1278,6693 1277,6694 1260,6694 1260,6693 1260,6690 1259,6690 1019,6691 1019,6691 1019,6693 1018,6694 877,6694 877,6695 877,6698 876,6699 860,6699 860,6699 860,6702 859,6703 757,6703 756,6702 567,6703 567,6703 567,6706 566,6707 559,6707 559,6706 559,6703 558,6703 554,6703 554,6702 554,6698 553,6698 507,6698 507,6698 507,6695 506,6694 477,6694 477,6694 477,6691 476,6690 430,6690 429,6689 287,6690 287,6690 287,6686 286,6685 210,6685 210,6685 210,6682 209,6681 193,6681 192,6680 124,6681 124,6680 124,6677 123,6677 115,6677 115,6676 115,6672 114,6672 111,6672 111,6671 111,6664 110,6664 107,6664 107,6663 107,6651 106,6651 102,6651 102,6650 101,6612 102,6612 106,6612 107,6610 107,6608 108,6608 111,6608 111,6607 111,6603 112,6603 115,6603 115,6602 115,6569 116,6569 120,6569 120,6569 120,6572 121,6573 124,6573 124,6573 124,6594 125,6595 154,6595 155,6596 292,6595 292,6596 292,6599 293,6599 296,6599 296,6600 296,6603 297,6603 335,6603 336,6604 438,6603 438,6604 438,6608 439,6608 714,6607 714,6607 714,6574 715,6573 718,6573 718,6574 718,6578 719,6578 722,6578 722,6579 722,6608 723,6608 1024,6607 1024,6606 1024,6603 1025,6603 1028,6603 1028,6602 1028,6586 1029,6586 1032,6586 1032,6585 1032,6578 1033,6578 1037,6578 1037,6577 1037,6565 1038,6565 1041,6565 1041,6564 1041,6560 1042,6560 1045,6560 1045,6559 1045,6556 1046,6556 1050,6556 1050,6555 1050,6552 1051,6552 1054,6552 1054,6551 1054,6548 1055,6548 1058,6548 1058,6547 1058,6543 1059,6543 1071,6543 1071,6542 1071,6539 1072,6539 1096,6539 1097,6540 1097,6543 1098,6544 1101,6544 1101,6544 1101,6603 1102,6604 1377,6602 1377,6602 1377,6544 1378,6543 1381,6543 1381,6543 1381,6540 1382,6539 1454,6539 1454,6539 1454,6542 1455,6543 1459,6543 1459,6543 1459,6594 1460,6595 1536,6595 1537,6596 1738,6595 1738,6595 1739,6650 1739,6651 1935,6650 1936,6649 1936,6647 1937,6646 1936,6556 1936,6556 1933,6556 1932,6555 1932,6552 1932,6552 1925,6552 1924,6551 1924,6539 1925,6539 1958,6539 1958,6538 1958,6535 1959,6535 2010,6535 2010,6534 2010,6530 2011,6530 2012,6530 2013,6531 2199,6530 2199,6529 2199,6526 2200,6526 2208,6526 2208,6526 2208,6529 2209,6530 2216,6530 2216,6530 2216,6594 2217,6595 2393,6594 2393,6593 2393,6591 2394,6591 2401,6591 2401,6590 2401,6586 2402,6586 2406,6586 2406,6585 2406,6582 2407,6582 2410,6582 2410,6582 2410,6594 2411,6595 2436,6595 2436,6595 2436,6598 2437,6599 2440,6599 2440,6599 2441,6651 2441,6652 2630,6651 2631,6650 2630,6603 2631,6603 2634,6603 2634,6602 2634,6599 2635,6599 2647,6599 2647,6598 2647,6595 2648,6595 2836,6594 2836,6593 2836,6591 2837,6591 2841,6591 2841,6591 2841,6594 2842,6595 2875,6595 2876,6596 3112,6595 3112,6594 3112,6591 3113,6591 3215,6590 3215,6590 3215,6540 3216,6539 3250,6539 3250,6540 3250,6595 3251,6595 3387,6595 3388,6596 3396,6596 3396,6596 3396,6599 3397,6600 3409,6599 3409,6600 3409,6603 3410,6603 3417,6603 3417,6604 3418,6608 3418,6608 3421,6608 3422,6609 3422,6616 3422,6616 3425,6616 3426,6617 3426,6625 3426,6625 3429,6625 3430,6626 3430,6634 3430,6634 3434,6634 3435,6635 3435,6638 3434,6638 3430,6638 3430,6639 3430,6672 3429,6672 3426,6672 3426,6673 3426,6677 3425,6677 3422,6677 3422,6678 3422,6681 3421,6681 3417,6681 3417,6682 3417,6685 3416,6685 3405,6685 3405,6686 3405,6690 3404,6690 3388,6691 3387,6690 3232,6690 3232,6690 3232,6686 3231,6685 3185,6685 3184,6684 3030,6685 3030,6685 3030,6682 3029,6681 3013,6681 3012,6680 2793,6681 2793,6682 2793,6685 2792,6685 2681,6686 2681,6686 2681,6745 2681,6746 2639,6746 2638,6745 2638,6741 2638,6741 2635,6741 2634,6740 2634,6715 2633,6715 2496,6715 2496,6715 2496,6685 2495,6684 2255,6685 2254,6684 2134,6685 2134,6685 2134,6682 2133,6681 2014,6682 2013,6681 2005,6681 2005,6681 2005,6751 2005,6752"/><TextEquiv index="1"><Unicode>commerce ſi odieux. Il faut, par ordre</Unicode></TextEquiv></TextLine><TextLine id="r0_l029"><Coords points="809,6982 808,6981 808,6922 807,6922 714,6922 714,6922 714,6919 713,6918 638,6919 637,6918 464,6918 464,6918 464,6914 463,6913 447,6913 446,6912 391,6913 391,6912 391,6909 390,6909 223,6909 223,6909 223,6906 222,6905 219,6905 218,6904 158,6905 158,6904 158,6896 157,6896 124,6896 124,6895 124,6892 123,6892 120,6892 120,6891 120,6888 119,6888 115,6888 115,6887 115,6883 114,6883 111,6883 111,6882 111,6875 110,6875 98,6875 98,6874 98,6870 98,6870 106,6870 107,6869 106,6841 107,6840 107,6836 108,6836 111,6836 111,6835 111,6832 112,6832 115,6832 115,6831 115,6823 116,6823 124,6823 124,6822 124,6819 125,6819 128,6819 128,6818 128,6814 129,6814 141,6814 141,6813 141,6754 142,6754 158,6754 158,6753 158,6750 159,6750 167,6750 167,6750 167,6753 168,6754 171,6754 171,6754 171,6806 172,6807 262,6806 262,6807 262,6810 263,6810 270,6810 270,6811 270,6823 271,6823 404,6823 404,6823 404,6826 405,6827 408,6827 409,6828 451,6827 451,6828 451,6832 452,6832 593,6832 594,6833 920,6831 920,6831 920,6777 921,6776 925,6776 925,6776 925,6772 926,6771 933,6771 933,6772 933,6776 934,6776 946,6776 946,6777 946,6789 947,6789 950,6789 950,6790 950,6802 951,6802 955,6802 955,6803 955,6823 956,6823 1096,6823 1097,6824 1114,6823 1114,6824 1114,6827 1115,6827 1123,6827 1123,6828 1123,6832 1124,6832 1127,6832 1127,6833 1128,6840 1128,6840 1130,6840 1131,6841 1131,6845 1131,6845 1303,6845 1304,6844 1304,6840 1304,6840 1308,6840 1308,6839 1308,6836 1309,6836 1312,6836 1312,6835 1312,6832 1313,6832 1316,6832 1316,6831 1316,6827 1317,6827 1329,6827 1329,6826 1329,6824 1330,6824 1471,6823 1471,6822 1471,6819 1472,6819 1545,6819 1545,6818 1545,6814 1546,6814 1549,6814 1549,6814 1549,6818 1550,6819 1554,6819 1555,6820 1695,6819 1695,6818 1695,6776 1696,6776 1717,6776 1717,6776 1717,6779 1718,6780 1721,6780 1721,6780 1721,6813 1722,6814 1803,6813 1803,6813 1803,6798 1804,6797 1816,6797 1816,6798 1816,6819 1817,6819 1984,6819 1984,6818 1984,6758 1985,6758 1988,6758 1988,6757 1988,6754 1989,6754 2001,6754 2001,6753 2001,6752 2002,6752 2005,6752 2005,6752 2005,6753 2006,6754 2010,6754 2010,6754 2010,6805 2011,6806 2012,6806 2013,6807 2014,6807 2014,6807 2014,6810 2015,6811 2190,6810 2190,6810 2190,6813 2191,6814 2195,6814 2195,6814 2195,6818 2196,6819 2199,6819 2199,6819 2199,6822 2200,6823 2203,6823 2203,6823 2203,6826 2204,6827 2208,6827 2208,6827 2209,6839 2209,6840 2211,6840 2212,6840 2212,6870 2212,6871 2396,6870 2397,6869 2397,6853 2397,6853 2400,6853 2401,6852 2401,6840 2401,6840 2405,6840 2407,6838 2406,6836 2407,6836 2410,6836 2410,6835 2410,6827 2411,6827 2419,6827 2419,6826 2419,6823 2420,6823 2423,6823 2423,6822 2423,6819 2424,6819 2427,6819 2427,6818 2427,6814 2428,6814 2574,6813 2574,6813 2574,6811 2575,6810 2651,6810 2651,6810 2651,6813 2652,6814 2668,6814 2669,6815 2802,6814 2802,6814 2802,6772 2803,6771 2806,6771 2806,6771 2806,6768 2807,6767 2853,6767 2853,6766 2853,6758 2854,6758 2871,6758 2871,6758 2871,6762 2872,6763 2875,6763 2875,6763 2875,6766 2876,6767 2879,6767 2879,6767 2879,6813 2880,6814 3026,6813 3026,6813 3026,6811 3027,6810 3069,6810 3069,6809 3069,6763 3070,6763 3077,6763 3077,6762 3077,6758 3078,6758 3090,6758 3090,6758 3090,6762 3091,6763 3095,6763 3095,6763 3095,6767 3096,6768 3207,6767 3207,6768 3207,6776 3208,6776 3211,6776 3211,6777 3211,6784 3212,6784 3215,6784 3215,6785 3215,6789 3216,6789 3219,6789 3219,6790 3219,6802 3220,6802 3224,6802 3224,6803 3224,6819 3225,6819 3383,6819 3383,6818 3383,6814 3384,6814 3387,6814 3388,6815 3405,6814 3405,6815 3405,6819 3406,6819 3413,6819 3413,6820 3413,6823 3414,6823 3417,6823 3417,6824 3417,6827 3418,6827 3426,6827 3426,6828 3427,6836 3427,6836 3430,6836 3431,6837 3431,6879 3431,6879 3434,6879 3435,6880 3435,6888 3434,6888 3430,6888 3430,6889 3430,6896 3429,6896 3426,6896 3426,6897 3426,6901 3425,6901 3422,6901 3422,6902 3422,6905 3421,6905 3405,6905 3405,6906 3405,6909 3404,6909 3387,6910 3387,6910 3387,6912 3386,6913 3383,6913 3383,6912 3383,6909 3382,6909 3202,6909 3202,6909 3202,6906 3201,6905 3185,6905 3184,6904 3069,6905 3069,6904 3069,6901 3068,6901 2828,6902 2828,6902 2828,6904 2827,6905 2823,6905 2823,6906 2823,6931 2822,6931 2819,6931 2819,6932 2819,6935 2818,6935 2815,6935 2815,6936 2815,6944 2814,6944 2810,6944 2810,6945 2810,6952 2810,6952 2794,6952 2793,6952 2793,6905 2792,6904 2496,6905 2496,6906 2496,6957 2496,6957 2493,6957 2492,6958 2492,6961 2492,6961 2484,6961 2483,6961 2483,6958 2483,6957 2472,6958 2471,6957 2454,6957 2453,6956 2453,6922 2452,6922 2298,6922 2298,6923 2298,6926 2297,6926 2294,6926 2294,6927 2294,6931 2293,6931 2289,6931 2289,6932 2289,6935 2288,6935 2277,6935 2277,6936 2277,6939 2276,6939 2272,6939 2272,6939 2272,6936 2271,6935 2268,6935 2268,6935 2268,6905 2267,6904 1932,6906 1932,6906 1932,6908 1931,6909 1928,6909 1928,6908 1928,6905 1927,6905 1721,6906 1721,6906 1721,6921 1720,6922 1717,6922 1717,6922 1717,6938 1716,6939 1713,6939 1713,6939 1713,6943 1712,6944 1708,6944 1708,6944 1708,6951 1707,6952 1704,6952 1704,6952 1704,6956 1704,6957 1701,6957 1700,6957 1700,6960 1700,6961 1688,6961 1687,6960 1687,6912 1686,6912 1390,6913 1390,6914 1390,6961 1390,6961 1373,6961 1372,6962 1372,6965 1372,6965 1369,6965 1368,6966 1368,6969 1368,6969 1348,6969 1347,6969 1347,6948 1346,6947 1196,6948 1196,6949 1196,6952 1195,6952 1192,6952 1192,6952 1192,6949 1191,6948 1187,6948 1187,6948 1187,6919 1186,6918 1105,6919 1104,6918 860,6919 860,6919 860,6977 860,6978 857,6978 856,6978 856,6981 856,6982"/><TextEquiv index="1"><Unicode>de mon père, que je vive, que j'achève</Unicode></TextEquiv></TextLine><TextLine id="r0_l030"><Coords points="1335,7207 1334,7206 1334,7203 1334,7203 1330,7203 1329,7202 1329,7142 1328,7142 1101,7143 1100,7142 868,7143 867,7142 783,7142 782,7141 580,7142 580,7142 580,7145 579,7146 572,7146 572,7145 572,7142 571,7142 559,7142 559,7141 559,7137 558,7137 503,7137 503,7137 503,7134 502,7133 409,7134 408,7133 378,7133 378,7132 378,7129 377,7129 223,7129 223,7129 223,7125 222,7124 214,7124 213,7123 167,7124 167,7123 167,7116 166,7116 137,7116 137,7115 137,7112 136,7112 128,7112 128,7111 128,7107 127,7107 120,7107 120,7106 120,7103 119,7103 115,7103 115,7102 115,7094 114,7094 111,7094 111,7093 111,7081 110,7081 102,7081 102,7080 102,7073 102,7073 106,7073 107,7072 106,7070 107,7069 107,7056 108,7056 115,7056 115,7055 115,7043 116,7043 120,7043 120,7042 120,7038 121,7038 132,7038 132,7037 132,7017 133,7017 150,7017 150,7016 150,6974 151,6974 158,6974 158,6973 158,6969 159,6969 176,6969 176,6969 176,7034 177,7035 244,7034 244,7035 244,7038 245,7038 257,7038 257,7039 257,7043 258,7043 404,7043 405,7044 434,7043 434,7044 434,7047 435,7047 585,7047 586,7048 1011,7046 1011,7045 1011,7043 1012,7043 1058,7043 1059,7044 1196,7043 1197,7044 1476,7043 1476,7042 1476,7038 1477,7038 1553,7038 1554,7039 1713,7038 1713,7037 1713,7013 1714,7013 1717,7013 1717,7013 1717,7016 1718,7017 1721,7017 1721,7017 1721,7037 1722,7038 1893,7037 1893,7037 1893,7035 1894,7034 1906,7034 1906,7034 1906,7031 1907,7030 1915,7030 1915,7030 1915,7033 1916,7034 2013,7034 2014,7035 2234,7034 2234,7033 2234,7030 2235,7030 2302,7029 2302,7029 2302,7026 2303,7025 2410,7025 2410,7024 2410,6982 2411,6982 2414,6982 2414,6981 2414,6978 2415,6978 2419,6978 2419,6977 2419,6974 2420,6974 2432,6974 2432,6974 2432,6977 2433,6978 2436,6978 2436,6978 2436,7030 2437,7031 2681,7030 2682,7031 2802,7030 2803,7031 2987,7030 2987,7031 2987,7034 2988,7034 3000,7034 3000,7035 3000,7038 3001,7038 3004,7038 3005,7039 3228,7038 3228,7038 3228,6979 3229,6978 3232,6978 3232,6978 3232,6975 3233,6974 3310,6974 3310,6974 3310,6977 3311,6978 3314,6978 3314,6978 3314,7034 3315,7035 3422,7034 3422,7035 3422,7038 3423,7038 3430,7038 3430,7039 3430,7043 3431,7043 3439,7043 3439,7044 3440,7107 3440,7107 3442,7107 3443,7108 3443,7120 3443,7120 3447,7120 3448,7121 3448,7142 3447,7142 3443,7142 3443,7143 3443,7150 3442,7150 3439,7150 3439,7151 3439,7159 3438,7159 3435,7159 3435,7160 3435,7163 3434,7163 3430,7163 3430,7164 3430,7168 3429,7168 3426,7168 3426,7169 3426,7172 3425,7172 3422,7172 3422,7173 3422,7180 3422,7180 3397,7181 3396,7180 3396,7129 3395,7129 3181,7129 3181,7130 3181,7133 3180,7133 3176,7133 3176,7134 3176,7137 3175,7137 3172,7137 3172,7137 3172,7134 3171,7133 3168,7134 3168,7133 3168,7130 3167,7130 3163,7130 3162,7129 2974,7129 2974,7129 2974,7125 2973,7124 2965,7124 2965,7124 2965,7121 2964,7120 2957,7120 2956,7119 2789,7120 2789,7121 2789,7189 2789,7189 2786,7189 2785,7189 2785,7121 2784,7120 2701,7121 2700,7120 2432,7121 2432,7121 2432,7123 2431,7124 2328,7124 2328,7125 2328,7129 2327,7129 2246,7130 2246,7130 2246,7133 2245,7134 2238,7134 2238,7134 2238,7136 2237,7137 2225,7137 2225,7136 2225,7133 2224,7133 2221,7133 2221,7132 2221,7129 2220,7129 2134,7129 2133,7128 1919,7129 1919,7129 1919,7132 1918,7133 1906,7133 1906,7134 1906,7137 1905,7137 1816,7137 1816,7138 1816,7142 1815,7142 1807,7142 1807,7142 1807,7138 1806,7137 1803,7137 1803,7137 1803,7133 1802,7132 1738,7133 1737,7132 1381,7133 1381,7134 1381,7198 1381,7198 1356,7198 1355,7199 1355,7202 1355,7202 1339,7202 1338,7203 1338,7206 1338,7206"/><TextEquiv index="1"><Unicode>de me corrompre avec cet homme vil;</Unicode></TextEquiv></TextLine><TextLine id="r0_l031"><Coords points="2540,7191 2863,7189 2863,7400 2540,7402"/><TextEquiv index="1"><Unicode>Eii</Unicode></TextEquiv></TextLine></TextRegion></Page></PcGts>