4266 8558
2310 545 2804 737 roo
948 789 4174 1019 que je dépende de lui, pour mon exiſ-
943 1006 4165 1216 tence. Je ſuis bien malheureux. Et qu'eſt-
939 1215 4165 1432 ce encore que ce Chevalier de Loutraille,
931 1428 4153 1650 qui ne ſe montre point? Encore quel-
939 1641 4157 1859 qu'impoſteur qui va me tomber des nues
927 1850 4144 2072 au premier jour. Le ſcélérat écrit dans
927 2063 4224 2275 ce moment, c'eſt ſans doute à mon père.
582 2275 4153 2477 Je vais écrire auſſi de mon côté; mais
918 2485 4140 2707 pourrai-je l'emporter ſur ce fourbe pro-
923 2710 1408 2867 fond?
1131 2893 4128 3125 Qu'eſt-ce que ce voyage de mon père?
918 3116 4132 3325 Où va-t-il? En Amérique ſans doute. Il
680 3334 4129 3564 a, je crois, fait l'acquiſition d'un bien
680 3539 4119 3752 d'Outremer, qu'il va viſiter pour ſe
910 3756 4190 3970 diſtraire. Ecris-moi aſſidûment. Tes lettres
609 3965 4015 4209 ſeront preſque ma ſeule conſolation.
2012 4377 4129 4561 L
910 4404 1987 4547 .
998 4756 4088 5026 Le Chevalier Marqué, à Monſieur de
1875 5080 3239 5320 Perlencour père.
3208 5439 3885 5604 Paris.
943 5820 4082 6067 orre fils, Monſieur, répugne à
860 6054 4078 6293 m'obéir; mais je compte le gagner par
856 6269 4069 6489 toutes les condeſcendances compatibles
851 6480 4069 6698 avec la fermeté, qui m'eſt néceſſaire,
839 6698 4061 6915 pour contenir un caractère ſi fougueux.
