4266 8596
2120 384 2817 617 oz
738 621 4170 854 ſi indigne qu'on l'avançoit; & je me flattai
910 851 4161 1070 que le temps, en éclairant ma conduite,
914 1061 4236 1280 vous feroit voir ma parfaite innocence,
927 1276 4156 1493 & me juſtifieroit pleinement à vos yeux.
604 1487 4156 1704 Ce temps n'eſt pas encore entièrement
785 1704 4153 1916 venu, Monſieur; mais vous partez; vous
914 1914 4240 2137 ne pouvez plus être informé, en dé-
914 2131 4240 2348 rail, de ma conduite, & je ne veux pas
738 2338 4240 2765 iaiiee là e i e e e q quiaoa
910 2765 4219 2976 c'eſt moi, Chevalier de Loutraille, qui
902 2976 4219 3186 porte auſſi le nom de Chevalier Marqué.
902 3182 4216 3405 Les deux ne font qu'un. C'eſt moi ſeul
910 3401 4215 3616 que vous avez chargé de Monſieur votre
910 3614 4215 3821 fils, de ſon revenu, & qui vous ren-
700 3819 4162 4043 drai bon compte de l'un & de l'autre.
914 4039 4161 4255 Oui, c'eſt moi, Monſieur; prenez vos
910 4249 4161 4460 diſpoſitions en conſéquence; arrachez-
629 4459 4161 4669 moi votre confiance. Je ne m'en plain-
923 4669 4161 4884 drai pas; je me contenterai de n'avoit
910 4883 4152 5093 pas mérité ce traitement de votre part;
914 5089 4198 5307 choiſiſſez un autre guide, pour Monſieur
919 5306 4198 5520 votre fils; mais il ne ſera pas dit que
763 5519 4190 5734 j'aurai trompé un galant homme, &
759 5718 4194 5941 que j'aurai abuſé de ſon abſence, pour
919 5950 4148 6164 m'approprier des revenus qui ne m'ap
910 6160 2376 6374 partiennent pas.
