4266 8399
1209 499 2221 747 io
1 897 3292 1064 .S
491 1275 2939 1486 Monſieur de Perlencour père,
848 1636 2586 1827 au Chevalier Marqué.
2602 1981 3150 2103 Breſt.
15 2343 3308 2591 J'étois bien sûr, Monſieur, de la
15 2589 3300 2799 parfaite honnêteté du Chevalier de Lou-
19 2796 3304 3003 traille; j'apprends avec plaiſir que c'eſt
19 2999 3300 3211 vous qui êtes ce galant homme, & je
15 3206 3300 3417 vous en félicite. La franchiſe, avec laquelle
23 3417 3304 3621 vous voulez bien m'avouer que vous
149 3616 3299 3819 êtes auſſi le Chevalier Marqué, m'aſſure
153 3823 3304 4025 que vous êtes véritablement l'honnête-
31 4022 3308 4233 homme que vous prétendez être, &
31 4233 3304 4432 qui m'avoit été recommandé; & cette
32 4428 3308 4643 ſincérité, de votre part, achève de vous
44 4644 3309 4839 gagner mon eſtime. Je continue de vous
41 4847 3313 5046 recommander mon ſils; ſervez lui de
47 5053 3300 5252 père pendant mon abſence; je vois clai-
39 5260 3494 5464 rement que je ne pouvois le confier en
31 5451 1757 5622 de meilleures mains.
2529 6702 2870 6853 E iv
