4266 8690
1419 551 1953 754 ios
63 804 3329 1034 toutes les ſottiſes qui me ſont échappées,
58 1024 3329 1243 & dont je me reſſentirai toute ma vie.
67 1236 3334 1453 C'eſt lui qui, ſecondé d'une infâme
67 1452 3334 1673 Frédégonde, m'a précipité dans l'abîme.
67 1668 3334 1880 Vous avez dû entendre parler de ces
75 1880 3617 2100 deux indignes perſonnages. C'eſt me jeter
71 2092 3329 2308 de gaîté de cœur dans le déſordre, que
80 2308 3334 2524 de me mettre ſous la conduite du Che-
80 2520 3334 2732 valier Marqué. Daignez ouvrir les yeux,
89 2741 3335 2949 cher auteur de mes jours; & ne perdez
84 2952 3321 3170 pas vous-même, par votre propre faute,
84 3164 3329 3382 celui à qui vous avez donné la vie &
84 3372 940 3537 l'éducation.
246 3593 3335 3801 Mandez-moi, je vous prie, des nou-
80 3804 3329 4023 velles de la ſanté d'une mère qui m'eſt
80 4016 3329 4232 bien chère, & à qui je l'ai été trop, peut-
81 4241 377 4394 être.
76 4669 3343 4864 L
136 5063 3207 5330 M. de Perlencour père, à ſon fils.
84 5606 3346 5881 ous avez connu pour un honnête-
46 5850 3355 6309 ameau vovs sires qui a ddiaaarl l
80 6291 3350 6512 eſt avec vous; ſachez que le Chevalier
80 6490 3355 6727 de Loutraille n'eſt autre que le Che-
75 6706 3363 6948 valier Marqué. Je connois vos préven-
2529 6944 3034 7148 Ev
