4266 8395
1503 488 2316 687 1i
222 742 3359 955 à la mort de ma ſœur, celui d'immoler
218 952 3364 1162 ſon amant; car, à dire le vrai, je ne
226 1157 3348 1369 ſuis pas foible dans le malheureux art
218 1368 3352 1575 de l'eſcrime; &, s'il veut abſolument
214 1571 3347 1801 la mort, il faudra bien en venir à cette
219 1776 1776 2004 fatale concluſion.
1 2210 3353 2394 ea
382 2625 3165 2855 Le Chevalier Marqué, à Frédégonde.
1 3151 3336 3361 e charme eſt détruit, belle ſcélérate;
1 3363 3631 3588 l'illuſion eſt diſſipée. Le jeune - homme
1 3567 3636 3786 voit clair. Il reconnoît que nous ſommes
1 3770 3343 3985 deux mauvais ſujets. Il nous échappera
1 3976 3335 4193 au premier moment, malgré les ordres
1 4180 3372 4402 de ſon père. Il eſt vrai que je le tiens
3 4395 3331 4591 par la bourſe; mais il frémit ſous le
1 4599 3335 4806 joug, & il n'eſt pas tout à nous, quand
1 4794 3481 5014 ſon cœur & ſon eſprit nous repouſſent.
31 4997 3327 5222 Il faut trouver quelqu'expédient pour
7 5204 3327 5429 regagner ſa confiance. Réuniſſons - nous
27 5424 3546 5633 pour nos intérêts. Toi qui joins la plus
15 5619 3315 5834 profonde fourberie à la plus extrême
12 5821 841 6022 violence,
410 6213 2844 6384 Invente des reſſorts qui puiſſent l'attacher.
20 6477 3320 6713 J'ai toujours la ſantaiſie d'avoir cette
