<PcGts xmlns="http://schema.primaresearch.org/PAGE/gts/pagecontent/2017-07-15" xmlns:xsi="http://www.w3.org/2001/XMLSchema-instance" xsi:schemaLocation="http://schema.primaresearch.org/PAGE/gts/pagecontent/2017-07-15 http://schema.primaresearch.org/PAGE/gts/pagecontent/2017-07-15/pagecontent.xsd"><Metadata><Creator>User123</Creator><Created>2020-10-14T11:41:59</Created><LastChange>2020-10-14T11:41:59</LastChange></Metadata><Page imageFilename="0119.png" imageHeight="8413" imageWidth="4266"><TextRegion id="r0" type="paragraph" orientation="-0.0"><Coords points="1,1 4264,1 4264,8411 1,8411"/><TextLine id="r0_l001"><Coords points="2187,675 2048,675 2047,675 2047,674 2047,673 1941,673 1940,672 1936,672 1935,672 1935,668 1934,667 1934,665 1935,664 1935,663 1936,662 1942,662 1942,662 1942,416 1943,415 1944,415 1944,415 1944,408 1945,407 2688,407 2688,408 2688,409 2689,410 2689,411 2690,411 2717,411 2717,412 2717,621 2718,621 3025,621 3026,623 3026,624 3025,625 2364,625 2363,626 2363,676"/><TextEquiv index="1"><Unicode></Unicode></TextEquiv></TextLine><TextLine id="r0_l002"><Coords points="2303,890 2302,889 1011,889 1006,884 1005,884 1004,884 1004,836 1004,835 853,835 852,835 852,834 851,833 851,832 851,831 845,831 843,830 843,821 845,819 846,819 847,818 847,817 850,814 851,814 851,814 851,748 852,747 852,746 854,744 855,744 856,743 856,738 858,736 859,736 860,735 860,730 862,728 863,728 864,727 864,717 865,716 866,716 867,715 868,715 868,715 868,709 869,708 870,708 872,706 872,701 874,699 875,699 877,697 877,696 878,695 879,695 881,693 881,692 882,691 892,691 892,691 892,690 893,689 893,688 894,687 1250,687 1251,686 1251,685 1253,683 1935,683 1935,683 1935,673 1936,672 1940,672 1941,673 1943,673 1943,674 1943,675 1944,675 3468,675 3469,674 3473,674 3475,677 3475,678 3476,678 3493,678 3494,679 3495,679 3495,680 3495,681 3498,683 3503,683 3504,685 3504,724 3505,724 3635,724 3636,726 3636,727 3638,728 3915,728 3915,729 3915,730 3916,731 3916,736 3917,736 4017,736 4019,739 4019,740 4020,740 4021,740 4023,743 4023,806 4024,806 4030,806 4031,808 4031,813 4029,815 4028,815 4027,816 4027,817 4025,819 4024,819 4023,820 4023,823 4024,823 4224,823 4225,825 4225,829 4224,830 4224,831 4224,831 4024,831 4023,832 4023,838 4022,839 3199,839 3198,840 3198,886 3198,886 2899,886 2898,887 2898,890 2898,890"/><TextEquiv index="1"><Unicode>ſuperbe Laure de Lyſange; continues-tu</Unicode></TextEquiv></TextLine><TextLine id="r0_l003"><Coords points="2212,1098 2211,1098 2211,1097 2210,1096 2210,1042 2210,1041 915,1041 913,1040 913,1038 913,1037 883,1037 880,1035 880,1034 880,1033 875,1033 866,1024 865,1024 864,1024 864,1023 862,1020 861,1020 860,1020 860,1019 858,1016 857,1016 856,1016 856,1015 854,1012 853,1012 852,1012 852,1011 851,1010 851,978 854,975 855,975 855,975 855,974 858,971 859,971 859,971 859,970 866,963 871,963 872,962 872,961 875,958 876,958 876,958 876,957 879,954 880,954 880,954 880,953 883,950 884,950 884,950 884,949 887,946 901,946 901,946 901,899 903,897 908,897 909,896 909,895 911,893 2301,893 2301,893 2301,891 2302,890 2446,890 2447,889 2448,889 2449,888 2943,888 2943,888 2943,887 2946,884 2948,886 3199,886 3201,888 3633,888 3634,889 3928,889 3928,890 3928,891 3929,892 3929,893 3930,893 3940,893 3940,894 3940,897 3941,897 4105,897 4105,898 4105,917 4106,917 4132,917 4133,918 4134,918 4134,919 4134,920 4137,922 4138,922 4138,923 4138,925 4137,926 4028,926 4027,927 4027,1019 4026,1020 4025,1020 4023,1022 4023,1031 4021,1033 4020,1033 4019,1034 4019,1035 4017,1037 4016,1037 4015,1038 4015,1039 4013,1041 2261,1041 2260,1042 2260,1069 2259,1070 2220,1070 2219,1071 2219,1086 2220,1086 4228,1086 4229,1088 4229,1093 4228,1094 2220,1094 2219,1095 2219,1097 2218,1098"/><TextEquiv index="1"><Unicode>de la condamner à l'humiliation? Me la</Unicode></TextEquiv></TextLine><TextLine id="r0_l004"><Coords points="2408,1305 2407,1305 2407,1302 2407,1301 2140,1301 2139,1300 2138,1300 2136,1299 2136,1298 2136,1297 2135,1296 2134,1296 2132,1295 2132,1268 2132,1267 886,1267 884,1266 884,1265 884,1264 883,1264 880,1262 880,1240 880,1239 871,1239 870,1238 869,1238 868,1238 868,1237 866,1234 865,1234 864,1234 864,1233 862,1230 861,1230 860,1230 860,1229 858,1226 857,1226 856,1226 856,1225 854,1222 853,1222 852,1222 852,1221 851,1220 851,1188 854,1185 855,1185 855,1185 855,1184 856,1183 856,1179 859,1176 860,1176 860,1176 860,1170 861,1169 862,1169 864,1167 864,1166 865,1165 866,1165 867,1164 872,1164 872,1164 872,1163 875,1160 892,1160 893,1159 893,1158 895,1156 901,1156 901,1156 901,1105 903,1103 908,1103 909,1102 909,1101 911,1099 2212,1099 2213,1098 3685,1098 3685,1098 3685,1097 3688,1094 3712,1094 3713,1095 3948,1095 3949,1097 3949,1098 3951,1099 3952,1099 3953,1101 3953,1107 3954,1107 4232,1107 4233,1109 4233,1304 4233,1304 4019,1304 4018,1304 4018,1303 4018,1302 3493,1302 3492,1301 2419,1301 2418,1302 2418,1305 2418,1305"/><TextEquiv index="1"><Unicode>deſtines - tu toujours dans tes profonds</Unicode></TextEquiv></TextLine><TextLine id="r0_l005"><Coords points="4015,1512 4014,1511 2663,1511 2662,1510 2661,1510 2660,1510 2660,1509 2658,1506 2653,1506 2651,1505 2651,1470 2651,1469 885,1469 884,1470 884,1490 884,1490 878,1490 876,1489 876,1446 876,1445 875,1445 872,1443 872,1442 872,1441 867,1441 866,1440 865,1440 864,1440 864,1439 858,1432 857,1432 856,1432 856,1393 858,1391 859,1391 860,1390 860,1385 867,1378 868,1378 868,1378 868,1377 871,1374 876,1374 876,1374 876,1373 879,1370 884,1370 884,1370 884,1369 887,1366 900,1366 901,1365 901,1311 903,1309 916,1309 917,1308 917,1307 919,1305 920,1305 921,1304 931,1304 932,1305 933,1305 934,1307 934,1309 935,1309 2404,1309 2404,1309 2404,1307 2406,1305 3226,1305 3227,1304 3491,1304 3491,1304 3491,1303 3492,1302 3496,1302 3496,1303 3496,1304 3497,1304 4233,1304 4233,1305 4233,1509 4232,1510 4231,1510 4230,1511 4028,1511 4027,1512"/><TextEquiv index="1"><Unicode>deſſeins? Je ne vois pas juſqu'ici que</Unicode></TextEquiv></TextLine><TextLine id="r0_l006"><Coords points="1950,1721 1941,1712 1430,1712 1428,1711 1428,1710 1427,1708 1426,1708 1424,1707 1424,1706 1423,1704 1422,1704 1420,1703 1420,1664 1420,1663 858,1663 856,1662 856,1661 855,1659 854,1659 851,1657 851,1650 852,1649 852,1648 854,1646 855,1646 855,1646 855,1589 856,1588 856,1586 857,1585 858,1585 860,1583 860,1582 861,1581 862,1581 864,1579 864,1578 866,1576 871,1576 872,1575 872,1574 874,1572 1192,1572 1193,1574 1193,1575 1195,1576 2148,1576 2149,1575 2149,1574 2151,1572 2230,1572 2231,1571 2231,1570 2233,1568 2338,1568 2338,1568 2338,1554 2340,1552 2341,1552 2342,1551 2342,1550 2344,1548 2345,1548 2346,1547 2346,1546 2349,1543 2350,1543 2350,1543 2350,1535 2351,1534 2351,1533 2352,1532 2353,1531 2354,1531 2355,1530 2355,1524 2356,1523 2362,1523 2363,1522 2363,1521 2365,1519 2933,1519 2934,1518 2935,1518 2935,1518 2935,1517 2937,1515 2938,1515 2939,1514 2947,1514 2948,1513 2948,1512 2949,1511 2950,1511 2951,1510 3378,1510 3379,1511 3380,1511 3380,1512 3380,1513 3382,1514 4014,1514 4014,1514 4014,1513 4015,1512 4027,1512 4027,1513 4027,1531 4028,1531 4232,1531 4233,1533 4233,1711 4232,1712 4226,1712 4225,1712 4225,1711 4224,1710 4224,1701 4224,1700 3839,1700 3837,1699 3837,1697 3837,1696 3835,1696 3833,1695 3833,1664 3833,1663 3399,1663 3396,1661 3396,1660 3396,1659 2619,1659 2618,1660 2618,1691 2617,1692 2616,1692 2614,1694 2614,1695 2613,1696 2612,1696 2610,1698 2610,1699 2609,1700 2608,1700 2607,1701 2606,1702 2606,1703 2605,1704 2604,1704 2603,1705 2602,1706 2602,1707 2601,1708 2596,1708 2593,1711 2593,1712 2593,1712 2588,1712 2585,1715 2585,1716 2585,1716 2549,1716 2548,1717 1994,1717 1992,1719 1992,1720 1992,1720 1991,1720 1990,1721"/><TextEquiv index="1"><Unicode>nous ayons gagné grand'choſe. Nous</Unicode></TextEquiv></TextLine><TextLine id="r0_l007"><Coords points="3994,1919 3993,1918 3991,1918 3990,1918 3990,1915 3990,1914 2393,1914 2392,1915 2392,1917 2391,1918 2352,1918 2351,1918 2351,1907 2350,1906 2350,1874 2350,1873 1327,1873 1325,1872 1325,1870 1325,1869 854,1869 851,1867 851,1866 851,1865 846,1865 844,1864 843,1863 843,1858 843,1857 842,1857 839,1855 839,1817 838,1815 837,1815 835,1814 835,1801 837,1799 842,1799 843,1798 843,1797 844,1796 845,1795 846,1795 847,1794 847,1793 849,1791 850,1791 851,1790 859,1790 860,1789 860,1788 861,1787 862,1787 864,1785 864,1784 866,1782 1057,1782 1057,1782 1057,1781 1060,1778 1370,1778 1370,1778 1370,1732 1371,1731 1371,1730 1372,1729 1373,1729 1374,1728 1374,1727 1376,1725 1389,1725 1390,1724 1396,1724 1397,1725 3070,1725 3071,1724 3071,1723 3074,1720 4231,1720 4233,1723 4233,1899 4233,1899 4024,1899 4023,1900 4023,1913 4022,1914 3999,1914 3998,1915 3998,1918 3998,1918 3996,1918 3995,1919"/><TextEquiv index="1"><Unicode>avons fait beaucoup de mal; nous nous</Unicode></TextEquiv></TextLine><TextLine id="r0_l008"><Coords points="3517,2136 3516,2136 3516,2135 3516,2134 3514,2132 3513,2132 3512,2132 3512,2105 3512,2104 3231,2104 3230,2103 3229,2103 3228,2103 3228,2092 3228,2091 3221,2091 3219,2090 3219,2084 3219,2083 1348,2083 1345,2081 1345,2080 1345,2079 1336,2079 1333,2077 1333,2076 1333,2075 854,2075 851,2073 851,2072 851,2071 842,2071 839,2069 839,2056 841,2054 843,2054 843,2054 843,1995 846,1992 847,1992 847,1992 847,1991 850,1988 855,1988 855,1988 855,1987 858,1984 859,1984 860,1983 860,1969 861,1968 862,1968 864,1966 864,1957 866,1955 867,1955 868,1954 868,1953 869,1952 870,1951 871,1951 872,1950 872,1949 874,1947 875,1947 876,1946 876,1945 878,1943 879,1943 880,1942 880,1937 882,1935 887,1935 889,1933 889,1932 890,1931 891,1931 892,1930 900,1930 901,1929 901,1928 902,1927 903,1927 904,1926 4220,1926 4220,1926 4220,1924 4220,1923 452,1923 451,1923 451,1921 452,1920 452,1919 453,1918 456,1918 456,1918 456,1916 458,1914 4220,1914 4220,1914 4220,1904 4222,1902 4223,1902 4226,1899 4233,1899 4233,1900 4233,2098 4232,2099 3525,2099 3524,2100 3524,2132 3524,2132 3523,2132 3522,2133 3520,2135 3520,2136 3520,2136"/><TextEquiv index="1"><Unicode>ſommes rendus bien odieux, &amp; c'eſt</Unicode></TextEquiv></TextLine><TextLine id="r0_l009"><Coords points="848,2166 1277,2166 1277,2286 848,2286"/><TextEquiv index="1"><Unicode>tout.</Unicode></TextEquiv></TextLine><TextLine id="r0_l010"><Coords points="1387,2583 1385,2581 1380,2581 1379,2581 1379,2580 1374,2574 1318,2574 1317,2575 1317,2576 1316,2577 1306,2577 1305,2577 1305,2576 1304,2575 1304,2570 1304,2569 1303,2569 1300,2567 1300,2566 1300,2565 1299,2565 1296,2563 1296,2558 1296,2557 1236,2557 1235,2558 1235,2559 1233,2561 1232,2561 1230,2563 1230,2568 1229,2569 1228,2569 1226,2571 1226,2581 1226,2581 1220,2581 1218,2580 1218,2579 1217,2577 1208,2577 1207,2576 1152,2576 1151,2577 1134,2577 1131,2580 1131,2581 1131,2581 1130,2581 1129,2582 1116,2582 1115,2581 1086,2581 1085,2580 1079,2580 1078,2579 1075,2579 1074,2579 1074,2577 1074,2576 1069,2576 1068,2575 1067,2575 1066,2574 1065,2574 1064,2573 1063,2573 1061,2572 1061,2539 1069,2531 1070,2531 1070,2531 1070,2525 1071,2524 1072,2524 1074,2522 1074,2521 1075,2520 1076,2520 1077,2519 1082,2519 1082,2519 1082,2518 1085,2515 1102,2515 1103,2514 1103,2513 1105,2511 1155,2511 1156,2513 1156,2514 1158,2515 1221,2515 1225,2511 1230,2511 1230,2511 1230,2510 1233,2507 1238,2507 1238,2507 1238,2506 1241,2503 1250,2503 1251,2505 1251,2506 1253,2507 1295,2507 1296,2509 1296,2510 1298,2511 1299,2511 1301,2514 1301,2515 1302,2515 1307,2515 1308,2516 1364,2516 1365,2515 1374,2515 1374,2515 1374,2514 1377,2511 1431,2511 1432,2513 1432,2514 1434,2515 1447,2515 1449,2518 1449,2519 1450,2519 1451,2519 1453,2522 1453,2523 1454,2523 1455,2523 1457,2526 1457,2527 1458,2527 1459,2527 1461,2530 1461,2568 1463,2569 1464,2569 1465,2571 1465,2572 1467,2573 1468,2573 1469,2575 1469,2577 1469,2577 1468,2577 1466,2579 1465,2579 1464,2580 1462,2580 1461,2581 1450,2581 1449,2582 1420,2582 1419,2583"/><TextEquiv index="1"><Unicode>L</Unicode></TextEquiv></TextLine><TextLine id="r0_l011"><Coords points="2908,2583 2908,2582 2875,2582 2874,2581 2868,2581 2867,2580 2865,2580 2864,2579 2862,2579 2861,2578 2860,2578 2857,2576 2857,2575 2859,2573 2864,2573 2865,2572 2865,2547 2866,2546 2866,2545 2867,2544 2869,2544 2869,2544 2869,2535 2870,2534 2870,2533 2871,2532 2872,2532 2874,2530 2874,2529 2875,2528 2876,2528 2878,2526 2878,2525 2879,2524 2884,2524 2885,2523 2886,2523 2886,2523 2886,2522 2889,2519 2902,2519 2902,2519 2902,2518 2905,2515 2919,2515 2919,2515 2919,2514 2920,2513 2920,2508 2921,2507 2921,2502 2922,2501 2922,2495 2923,2494 2923,2492 2923,2491 2835,2491 2832,2489 2832,2485 2835,2482 2926,2482 2926,2483 2926,2511 2927,2511 3091,2511 3092,2513 3092,2514 3094,2515 3247,2515 3248,2517 3248,2518 3249,2519 3249,2523 3250,2523 3258,2523 3259,2524 3260,2524 3261,2526 3261,2531 3263,2532 3264,2532 3265,2534 3265,2568 3267,2569 3268,2569 3269,2571 3269,2572 3270,2573 3271,2573 3272,2573 3273,2575 3273,2576 3274,2577 3274,2578 3274,2578 3273,2578 3272,2579 3271,2579 3270,2580 3268,2580 3267,2581 3252,2581 3251,2582 3243,2582 3242,2583 3221,2583 3220,2584 3027,2584 3026,2585 2912,2585 2911,2586"/><TextEquiv index="1"><Unicode></Unicode></TextEquiv></TextLine><TextLine id="r0_l012"><Coords points="4206,2730 4204,2729 4204,2644 4204,2643 4024,2643 4023,2644 4023,2658 4021,2660 4020,2660 4019,2661 4019,2662 4017,2664 3983,2664 3982,2665 3982,2666 3980,2668 3980,2668 3979,2668 3977,2670 3977,2675 3976,2676 3975,2676 3973,2678 3973,2683 3968,2688 3963,2688 3961,2690 3961,2691 3959,2693 3954,2693 3953,2694 3953,2695 3951,2697 3888,2697 3887,2698 3887,2704 3886,2705 3885,2705 3883,2707 3883,2708 3882,2709 3860,2709 3858,2708 3858,2702 3858,2701 3634,2701 3631,2699 3631,2698 3631,2697 3077,2697 3075,2699 3075,2700 3074,2701 3016,2701 3013,2699 3013,2698 3013,2697 3012,2697 3010,2696 3010,2695 3009,2694 3009,2685 3009,2684 2508,2684 2507,2685 2507,2696 2507,2696 2506,2696 2503,2699 2503,2700 2502,2701 2394,2701 2392,2700 2392,2681 2392,2680 1899,2680 1898,2681 1898,2695 1896,2697 1846,2697 1844,2699 1844,2700 1843,2701 1842,2701 1841,2700 1840,2700 1840,2699 1839,2697 1830,2697 1828,2696 1828,2695 1827,2693 1419,2693 1319,2693 1317,2695 1317,2696 1317,2696 1316,2696 1315,2697 1273,2697 1272,2698 1272,2699 1270,2701 1005,2701 1004,2702 1004,2721 1004,2721 1003,2721 1002,2722 1001,2722 1000,2723 1000,2725 1000,2725 999,2725 998,2726 995,2724 995,2702 995,2701 957,2701 954,2699 954,2698 954,2697 933,2697 932,2696 931,2696 930,2696 930,2695 929,2693 879,2693 876,2691 876,2669 876,2668 858,2668 856,2667 856,2666 855,2664 854,2664 851,2662 851,2661 851,2660 850,2660 847,2658 847,2657 846,2655 845,2655 843,2654 843,2649 842,2647 841,2647 839,2646 839,2629 842,2626 843,2626 843,2626 843,2617 846,2614 847,2614 847,2614 847,2613 852,2608 852,2607 853,2606 863,2606 863,2606 863,2605 864,2604 864,2603 865,2602 897,2602 897,2602 897,2600 904,2593 905,2593 905,2593 905,2592 908,2589 909,2589 909,2589 909,2588 912,2585 913,2585 913,2585 913,2584 916,2581 921,2581 921,2581 921,2580 924,2577 925,2577 925,2577 925,2576 928,2573 945,2573 946,2572 946,2571 948,2569 1012,2569 1012,2569 1012,2559 1015,2556 1016,2556 1016,2556 1016,2555 1019,2552 1021,2555 1021,2556 1022,2556 1514,2556 1515,2555 1515,2554 1517,2552 1521,2552 1523,2555 1523,2556 1524,2556 1593,2556 1600,2563 2088,2563 2089,2562 2089,2561 2093,2557 2201,2557 2202,2556 2208,2556 2209,2557 2210,2557 2210,2558 2211,2559 2211,2560 2213,2561 2814,2561 2815,2560 2816,2560 2816,2560 2816,2559 2819,2556 3314,2556 3314,2556 3314,2555 3317,2552 3434,2552 3434,2552 3434,2538 3435,2537 3814,2537 3825,2526 3825,2525 3827,2523 3832,2528 3833,2528 3833,2529 3833,2544 3834,2544 3890,2544 3891,2546 3891,2548 3892,2548 4215,2548 4216,2550 4216,2551 4218,2552 4223,2552 4224,2554 4224,2556 4223,2557 4222,2557 4221,2558 4221,2571 4220,2572 4220,2573 4220,2573 4217,2573 4216,2574 4216,2614 4216,2614 4214,2614 4212,2616 4212,2729 4212,2729 4211,2729 4210,2730"/><TextEquiv index="1"><Unicode>.</Unicode></TextEquiv></TextLine><TextLine id="r0_l013"><Coords points="1001,2866 4082,2866 4082,3085 1001,3085"/><TextEquiv index="1"><Unicode>Frédégonde, au Chevalier Marqué.</Unicode></TextEquiv></TextLine><TextLine id="r0_l014"><Coords points="894,3373 881,3360 880,3360 871,3351 870,3351 866,3347 865,3347 861,3344 862,3343 863,3343 864,3342 864,3333 866,3331 867,3331 868,3330 868,3325 871,3322 872,3322 872,3322 872,3316 873,3315 874,3315 875,3314 876,3314 876,3314 876,3308 878,3306 879,3306 881,3304 881,3303 882,3302 888,3302 888,3302 888,3301 900,3289 901,3289 901,3289 901,3283 902,3282 903,3282 905,3280 905,3279 906,3278 907,3278 914,3271 914,3270 915,3269 921,3269 921,3269 921,3268 922,3267 922,3266 923,3265 929,3265 929,3265 929,3264 932,3261 937,3261 938,3260 938,3259 940,3257 949,3257 950,3256 950,3255 952,3253 953,3253 954,3252 954,3251 957,3248 970,3248 971,3247 971,3246 972,3245 973,3245 974,3244 1056,3244 1057,3246 1057,3247 1059,3248 1064,3248 1066,3251 1066,3252 1067,3252 1088,3252 1089,3253 1090,3253 1090,3254 1090,3255 1093,3257 1102,3257 1103,3259 1103,3260 1105,3261 1106,3261 1107,3263 1107,3317 1106,3318 1102,3318 1101,3319 1100,3319 1099,3320 1099,3321 1097,3323 1093,3323 1090,3321 1090,3320 1090,3319 1089,3319 1086,3317 1086,3300 1085,3298 1084,3298 1082,3297 1082,3287 1082,3286 1081,3286 1078,3284 1078,3283 1078,3282 1077,3282 1074,3280 1074,3275 1073,3273 1072,3273 1070,3272 1070,3271 1069,3269 1068,3269 1065,3267 1065,3266 1065,3265 1047,3265 1045,3264 1045,3263 1044,3261 1018,3261 1017,3262 1017,3263 1015,3265 985,3265 984,3266 984,3267 982,3269 977,3269 975,3271 975,3276 975,3276 973,3278 972,3278 971,3279 971,3280 970,3281 965,3281 963,3283 963,3284 961,3286 960,3286 959,3287 959,3288 957,3290 957,3290 956,3290 955,3291 955,3292 955,3292 953,3294 952,3294 951,3295 950,3296 950,3297 949,3298 948,3298 946,3300 946,3309 944,3311 943,3311 942,3312 942,3322 942,3322 941,3322 938,3325 938,3330 937,3331 931,3331 930,3332 930,3346 929,3347 928,3347 926,3349 926,3372 926,3372 913,3372 912,3373"/><TextEquiv index="1"><Unicode></Unicode></TextEquiv></TextLine><TextLine id="r0_l015"><Coords points="4205,3572 4204,3572 4204,3571 4204,3570 3868,3570 3866,3569 3866,3568 3865,3566 3836,3566 3833,3564 3833,3563 3833,3562 3832,3562 3829,3560 3829,3534 3829,3533 1067,3533 1066,3534 1066,3535 1065,3536 1065,3537 1065,3537 1043,3537 1041,3539 1041,3540 1040,3541 994,3541 991,3539 991,3538 991,3537 969,3537 967,3536 967,3535 966,3533 957,3533 954,3531 954,3530 954,3529 945,3529 942,3527 942,3526 942,3525 941,3525 938,3523 938,3522 937,3520 931,3520 930,3520 930,3519 929,3518 929,3517 929,3516 919,3516 918,3516 918,3515 916,3512 911,3512 909,3511 909,3510 908,3508 907,3508 905,3507 905,3506 904,3504 903,3504 901,3503 901,3502 899,3499 898,3499 897,3499 897,3498 896,3496 892,3496 891,3495 890,3495 889,3495 889,3494 887,3491 886,3491 885,3491 885,3490 883,3487 882,3487 880,3486 880,3472 880,3471 879,3471 874,3466 873,3466 872,3466 872,3460 872,3459 871,3459 864,3453 864,3444 863,3442 862,3442 860,3441 860,3432 859,3430 858,3430 856,3429 856,3424 854,3421 853,3421 852,3421 852,3420 851,3419 851,3367 852,3366 852,3365 853,3364 854,3364 856,3362 856,3353 858,3351 859,3351 860,3350 860,3345 861,3344 862,3344 865,3347 866,3347 870,3351 871,3351 880,3360 881,3360 885,3364 1811,3364 1811,3365 1811,3366 1814,3368 1815,3368 1815,3369 1815,3376 1816,3376 3552,3376 3553,3375 3553,3374 3555,3372 3565,3372 3565,3373 3565,3374 3566,3375 3566,3376 3567,3376 3573,3376 3573,3377 3573,3378 3574,3378 3577,3381 3578,3381 3578,3382 3578,3392 3579,3392 3795,3392 3796,3394 3796,3413 3797,3413 4013,3413 4015,3416 4015,3417 4016,3417 4029,3417 4033,3421 4034,3421 4035,3423 4035,3504 4036,3504 4088,3504 4089,3506 4089,3523 4087,3525 4086,3525 4085,3526 4085,3527 4084,3528 3880,3528 3879,3529 3879,3560 3877,3562 3876,3562 3875,3563 3874,3564 3874,3565 3873,3566 3872,3566 3871,3567 3871,3568 3870,3569 3871,3569 4209,3569 4210,3570 4212,3570 4212,3571 4212,3572 4212,3572"/><TextEquiv index="1"><Unicode>omment malheureux! tu n'as pas</Unicode></TextEquiv></TextLine><TextLine id="r0_l016"><Coords points="1956,3797 1955,3797 1955,3789 1955,3788 1475,3788 1474,3788 1474,3787 1473,3786 1473,3785 1473,3784 1323,3784 1321,3783 1321,3782 1320,3780 1303,3780 1300,3778 1300,3777 1300,3776 1291,3776 1282,3767 1281,3767 1280,3767 1280,3727 1280,3726 853,3726 851,3725 851,3724 842,3714 837,3714 835,3713 835,3708 834,3706 833,3706 831,3705 831,3703 833,3701 834,3701 835,3700 835,3666 837,3664 838,3664 839,3663 839,3654 841,3652 851,3652 851,3652 851,3651 856,3646 856,3645 857,3644 863,3644 864,3643 864,3642 866,3640 932,3640 933,3639 934,3639 934,3639 934,3617 936,3615 937,3615 938,3614 938,3605 941,3602 942,3602 942,3602 942,3601 945,3598 946,3598 946,3598 946,3597 949,3594 950,3594 950,3594 950,3593 953,3590 954,3590 954,3590 954,3589 957,3586 958,3586 958,3586 958,3585 961,3582 966,3582 966,3582 966,3581 967,3580 967,3579 968,3578 1007,3578 1008,3577 1008,3576 1010,3574 4205,3574 4205,3574 4204,3573 4205,3572 4212,3572 4212,3573 4212,3577 4211,3578 3393,3578 3392,3579 3392,3580 3395,3582 3396,3582 3396,3583 3396,3584 3397,3585 3397,3590 3398,3590 3593,3590 3594,3592 3594,3593 3596,3594 3601,3594 3603,3597 3603,3623 3604,3623 3943,3623 3945,3626 3945,3627 3946,3627 3951,3627 3953,3630 3953,3631 3954,3631 3955,3631 3957,3634 3957,3635 3958,3635 3959,3635 3961,3638 3961,3639 3963,3640 3969,3640 3969,3641 3969,3648 3970,3648 4034,3648 4035,3650 4035,3651 4037,3652 4038,3652 4039,3654 4039,3672 4039,3672 4038,3672 4037,3673 4035,3675 4035,3676 4034,3677 3966,3677 3965,3678 3965,3696 3963,3698 3962,3698 3961,3699 3961,3704 3959,3706 3958,3706 3957,3707 3957,3708 3955,3710 3950,3710 3949,3711 3949,3712 3947,3714 3889,3714 3887,3716 3887,3717 3886,3718 3778,3718 3775,3721 3775,3722 3775,3722 3600,3722 3599,3723 3599,3745 3597,3747 3596,3747 3595,3748 3595,3749 3593,3751 3592,3751 3590,3753 3590,3758 3589,3759 3588,3759 3586,3761 3586,3762 3584,3764 3583,3764 3582,3765 3582,3766 3580,3768 3579,3768 3578,3769 3578,3770 3576,3772 3575,3772 3574,3773 3574,3775 3574,3775 3573,3775 3572,3776 3184,3776 3183,3777 3183,3786 3182,3787 3182,3788 3182,3788 1963,3788 1962,3789 1962,3797 1962,3797"/><TextEquiv index="1"><Unicode>aſſez gagné, ſans doute. Ce petit jeune-</Unicode></TextEquiv></TextLine><TextLine id="r0_l017"><Coords points="2969,4005 2968,4005 2968,3999 2968,3998 1747,3998 1745,3997 1745,3996 1744,3994 1743,3994 1741,3993 1741,3966 1741,3965 1459,3965 1457,3964 1457,3963 1456,3961 1455,3961 1453,3960 1453,3937 1453,3936 1368,3936 1366,3935 1366,3934 1365,3932 977,3932 975,3931 975,3930 974,3928 845,3928 843,3927 843,3926 842,3924 833,3924 831,3923 831,3918 834,3915 835,3915 835,3915 835,3798 837,3796 838,3796 839,3795 839,3794 841,3792 855,3792 855,3792 855,3791 858,3788 3630,3788 3632,3786 3632,3785 3633,3784 3928,3784 3928,3784 3928,3782 3930,3780 3943,3780 3944,3779 3944,3778 3946,3776 3947,3776 3948,3775 3954,3775 3955,3776 3956,3776 3957,3778 3957,3809 3958,3809 4208,3809 4208,3810 4208,3816 4207,3817 3958,3817 3957,3818 3957,3829 3958,3829 4017,3829 4019,3832 4019,3833 4020,3833 4021,3833 4023,3836 4023,3837 4024,3837 4025,3837 4027,3840 4027,3841 4028,3841 4029,3841 4031,3844 4031,3853 4033,3854 4034,3854 4035,3856 4035,3861 4037,3862 4038,3862 4039,3864 4039,3952 4040,3952 4041,3952 4042,3953 4043,3953 4043,3954 4043,3956 4042,3957 3567,3957 3566,3958 3566,3984 3564,3986 3555,3986 3553,3988 3553,3989 3552,3990 2982,3990 2981,3991 2981,4004 2981,4004 2979,4004 2978,4005"/><TextEquiv index="1"><Unicode>homme, depuis un an, nous vaut plus de</Unicode></TextEquiv></TextLine><TextLine id="r0_l018"><Coords points="2818,4204 2816,4203 2816,4202 2815,4200 2814,4200 2812,4199 2812,4156 2812,4155 2675,4155 2674,4154 2558,4154 2556,4153 2556,4152 2555,4150 2089,4150 2087,4149 2087,4148 2086,4146 1805,4146 1803,4145 1803,4144 1802,4142 1574,4142 1573,4143 1573,4144 1572,4145 1572,4146 1572,4146 1487,4146 1486,4146 1486,4145 1485,4144 1485,4143 1485,4142 1182,4142 1181,4143 1181,4191 1181,4191 1180,4191 1175,4196 1134,4196 1132,4195 1132,4194 1131,4192 1130,4192 1127,4190 1127,4139 1127,4138 932,4138 930,4137 930,4135 930,4134 878,4134 877,4134 877,4133 875,4130 866,4130 864,4129 864,4128 863,4126 862,4126 860,4125 860,4124 858,4121 857,4121 856,4121 856,4120 854,4117 853,4117 852,4117 852,4116 851,4115 851,4107 850,4105 849,4105 848,4105 848,4104 847,4103 847,4091 849,4089 850,4089 851,4088 851,4083 854,4080 855,4080 856,4079 856,4074 858,4072 859,4072 860,4071 860,4066 862,4064 863,4064 864,4063 864,4062 867,4059 868,4059 868,4059 868,4058 870,4056 875,4056 876,4055 876,4054 879,4051 888,4051 889,4050 889,4049 891,4047 934,4047 934,4047 934,4004 936,4002 937,4002 938,4001 938,4000 940,3998 941,3998 942,3997 942,3996 944,3994 958,3994 958,3995 958,3996 959,3996 961,3998 962,3998 963,4000 963,4051 964,4051 1138,4051 1139,4052 1251,4052 1251,4053 1251,4054 1254,4056 1468,4056 1469,4055 1469,4054 1472,4051 1477,4051 1478,4050 1478,4049 1480,4047 1488,4047 1490,4050 1490,4055 1491,4055 1492,4055 1493,4056 1580,4056 1580,4057 1580,4058 1581,4058 1770,4058 1770,4058 1770,4057 1771,4056 1906,4056 1906,4056 1906,4012 1907,4011 1908,4011 1910,4009 1910,4004 1912,4002 2041,4002 2041,4003 2041,4004 2042,4004 2045,4007 2046,4007 2046,4008 2046,4060 2047,4060 2272,4060 2272,4060 2272,4050 2275,4047 2276,4047 2276,4047 2276,4038 2279,4035 2280,4035 2280,4035 2280,4034 2281,4033 2281,4028 2282,4027 2283,4027 2285,4025 2285,4020 2286,4019 2287,4019 2289,4017 2289,4016 2290,4015 2291,4015 2293,4013 2293,4012 2294,4011 2295,4011 2296,4010 2301,4010 2301,4010 2301,4009 2304,4006 2317,4006 2318,4005 2318,4004 2320,4002 2333,4002 2334,4004 2334,4005 2336,4006 2341,4006 2342,4008 2342,4019 2343,4020 2343,4064 2344,4064 2700,4064 2700,4065 2700,4066 2703,4068 2955,4068 2956,4067 2956,4066 2958,4064 2960,4064 2960,4064 2960,4025 2962,4023 2963,4023 2964,4022 2964,4017 2967,4014 2968,4014 2968,4014 2968,4006 2969,4005 2978,4005 2979,4004 3030,4004 3032,4002 3033,4002 3035,4005 3035,4006 3036,4006 3037,4006 3038,4008 3038,4009 3039,4009 3040,4010 3041,4010 3043,4013 3043,4060 3044,4060 3235,4060 3236,4059 3236,4058 3238,4056 3300,4056 3301,4055 3302,4055 3302,4055 3302,4033 3304,4031 3305,4031 3306,4030 3306,4021 3309,4018 3310,4018 3310,4018 3310,4017 3313,4014 3314,4014 3314,4014 3314,4013 3317,4010 3318,4010 3318,4010 3318,4009 3321,4006 3326,4006 3327,4005 3327,4004 3329,4002 3334,4002 3335,4001 3335,4000 3337,3998 3342,3998 3343,4000 3343,4001 3345,4002 3354,4002 3356,4005 3356,4006 3357,4006 3358,4006 3360,4009 3360,4010 3361,4010 3362,4010 3364,4013 3364,4026 3366,4027 3367,4027 3368,4029 3368,4047 3369,4047 3726,4047 3726,4047 3726,3996 3728,3994 3737,3994 3738,3993 3738,3992 3740,3990 3750,3990 3751,3992 3751,3993 3753,3994 3758,3994 3759,3996 3759,4035 3760,4035 4002,4035 4002,4035 4002,4025 4005,4022 4006,4022 4006,4022 4006,4017 4009,4014 4010,4014 4010,4014 4010,4005 4013,4002 4014,4002 4014,4002 4014,3993 4015,3992 4015,3991 4016,3990 4017,3990 4019,3988 4019,3987 4020,3986 4030,3986 4031,3988 4031,4039 4032,4039 4034,4039 4035,4041 4035,4055 4036,4055 4037,4055 4038,4056 4039,4056 4039,4057 4039,4067 4040,4067 4041,4067 4042,4068 4043,4068 4043,4069 4043,4100 4042,4101 4041,4101 4039,4103 4039,4108 4038,4109 4037,4109 4035,4111 4035,4116 4033,4118 4032,4118 4031,4119 4031,4120 4029,4122 4028,4122 4027,4123 4027,4124 4025,4126 4020,4126 4019,4127 4019,4128 4017,4130 3905,4130 3903,4132 3903,4133 3902,4134 3827,4134 3825,4136 3825,4137 3824,4138 3374,4138 3372,4140 3372,4141 3371,4142 3259,4142 3257,4144 3257,4145 3256,4146 3251,4146 3248,4149 3248,4150 3248,4150 3053,4150 3052,4151 3051,4151 3050,4150 3048,4150 3047,4150 3047,4149 3045,4146 2854,4146 2853,4147 2853,4162 2852,4163 2851,4163 2849,4165 2849,4174 2848,4175 2847,4175 2845,4177 2845,4178 2844,4179 2844,4179 2843,4179 2841,4181 2841,4186 2840,4187 2839,4187 2838,4188 2834,4188 2832,4190 2832,4191 2831,4192 2830,4192 2828,4194 2828,4195 2827,4196 2826,4196 2824,4198 2824,4199 2823,4200 2823,4200 2822,4200 2820,4202 2820,4203 2819,4204"/><TextEquiv index="1"><Unicode>cinquante mille francs; il eſt endetté</Unicode></TextEquiv></TextLine><TextLine id="r0_l019"><Coords points="2760,4419 2759,4419 2759,4361 2759,4360 2740,4360 2739,4361 2635,4361 2634,4360 2451,4360 2449,4359 2449,4358 2448,4356 2233,4356 2231,4355 2231,4354 2230,4352 1957,4352 1955,4351 1955,4350 1954,4348 1607,4348 1605,4347 1605,4346 1604,4344 1419,4344 1286,4344 1284,4346 1284,4347 1283,4348 1133,4348 1132,4349 1132,4392 1130,4394 1129,4394 1127,4396 1127,4397 1127,4397 1126,4397 1125,4398 1081,4398 1076,4393 1075,4393 1074,4393 1074,4345 1074,4344 907,4344 905,4343 905,4342 904,4340 879,4340 876,4338 876,4337 876,4336 870,4336 868,4335 868,4334 867,4332 854,4332 852,4331 852,4330 850,4327 849,4327 847,4326 847,4325 846,4323 845,4323 843,4322 843,4321 842,4319 841,4319 839,4318 839,4284 840,4283 841,4283 841,4283 844,4280 844,4279 845,4278 846,4278 848,4276 848,4275 849,4274 850,4274 852,4272 852,4271 853,4270 863,4270 864,4269 864,4263 865,4262 866,4262 867,4261 876,4261 876,4261 876,4260 879,4257 880,4257 880,4257 880,4206 882,4204 883,4204 883,4204 885,4202 885,4201 886,4200 900,4200 901,4199 901,4198 903,4196 913,4196 913,4197 913,4198 916,4200 917,4200 917,4201 917,4202 920,4204 921,4204 921,4205 921,4206 923,4208 924,4208 925,4208 926,4210 926,4253 927,4253 986,4253 987,4255 987,4256 989,4257 1255,4257 1255,4257 1255,4218 1257,4216 1258,4216 1260,4214 1260,4213 1261,4212 1270,4212 1272,4215 1272,4216 1273,4216 1279,4216 1280,4218 1280,4224 1281,4224 1282,4224 1284,4227 1284,4228 1285,4228 1286,4228 1288,4231 1288,4244 1290,4245 1291,4245 1292,4247 1292,4261 1293,4261 1515,4261 1515,4261 1515,4214 1517,4212 1518,4212 1518,4212 1518,4211 1521,4208 1522,4208 1523,4207 1523,4206 1525,4204 1547,4204 1547,4205 1547,4206 1550,4208 1551,4208 1551,4209 1551,4210 1552,4211 1552,4261 1553,4261 2006,4261 2007,4262 2008,4262 2009,4264 2009,4270 2010,4270 2252,4270 2252,4270 2252,4222 2253,4221 2254,4221 2254,4221 2256,4219 2256,4218 2258,4216 2325,4216 2326,4215 2326,4214 2328,4212 2387,4212 2388,4214 2388,4215 2392,4219 2392,4274 2393,4274 2593,4274 2593,4274 2593,4249 2594,4248 2594,4247 2595,4246 2596,4245 2597,4245 2598,4244 2598,4239 2605,4232 2606,4232 2606,4232 2606,4231 2608,4229 2613,4229 2614,4228 2614,4227 2617,4224 2622,4224 2622,4224 2622,4223 2625,4220 2836,4220 2836,4220 2836,4219 2839,4216 2844,4216 2845,4215 2845,4214 2847,4212 2872,4212 2874,4215 2874,4216 2875,4216 2876,4216 2878,4219 2878,4270 2879,4270 3255,4270 3257,4268 3257,4267 3258,4266 3331,4266 3331,4266 3331,4263 3332,4262 3333,4262 3335,4260 3335,4243 3337,4241 3338,4241 3339,4240 3339,4235 3341,4233 3342,4233 3343,4232 3343,4227 3346,4224 3347,4224 3347,4224 3347,4223 3350,4220 3351,4220 3351,4220 3351,4219 3354,4216 3359,4216 3360,4215 3360,4214 3362,4212 3367,4212 3368,4211 3368,4210 3370,4208 3379,4208 3380,4210 3380,4211 3382,4212 3391,4212 3393,4215 3393,4216 3394,4216 3395,4216 3397,4219 3397,4228 3399,4229 3400,4229 3401,4231 3401,4257 3402,4257 3750,4257 3751,4256 3751,4255 3753,4253 3816,4253 3817,4252 3817,4251 3819,4249 3824,4249 3825,4248 3825,4247 3827,4245 3832,4245 3833,4247 3833,4248 3834,4248 4023,4248 4023,4248 4023,4247 4025,4245 4034,4245 4035,4247 4035,4252 4037,4253 4207,4253 4208,4255 4208,4265 4207,4266 4049,4266 4048,4267 4048,4349 4047,4350 4047,4352 4047,4352 4046,4352 4039,4359 4039,4364 4039,4364 4038,4364 4035,4367 4035,4372 4034,4373 4029,4373 4022,4380 4022,4381 4022,4381 4012,4381 4011,4381 4011,4380 4010,4379 4010,4341 4010,4340 3847,4340 3846,4341 3846,4400 3846,4400 3834,4400 3833,4400 3833,4341 3833,4340 3703,4340 3702,4341 3702,4342 3700,4344 3683,4344 3681,4346 3681,4347 3680,4348 3345,4348 3343,4350 3343,4351 3342,4352 3288,4352 3285,4355 3285,4356 3285,4356 3275,4356 3274,4355 3084,4355 3083,4356 3078,4356 3075,4359 3075,4360 3075,4360 3074,4360 3073,4361 3022,4361 3021,4360 3019,4360 3018,4360 3018,4359 3016,4356 2806,4356 2804,4358 2804,4359 2803,4360 2771,4360 2770,4361 2770,4419 2770,4419"/><TextEquiv index="1"><Unicode>de près de cent mille. Sa ſœur eſt morte;</Unicode></TextEquiv></TextLine><TextLine id="r0_l020"><Coords points="843,4604 842,4603 841,4603 839,4602 839,4601 839,4600 838,4600 835,4598 835,4597 837,4595 838,4595 839,4594 839,4593 841,4591 842,4591 843,4590 843,4466 846,4463 859,4463 860,4462 860,4461 862,4459 1036,4459 1037,4458 1037,4457 1039,4455 1555,4455 1556,4454 1556,4440 1557,4439 1558,4439 1560,4437 1560,4428 1562,4426 1563,4426 1563,4426 1564,4425 1564,4424 1566,4422 1567,4422 1568,4421 1568,4420 1570,4418 1571,4418 1572,4417 1572,4416 1574,4414 1575,4414 1577,4412 1577,4411 1578,4410 1579,4410 1581,4408 1581,4407 1582,4406 1587,4406 1589,4404 1589,4403 1590,4402 1592,4402 1593,4401 1611,4401 1612,4402 1613,4402 1613,4403 1613,4404 1616,4406 1617,4406 1617,4407 1617,4408 1620,4410 1658,4410 1659,4412 1659,4414 1660,4414 3490,4414 3491,4413 3491,4412 3493,4410 3721,4410 3722,4409 3722,4408 3724,4406 3725,4406 3726,4405 3726,4404 3728,4402 3831,4402 3832,4401 3833,4401 3834,4400 3846,4400 3848,4402 3849,4402 3850,4404 3850,4405 3852,4406 3853,4406 3854,4408 3854,4451 3855,4451 4010,4451 4010,4452 4010,4453 4011,4454 4011,4455 4012,4455 4013,4455 4015,4458 4015,4459 4016,4459 4017,4459 4019,4462 4019,4500 4020,4500 4041,4500 4042,4501 4043,4501 4043,4502 4043,4503 4045,4504 4053,4504 4054,4505 4055,4505 4056,4507 4056,4508 4058,4509 4059,4509 4060,4511 4060,4516 4059,4517 4058,4517 4055,4520 4055,4521 4055,4521 4054,4521 4052,4523 4052,4531 4051,4532 4051,4533 4051,4533 4050,4533 4047,4536 4047,4537 4047,4537 4046,4537 4045,4538 3934,4538 3932,4540 3932,4541 3932,4541 3931,4541 3930,4542 3814,4542 3813,4543 3813,4544 3811,4546 3798,4546 3796,4548 3796,4549 3795,4550 3698,4550 3697,4551 3697,4595 3697,4595 3691,4595 3689,4594 3689,4559 3689,4558 1771,4558 1770,4559 1770,4594 1769,4595 1756,4595 1753,4598 1753,4599 1753,4599 892,4599 891,4600 890,4600 889,4601 889,4602 888,4603 887,4603 886,4604"/><TextEquiv index="1"><Unicode>par conſéquent le voilà ſeul héritier.</Unicode></TextEquiv></TextLine><TextLine id="r0_l021"><Coords points="2991,4819 2990,4819 2990,4760 2989,4759 2989,4758 2988,4756 2806,4756 2804,4758 2804,4759 2803,4760 2711,4760 2709,4759 2709,4757 2709,4756 2369,4756 2367,4758 2367,4759 2366,4760 2344,4760 2342,4759 2342,4757 2342,4756 2295,4756 2293,4755 2293,4754 2292,4752 2072,4752 2071,4753 2071,4807 2070,4808 2070,4809 2070,4809 2069,4809 2066,4812 2066,4813 2066,4813 2065,4813 2064,4814 2053,4814 2050,4812 2050,4811 2050,4810 2049,4810 2048,4809 2031,4809 2029,4808 2029,4807 2029,4806 2028,4805 2027,4805 2025,4804 2025,4757 2025,4756 1689,4756 1688,4757 1688,4804 1687,4805 1686,4805 1683,4808 1683,4809 1683,4809 1648,4809 1646,4808 1646,4807 1646,4806 1645,4805 1644,4805 1642,4804 1642,4749 1642,4748 1522,4748 1521,4749 1521,4810 1521,4810 1517,4810 1516,4810 1516,4749 1516,4748 1413,4748 1412,4749 1412,4750 1410,4752 1324,4752 1323,4751 1322,4751 1321,4751 1321,4750 1320,4748 1141,4748 1140,4749 1140,4751 1140,4751 1139,4751 1138,4752 1135,4750 1135,4749 1135,4748 1060,4748 1057,4746 1057,4740 1057,4739 874,4739 872,4738 872,4737 871,4735 862,4735 855,4729 855,4728 855,4727 854,4727 851,4725 851,4724 851,4723 845,4723 844,4723 844,4722 843,4721 843,4701 851,4693 851,4689 852,4688 852,4687 853,4686 854,4686 856,4684 856,4683 857,4682 862,4682 864,4680 864,4679 865,4678 866,4678 867,4677 1066,4677 1066,4677 1066,4613 1067,4612 1093,4612 1094,4611 1094,4610 1096,4608 1138,4608 1139,4607 1143,4607 1144,4606 1144,4605 1145,4604 1146,4604 1147,4603 1163,4603 1165,4606 1165,4661 1166,4661 1337,4661 1337,4661 1337,4619 1338,4618 1338,4617 1339,4616 1340,4616 1342,4614 1342,4613 1343,4612 1518,4612 1519,4614 1519,4615 1521,4616 1530,4616 1531,4618 1531,4619 1533,4620 1534,4620 1535,4622 1535,4665 1536,4665 1741,4665 1741,4665 1741,4618 1743,4616 1744,4616 1745,4615 1745,4614 1747,4612 1756,4612 1758,4610 1758,4609 1759,4608 1760,4608 1761,4607 1764,4607 1766,4610 1766,4611 1767,4611 1768,4611 1770,4614 1770,4665 1771,4665 1921,4665 1923,4668 1923,4669 1924,4669 2227,4669 2227,4669 2227,4655 2229,4653 2230,4653 2231,4652 2231,4643 2234,4640 2235,4640 2235,4640 2235,4639 2238,4636 2239,4636 2239,4636 2239,4631 2242,4628 2243,4628 2243,4628 2243,4627 2246,4624 2251,4624 2252,4623 2252,4622 2254,4620 2267,4620 2268,4619 2268,4618 2270,4616 2300,4616 2301,4615 2301,4614 2303,4612 2312,4612 2314,4610 2314,4609 2315,4608 2316,4608 2317,4607 2324,4607 2326,4610 2326,4611 2327,4611 2328,4611 2329,4612 2338,4612 2338,4613 2338,4614 2341,4616 2474,4616 2474,4617 2474,4620 2475,4620 2725,4620 2725,4621 2725,4622 2730,4627 2730,4673 2731,4673 2802,4673 2804,4676 2804,4677 2805,4677 3067,4677 3067,4677 3067,4675 3068,4674 3069,4674 3070,4673 3263,4673 3265,4676 3265,4677 3266,4677 3267,4677 3273,4684 3273,4727 3274,4727 3442,4727 3442,4727 3442,4704 3444,4702 3445,4702 3446,4701 3446,4696 3448,4694 3449,4694 3450,4693 3450,4692 3452,4690 3453,4690 3455,4688 3455,4687 3456,4686 3457,4686 3459,4684 3459,4683 3460,4682 3465,4682 3467,4680 3467,4679 3468,4678 3469,4678 3471,4676 3471,4675 3472,4674 3473,4674 3474,4673 3487,4673 3487,4673 3487,4618 3489,4616 3502,4616 3504,4614 3504,4613 3505,4612 3507,4612 3508,4614 3508,4615 3510,4616 3569,4616 3570,4618 3570,4619 3572,4620 3573,4620 3574,4622 3574,4665 3575,4665 3577,4665 3578,4667 3578,4669 3579,4669 3734,4669 3734,4669 3734,4668 3737,4665 3861,4665 3862,4667 3862,4668 3864,4669 4038,4669 4039,4671 4039,4672 4042,4674 4043,4674 4043,4675 4043,4676 4046,4678 4047,4678 4047,4679 4047,4684 4050,4686 4051,4686 4051,4687 4051,4688 4052,4689 4052,4704 4051,4705 4051,4706 4051,4706 4050,4706 4048,4708 4048,4716 4047,4717 4047,4718 4046,4719 4045,4719 4043,4721 4043,4726 4042,4727 4037,4727 4035,4729 4035,4730 4034,4731 3917,4731 3916,4732 3916,4738 3915,4739 3914,4739 3912,4741 3912,4745 3911,4746 3911,4747 3910,4748 3876,4748 3874,4750 3874,4751 3873,4752 3860,4752 3858,4754 3858,4755 3857,4756 3625,4756 3623,4758 3623,4759 3622,4760 3617,4760 3615,4759 3615,4758 3614,4756 3506,4756 3504,4755 3504,4753 3504,4752 3353,4752 3351,4754 3351,4755 3351,4755 3350,4756 3349,4756 3347,4758 3347,4772 3347,4772 3346,4772 3337,4781 3328,4781 3327,4782 3327,4783 3325,4785 3324,4785 3323,4786 3323,4787 3321,4789 3308,4789 3306,4788 3306,4765 3306,4764 3155,4764 3154,4764 3154,4763 3153,4762 3153,4761 3153,4760 3134,4760 3133,4761 3133,4792 3132,4793 3127,4793 3125,4792 3125,4761 3125,4760 2998,4760 2997,4761 2997,4819 2997,4819"/><TextEquiv index="1"><Unicode>„Il n'eſt plus poſſédé de nous, dis-tu.“</Unicode></TextEquiv></TextLine><TextLine id="r0_l022"><Coords points="3184,5021 3183,5021 3183,4963 3183,4962 2954,4962 2952,4964 2952,4965 2951,4966 2871,4966 2870,4967 2870,5013 2869,5014 2869,5015 2869,5015 2831,5015 2828,5018 2828,5019 2828,5019 2826,5019 2825,5020 2824,5020 2823,5019 2822,5019 2820,5018 2820,4963 2820,4962 2402,4962 2400,4964 2400,4965 2399,4966 2341,4966 2337,4962 2209,4962 2206,4960 2206,4959 2206,4958 1411,4958 1356,4958 1354,4960 1354,4961 1353,4962 1352,4962 1350,4961 1350,4960 1349,4958 895,4958 893,4957 893,4956 892,4954 843,4954 842,4953 841,4953 839,4952 839,4947 840,4946 841,4946 842,4945 844,4943 844,4942 845,4941 859,4941 860,4940 860,4836 859,4834 858,4834 855,4832 855,4831 855,4830 845,4830 844,4830 844,4829 838,4822 833,4822 831,4821 831,4819 833,4817 929,4817 930,4816 930,4815 931,4814 932,4814 933,4813 937,4813 938,4812 938,4811 939,4810 940,4810 941,4809 945,4809 946,4811 946,4812 949,4814 950,4814 950,4815 950,4867 951,4867 1180,4867 1181,4869 1181,4870 1183,4871 1440,4871 1440,4871 1440,4870 1441,4869 1441,4868 1442,4867 1502,4867 1502,4867 1502,4820 1505,4817 1506,4817 1506,4817 1506,4816 1509,4813 1514,4813 1515,4812 1515,4811 1516,4810 1522,4810 1523,4812 1523,4813 1524,4813 1525,4813 1527,4816 1527,4821 1528,4821 1529,4821 1530,4822 1531,4822 1531,4823 1531,4863 1532,4863 1575,4863 1581,4870 1581,4871 1582,4871 2049,4871 2050,4873 2050,4874 2052,4875 2234,4875 2235,4877 2235,4878 2237,4879 2436,4879 2437,4878 2437,4877 2439,4875 2444,4875 2445,4877 2445,4879 2446,4879 2642,4879 2643,4878 2643,4877 2645,4875 2828,4875 2828,4875 2828,4874 2829,4873 2829,4872 2830,4871 2981,4871 2981,4871 2981,4831 2982,4830 2983,4830 2984,4829 2985,4829 2985,4829 2985,4824 2988,4821 2989,4821 2989,4821 2989,4820 2990,4819 2997,4819 3000,4822 3005,4822 3005,4823 3005,4824 3008,4826 3009,4826 3009,4827 3009,4828 3010,4829 3010,4875 3011,4875 3058,4875 3059,4877 3059,4879 3060,4879 3256,4879 3257,4878 3257,4877 3259,4875 3264,4875 3265,4874 3265,4873 3267,4871 3400,4871 3400,4871 3400,4870 3403,4867 3634,4867 3636,4865 3636,4864 3637,4863 3639,4863 3640,4865 3640,4867 3641,4867 3956,4867 3957,4866 3957,4865 3959,4863 4034,4863 4035,4865 4035,4923 4042,4929 4043,4929 4043,4930 4043,4940 4045,4941 4046,4941 4047,4943 4047,4944 4048,4945 4048,4963 4047,4964 4047,4965 4046,4966 4045,4966 4043,4968 4043,4973 4042,4974 4041,4974 4039,4976 4039,4977 4038,4978 4037,4978 4035,4980 4035,4985 4033,4987 4032,4987 4031,4988 4031,4989 4029,4991 4028,4991 4027,4992 4027,4993 4025,4995 4017,4995 4014,4993 4014,4959 4014,4958 3885,4958 3883,4957 3883,4956 3882,4954 3499,4954 3468,4954 3467,4955 3467,4956 3465,4958 3328,4958 3327,4959 3327,5005 3326,5006 3326,5007 3326,5007 3304,5007 3302,5009 3302,5010 3301,5011 3279,5011 3277,5010 3277,5009 3276,5007 3275,5007 3273,5006 3273,4963 3273,4962 3195,4962 3194,4963 3194,5021 3194,5021"/><TextEquiv index="1"><Unicode>Il te voit comme un coquin que tu es;</Unicode></TextEquiv></TextLine><TextLine id="r0_l023"><Coords points="3038,5230 3037,5229 3027,5229 3026,5229 3026,5228 3022,5224 3022,5173 3022,5172 2287,5172 2285,5171 2285,5170 2284,5168 1876,5168 1875,5167 1874,5167 1873,5167 1873,5166 1872,5164 1438,5164 1436,5166 1436,5167 1435,5168 1431,5168 1427,5164 1318,5164 1317,5165 1317,5224 1317,5224 1305,5224 1304,5224 1304,5165 1304,5164 1234,5164 1233,5163 1166,5163 1164,5162 1164,5161 1163,5159 959,5159 953,5159 951,5161 951,5162 950,5163 920,5163 919,5164 916,5164 913,5162 913,5161 913,5160 912,5160 911,5159 845,5159 843,5158 843,5079 845,5077 851,5077 851,5077 851,5027 852,5026 852,5025 853,5024 854,5024 854,5024 856,5022 856,5021 858,5019 941,5019 942,5021 942,5022 943,5022 944,5023 945,5023 946,5025 946,5073 947,5073 1262,5073 1264,5076 1264,5077 1265,5077 1593,5077 1593,5077 1593,5025 1594,5024 1595,5024 1597,5022 1597,5021 1598,5020 1599,5020 1600,5019 1616,5019 1618,5022 1618,5023 1619,5023 1620,5023 1622,5026 1622,5069 1623,5069 1666,5069 1667,5071 1667,5072 1669,5073 1670,5073 1671,5075 1671,5076 1673,5077 1831,5077 1831,5078 1831,5079 1834,5081 2469,5081 2470,5080 2470,5079 2471,5078 2472,5077 2473,5077 2475,5080 2475,5081 2476,5081 2477,5081 2478,5083 2478,5084 2480,5085 2737,5085 2738,5084 2738,5083 2740,5081 3121,5081 3121,5081 3121,5029 3122,5028 3127,5028 3128,5027 3129,5027 3129,5027 3129,5026 3132,5023 3137,5023 3137,5023 3137,5021 3138,5020 3139,5020 3140,5019 3142,5021 3195,5021 3195,5022 3195,5023 3196,5023 3201,5023 3202,5024 3203,5024 3203,5025 3203,5073 3204,5073 3347,5073 3347,5074 3347,5075 3348,5076 3348,5077 3349,5077 3359,5077 3359,5078 3359,5079 3360,5080 3360,5081 3361,5081 3367,5081 3368,5083 3368,5089 3369,5089 3370,5089 3371,5090 3372,5090 3372,5091 3372,5101 3373,5101 3374,5101 3375,5102 3549,5102 3549,5102 3549,5026 3552,5023 3553,5023 3553,5023 3553,5022 3556,5019 3642,5019 3644,5022 3644,5023 3645,5023 3646,5023 3648,5026 3648,5073 3649,5073 3854,5073 3854,5073 3854,5025 3855,5024 3856,5024 3857,5023 4006,5023 4006,5023 4006,5022 4009,5019 4025,5019 4027,5022 4027,5023 4028,5023 4029,5023 4031,5026 4031,5027 4032,5027 4033,5027 4035,5030 4035,5069 4036,5069 4055,5069 4056,5071 4056,5077 4057,5077 4199,5077 4200,5079 4200,5110 4201,5110 4203,5110 4204,5112 4204,5121 4203,5122 4057,5122 4056,5123 4056,5141 4054,5143 4053,5143 4052,5144 4052,5149 4051,5150 4051,5151 4051,5151 4005,5151 4004,5152 4003,5152 4002,5153 4002,5154 4001,5155 3988,5155 3987,5156 3987,5221 3987,5221 3982,5221 3981,5221 3981,5160 3981,5159 3939,5159 3936,5162 3936,5163 3936,5163 3935,5163 3934,5164 3919,5164 3918,5163 3917,5163 3916,5163 3916,5162 3915,5160 3661,5160 3660,5161 3660,5163 3660,5163 3659,5163 3658,5164 3647,5164 3646,5163 3645,5163 3644,5163 3644,5162 3642,5159 3424,5159 3421,5162 3421,5163 3421,5163 3420,5163 3419,5164 3345,5164 3343,5166 3343,5167 3343,5167 3342,5167 3341,5168 3069,5168 3068,5169 3068,5226 3067,5227 3067,5229 3067,5229 3057,5229 3056,5230"/><TextEquiv index="1"><Unicode>il me voit comme ta complice. Il n'eſt</Unicode></TextEquiv></TextLine><TextLine id="r0_l024"><Coords points="2202,5440 2201,5439 2200,5439 2198,5438 2198,5437 2197,5435 2196,5435 2194,5434 2194,5433 2194,5432 2193,5432 2190,5430 2190,5379 2190,5378 2040,5378 2038,5377 2038,5376 2037,5374 1936,5374 1935,5375 1935,5438 1935,5438 1927,5438 1926,5438 1926,5375 1926,5374 1666,5374 1665,5373 1664,5373 1663,5373 1663,5372 1662,5370 1448,5370 1447,5369 1446,5369 1445,5369 1445,5368 1443,5365 1126,5365 1123,5368 1123,5369 1123,5369 1122,5369 1121,5370 1112,5370 1111,5371 1111,5372 1109,5374 1064,5374 1061,5372 1061,5371 1061,5370 918,5370 917,5371 917,5429 917,5429 910,5429 909,5429 909,5371 909,5370 890,5370 889,5371 889,5421 888,5422 888,5423 888,5423 878,5423 876,5425 876,5426 875,5427 841,5427 839,5426 839,5425 838,5423 837,5423 835,5422 835,5297 837,5295 838,5295 844,5289 844,5288 845,5287 859,5287 860,5286 860,5285 862,5283 938,5283 938,5283 938,5236 941,5233 942,5233 942,5233 942,5232 945,5229 954,5229 954,5229 954,5228 957,5225 962,5225 963,5224 963,5223 965,5221 970,5221 971,5223 971,5224 972,5224 973,5225 974,5225 975,5227 975,5283 976,5283 1296,5283 1296,5283 1296,5232 1299,5229 1300,5229 1300,5229 1300,5228 1303,5225 1304,5225 1305,5224 1318,5224 1320,5226 1321,5226 1321,5227 1321,5237 1322,5237 1323,5237 1324,5238 1325,5238 1325,5239 1325,5245 1327,5246 1328,5246 1329,5248 1329,5253 1331,5254 1332,5254 1333,5256 1333,5265 1335,5266 1336,5266 1337,5268 1337,5269 1338,5270 1338,5283 1339,5283 1653,5283 1659,5277 1659,5276 1660,5275 1666,5275 1667,5277 1667,5279 1668,5279 1724,5279 1725,5281 1725,5282 1727,5283 1823,5283 1823,5284 1823,5285 1824,5286 1824,5287 1825,5287 1835,5287 1836,5289 1836,5290 1838,5291 2021,5291 2021,5291 2021,5240 2023,5238 2028,5238 2029,5237 2029,5236 2030,5235 2031,5234 2032,5234 2033,5233 2181,5233 2182,5232 2182,5231 2184,5229 2205,5229 2207,5232 2207,5233 2209,5234 2210,5234 2211,5236 2211,5237 2213,5238 2214,5238 2215,5240 2215,5291 2216,5291 2399,5291 2400,5290 2400,5285 2402,5283 2403,5283 2404,5282 2404,5269 2407,5266 2408,5266 2408,5266 2408,5261 2411,5258 2412,5258 2412,5258 2412,5253 2413,5252 2413,5251 2414,5250 2415,5250 2417,5248 2421,5244 2421,5243 2422,5242 2423,5242 2425,5240 2425,5239 2426,5238 2431,5238 2432,5237 2433,5237 2433,5237 2433,5236 2436,5233 2441,5233 2441,5233 2441,5232 2444,5229 2456,5229 2458,5232 2458,5233 2459,5233 2583,5233 2584,5234 2585,5234 2585,5235 2585,5236 2588,5238 2589,5238 2589,5239 2589,5240 2590,5241 2590,5291 2591,5291 2671,5291 2672,5293 2672,5294 2674,5295 2964,5295 2964,5295 2964,5294 2967,5291 2968,5291 2968,5291 2968,5281 2970,5279 2971,5279 2972,5278 2972,5270 2973,5269 2973,5268 2975,5266 2976,5266 2977,5265 2977,5264 2979,5262 2980,5262 2981,5261 2981,5260 2983,5258 2984,5258 2985,5257 2985,5256 2987,5254 2988,5254 2989,5253 2989,5252 2991,5250 2996,5250 2997,5249 2997,5248 2999,5246 3017,5246 3017,5246 3017,5245 3020,5242 3111,5242 3113,5240 3113,5239 3114,5238 3271,5238 3272,5237 3273,5237 3273,5237 3273,5236 3276,5233 3467,5233 3467,5233 3467,5231 3468,5230 3469,5230 3471,5228 3471,5227 3473,5225 3614,5225 3615,5227 3615,5228 3618,5230 3619,5230 3619,5231 3619,5275 3620,5275 3623,5275 3623,5276 3623,5279 3624,5279 3924,5279 3924,5279 3924,5227 3926,5225 3973,5225 3973,5225 3973,5224 3974,5223 3974,5222 3975,5221 4026,5221 4027,5220 4027,5219 4029,5217 4191,5217 4191,5217 4191,5212 4192,5211 4192,5210 4193,5209 4199,5209 4200,5211 4200,5212 4202,5213 4203,5213 4204,5215 4204,5216 4203,5217 4202,5217 4200,5219 4200,5220 4199,5221 4197,5221 4196,5222 4196,5237 4196,5237 4195,5237 4194,5238 4094,5238 4093,5239 4093,5336 4092,5337 4053,5337 4052,5338 4052,5351 4047,5356 4047,5357 4047,5357 4033,5357 4031,5359 4031,5360 4030,5361 3918,5361 3915,5364 3915,5365 3915,5365 3906,5365 3903,5368 3903,5369 3903,5369 3902,5369 3901,5370 3830,5370 3829,5371 3829,5414 3828,5415 3827,5415 3826,5416 3825,5417 3825,5418 3824,5419 3823,5419 3822,5420 3821,5421 3821,5422 3820,5423 3778,5423 3776,5422 3776,5421 3775,5420 3775,5371 3775,5370 3544,5370 3543,5369 3542,5369 3541,5369 3541,5368 3539,5365 3329,5365 3327,5367 3327,5368 3326,5369 3325,5369 3324,5370 3316,5370 3314,5372 3314,5373 3313,5374 3196,5374 3195,5375 3195,5376 3193,5378 3016,5378 3014,5377 3014,5376 3013,5374 2807,5374 2792,5374 2791,5375 2791,5377 2790,5378 2789,5378 2787,5380 2787,5381 2786,5382 2785,5382 2783,5381 2783,5380 2782,5378 2525,5378 2524,5379 2524,5380 2523,5381 2523,5382 2523,5382 2522,5382 2519,5380 2519,5379 2519,5378 2236,5378 2235,5379 2235,5435 2235,5435 2225,5435 2223,5437 2223,5438 2221,5440"/><TextEquiv index="1"><Unicode>plus à notre diſpoſition. C'eſt ici qu'il</Unicode></TextEquiv></TextLine><TextLine id="r0_l025"><Coords points="2846,5645 2845,5645 2845,5644 2843,5641 1665,5641 1663,5639 1005,5639 1004,5639 1004,5581 1004,5580 843,5580 842,5579 841,5579 839,5578 839,5511 838,5509 837,5509 835,5508 835,5503 837,5501 843,5501 843,5501 843,5500 844,5499 844,5498 845,5497 851,5497 851,5497 851,5476 852,5475 852,5474 854,5472 855,5472 856,5471 856,5470 858,5468 859,5468 860,5467 860,5466 862,5464 863,5464 864,5463 864,5458 866,5456 867,5456 868,5455 868,5454 870,5452 871,5452 872,5451 872,5450 875,5447 876,5447 876,5447 876,5446 879,5443 880,5443 880,5443 880,5442 883,5439 884,5439 884,5439 884,5438 887,5435 892,5435 893,5434 893,5433 895,5431 908,5431 910,5429 918,5429 918,5430 918,5431 919,5431 1382,5431 1383,5433 1383,5438 1384,5438 3364,5438 3364,5438 3364,5437 3366,5435 3387,5435 3388,5437 3388,5438 3390,5439 3391,5439 3393,5442 3393,5480 3394,5480 4024,5480 4025,5481 4026,5481 4027,5483 4027,5484 4029,5485 4030,5485 4031,5487 4031,5488 4033,5489 4038,5489 4039,5491 4039,5496 4041,5497 4199,5497 4200,5499 4200,5500 4199,5501 4198,5501 4196,5503 4196,5615 4194,5617 4193,5617 4192,5618 4192,5623 4191,5624 4191,5625 4191,5625 3905,5625 3904,5626 3904,5637 3904,5637 3218,5637 3216,5639 3216,5640 3215,5641 2978,5641 2977,5642 2977,5644 2976,5645"/><TextEquiv index="1"><Unicode>faut du génie. Tu n'apperçois aucun</Unicode></TextEquiv></TextLine><TextLine id="r0_l026"><Coords points="4197,5878 4196,5878 4196,5871 4195,5870 4195,5865 4195,5864 3638,5864 3636,5863 3636,5832 3636,5831 3181,5831 3178,5829 3178,5799 3178,5798 1378,5798 1377,5799 1377,5848 1377,5848 1364,5848 1363,5848 1363,5844 1363,5843 1018,5843 1016,5842 1016,5841 1015,5840 1015,5839 1014,5839 1012,5838 1012,5787 1012,5786 938,5786 937,5785 866,5785 862,5781 857,5781 856,5781 856,5776 855,5775 855,5774 855,5773 854,5773 847,5767 847,5766 847,5765 846,5765 843,5763 843,5754 843,5753 842,5753 839,5751 839,5734 841,5732 842,5732 843,5731 843,5722 846,5719 847,5719 847,5719 847,5718 850,5715 851,5715 851,5715 851,5714 854,5711 855,5711 855,5711 855,5710 858,5707 859,5707 860,5706 860,5705 861,5704 862,5703 863,5703 864,5702 864,5701 865,5700 866,5699 867,5699 868,5698 868,5697 870,5695 883,5695 884,5694 884,5693 886,5691 913,5691 913,5691 913,5656 915,5654 916,5654 917,5653 1004,5653 1004,5653 1004,5640 1005,5639 1169,5639 1170,5638 1252,5638 1253,5637 1258,5637 1259,5636 1259,5635 1261,5633 1266,5633 1268,5636 1268,5637 1269,5637 1270,5637 1272,5639 1317,5639 1319,5641 1320,5641 1321,5643 1321,5644 1323,5645 1744,5645 1745,5647 1745,5648 1747,5649 3516,5649 3516,5649 3516,5643 3518,5641 3524,5641 3524,5641 3524,5640 3527,5637 3906,5637 3907,5639 3907,5686 3908,5686 4037,5686 4038,5687 4039,5687 4039,5688 4039,5743 4041,5744 4042,5744 4043,5746 4043,5751 4045,5752 4046,5752 4047,5754 4047,5772 4048,5773 4048,5778 4047,5779 4047,5781 4047,5781 4046,5781 4043,5784 4043,5797 4042,5798 4041,5798 4039,5800 4039,5805 4038,5806 4033,5806 4031,5808 4031,5813 4030,5814 4029,5814 4027,5816 4027,5817 4026,5818 4025,5818 4023,5820 4023,5825 4021,5827 3645,5827 3644,5828 3644,5855 3645,5855 4198,5855 4199,5856 4200,5856 4200,5857 4200,5858 4203,5860 4204,5860 4204,5861 4204,5863 4203,5864 4202,5864 4200,5866 4200,5878 4200,5878"/><TextEquiv index="1"><Unicode>expédient. Tu recours à moi, tu le dois;</Unicode></TextEquiv></TextLine><TextLine id="r0_l027"><Coords points="844,5849 3089,5849 3089,6046 844,6046"/><TextEquiv index="1"><Unicode>&amp; moi je t'en donne un.</Unicode></TextEquiv></TextLine><TextLine id="r0_l028"><Coords points="2711,6267 2709,6266 2709,6215 2709,6214 2360,6214 2359,6215 2359,6221 2358,6222 2357,6222 2355,6224 2355,6237 2354,6238 2353,6238 2351,6240 2351,6245 2349,6247 2348,6247 2347,6248 2347,6249 2345,6251 2344,6251 2343,6252 2343,6253 2341,6255 2340,6255 2338,6257 2338,6258 2337,6259 2336,6259 2334,6261 2334,6262 2333,6263 2328,6263 2326,6262 2326,6261 2326,6260 2325,6259 2324,6259 2322,6258 2322,6215 2322,6214 2279,6214 2276,6212 2276,6211 2276,6210 2024,6210 2021,6208 2021,6207 2021,6206 1761,6206 1760,6205 1660,6205 1659,6205 1659,6204 1657,6201 1170,6201 1169,6202 1168,6201 1166,6201 1165,6201 1165,6200 1163,6197 1063,6197 1062,6197 1062,6196 1060,6193 1059,6193 1058,6193 1058,6192 1057,6191 1057,6184 1058,6183 1058,6182 1059,6181 1066,6181 1066,6181 1066,6063 1068,6061 1192,6061 1193,6063 1193,6115 1194,6115 1419,6115 1420,6114 1420,6113 1422,6111 1634,6111 1634,6111 1634,6108 1635,6107 1636,6107 1637,6106 1638,6105 1638,6104 1639,6103 1642,6103 1642,6104 1642,6105 1643,6105 1645,6107 1646,6107 1646,6108 1646,6111 1647,6111 1670,6111 1671,6113 1671,6114 1673,6115 1732,6115 1733,6117 1733,6118 1735,6119 2198,6119 2198,6119 2198,6072 2200,6070 2201,6070 2202,6069 2214,6069 2215,6068 2215,6067 2216,6066 2217,6066 2218,6065 2221,6065 2225,6069 2546,6069 2547,6070 2548,6070 2548,6071 2548,6086 2549,6086 2745,6086 2746,6088 2746,6093 2748,6094 2749,6094 2750,6096 2750,6123 2751,6123 2967,6123 2968,6122 2968,6121 2970,6119 2972,6119 2972,6120 2972,6121 2975,6123 3203,6123 3203,6123 3203,6072 3205,6070 3206,6070 3207,6069 3211,6069 3211,6069 3211,6068 3214,6065 3223,6065 3224,6064 3224,6063 3226,6061 3227,6061 3228,6063 3228,6064 3230,6065 3231,6066 3232,6066 3232,6067 3232,6115 3233,6115 3421,6115 3421,6116 3421,6117 3424,6119 3729,6119 3730,6118 3730,6117 3732,6115 3741,6115 3743,6113 3743,6112 3744,6111 3861,6111 3862,6110 3862,6108 3863,6107 3960,6107 3961,6106 4010,6106 4010,6106 4010,6105 4013,6102 4014,6102 4014,6102 4014,6101 4017,6098 4046,6098 4047,6100 4047,6101 4050,6103 4051,6103 4051,6104 4051,6105 4052,6106 4052,6113 4050,6115 4045,6115 4043,6117 4043,6180 4042,6181 4041,6181 4039,6183 4039,6184 4038,6185 4012,6185 4011,6186 4011,6187 4010,6188 4010,6189 4010,6189 3992,6189 3990,6191 3990,6192 3989,6193 3987,6193 3986,6194 3986,6258 3986,6258 3966,6258 3965,6258 3965,6256 3965,6255 3848,6255 3845,6253 3845,6252 3845,6251 3844,6251 3841,6249 3841,6207 3841,6206 3106,6206 3104,6208 3104,6209 3103,6210 3098,6210 3096,6212 3096,6213 3095,6214 2809,6214 2808,6215 2808,6216 2806,6218 2744,6218 2742,6220 2742,6237 2740,6239 2739,6239 2738,6240 2738,6245 2736,6247 2735,6247 2734,6248 2734,6249 2732,6251 2731,6251 2730,6252 2730,6257 2721,6266 2721,6267 2721,6267"/><TextEquiv index="1"><Unicode>Nous tenons déjà le jeune-homme par</Unicode></TextEquiv></TextLine><TextLine id="r0_l029"><Coords points="2588,6481 2587,6481 2585,6480 2585,6479 2585,6478 2584,6477 2583,6477 2581,6476 2581,6475 2580,6473 2575,6473 2573,6472 2573,6467 2572,6465 2571,6465 2569,6464 2569,6421 2569,6420 2324,6420 2322,6422 2322,6423 2321,6424 2320,6424 2317,6422 2317,6421 2317,6420 2275,6420 2272,6418 2272,6417 2272,6416 2271,6416 2268,6414 2268,6412 2268,6411 2032,6411 2030,6413 2030,6414 2029,6415 1987,6415 1986,6416 1977,6416 1976,6417 1976,6418 1974,6420 1970,6420 1968,6419 1968,6418 1967,6416 1766,6416 1765,6417 1765,6475 1765,6475 1742,6475 1741,6475 1741,6417 1741,6416 1689,6416 1688,6417 1688,6426 1686,6428 1681,6428 1680,6429 1680,6430 1678,6432 1677,6432 1676,6433 1675,6434 1675,6435 1674,6436 1669,6436 1667,6438 1667,6439 1666,6440 1648,6440 1646,6439 1646,6413 1646,6412 1486,6412 1485,6411 1310,6411 1309,6411 1309,6410 1307,6407 919,6407 918,6407 918,6406 916,6403 853,6403 852,6403 852,6402 850,6400 850,6399 849,6399 848,6399 848,6398 847,6397 847,6393 849,6391 850,6391 852,6389 852,6388 853,6387 856,6387 856,6387 856,6261 858,6259 883,6259 887,6263 888,6263 888,6264 888,6265 889,6266 889,6321 890,6321 1086,6321 1086,6321 1086,6270 1089,6267 1090,6267 1090,6267 1090,6266 1093,6263 1098,6263 1098,6263 1098,6262 1101,6259 1114,6259 1115,6261 1115,6317 1116,6317 1234,6317 1234,6318 1234,6319 1237,6321 1455,6321 1456,6320 1457,6320 1457,6320 1457,6298 1459,6296 1460,6296 1461,6295 1461,6290 1463,6288 1464,6288 1465,6287 1465,6286 1467,6284 1468,6284 1469,6283 1469,6282 1471,6280 1472,6280 1473,6279 1473,6278 1476,6275 1477,6275 1477,6275 1477,6274 1480,6271 1481,6271 1482,6270 1482,6269 1484,6267 1485,6267 1486,6266 1486,6265 1488,6263 1518,6263 1518,6264 1518,6265 1519,6266 1519,6271 1520,6271 1521,6271 1523,6274 1523,6321 1524,6321 1555,6321 1556,6323 1556,6324 1558,6325 1563,6325 1564,6327 1564,6328 1566,6329 1567,6329 1568,6331 1568,6332 1570,6333 1571,6333 1572,6335 1572,6340 1574,6341 1575,6341 1575,6342 1576,6343 1576,6344 1579,6346 1580,6346 1580,6347 1580,6348 1581,6349 1581,6378 1582,6378 1819,6378 1819,6378 1819,6365 1820,6364 1820,6363 1821,6362 1822,6362 1823,6361 1823,6357 1824,6356 1824,6355 1825,6354 1826,6354 1827,6353 1827,6349 1828,6348 1828,6347 1829,6346 1830,6346 1830,6346 1832,6344 1832,6343 1834,6341 1835,6341 1836,6340 1836,6339 1838,6337 1839,6337 1840,6336 1840,6335 1842,6333 1847,6333 1848,6332 1848,6331 1850,6329 1860,6329 1860,6329 1860,6328 1861,6327 1861,6326 1862,6325 1897,6325 1897,6325 1897,6283 1898,6282 1898,6281 1899,6280 1900,6280 1902,6278 1902,6277 1903,6276 1904,6276 1905,6275 2070,6275 2071,6274 2071,6273 2073,6271 2077,6271 2079,6274 2079,6275 2080,6275 2085,6275 2094,6284 2095,6284 2095,6285 2095,6329 2096,6329 2305,6329 2305,6330 2305,6331 2306,6332 2306,6333 2307,6333 2407,6333 2408,6335 2408,6336 2410,6337 2679,6337 2680,6336 2680,6335 2682,6333 2968,6333 2968,6333 2968,6282 2970,6280 2971,6280 2972,6279 2980,6279 2981,6278 2981,6277 2982,6276 2983,6276 2984,6275 2995,6275 2996,6276 2997,6276 2997,6277 2997,6278 3000,6280 3001,6280 3001,6281 3001,6333 3002,6333 3231,6333 3232,6332 3232,6331 3234,6329 3302,6329 3302,6329 3302,6282 3305,6279 3306,6279 3306,6279 3306,6273 3307,6272 3308,6272 3309,6271 3325,6271 3327,6274 3327,6275 3328,6275 3329,6275 3331,6278 3331,6321 3332,6321 3478,6321 3479,6323 3479,6325 3480,6325 3746,6325 3746,6325 3746,6324 3749,6321 3906,6321 3907,6320 3907,6319 3909,6317 3959,6317 3961,6315 3961,6314 3962,6313 3963,6313 3964,6312 3965,6312 3965,6312 3965,6259 3966,6258 3986,6258 3986,6259 3986,6262 3988,6263 3989,6263 3990,6265 3990,6304 3991,6304 4199,6304 4200,6303 4200,6302 4202,6300 4203,6300 4204,6302 4204,6308 4204,6308 4049,6308 4048,6309 4048,6376 4047,6377 4047,6378 4047,6378 4046,6378 4043,6381 4043,6382 4043,6382 4042,6382 4039,6385 4039,6386 4039,6386 4038,6386 4035,6389 4035,6390 4034,6391 4016,6391 4015,6392 4015,6393 4013,6395 3967,6395 3965,6397 3965,6398 3964,6399 3942,6399 3941,6400 3941,6401 3939,6403 3901,6403 3899,6405 3899,6406 3898,6407 3608,6407 3607,6408 3607,6422 3605,6424 3604,6424 3603,6425 3603,6430 3599,6434 3599,6442 3598,6443 3598,6444 3598,6444 3597,6444 3596,6445 3594,6447 3594,6448 3594,6448 3593,6448 3590,6451 3590,6452 3590,6452 3589,6452 3586,6455 3586,6456 3585,6457 3580,6457 3578,6459 3578,6460 3578,6460 3577,6460 3573,6464 3573,6465 3573,6465 3568,6465 3565,6463 3565,6462 3565,6461 3564,6461 3561,6459 3561,6417 3561,6416 3159,6416 3158,6417 3158,6476 3157,6477 3156,6477 3155,6478 3154,6477 3114,6477 3113,6477 3113,6476 3113,6475 3111,6473 3110,6473 3108,6472 3108,6425 3108,6424 2656,6424 2655,6425 2655,6448 2655,6448 2654,6448 2651,6451 2651,6460 2650,6461 2649,6461 2647,6463 2647,6464 2646,6465 2645,6465 2643,6467 2643,6468 2642,6469 2641,6469 2639,6471 2639,6472 2638,6473 2633,6473 2631,6475 2631,6476 2630,6477 2621,6477 2618,6480 2618,6481 2618,6481 2590,6481 2589,6482"/><TextEquiv index="1"><Unicode>la bourſe, c'eſt un grand point; mais</Unicode></TextEquiv></TextLine><TextLine id="r0_l030"><Coords points="3398,6712 3397,6712 3397,6711 3396,6710 3396,6707 3397,6706 3397,6635 3397,6634 3036,6634 3034,6636 3034,6637 3033,6638 2884,6638 2882,6640 2882,6641 2881,6642 2880,6642 2877,6640 2877,6639 2877,6638 2694,6638 2693,6639 2693,6682 2692,6683 2690,6683 2688,6682 2688,6677 2687,6675 2686,6675 2684,6674 2684,6639 2684,6638 2653,6638 2651,6640 2651,6641 2650,6642 2600,6642 2598,6644 2598,6645 2597,6646 2596,6646 2593,6649 2593,6650 2593,6650 2587,6650 2586,6650 2586,6649 2584,6646 2554,6646 2553,6646 2553,6645 2552,6644 2552,6640 2551,6638 2476,6638 2474,6637 2474,6635 2474,6634 2224,6634 2223,6635 2223,6641 2222,6642 2217,6642 2215,6641 2215,6639 2215,6638 2119,6638 1986,6638 1984,6640 1984,6641 1983,6642 1974,6642 1972,6641 1972,6640 1972,6639 1971,6638 1970,6638 1968,6637 1968,6636 1967,6635 1967,6631 1967,6630 1599,6630 1597,6632 1597,6633 1596,6634 1587,6634 1585,6633 1585,6632 1584,6631 1584,6627 1584,6626 1423,6626 1343,6626 1342,6627 1342,6628 1340,6630 1337,6628 1337,6627 1337,6626 1135,6626 1134,6625 1133,6625 1132,6625 1132,6624 1131,6622 1057,6622 1056,6621 1055,6621 1053,6620 1053,6619 1053,6618 1052,6618 1049,6616 1049,6610 1049,6609 853,6609 852,6609 852,6608 851,6607 851,6536 851,6535 849,6535 848,6535 848,6534 847,6533 847,6528 847,6527 845,6527 843,6526 843,6525 846,6522 847,6522 847,6522 847,6521 850,6518 852,6518 852,6518 852,6474 853,6473 855,6473 855,6473 855,6472 858,6469 859,6469 860,6468 860,6467 862,6465 863,6465 863,6465 863,6464 864,6463 864,6462 865,6461 867,6461 868,6463 868,6464 870,6465 1122,6465 1124,6468 1124,6469 1125,6469 1131,6469 1131,6470 1131,6471 1132,6472 1132,6527 1133,6527 1307,6527 1309,6525 1309,6524 1310,6523 1311,6523 1312,6522 1318,6522 1319,6523 1320,6523 1321,6525 1321,6526 1322,6526 1323,6526 1325,6529 1325,6530 1327,6531 1432,6531 1432,6531 1432,6492 1434,6490 1435,6490 1436,6489 1437,6489 1438,6490 1440,6490 1440,6491 1440,6492 1441,6493 1441,6531 1442,6531 1737,6531 1737,6531 1737,6483 1739,6481 1740,6481 1741,6480 1741,6476 1742,6475 1766,6475 1769,6478 1770,6478 1770,6479 1770,6535 1771,6535 1987,6535 1988,6534 1988,6529 1990,6527 1991,6527 1992,6526 1992,6521 1995,6518 1996,6518 1996,6518 1996,6505 1997,6504 1997,6503 1998,6502 1999,6502 2000,6501 2000,6497 2001,6496 2001,6495 2002,6494 2007,6494 2020,6481 2025,6481 2025,6481 2025,6480 2028,6477 2044,6477 2046,6480 2046,6481 2047,6481 2052,6481 2053,6482 2054,6482 2054,6483 2054,6484 2057,6486 2058,6486 2058,6487 2058,6535 2059,6535 2156,6535 2157,6537 2157,6539 2158,6539 2799,6539 2799,6539 2799,6522 2800,6521 2800,6520 2801,6519 2802,6518 2803,6518 2804,6517 2804,6512 2806,6510 2807,6510 2808,6509 2808,6509 2808,6508 2810,6506 2811,6506 2812,6505 2812,6505 2812,6504 2814,6502 2823,6502 2824,6501 2824,6500 2826,6498 3034,6498 3034,6498 3034,6496 3036,6494 3037,6494 3037,6494 3038,6493 3038,6492 3040,6490 3045,6490 3047,6488 3047,6487 3048,6486 3049,6486 3051,6484 3051,6483 3052,6482 3053,6482 3055,6480 3055,6479 3057,6477 3078,6477 3080,6480 3080,6481 3081,6481 3082,6481 3084,6484 3084,6485 3085,6485 3086,6485 3088,6488 3088,6539 3089,6539 3355,6539 3355,6539 3355,6538 3356,6537 3356,6536 3357,6535 3425,6535 3425,6535 3425,6534 3426,6533 3426,6532 3427,6531 3428,6531 3430,6529 3430,6516 3432,6514 3433,6514 3434,6513 3434,6500 3436,6498 3437,6498 3437,6498 3438,6497 3438,6496 3441,6493 3442,6493 3442,6493 3442,6492 3445,6489 3446,6489 3446,6489 3446,6488 3449,6485 3450,6485 3450,6485 3450,6484 3453,6481 3458,6481 3458,6481 3458,6480 3461,6477 3470,6477 3471,6476 3471,6475 3473,6473 3478,6473 3479,6475 3479,6476 3481,6477 3663,6477 3664,6479 3664,6486 3665,6487 3665,6522 3666,6522 3707,6522 3708,6523 3709,6523 3710,6525 3710,6526 3712,6527 3713,6527 3714,6529 3714,6530 3716,6531 3940,6531 3940,6531 3940,6496 3942,6494 3943,6494 3944,6493 3944,6488 3946,6486 3947,6486 3949,6484 3949,6483 3951,6481 3952,6481 3953,6480 3953,6479 3955,6477 3960,6477 3961,6476 3961,6475 3963,6473 3984,6473 3986,6476 3986,6477 3987,6477 3988,6477 3990,6480 3990,6485 3991,6485 3992,6485 3994,6488 3994,6498 3995,6498 4051,6498 4052,6500 4052,6501 4054,6502 4055,6502 4055,6503 4055,6504 4058,6506 4059,6506 4060,6508 4060,6509 4059,6510 4058,6510 4056,6512 4056,6513 4055,6514 4049,6514 4048,6515 4048,6609 4049,6609 4051,6609 4051,6610 4051,6611 4054,6613 4055,6613 4055,6614 4055,6615 4056,6616 4054,6618 4053,6618 4052,6619 4052,6628 4050,6630 4047,6628 4047,6627 4047,6626 4046,6626 4045,6625 3836,6625 3833,6628 3833,6633 3832,6634 3831,6634 3829,6636 3829,6637 3828,6638 3827,6638 3825,6640 3825,6641 3824,6642 3819,6642 3817,6644 3817,6649 3816,6650 3807,6650 3805,6652 3805,6653 3804,6654 3793,6654 3792,6654 3792,6652 3791,6650 3790,6650 3788,6649 3788,6623 3788,6622 3600,6622 3599,6623 3599,6673 3598,6674 3598,6675 3598,6675 3518,6675 3516,6677 3516,6678 3515,6679 3510,6679 3508,6681 3508,6682 3507,6683 3477,6683 3475,6682 3475,6681 3474,6679 3473,6679 3471,6678 3471,6635 3471,6634 3401,6634 3400,6635 3400,6705 3401,6706 3401,6711 3400,6712"/><TextEquiv index="1"><Unicode>il faut avoir ſon cœur &amp; ſon eſprit, &amp;</Unicode></TextEquiv></TextLine></TextRegion></Page></PcGts>