4266 8504
2372 661 2865 847 i
990 900 4156 1102 mon cher ami. Dès le jour même de
998 1113 4217 1327 votre départ, il eſt venu, chez nous,
994 1322 4200 1537 une grande Dame, bien belle. On ap-
973 1528 4122 1754 pelle cela une Dame de Charité. „Oui,
969 1738 4118 1951 “a-t-elle dit, en entrant, voilà ce que
969 1947 4171 2153 “je cherchois. J'ai l'honneur d'être chez
722 2153 4167 2367 “M. de Belle-en-Deuil; voilà ſa De-
969 2362 4151 2564 “moiſelle Aurore, qui eſt auſſi char-
957 2568 4151 2780 “mante qu'on me l'a aſſuré.“ Cette
961 2778 4138 2991 Dame m'a dit mille choſe flatteuſes;
961 2987 4130 3198 elle eſt tout ſucre & tout miel. Hé bien,
948 3197 4097 3403 voyez, au premier coup-d'œil, je l'au-
945 3406 2397 3564 rois cru méchante.
977 3607 4086 3823 Elle a dit au cher papa, & à la chère
936 3818 4089 4037 maman: „Gens honnêtes & reſpectables,
928 4027 4085 4237 “j'ai beaucoup entendu parler de vous.
924 4233 4089 4441 “Je ſais que la fortune vous a jadis
920 4441 4073 4644 “ſouri; mais qu'elle vous a fait enſuit
928 4652 4097 4854 “éprouver un revers terrible. Vous
915 4853 4073 5064 “ſouffrez patiemment ſes rigueurs;
911 5063 4060 5274 “mais vous n'êtes pas dans un état
903 5268 4052 5477 “digne de vous. Je voudrois bien pou-
907 5473 4048 5689 “voir contribuer à vous adoucir votre ſort;
899 5688 4040 5898 “mais vous n'êtes pas gens peut-être à
891 5893 4036 6107 “accepter des ſecours purement gratuits.
891 6095 4036 6317 “Comment donc faire? Madame Belle-
883 6309 4031 6523 “en-Deuil travaille avec ſa Demoiſelle;
583 6522 4023 6732 “mais, ſi elle travaille pour le Mar-
874 6732 4068 6958 “chand, les ouvrages ne ſont que très-
