4266 8541
73 912 3255 1141 “peu payés. Il eſt aiſé de vous en pro-
81 1128 3251 1330 “curer qui le ſoient mieux; cela vous
1 1339 3257 1552 “apportera, du moins, un peu plus
89 1551 3256 1763 “d'aiſance.“ Nous avons remercié la
1 1756 3260 1971 généreuſe Dame. Elle a demandé à voir
1 1966 3260 2171 de notre ouvrage; je lui ai montré de
24 2171 3264 2380 mes broderies, de mes dentelles, de
36 2379 3272 2587 mon filet. Elle a paru très-contente; elle
28 2586 3272 2792 m'a louée même comme on ne loue
40 2792 3583 3009 point. Elle eſt flatteuſe, la belle Dame.
48 3001 3268 3210 Elle nous a commandé divers ouvrages;
44 3206 3276 3421 elle a bien voulu nous en promettre un
44 3411 3272 3631 prix honnête, & nous pourrons ainſi
44 3621 1391 3853 gagner notre vie.
61 3834 3284 4036 Ma mère lui a dit que je m'appli-
62 4041 3273 4246 quois auſſi, depuis quelque temps, à la
94 4250 3573 4439 gravure, & nous lui avons montré ma
81 4442 3280 4665 dernière planche, avec une épreuve que
77 4649 3280 4866 ous en avions tirée. Elle a paru ſi en-
85 4857 3276 5073 thouſiaſmée, qu'il y avoit, je crois, un
93 5066 3276 5274 peu de jeu. Je lui ai dit que c'étoit un
89 5274 3280 5486 ami, un voiſin qui m'enſeignoit ce ta-
93 5469 3276 5691 ent par pure amitié. Je lui ai montré
105 5674 3453 5900 le portrait de mon maître; elle en a paru
114 5879 3276 6109 frappée. „C'eſt un très - beau jeune-
110 6101 3272 6303 “homme, a-t-elle dit; vpuis, me re-
115 6312 3273 6517 gardant avec malice: „Il eſt digne, a-t-elle
148 6521 3273 6726 repris, d'être aſſocié avec la petite.
118 6701 3255 6932 Cela feroit un charmant couple.“
