4266 8529
2304 316 2808 513 i
724 562 4103 784 un peu réconciliée avec elle; car elle
853 782 4112 987 m'avoit beaucoup impatientée par ces
588 992 4121 1204 précautions qu'elle veut que nous pre-
853 1203 4091 1414 nions contre vous; comme ſi je ne vous
861 1407 4241 1620 connoiſſois pas pour le plus honnête gar-
853 1624 4241 1841 çon du monde. Qu'eſt-ce que ces propos
849 1832 4241 2054 vagues qu'elle nous jette comme au haſard,
849 2041 4241 2254 que peut-être elle vous connoît, qu'il y
857 2249 4241 2482 a des gens riches qui ſe déguiſent pour
853 2461 4241 2683 tromper les filles? Croit-elle nous éblouir,
849 2673 4241 2885 avec ces propos ambigus? Ce qui me
849 2882 4241 3091 faiſoit le plus de peine, c'eſt que les
850 3092 4221 3301 deux chers auteurs de mes jours paroiſ-
849 3300 4174 3512 ſoient entrer parfaitement dans ſes ſen-
849 3511 4083 3726 timens. J'ai été obligée de me joindre
841 3724 4212 3933 à eux pour la remercier, quand elle nous
545 3932 4087 4145 a promis de nous procurer une petite
820 4141 4141 4559 o ooee ooos quiele poiiee uie
541 4549 4212 4767 Quoi qu'il en ſoit, vous la verrez à votre
815 4762 4203 4976 retour. Je ſuis bien ſenſible aux ſervices
817 4977 4213 5183 qu'elle veut nous rendre; mais je n'aime
795 5182 4066 5603 aeae vo u le le pt ai uu lou
799 5599 4191 5812 d'une viſite d'une heure; elle a pris congé
787 5816 4111 6024 de nous, avec autant de bonne grace
770 6020 4083 6232 que de bonté. Elle a laiſſé mon père &
774 6228 4041 6446 ma mère dans l'enthouſiaſme. Pour moi,
745 6436 3999 6674 je ſuis auſſi reconnoiſſante; mais cette
