4266 8147
2540 523 3260 720 n
1129 771 4160 968 trouvé déjà embarqué, & je l'ai rejoint
1120 970 4218 1176 ſur ſon vaiſſeau, qui eſt en rade. Nous
1123 1171 4207 1368 ne ſommes pas encore tout-à-fait d'ac-
1137 1372 4141 1571 cord. Il va partir pour l'Amérique, &
991 1571 4188 1762 moi, je vais me hâter de vous rejoindre.
1345 1766 4133 1962 Votre belle Dame m'inquiète beau-
1139 1961 4120 2162 coup. Je ſuis fort ſenſible à ce qu'elle
1143 2161 4116 2366 prétend faire pour vous; mais je lui
1143 2355 4108 2568 envie cet avantage. Je voudrois qu'i
1139 2559 4105 2760 n'y eût que moi qui fuſſe admis au bon-
1139 2763 4140 2962 heur de vous obliger; ah! ſi mes projets
1136 2956 4140 3160 réuſſiſſent, je pourrai, peut-être, vous
986 3157 4101 3342 ſuffire, & vous n'aurez beſoin de per-
1139 3353 4117 3554 ſonne. Pourquoi cette cruelle Dame
1135 3550 4093 3751 veut-elle nous ſéparer? Pourquoi vous
946 3738 4093 3951 donne-t-elle des ſoupçons contre moil
1124 3943 4089 4101 Ah! ſi vous lui avez trouvé un air dur,
1127 4144 4089 4345 il faut qu'elle ſoit méchante. Vous êtes
1124 4336 4085 4541 bonne phyſionomiſte. Je m'en fie à vo
1124 4537 1989 4741 beaux yeux.
1324 4714 4081 4919 Je brûle de vous rejoindre, de voi
1123 4914 4073 5136 quelle eſt cette Dame. Je vous embraſſe,
1018 5107 4069 5329 ma chère petite Aurore; je ſalue de
1017 5316 4065 5528 tout mon cœur le cher papa & la chètt
1105 5584 1699 5737 maman.
