4266 8930
1487 356 2021 586 .
134 819 3474 1054 a
47 1154 3463 1423 Céſar de Perlencour, à Dumoulin.
2487 1527 3284 1713 Paris.
108 1915 3467 2162 'ai fait le voyage de Breſt, mon cher
104 2150 3467 2378 ami; mais, ô ciel! quelles en ſont les
103 2372 3467 2596 ſuites! Que j'ai de choſes à te dire! Par
99 2590 1710 2765 où commencer?
147 2809 3476 3033 J'ai trouvé mon père déjà embarqué.
99 3033 3463 3258 Son vaiſſeau étoit en rade, je l'ai re-
91 3254 3459 3476 joint ſur ſon bord. Il m'a paru ſurpris,
82 3480 3454 3704 mais peu flatté de me voir; ma mère, au
78 3694 3459 3912 contraire, m'a embraſſé avec tranſport.
73 3917 3454 4139 Elle a pleuré, d'abord de joie de me voir,
69 4135 3445 4362 je crois, enſuite de triſteſſe, ſe rappelant,
64 4353 3476 4571 ſans doute, la mort de ma ſœur. J'ai
56 4575 3442 4794 pleuré avec elle. Mon père m'a demandé
56 4794 3467 5017 ſévèrement ce que je venois faire. „Je
56 5016 3441 5234 “viens vous détromper, lui ai - je ré-
56 5239 3419 5462 “pondu; vous me perdez pour jamais.“
56 5452 3441 5679 Alors je lui ai fait un portrait, au na-
60 5677 3441 5897 turel, du Chevalier Marqué. Je lui ai
55 5902 3442 6121 raconté tous les tours infâmes qu'il m'a
51 6120 3459 6316 joués. Je lui ai fait voir enfin comment
47 6342 3541 6565 ce coquin m'a débauché, m'a corrompu,
47 6556 3433 6786 m'a fait faire toutes les ſottiſes que j'ai
38 6770 3528 7010 à me reprocher. J'ai eu beaucoup de
2372 6981 2857 7215 Fiij
