4266 8512
832 730 4196 948 “que mon fils devoit contracter. Il ne
861 945 4079 1164 “faut pas que nous renoncions à un ſi
820 1157 4074 1370 “noble projet; & nous n'avons pas
820 1364 4241 1606 “fait tant de ſacrifices, pour nous en-
870 1578 3137 1770 “ſevelir dans l'obſcurité.“
937 1678 4241 2011 A ce mot de ſacrifices mon père a
870 1995 4241 2224 pâli. Laiſſez - nous ſeuls, Madame,
578 2207 4241 2431 “a-t-il dit. J'ai quelque choſe à com-
866 2420 4241 2628 “muniquer à mon fils, en particulier.“
870 2621 4241 2842 -- „Il eſt plaiſant que je ſois ici de
866 2840 4241 3049 “trop, a-t-elle repris; mais elle s'eſt
596 3048 1421 3239 retirée.
1078 3247 4213 3470 Quand nous avons été ſeuls: „Hé
505 3466 4211 3684 “bien, mon fils, a dit mon père, vous
857 3682 4208 3897 “vous croyez bien noble. Apprenez ce
845 3876 4091 4095 “qui en eſt. Nous avons de vieux
866 4099 4091 4311 “parchemins dont je ne connois pas
857 4307 4099 4524 “tout-à-fait l'origine, & que je ne ſais
866 4512 4099 4734 “pas trop bien déchiffrer, par leſquels
866 4724 4099 4939 “il ſembleroit que nous pourrions deſ-
865 4937 4082 5128 “cendre, je ne ſais comment, des
791 5149 4191 5360 “anciens Comtes de Toulouſe. Il y a
861 5360 4199 5572 “eu même un généalogiſte, qui ne dé-
865 5561 4191 5779 “chiffroit pas mieux que moi nos par-
870 5778 4195 5999 “chemins, & qui nous a dreſſé, pour
857 5984 4199 6205 “quelques louis, une généalogie, par
875 6199 4204 6410 “laquelle nous deſcendons bien claire-
878 6403 4205 6626 “ment, & en droite ligne, de ces an-
866 6619 4213 6840 “ciens Souverains.“ -- „Vous voyez
