<PcGts xmlns="http://schema.primaresearch.org/PAGE/gts/pagecontent/2017-07-15" xmlns:xsi="http://www.w3.org/2001/XMLSchema-instance" xsi:schemaLocation="http://schema.primaresearch.org/PAGE/gts/pagecontent/2017-07-15 http://schema.primaresearch.org/PAGE/gts/pagecontent/2017-07-15/pagecontent.xsd"><Metadata><Creator>User123</Creator><Created>2020-10-14T11:42:07</Created><LastChange>2020-10-14T11:42:07</LastChange></Metadata><Page imageFilename="0136.png" imageHeight="8250" imageWidth="4266"><TextRegion id="r0" type="paragraph" orientation="-0.0"><Coords points="1,1 4264,1 4264,8248 1,8248"/><TextLine id="r0_l001"><Coords points="1252,514 1994,514 1994,738 1252,738"/><TextEquiv index="1"><Unicode>roſ.</Unicode></TextEquiv></TextLine><TextLine id="r0_l002"><Coords points="1069,976 1068,976 1068,975 1067,974 1067,913 1067,912 1006,912 1004,914 1004,915 1003,916 1001,916 1000,916 1000,915 999,914 999,913 999,912 774,912 639,912 637,914 637,915 636,916 388,916 378,906 247,906 245,908 227,908 226,909 226,936 226,936 216,936 214,935 214,917 214,916 200,916 199,916 199,915 197,912 196,912 194,911 194,859 197,856 198,856 198,856 198,855 201,852 202,852 202,852 202,851 205,848 206,848 206,848 206,847 209,844 298,844 298,844 298,842 300,840 410,840 410,840 410,782 411,781 412,781 414,779 414,778 415,777 416,777 417,776 425,776 426,775 426,774 427,773 428,773 430,771 430,770 431,769 432,769 433,768 435,768 436,769 437,769 438,771 438,772 440,773 445,773 446,775 446,828 447,828 800,828 800,828 800,768 801,767 801,766 802,765 812,765 812,766 812,767 814,768 925,768 926,769 928,769 928,770 928,771 935,777 936,777 936,778 936,820 937,820 1187,820 1187,820 1187,799 1190,796 1191,796 1191,796 1191,795 1194,792 1205,792 1206,793 1207,793 1207,794 1207,795 1209,796 1210,796 1211,798 1211,801 1212,801 1215,801 1215,801 1215,786 1216,785 1217,785 1218,784 1219,784 1219,784 1219,782 1220,781 1221,781 1222,780 1223,782 1223,801 1224,801 1327,801 1327,802 1327,887 1328,887 1339,887 1339,887 1339,830 1340,829 1341,829 1343,827 1343,826 1344,825 1345,825 1346,824 1350,824 1351,823 1351,822 1352,821 1353,821 1354,820 1532,820 1533,821 1534,821 1534,822 1534,823 1536,824 1636,824 1637,825 1638,825 1638,826 1638,827 1640,828 1773,828 1773,828 1773,827 1776,824 1785,824 1785,824 1785,823 1788,820 1825,820 1825,820 1825,763 1828,760 1831,760 1832,761 1833,761 1833,762 1833,820 1834,820 1877,820 1877,820 1877,779 1880,776 1881,776 1881,776 1881,775 1883,773 1884,773 1885,772 1894,772 1895,773 1896,773 1900,777 1901,777 1901,778 1901,788 1902,788 1903,788 1904,789 1905,789 1905,790 1905,799 1908,801 1909,801 1909,802 1909,804 1910,804 2007,804 2009,807 2009,820 2010,820 2059,820 2061,823 2061,824 2062,824 2063,824 2065,827 2065,828 2066,828 2067,828 2069,831 2069,832 2070,832 2071,832 2073,835 2073,876 2074,876 2252,876 2252,876 2252,846 2253,845 2254,845 2256,843 2256,838 2257,837 2258,837 2260,835 2260,834 2261,833 2262,833 2264,831 2264,830 2265,829 2266,829 2267,828 2271,828 2272,827 2272,826 2273,825 2274,825 2275,824 2283,824 2284,823 2284,822 2286,820 2340,820 2340,820 2340,766 2341,765 2356,765 2357,764 2358,765 2359,765 2360,767 2360,768 2362,769 2367,769 2368,771 2368,780 2369,780 2461,780 2462,781 2463,781 2463,782 2463,783 2466,785 2467,785 2467,786 2467,787 2470,789 2471,789 2471,790 2471,820 2472,820 2537,820 2538,821 2539,821 2539,822 2539,823 2541,824 2671,824 2671,824 2671,778 2673,776 2674,776 2675,775 2675,770 2676,769 2681,769 2683,767 2683,766 2684,765 2689,765 2691,763 2691,762 2692,761 2753,761 2754,760 2756,760 2757,761 2758,761 2758,762 2758,763 2759,763 2760,764 2761,764 2762,766 2762,812 2763,812 2800,812 2801,813 2802,813 2802,814 2802,815 2803,815 2804,816 2805,816 2806,818 2806,820 2807,820 2998,820 2998,820 2998,770 2999,769 3008,769 3010,767 3010,766 3011,765 3018,765 3019,764 3020,765 3021,765 3022,767 3022,768 3024,769 3025,769 3026,771 3026,796 3027,796 3159,796 3160,797 3161,797 3161,798 3161,804 3162,804 3164,804 3165,806 3165,816 3166,816 3179,816 3180,817 3181,817 3181,818 3181,819 3183,820 3187,820 3188,821 3189,821 3189,822 3189,823 3192,825 3193,825 3193,826 3193,831 3196,833 3197,833 3197,834 3197,835 3200,837 3201,837 3201,838 3201,839 3204,841 3205,841 3205,842 3205,843 3208,845 3209,845 3209,846 3209,848 3210,848 3271,848 3273,851 3273,852 3274,852 3283,852 3285,855 3285,856 3286,856 3287,856 3289,859 3289,864 3290,864 3292,864 3293,866 3293,867 3291,869 3290,869 3289,870 3289,875 3288,876 3283,876 3281,878 3281,879 3280,880 3267,880 3265,882 3265,883 3264,884 3202,884 3201,885 3201,895 3200,896 3199,896 3197,898 3197,899 3196,900 3195,900 3193,902 3193,903 3192,904 3191,904 3189,906 3189,907 3188,908 3175,908 3173,910 3173,911 3172,912 3159,912 3157,911 3157,910 3156,908 2630,908 2525,908 2524,909 2524,910 2523,911 2523,912 2523,912 2464,912 2463,913 2463,919 2459,923 2459,927 2455,931 2455,939 2454,940 2453,940 2452,941 2452,942 2451,943 2451,947 2450,948 2449,948 2448,949 2448,950 2446,952 2445,952 2444,953 2444,954 2442,956 2433,956 2432,956 2432,955 2431,954 2431,909 2431,908 2165,908 2164,909 2164,919 2159,924 2158,924 2156,926 2156,932 2156,932 2150,932 2149,933 2149,934 2147,936 2142,936 2141,937 2141,938 2139,940 2134,940 2133,940 2133,939 2131,936 2130,936 2128,935 2128,909 2128,908 1811,908 1810,909 1810,953 1809,954 1809,955 1808,956 1807,956 1806,957 1806,958 1804,960 1783,960 1782,960 1782,959 1780,956 1775,956 1774,956 1774,955 1773,954 1773,905 1773,904 1528,904 1527,905 1527,906 1526,907 1526,908 1526,908 1524,908 1522,907 1522,906 1521,904 1224,904 1223,905 1223,908 1223,908 1222,908 1221,909 1220,909 1219,910 1219,923 1218,924 1217,924 1216,925 1216,926 1214,928 1213,928 1212,929 1212,930 1210,932 1209,932 1208,933 1208,934 1206,936 1193,936 1192,937 1192,938 1191,939 1191,940 1191,940 1097,940 1096,941 1096,943 1095,944 1093,944 1092,944 1092,943 1091,942 1091,913 1091,912 1077,912 1076,913 1076,967 1075,968 1073,968 1072,969 1072,975 1071,976"/><TextEquiv index="1"><Unicode>“donc bien, mon père, ai-je dit vive-</Unicode></TextEquiv></TextLine><TextLine id="r0_l003"><Coords points="969,1159 968,1159 968,1136 968,1135 893,1135 892,1135 892,1121 892,1120 493,1120 492,1119 379,1119 378,1119 378,1118 377,1116 197,1116 194,1114 194,1113 194,1112 193,1112 190,1110 190,1062 192,1060 193,1060 194,1059 194,1058 196,1056 197,1056 198,1055 198,1054 200,1052 241,1052 242,1051 242,1050 244,1048 374,1048 374,1048 374,1041 375,1040 384,1040 388,1036 540,1036 541,1035 541,1034 543,1032 703,1032 709,1026 709,1025 710,1024 1678,1024 1678,1024 1678,981 1679,980 1680,980 1684,976 1685,976 1685,976 1685,975 1688,972 1713,972 1713,972 1713,971 1716,968 1733,968 1733,969 1733,970 1736,972 3276,972 3277,974 3277,975 3279,976 3280,976 3281,978 3281,1019 3282,1019 3525,1019 3526,1020 3528,1020 3528,1021 3528,1023 3527,1024 3282,1024 3281,1025 3281,1099 3282,1099 3283,1099 3284,1100 3288,1100 3289,1102 3289,1110 3287,1112 3286,1112 3285,1113 3285,1114 3283,1116 2644,1116 2643,1117 2643,1122 2641,1124 2640,1124 2639,1125 2639,1130 2639,1130 2637,1132 2636,1132 2635,1133 2635,1134 2634,1135 2633,1135 2632,1136 2628,1136 2627,1137 2627,1138 2626,1139 2622,1139 2621,1140 2620,1140 2619,1141 2619,1142 2618,1143 2617,1143 2616,1144 1583,1144 1582,1145 1582,1159 1582,1159"/><TextEquiv index="1"><Unicode>“ment....“ -- „Doucement, s'eſt - il</Unicode></TextEquiv></TextLine><TextLine id="r0_l004"><Coords points="195,1168 3310,1168 3310,1368 195,1368"/><TextEquiv index="1"><Unicode>“écrié! Je vois que vous êtes très-</Unicode></TextEquiv></TextLine><TextLine id="r0_l005"><Coords points="400,1578 398,1577 398,1576 397,1574 376,1574 374,1573 374,1511 374,1510 204,1510 202,1509 202,1508 201,1506 200,1506 198,1505 198,1504 197,1502 196,1502 194,1501 194,1464 193,1462 192,1462 190,1461 190,1460 190,1459 189,1459 186,1457 189,1454 190,1454 190,1454 190,1453 193,1450 194,1450 194,1450 194,1449 197,1446 370,1446 370,1446 370,1432 371,1431 374,1431 374,1432 374,1434 375,1434 617,1434 617,1434 617,1417 620,1414 621,1414 621,1414 621,1409 624,1406 625,1406 625,1406 625,1405 628,1402 629,1402 629,1402 629,1397 632,1394 633,1394 633,1394 633,1393 635,1391 639,1391 640,1390 641,1390 641,1390 641,1389 643,1387 651,1387 652,1386 653,1386 653,1386 653,1385 655,1383 679,1383 687,1375 695,1375 697,1373 697,1372 698,1371 704,1371 705,1373 705,1374 707,1375 716,1375 717,1377 717,1378 719,1379 724,1379 725,1381 725,1382 727,1383 728,1383 729,1385 729,1386 730,1386 916,1386 916,1386 916,1380 917,1379 918,1379 919,1378 924,1378 924,1378 924,1377 926,1375 935,1375 940,1381 940,1390 941,1390 942,1390 944,1393 944,1430 945,1430 1171,1430 1171,1430 1171,1417 1173,1415 1174,1415 1175,1414 1177,1414 1178,1415 1179,1415 1179,1416 1179,1430 1180,1430 1358,1430 1359,1429 1359,1428 1360,1427 1390,1427 1390,1427 1390,1383 1391,1382 1391,1380 1392,1379 1393,1379 1395,1377 1395,1376 1396,1375 1410,1375 1411,1377 1411,1378 1413,1379 1414,1379 1415,1381 1415,1386 1417,1387 1418,1387 1419,1389 1419,1426 1420,1426 1681,1426 1681,1426 1681,1422 1682,1421 1682,1420 1683,1419 1685,1419 1686,1421 1686,1422 1687,1422 1688,1422 1690,1425 1690,1426 1691,1426 1771,1426 1772,1427 1773,1427 1773,1428 1773,1429 1775,1430 1857,1430 1857,1430 1857,1412 1858,1411 1861,1411 1861,1412 1861,1414 1862,1415 1862,1430 1863,1430 1985,1430 1985,1430 1985,1380 1986,1379 1991,1379 1993,1377 1993,1376 1994,1375 2000,1375 2001,1377 2001,1378 2003,1379 2004,1379 2005,1381 2005,1430 2006,1430 2070,1430 2071,1431 2072,1431 2073,1433 2073,1434 2074,1434 2295,1434 2296,1433 2296,1408 2297,1407 2300,1407 2300,1408 2300,1430 2301,1430 2671,1430 2671,1430 2671,1416 2673,1414 2677,1414 2679,1417 2679,1430 2680,1430 2905,1430 2906,1429 2906,1420 2907,1419 2908,1419 2910,1417 2910,1404 2911,1403 2912,1403 2913,1402 2914,1402 2914,1402 2914,1396 2915,1395 2916,1395 2930,1381 2930,1380 2931,1379 2948,1379 2950,1377 2950,1376 2951,1375 2957,1375 2958,1377 2958,1378 2960,1379 2965,1379 2966,1381 2966,1434 2967,1434 3141,1434 3141,1434 3141,1433 3144,1430 3145,1430 3145,1430 3145,1429 3148,1426 3163,1426 3164,1427 3165,1427 3165,1428 3165,1429 3167,1430 3279,1430 3280,1431 3281,1431 3281,1432 3281,1433 3279,1435 3278,1435 3277,1436 3277,1509 3276,1510 3271,1510 3269,1512 3269,1513 3268,1514 2765,1514 2762,1517 2762,1518 2762,1518 2748,1518 2747,1518 2747,1517 2745,1514 2486,1514 2483,1517 2483,1518 2483,1518 2218,1518 2216,1517 2216,1515 2216,1514 1959,1514 1957,1516 1957,1517 1956,1518 1911,1518 1909,1517 1909,1516 1908,1514 1903,1514 1901,1513 1901,1511 1901,1510 1675,1510 1674,1511 1674,1525 1673,1526 1672,1526 1670,1528 1670,1537 1669,1538 1668,1538 1666,1540 1666,1541 1665,1542 1664,1542 1662,1544 1662,1545 1661,1546 1660,1546 1658,1548 1658,1549 1657,1550 1656,1550 1654,1552 1654,1553 1653,1554 1652,1554 1650,1556 1650,1557 1649,1558 1648,1558 1646,1560 1646,1561 1645,1562 1644,1562 1642,1564 1642,1565 1641,1566 1639,1566 1638,1566 1638,1565 1637,1564 1637,1563 1637,1562 1636,1562 1634,1561 1634,1513 1634,1512 1471,1512 1470,1513 1470,1514 1470,1514 1184,1514 1183,1515 1183,1565 1178,1570 1157,1570 1156,1571 1156,1572 1155,1573 1155,1574 1155,1574 1149,1574 1148,1574 1148,1573 1146,1570 1145,1570 1144,1570 1144,1569 1143,1568 1143,1515 1143,1514 838,1514 837,1515 837,1549 836,1550 834,1550 832,1549 832,1548 831,1546 830,1546 828,1545 828,1515 828,1514 825,1514 824,1515 824,1575 824,1575 822,1575 821,1575 821,1515 821,1514 759,1514 757,1516 757,1517 756,1518 572,1518 569,1521 569,1522 569,1522 419,1522 418,1523 418,1573 417,1574 408,1574 406,1576 406,1577 405,1578"/><TextEquiv index="1"><Unicode>“preſſé de parler; mais vous ne ſavez</Unicode></TextEquiv></TextLine><TextLine id="r0_l006"><Coords points="2622,1778 2621,1777 2620,1777 2619,1777 2619,1776 2618,1774 2594,1774 2593,1773 2592,1773 2591,1773 2591,1772 2589,1769 530,1769 411,1769 410,1770 410,1772 408,1774 407,1774 406,1775 406,1776 405,1777 404,1777 403,1778 373,1778 372,1777 371,1777 370,1777 370,1772 368,1769 367,1769 366,1769 366,1715 366,1714 205,1714 202,1712 202,1711 202,1710 197,1710 194,1708 194,1671 194,1670 184,1670 182,1669 182,1664 184,1662 186,1662 186,1662 186,1605 187,1604 187,1603 188,1602 189,1602 190,1601 190,1596 192,1594 820,1594 820,1594 820,1576 821,1575 889,1575 890,1574 1729,1574 1729,1575 1729,1576 1730,1577 1730,1578 1731,1578 3100,1578 3102,1581 3102,1582 3103,1582 3104,1582 3105,1584 3105,1630 3106,1630 3252,1630 3253,1632 3253,1633 3255,1634 3260,1634 3261,1636 3261,1637 3263,1638 3264,1638 3265,1640 3265,1641 3267,1642 3268,1642 3269,1644 3269,1649 3271,1650 3272,1650 3273,1652 3273,1657 3275,1658 3276,1658 3277,1660 3277,1665 3276,1666 3274,1666 3273,1667 3273,1696 3259,1710 3254,1710 3253,1711 3253,1712 3247,1718 3239,1718 3237,1720 3237,1721 3236,1722 2724,1722 2723,1723 2723,1771 2722,1772 2722,1773 2722,1773 2721,1773 2719,1775 2719,1776 2718,1777 2630,1777 2629,1778"/><TextEquiv index="1"><Unicode>“pas tout, &amp; je dois vous apprendre</Unicode></TextEquiv></TextLine><TextLine id="r0_l007"><Coords points="1695,1976 1694,1976 1694,1974 1694,1973 651,1973 649,1972 649,1971 648,1969 647,1969 645,1968 645,1926 645,1925 475,1925 474,1925 474,1924 473,1923 473,1922 473,1921 392,1921 390,1920 390,1919 389,1917 388,1917 387,1917 386,1916 386,1915 385,1913 200,1913 199,1913 199,1912 197,1909 196,1909 195,1909 195,1908 194,1907 194,1860 197,1857 198,1857 198,1857 198,1856 201,1853 233,1853 241,1845 393,1845 394,1844 394,1843 396,1841 401,1841 402,1840 402,1839 404,1837 764,1837 764,1837 764,1793 765,1792 765,1791 767,1789 1678,1789 1678,1789 1678,1787 1679,1786 1680,1786 1682,1784 1682,1783 1683,1782 1684,1782 1685,1781 1689,1781 1690,1780 1690,1779 1691,1778 1692,1778 1693,1777 1697,1777 1698,1776 1698,1775 1699,1774 1700,1774 1701,1773 1716,1773 1718,1776 1718,1777 1719,1777 1720,1777 1722,1780 1722,1781 1723,1781 1724,1781 1726,1784 1726,1821 1727,1821 2056,1821 2056,1822 2056,1823 2057,1824 2057,1833 2058,1833 2334,1833 2336,1836 2336,1837 2337,1837 2342,1837 2344,1840 2344,1881 2345,1881 2374,1881 2376,1884 2376,1885 2377,1885 2626,1885 2627,1887 2627,1888 2626,1889 2617,1889 2615,1891 2615,1892 2614,1893 2607,1893 2606,1894 2607,1895 2607,1896 2606,1897 2601,1897 2599,1899 2599,1900 2598,1901 2389,1901 2388,1902 2388,1911 2387,1912 2387,1913 2387,1913 2386,1913 2383,1916 2383,1917 2383,1917 2361,1917 2360,1918 2360,1964 2359,1965 2165,1965 2164,1966 2164,1972 2163,1973 1703,1973 1702,1974 1702,1976 1702,1976"/><TextEquiv index="1"><Unicode>“ce que vous ne ſavez pas.</Unicode></TextEquiv></TextLine><TextLine id="r0_l008"><Coords points="563,2172 561,2171 561,2114 561,2113 378,2113 377,2112 375,2112 374,2112 374,2111 373,2109 372,2108 371,2108 370,2108 370,2078 370,2077 313,2077 308,2072 263,2072 262,2072 262,2070 262,2069 193,2069 190,2067 190,2063 192,2061 193,2061 194,2060 322,2060 322,2060 322,2010 323,2009 414,2009 414,2009 414,1994 415,1993 556,1993 557,1992 557,1991 559,1989 637,1989 637,1989 637,1987 639,1985 899,1985 900,1984 900,1983 902,1981 1695,1981 1695,1981 1695,1977 1696,1976 2714,1976 2715,1975 2715,1974 2716,1973 2722,1973 2722,1974 2722,1975 2725,1977 3005,1977 3005,1978 3005,1979 3006,1979 3008,1981 3009,1981 3009,1982 3009,1983 3012,1985 3013,1985 3014,1987 3014,2025 3015,2025 3244,2025 3245,2027 3245,2028 3246,2028 3247,2028 3249,2031 3249,2036 3250,2036 3266,2036 3267,2037 3268,2037 3269,2039 3269,2040 3271,2041 3276,2041 3277,2043 3277,2044 3278,2044 3279,2044 3281,2047 3281,2111 3279,2113 3278,2113 3277,2114 3277,2115 3275,2117 3274,2117 3273,2118 3273,2119 3272,2120 2863,2120 2862,2121 2862,2135 2849,2148 2845,2148 2844,2149 2843,2149 2842,2150 2842,2151 2841,2152 1468,2152 1467,2153 1467,2154 1466,2155 1466,2156 1466,2156 1465,2156 1463,2158 1463,2162 1462,2163 1462,2164 1462,2164 1461,2164 1458,2167 1458,2168 1458,2168 566,2168 565,2169 565,2172 565,2172"/><TextEquiv index="1"><Unicode>“Un de nos ayeux, continua-t-il, dont</Unicode></TextEquiv></TextLine><TextLine id="r0_l009"><Coords points="461,2384 460,2384 460,2329 460,2328 208,2328 207,2328 207,2327 205,2324 204,2324 203,2324 203,2323 202,2322 202,2269 202,2268 200,2268 198,2267 198,2266 194,2262 194,2259 195,2258 195,2257 196,2256 201,2256 203,2254 203,2253 204,2252 205,2252 206,2251 206,2246 208,2244 217,2244 219,2242 219,2241 220,2240 537,2240 537,2240 537,2218 539,2216 541,2216 541,2216 541,2210 543,2208 545,2208 545,2208 545,2202 547,2200 593,2200 593,2200 593,2186 595,2184 608,2184 609,2183 609,2182 611,2180 616,2180 617,2182 617,2184 618,2184 795,2184 797,2187 797,2188 798,2188 799,2188 801,2191 801,2236 802,2236 1088,2236 1088,2236 1088,2186 1090,2184 1091,2184 1091,2184 1091,2183 1094,2180 1114,2180 1116,2183 1116,2236 1117,2236 1681,2236 1682,2235 1682,2230 1684,2228 1813,2228 1813,2228 1813,2191 1816,2188 1817,2188 1817,2188 1817,2183 1820,2180 1836,2180 1837,2182 1837,2230 1838,2231 1838,2232 1839,2232 1840,2232 1841,2234 1841,2236 1842,2236 2391,2236 2391,2236 2391,2235 2394,2232 2399,2232 2399,2233 2399,2234 2402,2236 2590,2236 2591,2235 2591,2234 2593,2232 2594,2232 2595,2234 2595,2235 2597,2236 2898,2236 2898,2236 2898,2194 2900,2192 2901,2192 2901,2192 2902,2191 2902,2190 2904,2188 2905,2188 2906,2187 2906,2186 2908,2184 2917,2184 2918,2186 2918,2187 2920,2188 2997,2188 2997,2189 2997,2190 2998,2191 2998,2232 2999,2232 3181,2232 3181,2232 3181,2186 3183,2184 3184,2184 3185,2183 3185,2182 3187,2180 3196,2180 3197,2182 3197,2183 3199,2184 3200,2184 3201,2186 3201,2187 3203,2188 3204,2188 3205,2190 3205,2228 3206,2228 3248,2228 3249,2230 3249,2231 3251,2232 3252,2232 3253,2234 3253,2235 3255,2236 3280,2236 3281,2238 3281,2239 3283,2240 3284,2240 3285,2242 3285,2312 3286,2312 3412,2312 3412,2313 3412,2314 3413,2315 3413,2318 3411,2320 3275,2320 3271,2324 3251,2324 3249,2323 3249,2322 3248,2320 3095,2320 2987,2320 2986,2321 2986,2322 2984,2324 2972,2324 2970,2323 2970,2322 2969,2320 2964,2320 2962,2319 2962,2318 2961,2316 2728,2316 2727,2317 2727,2318 2725,2320 2500,2320 2499,2321 2499,2327 2498,2328 2497,2328 2495,2330 2495,2335 2494,2336 2489,2336 2487,2338 2487,2339 2486,2340 2486,2340 2485,2340 2483,2342 2483,2343 2482,2344 2470,2344 2467,2342 2467,2321 2467,2320 2006,2320 2005,2321 2005,2322 2003,2324 1991,2324 1989,2323 1989,2322 1988,2320 1166,2320 1163,2318 1163,2317 1163,2316 1006,2316 910,2316 908,2318 908,2319 907,2320 902,2320 900,2322 900,2323 899,2324 887,2324 884,2322 884,2321 884,2320 535,2320 534,2321 534,2352 533,2353 533,2355 532,2356 511,2356 510,2357 510,2365 509,2366 509,2367 508,2368 467,2368 466,2369 466,2382 465,2383 463,2383 462,2384"/><TextEquiv index="1"><Unicode>nous deſcendons certainement; car c'étoit</Unicode></TextEquiv></TextLine><TextLine id="r0_l010"><Coords points="1639,2585 1638,2585 1638,2520 1638,2519 1604,2519 1602,2521 1602,2522 1601,2523 1599,2523 1598,2524 1598,2578 1597,2579 1564,2579 1562,2578 1562,2577 1562,2576 1561,2575 1560,2575 1558,2574 1558,2556 1558,2555 1452,2555 1451,2555 1451,2554 1450,2553 1450,2524 1450,2523 1254,2523 1237,2523 1235,2525 1235,2526 1234,2527 1141,2527 1140,2528 1140,2577 1138,2579 1110,2579 1107,2577 1107,2576 1107,2575 1106,2575 1103,2573 1103,2520 1103,2519 1022,2519 811,2519 808,2522 808,2523 808,2523 670,2523 669,2524 669,2558 668,2559 667,2559 665,2561 665,2562 664,2563 663,2563 661,2565 661,2566 660,2567 659,2567 657,2569 657,2570 656,2571 655,2571 653,2573 653,2574 652,2575 643,2575 641,2577 641,2578 640,2579 619,2579 617,2578 617,2577 616,2575 603,2575 601,2574 601,2573 600,2571 599,2571 597,2570 597,2569 596,2568 596,2567 595,2567 593,2566 593,2524 593,2523 403,2523 402,2524 402,2538 401,2539 399,2539 398,2540 398,2550 397,2551 396,2551 394,2553 394,2554 393,2555 391,2555 390,2555 390,2528 390,2527 371,2527 370,2527 370,2526 369,2525 369,2524 369,2523 212,2523 210,2522 210,2462 213,2459 214,2459 214,2459 214,2446 217,2443 222,2443 222,2443 222,2442 225,2439 227,2442 227,2443 228,2443 429,2443 430,2442 430,2441 432,2439 445,2439 445,2439 445,2426 448,2423 449,2423 449,2423 449,2422 452,2419 453,2419 453,2419 453,2395 454,2394 454,2393 455,2392 456,2392 457,2391 457,2386 459,2384 462,2384 463,2383 464,2383 464,2384 464,2441 465,2441 618,2441 620,2439 768,2439 768,2439 768,2395 769,2394 769,2393 770,2392 771,2392 772,2391 774,2391 775,2392 776,2392 777,2394 777,2439 778,2439 980,2439 980,2439 980,2385 981,2384 982,2384 983,2383 998,2383 1000,2386 1000,2411 1001,2411 1002,2411 1004,2414 1004,2439 1005,2439 1207,2439 1207,2439 1207,2398 1210,2395 1211,2395 1211,2395 1211,2394 1213,2392 1215,2392 1215,2393 1215,2394 1217,2395 1225,2395 1226,2396 1227,2396 1227,2397 1227,2406 1230,2408 1231,2408 1231,2409 1231,2418 1234,2420 1235,2420 1235,2421 1235,2422 1238,2424 1239,2424 1239,2425 1239,2435 1240,2435 1381,2435 1383,2438 1383,2439 1384,2439 1389,2439 1391,2442 1391,2443 1392,2443 1573,2443 1577,2439 1741,2439 1741,2439 1741,2419 1742,2418 1742,2417 1744,2415 1745,2415 1746,2414 1746,2413 1748,2411 1749,2411 1749,2411 1749,2407 1750,2406 1750,2405 1752,2403 1753,2403 1754,2402 1754,2402 1754,2401 1755,2400 1756,2400 1758,2398 1758,2397 1759,2396 1760,2396 1761,2395 1765,2395 1765,2395 1765,2390 1767,2388 1768,2388 1769,2387 1773,2387 1773,2387 1773,2386 1774,2385 1775,2384 1776,2384 1777,2383 1809,2383 1809,2383 1809,2382 1811,2380 1812,2380 1813,2379 1817,2379 1817,2379 1817,2378 1819,2376 1820,2376 1821,2375 1847,2375 1848,2376 1849,2376 1849,2377 1849,2383 1850,2383 2112,2383 2112,2383 2112,2382 2114,2380 2115,2380 2116,2379 2126,2379 2127,2380 2128,2380 2128,2381 2128,2439 2129,2439 2312,2439 2312,2439 2312,2389 2314,2387 2315,2387 2315,2387 2316,2386 2316,2385 2317,2384 2318,2384 2319,2383 2321,2383 2322,2384 2323,2384 2324,2386 2324,2387 2325,2387 2473,2387 2474,2388 2475,2388 2475,2389 2475,2390 2476,2390 2477,2391 2478,2391 2479,2393 2479,2435 2480,2435 2658,2435 2659,2434 2659,2433 2661,2431 2710,2431 2710,2431 2710,2391 2711,2390 2711,2389 2712,2388 2713,2388 2715,2386 2715,2385 2716,2384 2717,2384 2718,2383 2862,2383 2862,2383 2862,2382 2865,2379 2884,2379 2885,2380 2886,2380 2886,2381 2886,2434 2888,2435 3148,2435 3149,2437 3149,2438 3151,2439 3156,2439 3157,2441 3157,2442 3159,2443 3164,2443 3165,2445 3165,2446 3166,2446 3168,2448 3169,2448 3169,2449 3169,2454 3172,2456 3173,2456 3173,2457 3173,2491 3174,2491 3268,2491 3269,2493 3269,2506 3272,2508 3273,2508 3273,2509 3273,2530 3272,2531 3271,2531 3269,2533 3269,2538 3268,2539 3267,2539 3265,2541 3265,2542 3264,2543 3263,2543 3262,2544 3261,2545 3261,2546 3260,2547 3243,2547 3241,2549 3241,2550 3240,2551 3227,2551 3225,2550 3225,2524 3225,2523 2999,2523 2998,2524 2998,2565 2997,2566 2997,2567 2997,2567 2996,2567 2993,2570 2993,2571 2993,2571 2956,2571 2954,2570 2954,2520 2954,2519 2859,2519 2858,2520 2858,2581 2858,2581 2855,2581 2854,2581 2854,2520 2854,2519 2676,2519 2675,2520 2675,2546 2674,2547 2664,2547 2663,2547 2663,2520 2663,2519 2517,2519 2515,2521 2515,2522 2514,2523 2509,2523 2507,2522 2507,2521 2506,2519 2206,2519 2204,2521 2204,2522 2203,2523 2158,2523 2156,2522 2156,2521 2155,2519 1655,2519 1654,2520 1654,2585 1654,2585"/><TextEquiv index="1"><Unicode>mon grand-père, paſſa à la Martinique,</Unicode></TextEquiv></TextLine><TextLine id="r0_l011"><Coords points="1304,2784 1303,2784 1303,2724 1303,2723 1257,2723 1255,2725 1255,2726 1255,2726 1254,2726 1253,2727 1246,2727 1245,2726 1185,2726 1183,2725 1183,2724 1183,2723 909,2723 908,2724 908,2762 908,2762 907,2762 900,2769 900,2770 900,2770 895,2770 892,2773 892,2774 892,2774 887,2774 884,2777 884,2778 884,2778 879,2778 876,2781 876,2782 876,2782 870,2782 868,2781 868,2780 867,2778 846,2778 844,2777 844,2776 843,2774 838,2774 836,2773 836,2768 835,2766 834,2766 832,2765 832,2728 832,2727 780,2727 779,2726 411,2726 410,2727 410,2729 408,2731 407,2731 406,2732 406,2733 405,2734 403,2734 402,2734 402,2733 401,2731 357,2731 356,2730 355,2730 354,2730 354,2729 353,2727 209,2727 206,2725 206,2724 206,2723 205,2723 202,2721 202,2649 204,2647 213,2647 214,2646 214,2645 216,2643 217,2643 218,2642 218,2625 220,2623 221,2623 222,2622 222,2609 224,2607 225,2607 226,2606 226,2601 228,2599 229,2599 230,2598 230,2597 232,2595 237,2595 238,2594 238,2593 240,2591 241,2591 242,2590 242,2589 244,2587 257,2587 258,2589 258,2590 260,2591 261,2591 261,2592 262,2593 262,2594 264,2595 269,2595 270,2597 270,2643 271,2643 428,2643 430,2641 430,2640 431,2639 505,2639 505,2639 505,2590 506,2589 506,2588 507,2587 508,2587 510,2585 510,2584 511,2583 529,2583 529,2584 529,2643 530,2643 779,2643 781,2641 781,2640 782,2639 792,2639 792,2640 792,2641 795,2643 972,2643 972,2643 972,2621 974,2619 979,2619 980,2621 980,2639 981,2639 1163,2639 1163,2639 1163,2597 1165,2595 1170,2595 1171,2594 1171,2593 1173,2591 1374,2591 1375,2593 1375,2594 1377,2595 1378,2595 1379,2597 1379,2639 1380,2639 1634,2639 1634,2639 1634,2589 1636,2587 1637,2587 1639,2585 1778,2585 1778,2585 1778,2584 1779,2583 2024,2583 2024,2583 2024,2571 2025,2570 2025,2569 2027,2567 2036,2567 2037,2569 2037,2587 2038,2587 2232,2587 2232,2587 2232,2585 2234,2583 2323,2583 2324,2585 2324,2587 2325,2587 2439,2587 2440,2588 2624,2588 2625,2587 2626,2587 2626,2587 2627,2586 2627,2585 2629,2583 2642,2583 2643,2585 2643,2631 2644,2631 2646,2631 2647,2633 2647,2635 2648,2635 2846,2635 2846,2635 2846,2589 2848,2587 2849,2587 2850,2586 2850,2585 2851,2584 2852,2583 2853,2583 2855,2581 2858,2581 2860,2583 3013,2583 3013,2584 3013,2585 3014,2586 3014,2639 3015,2639 3232,2639 3233,2638 3233,2637 3235,2635 3248,2635 3249,2637 3249,2638 3251,2639 3256,2639 3257,2641 3257,2642 3259,2643 3276,2643 3277,2645 3277,2717 3275,2719 3270,2719 3269,2720 3269,2721 3267,2723 3258,2723 3257,2724 3257,2725 3255,2727 3252,2727 3251,2726 3250,2726 3249,2726 3249,2725 3248,2723 3068,2723 3067,2722 2939,2722 2938,2722 2938,2721 2937,2719 2716,2719 2715,2720 2715,2721 2714,2722 2713,2722 2712,2723 2080,2723 2079,2724 2079,2783 2079,2783 2071,2783 2070,2783 2070,2724 2070,2723 2054,2723 2053,2724 2053,2725 2051,2727 2050,2727 2049,2728 2049,2729 2049,2729 2048,2730 2047,2730 2046,2731 2044,2731 2043,2730 2042,2730 2041,2730 2041,2729 2041,2728 2039,2726 2038,2726 2037,2726 2037,2724 2037,2723 1715,2723 1714,2724 1714,2725 1712,2727 1589,2727 1588,2726 1587,2726 1586,2726 1586,2724 1586,2723 1335,2723 1334,2724 1334,2784 1334,2784"/><TextEquiv index="1"><Unicode>ſous le regne de Louis XIV. Il étoit violent</Unicode></TextEquiv></TextLine><TextLine id="r0_l012"><Coords points="3059,2984 3058,2984 3058,2923 3058,2922 2840,2922 2838,2924 2838,2925 2837,2926 2804,2926 2803,2926 2803,2925 2803,2924 2628,2924 2626,2926 2589,2926 2587,2928 2587,2929 2586,2930 2437,2930 2436,2931 2436,2935 2435,2936 2435,2945 2434,2946 2433,2946 2431,2948 2431,2953 2430,2954 2429,2954 2427,2956 2427,2961 2426,2962 2425,2962 2424,2963 2424,2964 2422,2966 2421,2966 2420,2967 2420,2968 2418,2970 2410,2970 2407,2968 2407,2927 2407,2926 2342,2926 2340,2925 2340,2924 2339,2922 2142,2922 2140,2924 2140,2925 2139,2926 2119,2926 2116,2924 2116,2923 2116,2922 1935,2922 1933,2924 1933,2925 1932,2926 1823,2926 1822,2926 1822,2925 1820,2922 1710,2922 1588,2922 1586,2924 1586,2925 1585,2926 1572,2926 1570,2925 1570,2924 1569,2922 1478,2922 1369,2922 1366,2925 1366,2926 1366,2926 1157,2926 1156,2927 1156,2928 1154,2930 1065,2930 1064,2931 1064,2940 1050,2954 1030,2954 1028,2953 1028,2927 1028,2926 634,2926 633,2927 633,2981 632,2982 604,2982 600,2978 599,2978 597,2977 597,2925 597,2924 426,2924 424,2926 292,2926 290,2928 290,2933 289,2934 284,2934 282,2933 282,2932 281,2930 280,2930 278,2929 278,2928 277,2926 228,2926 227,2926 227,2925 225,2922 220,2922 219,2922 219,2921 210,2912 210,2904 209,2902 208,2902 207,2902 207,2901 206,2900 206,2884 205,2882 204,2882 203,2882 203,2881 202,2880 202,2869 203,2868 203,2867 204,2866 209,2866 215,2860 215,2859 216,2858 222,2858 222,2858 222,2821 223,2820 223,2819 224,2818 230,2818 230,2818 230,2813 231,2812 231,2811 232,2810 238,2810 238,2810 238,2809 241,2806 261,2806 262,2808 262,2809 263,2809 264,2810 265,2810 266,2812 266,2813 267,2813 268,2814 269,2814 270,2816 270,2838 271,2838 472,2838 474,2841 474,2842 475,2842 856,2842 856,2842 856,2841 857,2840 857,2839 858,2838 928,2838 928,2838 928,2820 930,2818 931,2818 932,2817 932,2816 934,2814 935,2814 936,2813 936,2804 937,2803 938,2803 940,2801 940,2796 942,2794 955,2794 956,2796 956,2846 957,2846 959,2846 960,2847 960,2848 960,2849 961,2849 962,2850 963,2850 964,2852 964,2854 965,2854 1147,2854 1147,2854 1147,2853 1150,2850 1162,2850 1163,2849 1163,2848 1165,2846 1219,2846 1219,2846 1219,2836 1221,2834 1222,2834 1223,2833 1223,2828 1225,2826 1226,2826 1227,2825 1227,2820 1229,2818 1235,2818 1235,2818 1235,2808 1237,2806 1242,2806 1247,2801 1247,2800 1248,2799 1249,2799 1255,2793 1255,2792 1257,2790 1291,2790 1291,2790 1291,2788 1293,2786 1302,2786 1304,2784 1335,2784 1339,2789 1339,2838 1340,2838 1358,2838 1358,2839 1358,2840 1361,2842 1665,2842 1665,2842 1665,2830 1666,2829 1666,2828 1668,2826 1669,2826 1670,2827 1846,2827 1847,2826 1848,2826 1850,2829 1850,2830 1851,2830 1852,2830 1853,2832 1853,2842 1854,2842 2064,2842 2064,2842 2064,2790 2065,2789 2065,2788 2067,2786 2068,2786 2068,2786 2068,2785 2070,2783 2080,2783 2081,2785 2081,2786 2082,2786 2083,2786 2085,2789 2085,2838 2086,2838 2272,2838 2272,2838 2272,2832 2274,2830 2275,2830 2276,2829 2276,2820 2278,2818 2279,2818 2280,2817 2280,2808 2282,2806 2283,2806 2284,2805 2284,2804 2286,2802 2288,2802 2288,2802 2288,2796 2290,2794 2291,2794 2291,2794 2292,2793 2292,2792 2294,2790 2299,2790 2300,2789 2300,2788 2302,2786 2307,2786 2308,2785 2308,2784 2310,2782 2326,2782 2328,2785 2328,2786 2329,2786 2330,2786 2332,2789 2332,2790 2333,2790 2334,2790 2336,2793 2336,2802 2337,2802 2438,2802 2439,2804 2439,2805 2441,2806 2442,2806 2443,2808 2443,2842 2444,2842 2558,2842 2559,2841 2559,2840 2561,2838 2566,2838 2567,2837 2567,2836 2569,2834 2570,2834 2571,2836 2571,2837 2573,2838 2574,2838 2575,2839 2750,2839 2750,2839 2750,2833 2753,2830 2754,2830 2754,2830 2754,2829 2757,2826 2758,2826 2758,2826 2758,2817 2761,2814 2762,2814 2762,2814 2762,2813 2765,2810 2766,2810 2766,2810 2766,2809 2769,2806 2774,2806 2774,2806 2774,2805 2777,2802 2778,2802 2778,2802 2778,2801 2781,2798 2786,2798 2786,2798 2786,2797 2789,2794 2798,2794 2798,2794 2798,2793 2801,2790 2829,2790 2833,2786 2921,2786 2922,2788 2922,2790 2923,2790 2984,2790 2986,2793 2986,2834 2987,2834 3032,2834 3034,2837 3034,2838 3035,2838 3169,2838 3169,2838 3169,2788 3171,2786 3176,2786 3177,2785 3177,2784 3178,2783 3179,2783 3180,2782 3184,2782 3185,2784 3185,2785 3188,2787 3189,2787 3189,2788 3189,2834 3190,2834 3244,2834 3245,2836 3245,2837 3247,2838 3248,2838 3249,2840 3249,2841 3251,2842 3268,2842 3269,2844 3269,2845 3271,2846 3272,2846 3273,2848 3273,2857 3272,2858 3270,2858 3269,2859 3269,2921 3268,2922 3263,2922 3261,2924 3261,2925 3260,2926 3107,2926 3105,2925 3105,2924 3104,2922 3066,2922 3065,2923 3065,2984 3065,2984"/><TextEquiv index="1"><Unicode>&amp; emporté, aſſez mauvais ſujet. C'étoit</Unicode></TextEquiv></TextLine><TextLine id="r0_l013"><Coords points="790,3185 789,3185 789,3184 788,3183 788,3182 788,3181 774,3181 773,3181 773,3174 773,3173 674,3173 673,3173 673,3130 673,3129 360,3129 358,3128 358,3127 357,3125 200,3125 199,3125 199,3124 197,3121 196,3121 194,3120 194,3090 194,3089 8,3089 7,3089 7,3087 7,3086 6,3086 5,3085 4,3085 3,3085 3,3083 5,3081 7,3081 7,3081 7,3071 9,3069 194,3069 194,3069 194,3056 197,3053 198,3053 198,3053 198,3052 201,3049 206,3049 206,3049 206,3048 209,3045 218,3045 218,3045 218,3044 221,3041 230,3041 230,3041 230,3028 232,3026 334,3026 334,3026 334,3019 335,3018 336,3018 341,3013 342,3013 342,3013 342,3004 345,3001 346,3001 346,3001 346,2995 347,2994 349,2994 350,2993 1271,2993 1271,2993 1271,2992 1273,2990 1281,2990 1282,2989 1283,2989 1283,2989 1283,2988 1285,2986 1688,2986 1690,2984 1690,2983 1691,2982 1709,2982 1710,2984 1710,2985 1712,2986 3056,2986 3058,2984 3066,2984 3068,2986 3069,2986 3069,2987 3069,2988 3072,2990 3073,2990 3073,2991 3073,2992 3076,2994 3077,2994 3077,2995 3077,2996 3078,2997 3078,3041 3079,3041 3243,3041 3245,3044 3245,3045 3246,3045 3251,3045 3253,3048 3253,3049 3254,3049 3259,3049 3261,3052 3261,3105 3262,3105 3263,3105 3265,3108 3265,3109 3266,3109 3271,3109 3272,3110 3273,3110 3273,3111 3273,3120 3272,3121 3271,3121 3269,3123 3269,3124 3268,3125 2947,3125 2946,3126 2946,3172 2945,3173 2944,3173 2943,3174 2942,3175 2942,3176 2941,3177 2250,3177 2248,3176 2248,3134 2248,3133 814,3133 813,3134 813,3179 812,3180 812,3181 812,3181 799,3181 796,3184 796,3185 796,3185"/><TextEquiv index="1"><Unicode>même pour ſe défaire de lui, qu'on</Unicode></TextEquiv></TextLine><TextLine id="r0_l014"><Coords points="959,3389 958,3389 958,3386 958,3385 492,3385 489,3383 489,3326 489,3325 193,3325 190,3323 190,3322 190,3321 189,3321 186,3319 186,3311 188,3309 190,3309 190,3309 190,3266 190,3265 1,3265 1,3265 1,3258 1,3257 7,3257 7,3257 7,3211 9,3209 190,3209 190,3209 190,3195 192,3193 193,3193 194,3192 195,3191 195,3190 196,3189 213,3189 214,3188 214,3187 216,3185 218,3185 218,3186 218,3187 219,3188 219,3189 220,3189 2171,3189 2172,3188 2172,3187 2174,3185 3256,3185 3257,3187 3257,3309 3258,3309 3264,3309 3265,3311 3265,3312 3267,3313 3268,3313 3269,3315 3269,3323 3267,3325 2672,3325 2671,3326 2671,3327 2669,3329 1906,3329 1905,3330 1905,3332 1905,3332 1904,3332 1901,3335 1901,3348 1901,3348 1900,3348 1897,3351 1897,3356 1897,3356 1896,3356 1893,3359 1893,3364 1893,3364 1892,3364 1889,3367 1889,3376 1889,3376 1888,3376 1887,3377 1743,3377 1742,3378 1742,3379 1742,3379 1741,3380 1740,3380 1739,3381 963,3381 962,3382 962,3389 962,3389"/><TextEquiv index="1"><Unicode>l'envoyoit dans ce pays d'Outremer. Il</Unicode></TextEquiv></TextLine><TextLine id="r0_l015"><Coords points="1153,3584 1152,3584 1152,3583 1151,3582 1151,3581 1151,3580 280,3580 278,3579 278,3574 277,3572 276,3572 274,3571 274,3537 274,3536 5,3536 3,3535 3,3418 5,3416 242,3416 242,3416 242,3399 245,3396 246,3396 246,3396 246,3395 249,3392 956,3392 956,3392 956,3390 957,3389 1616,3389 1617,3388 1632,3388 1633,3389 1634,3389 1634,3390 1634,3392 1635,3392 2115,3392 2117,3395 2117,3396 2118,3396 2813,3396 2814,3398 2814,3399 2815,3400 2817,3401 2818,3401 2818,3402 2818,3403 2820,3404 2821,3404 2822,3406 2822,3440 2823,3440 3263,3440 3272,3449 3273,3449 3273,3450 3273,3455 3277,3459 3277,3495 3276,3496 3275,3496 3273,3498 3273,3511 3272,3512 3271,3512 3269,3514 3269,3515 3268,3516 3267,3516 3265,3518 3265,3519 3264,3520 3263,3520 3261,3522 3261,3523 3260,3524 3255,3524 3253,3526 3253,3527 3252,3528 2713,3528 2710,3531 2710,3532 2710,3532 2437,3532 2436,3533 2436,3537 2435,3538 2435,3539 2434,3540 2433,3540 2432,3541 2432,3542 2431,3543 2431,3547 2430,3548 2429,3548 2428,3549 2428,3550 2427,3551 2427,3555 2426,3556 2425,3556 2424,3557 2424,3558 2422,3560 2413,3560 2412,3561 2412,3562 2410,3564 1168,3564 1167,3565 1167,3571 1166,3572 1165,3572 1163,3574 1163,3579 1162,3580 1157,3580 1156,3581 1156,3582 1154,3584"/><TextEquiv index="1"><Unicode>s'y maria; il y eut des enfans, entr'autres</Unicode></TextEquiv></TextLine><TextLine id="r0_l016"><Coords points="16,3589 3266,3589 3266,3788 16,3788"/><TextEquiv index="1"><Unicode>une fille qui étoit, dit-on, fort belle,</Unicode></TextEquiv></TextLine><TextLine id="r0_l017"><Coords points="684,3987 683,3986 682,3986 681,3986 681,3985 680,3984 680,3983 679,3983 677,3982 677,3936 677,3935 544,3935 541,3933 541,3932 541,3931 452,3931 449,3929 449,3928 449,3927 221,3927 218,3925 218,3924 218,3923 201,3923 198,3921 198,3920 198,3919 197,3919 194,3917 194,3916 194,3915 193,3915 190,3913 190,3904 190,3903 36,3903 35,3904 35,3962 34,3963 30,3963 29,3962 28,3962 27,3962 27,3904 27,3903 25,3903 23,3902 23,3793 25,3791 26,3791 27,3793 27,3794 28,3795 29,3795 30,3795 31,3797 31,3898 32,3898 186,3898 186,3898 186,3874 187,3873 187,3872 188,3871 189,3871 190,3870 190,3866 191,3865 191,3864 192,3863 197,3863 199,3861 199,3860 200,3859 202,3859 202,3859 202,3818 207,3813 207,3812 208,3811 213,3811 215,3809 215,3808 216,3807 221,3807 223,3805 223,3804 224,3803 229,3803 230,3805 230,3806 232,3807 245,3807 246,3809 246,3811 247,3811 466,3811 466,3811 466,3796 467,3795 468,3795 472,3791 488,3791 490,3794 490,3799 491,3799 492,3799 494,3802 494,3847 495,3847 560,3847 561,3849 561,3850 563,3851 769,3851 769,3851 769,3804 770,3803 772,3803 772,3803 772,3802 775,3799 776,3799 776,3799 776,3798 779,3795 784,3795 784,3795 784,3794 787,3791 795,3791 797,3794 797,3851 798,3851 955,3851 956,3853 956,3854 958,3855 959,3855 960,3857 960,3862 962,3863 963,3863 964,3865 964,3907 965,3907 1211,3907 1211,3907 1211,3861 1213,3859 1214,3859 1215,3858 1215,3857 1217,3855 1222,3855 1223,3854 1223,3853 1225,3851 1226,3851 1227,3850 1227,3850 1227,3849 1229,3847 1234,3847 1235,3849 1235,3851 1236,3851 1545,3851 1546,3850 1546,3845 1548,3843 1557,3843 1558,3845 1558,3846 1560,3847 1561,3847 1562,3849 1562,3850 1564,3851 1768,3851 1774,3845 1774,3844 1775,3843 1785,3843 1785,3844 1785,3847 1786,3847 1868,3847 1869,3849 1869,3850 1871,3851 1876,3851 1877,3853 1877,3854 1878,3854 1879,3855 1880,3855 1881,3857 1881,3862 1883,3863 1884,3863 1885,3864 1885,3865 1885,3866 1887,3867 1888,3867 1889,3869 1889,3899 1890,3899 2080,3899 2080,3899 2080,3806 2083,3803 2084,3803 2084,3803 2084,3802 2087,3799 2143,3799 2144,3801 2144,3802 2146,3803 2147,3803 2148,3805 2148,3843 2149,3843 2379,3843 2379,3843 2379,3842 2382,3839 2383,3839 2383,3839 2383,3838 2384,3837 2384,3833 2394,3823 2395,3823 2395,3823 2395,3822 2398,3819 2399,3819 2399,3819 2399,3818 2402,3815 2403,3815 2403,3815 2403,3814 2406,3811 2407,3811 2407,3811 2407,3810 2410,3807 2415,3807 2415,3807 2415,3806 2418,3803 2419,3803 2419,3803 2419,3802 2422,3799 2435,3799 2435,3799 2435,3798 2438,3795 2466,3795 2467,3797 2467,3798 2469,3799 2482,3799 2483,3801 2483,3802 2485,3803 2498,3803 2499,3805 2499,3847 2500,3847 2805,3847 2806,3846 2806,3845 2808,3843 2905,3843 2906,3842 2906,3841 2908,3839 2913,3839 2914,3841 2914,3842 2916,3843 3256,3843 3257,3845 3257,3846 3259,3847 3260,3847 3261,3849 3261,3858 3260,3859 3259,3859 3257,3861 3257,3862 3256,3863 3250,3863 3249,3864 3249,3926 3248,3927 3175,3927 3173,3929 3173,3930 3172,3931 2984,3931 2982,3930 2982,3929 2981,3927 2672,3927 2671,3928 2671,3929 2670,3930 2670,3931 2670,3931 2669,3931 2666,3929 2666,3928 2666,3927 2258,3927 2256,3929 2256,3930 2255,3931 1564,3931 1562,3933 1562,3934 1561,3935 1345,3935 1343,3934 1343,3933 1342,3931 1081,3931 1080,3932 1080,3945 1078,3947 1077,3947 1076,3948 1076,3949 1074,3951 1073,3951 1072,3952 1072,3953 1070,3955 1069,3955 1068,3956 1068,3957 1066,3959 1065,3959 1064,3960 1064,3965 1062,3967 1046,3967 1044,3966 1044,3965 1043,3963 1042,3963 1040,3962 1040,3936 1040,3935 706,3935 705,3936 705,3982 704,3983 698,3983 697,3984 697,3985 695,3987"/><TextEquiv index="1"><Unicode>&amp; de plus, ma tante. Le Gouverneur</Unicode></TextEquiv></TextLine><TextLine id="r0_l018"><Coords points="555,4186 554,4186 554,4185 552,4182 551,4182 549,4181 549,4131 549,4130 188,4130 187,4130 187,4129 186,4128 186,4076 186,4075 36,4075 35,4076 35,4137 34,4138 33,4138 31,4140 31,4149 30,4150 29,4150 27,4149 27,4144 26,4142 25,4142 23,4141 23,4060 25,4058 35,4058 35,4058 35,4040 37,4038 194,4038 194,4038 194,4017 197,4014 198,4014 198,4014 198,4009 201,4006 202,4006 202,4006 202,4005 205,4002 206,4002 206,4002 206,4001 209,3998 210,3998 210,3998 210,3997 213,3994 214,3994 214,3994 214,3993 217,3990 222,3990 222,3990 222,3989 224,3987 225,3987 226,3986 236,3986 237,3987 238,3987 238,3988 238,3989 240,3990 244,3990 245,3991 246,3991 246,3992 246,4042 247,4042 328,4042 329,4043 330,4043 330,4044 330,4045 332,4046 497,4046 497,4046 497,4029 500,4026 501,4026 501,4026 501,4017 504,4014 505,4014 505,4014 505,4009 508,4006 509,4006 509,4006 509,4005 512,4002 513,4002 513,4002 513,4001 516,3998 528,3998 529,4000 529,4046 530,4046 709,4046 709,4046 709,4000 710,3999 711,3999 713,3997 713,3996 714,3995 715,3995 716,3994 727,3994 729,3997 729,4045 731,4046 791,4046 793,4049 793,4050 794,4050 956,4050 956,4050 956,4000 957,3999 958,3999 963,3994 971,3994 972,3993 972,3992 973,3991 974,3991 975,3990 982,3990 984,3993 984,3994 985,3994 986,3994 988,3997 988,4046 989,4046 1187,4046 1187,4046 1187,4033 1190,4030 1191,4030 1191,4030 1191,4025 1194,4022 1195,4022 1195,4022 1195,4017 1198,4014 1199,4014 1199,4014 1199,4013 1202,4010 1203,4010 1203,4010 1203,4009 1206,4006 1207,4006 1207,4006 1207,4001 1210,3998 1215,3998 1215,3998 1215,3997 1218,3994 1241,3994 1242,3995 1243,3995 1243,3996 1243,3997 1246,3999 1421,3999 1423,3997 1423,3996 1424,3995 1425,3995 1426,3994 1430,3994 1430,3994 1430,3993 1432,3991 1434,3991 1435,3993 1435,3994 1436,3994 1440,3994 1441,3995 1442,3995 1442,3996 1442,3997 1443,3998 1443,4046 1444,4046 1777,4046 1777,4046 1777,4045 1780,4042 1781,4042 1781,4042 1781,4041 1784,4038 1849,4038 1849,4038 1849,4032 1850,4031 1851,4031 1852,4030 1853,4030 1853,4030 1853,4021 1856,4018 1857,4018 1857,4018 1857,4017 1860,4014 1861,4014 1861,4014 1861,4009 1864,4006 1865,4006 1865,4006 1865,4001 1868,3998 1869,3998 1869,3998 1869,3997 1872,3994 1883,3994 1884,3995 1885,3995 1885,3996 1885,4053 1888,4055 1889,4055 1889,4056 1889,4098 1890,4098 2068,4098 2068,4098 2068,3998 2069,3997 2069,3996 2070,3995 2071,3995 2072,3994 2148,3994 2148,3994 2148,3993 2151,3990 2158,3990 2159,3991 2160,3991 2160,3992 2160,3993 2161,3994 2163,3995 2164,3995 2164,3996 2164,4042 2165,4042 2356,4042 2356,4042 2356,3996 2357,3995 2358,3995 2359,3994 2363,3994 2364,3993 2364,3992 2365,3991 2366,3991 2367,3990 2377,3990 2378,3991 2379,3991 2380,3993 2380,4042 2381,4042 2683,4042 2683,4042 2683,3996 2684,3995 2685,3995 2686,3994 2694,3994 2695,3993 2695,3992 2696,3991 2697,3991 2698,3990 2704,3990 2705,3991 2706,3991 2707,3993 2707,4046 2708,4046 2821,4046 2822,4048 2822,4049 2824,4050 2982,4050 2982,4050 2982,3996 2984,3994 2985,3994 2986,3993 2986,3992 2987,3991 2988,3991 2989,3990 3159,3990 3160,3991 3161,3991 3161,3992 3161,4046 3162,4046 3231,4046 3244,4059 3245,4059 3245,4060 3245,4106 3246,4106 3256,4106 3257,4108 3257,4125 3256,4126 3247,4126 3245,4128 3245,4129 3244,4130 3231,4130 3229,4129 3229,4127 3229,4126 3024,4126 3022,4128 3022,4129 3021,4130 3019,4130 3018,4130 3018,4129 3016,4126 2840,4126 2839,4127 2839,4128 2838,4129 2838,4130 2838,4130 2688,4130 2687,4130 2687,4129 2685,4126 1931,4126 1929,4128 1929,4129 1928,4130 1620,4130 1618,4132 1618,4133 1617,4134 1280,4134 1279,4135 1279,4149 1278,4150 1273,4150 1271,4149 1271,4135 1271,4134 1217,4134 1215,4133 1215,4132 1214,4130 978,4130 976,4129 976,4128 975,4126 835,4126 791,4126 788,4129 788,4130 788,4130 770,4130 769,4130 769,4129 767,4126 591,4126 589,4128 589,4129 588,4130 586,4130 585,4131 585,4181 584,4182 583,4182 581,4184 581,4185 580,4186"/><TextEquiv index="1"><Unicode>fut épris de ſa beauté. Il chercha à la</Unicode></TextEquiv></TextLine><TextLine id="r0_l019"><Coords points="187,4187 3262,4187 3262,4386 187,4386"/><TextEquiv index="1"><Unicode>ſéduire, il n'y put réuſſir. Il uſa du</Unicode></TextEquiv></TextLine><TextLine id="r0_l020"><Coords points="907,4593 904,4591 904,4590 904,4589 895,4589 892,4587 892,4538 892,4537 37,4537 35,4536 35,4534 36,4533 239,4533 239,4533 239,4532 237,4529 209,4529 202,4523 202,4522 202,4521 197,4521 190,4515 190,4506 190,4505 189,4505 186,4503 186,4483 188,4481 189,4481 190,4480 190,4472 191,4471 191,4470 192,4469 193,4469 194,4468 194,4464 199,4459 199,4458 200,4457 205,4457 207,4455 207,4454 208,4453 218,4453 218,4453 218,4396 221,4393 668,4393 669,4392 669,4391 671,4389 1944,4389 1945,4391 1945,4392 1947,4393 1948,4394 1949,4394 1949,4395 1949,4409 1950,4409 3176,4409 3177,4411 3177,4412 3179,4413 3184,4413 3185,4415 3185,4416 3187,4417 3188,4417 3188,4418 3189,4419 3189,4420 3191,4421 3192,4421 3193,4423 3193,4441 3194,4441 3256,4441 3257,4443 3257,4444 3259,4445 3260,4445 3261,4447 3261,4456 3260,4457 3258,4457 3257,4458 3257,4524 3256,4525 3255,4525 3253,4527 3253,4528 3252,4529 3247,4529 3245,4531 3245,4532 3244,4533 3239,4533 3237,4535 3237,4536 3236,4537 1644,4537 1642,4539 1642,4548 1642,4548 1641,4548 1638,4551 1638,4552 1638,4552 1637,4552 1634,4555 1634,4556 1633,4557 1628,4557 1626,4559 1626,4560 1625,4561 1620,4561 1618,4563 1618,4564 1617,4565 933,4565 932,4566 932,4588 932,4588 931,4588 928,4591 928,4592 927,4593"/><TextEquiv index="1"><Unicode>droit du plus fort, enleva ma tante &amp;</Unicode></TextEquiv></TextLine><TextLine id="r0_l021"><Coords points="1520,4792 1518,4791 1518,4790 1517,4788 1512,4788 1510,4787 1510,4786 1509,4784 1504,4784 1503,4784 1503,4783 1502,4782 1501,4780 1500,4780 1498,4779 1498,4774 1497,4772 1496,4772 1494,4771 1494,4733 1494,4732 998,4732 996,4731 996,4730 995,4728 847,4728 766,4728 765,4729 765,4731 764,4732 456,4732 454,4734 454,4735 453,4736 451,4736 450,4736 450,4735 448,4732 192,4732 190,4731 190,4729 190,4728 36,4728 35,4728 35,4706 37,4704 190,4704 190,4704 190,4599 192,4597 193,4597 194,4596 194,4595 196,4593 201,4593 202,4592 202,4591 204,4589 205,4589 206,4588 207,4588 208,4589 210,4589 210,4590 210,4591 211,4591 213,4593 214,4593 214,4594 214,4648 215,4648 505,4648 505,4648 505,4615 508,4612 509,4612 509,4612 509,4603 511,4601 651,4601 655,4597 659,4597 660,4596 661,4596 661,4596 661,4595 663,4593 676,4593 677,4595 677,4648 678,4648 735,4648 737,4651 737,4652 738,4652 743,4652 745,4655 745,4656 746,4656 751,4656 753,4659 753,4664 754,4664 755,4664 757,4667 757,4696 758,4696 799,4696 801,4699 801,4700 802,4700 811,4700 813,4703 813,4716 814,4716 992,4716 992,4716 992,4598 993,4597 1147,4597 1147,4598 1147,4599 1148,4600 1148,4648 1149,4648 1213,4648 1214,4649 1215,4649 1215,4650 1215,4651 1217,4652 1321,4652 1323,4655 1323,4656 1324,4656 1510,4656 1510,4656 1510,4655 1513,4652 1522,4652 1522,4652 1522,4651 1525,4648 1877,4648 1877,4648 1877,4599 1879,4597 1884,4597 1885,4596 1885,4595 1887,4593 1900,4593 1905,4599 1905,4658 1906,4658 2081,4658 2083,4656 2084,4656 2084,4656 2084,4655 2087,4652 2092,4652 2092,4652 2092,4651 2095,4648 2184,4648 2184,4648 2184,4603 2187,4600 2188,4600 2188,4600 2188,4599 2190,4597 2192,4597 2192,4598 2192,4599 2195,4601 2200,4601 2200,4602 2200,4603 2207,4609 2208,4609 2208,4610 2208,4615 2211,4617 2212,4617 2212,4618 2212,4627 2215,4629 2216,4629 2216,4630 2216,4648 2217,4648 2339,4648 2340,4647 2340,4646 2341,4645 2342,4645 2343,4644 2358,4644 2360,4647 2360,4648 2361,4648 3001,4648 3001,4648 3001,4647 3004,4644 3006,4647 3006,4648 3007,4648 3008,4648 3010,4651 3010,4652 3011,4652 3077,4652 3077,4652 3077,4631 3080,4628 3081,4628 3081,4628 3081,4627 3083,4625 3084,4625 3085,4624 3085,4611 3087,4609 3088,4609 3089,4608 3089,4608 3089,4607 3091,4605 3092,4605 3093,4604 3094,4605 3105,4605 3105,4606 3105,4667 3107,4668 3108,4668 3109,4670 3109,4679 3111,4680 3112,4680 3113,4682 3113,4708 3114,4708 3243,4708 3252,4717 3253,4717 3253,4718 3253,4723 3256,4725 3257,4725 3257,4726 3257,4747 3256,4748 3255,4748 3253,4750 3253,4755 3252,4756 3251,4756 3249,4758 3249,4763 3248,4764 3239,4764 3237,4766 3237,4767 3236,4768 3227,4768 3225,4770 3225,4771 3224,4772 3223,4772 3221,4771 3221,4770 3220,4768 3215,4768 3213,4767 3213,4741 3213,4740 3079,4740 3078,4740 3078,4739 3076,4736 2999,4736 2998,4736 2998,4735 2996,4732 2772,4732 2771,4733 2771,4785 2770,4786 2770,4788 2770,4788 2740,4788 2739,4788 2739,4787 2738,4786 2738,4733 2738,4732 2553,4732 2551,4734 2551,4735 2550,4736 2533,4736 2531,4735 2531,4734 2530,4732 2210,4732 2208,4734 2208,4735 2207,4736 2117,4736 2116,4737 2116,4784 2116,4784 2115,4784 2111,4788 2086,4788 2085,4788 2085,4787 2083,4784 2082,4784 2081,4784 2081,4783 2080,4782 2080,4729 2080,4728 1907,4728 1905,4730 1905,4731 1904,4732 1716,4732 1714,4734 1714,4735 1713,4736 1575,4736 1574,4737 1574,4759 1573,4760 1572,4760 1570,4762 1570,4767 1569,4768 1568,4768 1566,4770 1566,4775 1565,4776 1564,4776 1562,4778 1562,4779 1561,4780 1560,4780 1559,4781 1558,4782 1558,4783 1557,4784 1552,4784 1550,4786 1550,4787 1549,4788 1540,4788 1538,4790 1538,4791 1537,4792"/><TextEquiv index="1"><Unicode>la viola. Mon grand - père emporté,</Unicode></TextEquiv></TextLine><TextLine id="r0_l022"><Coords points="740,4992 739,4991 738,4991 737,4991 737,4990 736,4989 735,4987 734,4987 733,4987 733,4937 733,4936 524,4936 521,4934 521,4933 521,4932 209,4932 206,4930 206,4929 206,4928 205,4928 202,4926 202,4925 202,4924 201,4924 198,4922 198,4921 198,4920 197,4920 194,4918 194,4913 194,4912 193,4912 190,4910 190,4897 190,4896 52,4896 51,4897 51,4955 50,4956 48,4956 47,4957 47,4990 47,4990 40,4990 39,4990 39,4889 40,4888 41,4888 42,4887 190,4887 190,4887 190,4874 192,4872 193,4872 194,4871 194,4862 196,4860 197,4860 199,4858 199,4857 200,4856 201,4856 203,4854 203,4853 204,4852 213,4852 214,4851 214,4850 216,4848 237,4848 241,4852 378,4852 378,4852 378,4834 380,4832 381,4832 381,4832 381,4831 382,4830 382,4829 383,4828 385,4828 386,4830 386,4831 388,4832 389,4832 390,4834 390,4852 391,4852 745,4852 745,4852 745,4822 747,4820 748,4820 748,4820 748,4819 751,4816 764,4816 764,4817 764,4818 765,4818 767,4820 768,4820 768,4821 768,4822 769,4823 769,4852 770,4852 836,4852 836,4853 836,4854 839,4856 1058,4856 1060,4854 1060,4853 1061,4852 1319,4852 1319,4852 1319,4806 1321,4804 1322,4804 1323,4803 1323,4802 1325,4800 1326,4800 1327,4799 1327,4798 1329,4796 1334,4796 1335,4795 1335,4794 1337,4792 1342,4792 1343,4794 1343,4795 1345,4796 1693,4796 1693,4796 1693,4795 1696,4792 1701,4792 1701,4793 1701,4794 1704,4796 1709,4796 1709,4797 1709,4798 1710,4799 1710,4844 1711,4844 1757,4844 1758,4846 1758,4847 1760,4848 1761,4848 1761,4849 1761,4850 1764,4852 1785,4852 1785,4853 1785,4854 1788,4856 1789,4856 1789,4857 1789,4858 1790,4858 1965,4858 1967,4856 1968,4856 1969,4855 1969,4854 1971,4852 1980,4852 1981,4851 1981,4850 1983,4848 2028,4848 2029,4850 2029,4851 2031,4852 2204,4852 2204,4852 2204,4798 2206,4796 2219,4796 2220,4798 2220,4799 2221,4800 2222,4800 2223,4800 2224,4802 2224,4803 2225,4803 2226,4804 2227,4804 2228,4806 2228,4848 2229,4848 2404,4848 2404,4848 2404,4805 2405,4804 2406,4804 2407,4803 2407,4799 2408,4798 2408,4797 2409,4796 2415,4796 2415,4796 2415,4795 2416,4794 2416,4793 2417,4792 2610,4792 2611,4794 2611,4799 2613,4800 2754,4800 2754,4801 2754,4808 2755,4809 2755,4812 2756,4812 3024,4812 3030,4806 3030,4805 3031,4804 3037,4804 3037,4804 3037,4803 3038,4802 3038,4801 3039,4800 3049,4800 3049,4801 3049,4802 3050,4803 3050,4804 3051,4804 3060,4804 3065,4810 3065,4814 3069,4818 3069,4819 3070,4820 3070,4852 3071,4852 3156,4852 3157,4854 3157,4855 3159,4856 3164,4856 3165,4858 3165,4859 3166,4859 3167,4859 3169,4862 3169,4867 3171,4868 3172,4868 3173,4870 3173,4884 3174,4884 3260,4884 3261,4886 3261,4902 3255,4908 3246,4908 3245,4909 3245,4910 3243,4912 3174,4912 3173,4913 3173,4927 3173,4927 3172,4927 3171,4928 3167,4928 3165,4930 3165,4931 3165,4931 3164,4931 3161,4934 3161,4935 3161,4935 3160,4935 3159,4936 3155,4936 3153,4938 3153,4939 3153,4939 3152,4939 3151,4940 2875,4940 2874,4941 2874,4959 2874,4959 2873,4959 2870,4962 2870,4967 2870,4967 2869,4967 2868,4968 2867,4968 2866,4969 2866,4975 2866,4975 2865,4975 2864,4976 2859,4976 2858,4977 2858,4983 2858,4983 2857,4983 2856,4984 2850,4984 2849,4983 2848,4983 2846,4982 2846,4937 2846,4936 2657,4936 2655,4935 2655,4934 2654,4932 2433,4932 2432,4933 2432,4934 2430,4936 2135,4936 2132,4934 2132,4933 2132,4932 1878,4932 1877,4933 1877,4939 1877,4939 1876,4939 1873,4942 1873,4947 1873,4947 1872,4947 1869,4950 1869,4951 1869,4951 1868,4951 1865,4954 1865,4955 1865,4955 1864,4955 1863,4956 1859,4956 1857,4958 1857,4959 1857,4959 1856,4959 1855,4960 1847,4960 1845,4962 1845,4963 1845,4963 1843,4963 1841,4962 1841,4961 1841,4960 1840,4960 1837,4958 1837,4933 1837,4932 1659,4932 1658,4933 1658,4934 1656,4936 974,4936 972,4938 972,4939 972,4939 969,4939 968,4939 968,4938 967,4936 766,4936 765,4937 765,4954 763,4956 762,4956 761,4957 761,4962 759,4964 758,4964 757,4965 757,4974 755,4976 754,4976 753,4977 753,4978 751,4980 750,4980 749,4981 749,4982 747,4984 746,4984 745,4985 745,4990 744,4991 743,4991 742,4992"/><TextEquiv index="1"><Unicode>comme je vous l'ai dit, mais irrité juſte-</Unicode></TextEquiv></TextLine><TextLine id="r0_l023"><Coords points="45,5183 43,5182 43,5045 42,5043 40,5043 39,5043 39,4991 40,4990 47,4990 48,4991 1876,4991 1877,4993 1877,4994 1879,4995 1883,4995 1884,4996 1885,4996 1885,4997 1885,4998 1887,4999 3152,4999 3153,5001 3153,5002 3156,5004 3157,5004 3157,5005 3157,5055 3158,5055 3228,5055 3229,5057 3229,5058 3231,5059 3240,5059 3241,5060 3241,5061 3241,5062 3242,5063 3243,5063 3244,5063 3245,5065 3245,5070 3247,5071 3248,5071 3249,5073 3249,5078 3251,5079 3252,5079 3253,5081 3253,5090 3252,5091 3251,5091 3249,5093 3249,5126 3248,5127 3247,5127 3245,5129 3245,5130 3245,5130 3244,5131 3243,5131 3241,5133 3241,5134 3240,5135 3239,5135 3237,5137 3237,5138 3236,5139 3227,5139 3225,5141 3225,5142 3224,5143 2202,5143 2200,5145 2200,5150 2199,5151 2198,5151 2196,5153 2196,5158 2195,5159 2194,5159 2193,5160 2192,5161 2192,5162 2191,5163 52,5163 51,5164 51,5170 50,5171 48,5171 47,5172 47,5182 46,5183"/><TextEquiv index="1"><Unicode>ment dans cette occaſion, rencontra le</Unicode></TextEquiv></TextLine><TextLine id="r0_l024"><Coords points="40,5192 3254,5192 3254,5391 40,5391"/><TextEquiv index="1"><Unicode>perfide Gouverneur, &amp; l'aſſomma ſans</Unicode></TextEquiv></TextLine><TextLine id="r0_l025"><Coords points="1406,5602 1405,5602 1405,5546 1405,5545 1386,5545 1385,5546 1381,5546 1379,5545 1379,5544 1378,5542 1309,5542 1307,5541 1307,5540 1306,5538 1266,5538 1265,5537 1264,5537 1263,5537 1263,5536 1262,5534 1077,5534 1076,5535 1076,5536 1074,5538 774,5538 773,5539 773,5540 771,5542 308,5542 306,5541 306,5536 305,5534 240,5534 238,5533 238,5532 237,5530 201,5530 198,5528 198,5523 198,5522 197,5522 194,5520 194,5480 190,5476 190,5463 190,5462 49,5462 47,5461 47,5451 48,5450 209,5450 211,5448 211,5447 212,5446 221,5446 223,5449 223,5450 224,5450 353,5450 354,5452 354,5454 355,5454 661,5454 661,5454 661,5440 663,5438 664,5438 665,5437 665,5432 667,5430 668,5430 669,5429 669,5420 671,5418 672,5418 673,5417 673,5416 675,5414 676,5414 677,5413 677,5412 679,5410 680,5410 681,5409 681,5408 683,5406 684,5406 685,5405 685,5404 687,5402 688,5402 689,5401 689,5400 691,5398 708,5398 708,5398 708,5397 711,5394 712,5394 713,5396 713,5397 715,5398 720,5398 720,5399 720,5400 721,5401 723,5402 724,5402 725,5404 725,5458 726,5458 1051,5458 1051,5458 1051,5457 1054,5454 1071,5454 1071,5455 1071,5456 1074,5458 1075,5458 1075,5459 1075,5460 1078,5462 1079,5462 1079,5463 1079,5464 1082,5466 1270,5466 1271,5465 1271,5464 1273,5462 1282,5462 1283,5461 1283,5460 1285,5458 1291,5458 1291,5458 1291,5408 1293,5406 1294,5406 1295,5405 1295,5404 1297,5402 1314,5402 1315,5404 1315,5405 1317,5406 1318,5406 1319,5408 1319,5458 1320,5458 1581,5458 1582,5457 1582,5456 1584,5454 1905,5454 1905,5454 1905,5408 1907,5406 1920,5406 1921,5408 1921,5409 1923,5410 1924,5410 1925,5412 1925,5413 1927,5414 1928,5414 1929,5416 1929,5425 1931,5426 1932,5426 1933,5428 1933,5429 1935,5430 1936,5430 1937,5432 1937,5441 1939,5442 1940,5442 1941,5444 1941,5454 1942,5454 2004,5454 2005,5456 2005,5457 2007,5458 2012,5458 2013,5460 2013,5461 2015,5462 2016,5462 2017,5464 2017,5506 2018,5506 2200,5506 2200,5506 2200,5504 2202,5502 2203,5502 2204,5501 2204,5440 2206,5438 2207,5438 2208,5437 2208,5420 2210,5418 2211,5418 2212,5417 2212,5417 2212,5416 2214,5414 2219,5414 2220,5413 2220,5408 2222,5406 2235,5406 2236,5405 2236,5404 2238,5402 2304,5402 2304,5402 2304,5400 2306,5398 2315,5398 2315,5399 2315,5400 2318,5402 2319,5402 2320,5404 2320,5453 2322,5454 2467,5454 2467,5455 2467,5456 2470,5458 2705,5458 2707,5456 2707,5455 2708,5454 2710,5454 2711,5456 2711,5457 2713,5458 3072,5458 3073,5457 3073,5456 3075,5454 3209,5454 3209,5454 3209,5412 3211,5410 3212,5410 3213,5409 3213,5408 3215,5406 3220,5406 3221,5405 3221,5404 3223,5402 3240,5402 3241,5404 3241,5525 3243,5526 3248,5526 3249,5528 3249,5529 3251,5530 3252,5530 3253,5532 3253,5537 3254,5537 3255,5537 3257,5540 3257,5541 3256,5542 3183,5542 3181,5544 3181,5545 3180,5546 2999,5546 2998,5547 2998,5548 2996,5550 2995,5550 2994,5551 2994,5556 2992,5558 2991,5558 2990,5559 2990,5564 2988,5566 2987,5566 2986,5567 2986,5580 2984,5582 2983,5582 2982,5583 2982,5584 2980,5586 2960,5586 2958,5585 2958,5539 2958,5538 2772,5538 2770,5540 2770,5541 2769,5542 2450,5542 2447,5540 2447,5539 2447,5538 2446,5538 2445,5537 2259,5537 2258,5538 2223,5538 2222,5537 2221,5537 2220,5537 2220,5536 2219,5534 2019,5534 2002,5534 2001,5535 2001,5536 1999,5538 1595,5538 1594,5539 1594,5593 1593,5594 1569,5594 1564,5589 1563,5589 1562,5589 1562,5546 1562,5545 1414,5545 1413,5546 1413,5602 1413,5602"/><TextEquiv index="1"><Unicode>autre forme de procès. Si mon ayeul</Unicode></TextEquiv></TextLine><TextLine id="r0_l026"><Coords points="1249,5802 1248,5802 1248,5794 1248,5793 336,5793 334,5792 334,5791 333,5790 333,5789 332,5789 330,5788 330,5778 330,5777 57,5777 55,5776 55,5770 56,5769 294,5769 294,5769 294,5734 294,5733 236,5733 234,5732 234,5731 233,5729 200,5729 199,5729 199,5728 199,5727 197,5725 196,5725 195,5725 195,5724 194,5723 194,5719 193,5717 192,5717 191,5717 191,5716 190,5715 190,5672 193,5669 194,5669 194,5669 194,5664 197,5661 198,5661 198,5661 198,5660 201,5657 202,5657 202,5657 202,5656 205,5653 206,5653 206,5653 206,5652 209,5649 218,5649 218,5649 218,5648 221,5645 414,5645 414,5645 414,5607 415,5606 416,5606 418,5604 418,5603 419,5602 420,5602 421,5601 1601,5601 1605,5597 2298,5597 2300,5600 2300,5601 2301,5601 2609,5601 2611,5604 2611,5609 2612,5609 2613,5609 2615,5612 2615,5613 2616,5613 2984,5613 2986,5616 2986,5617 2987,5617 2988,5617 2990,5620 2990,5621 2991,5621 2992,5621 2994,5624 2994,5625 2995,5625 2996,5625 2998,5628 2998,5633 2999,5633 3000,5633 3002,5636 3002,5657 3003,5657 3208,5657 3209,5659 3209,5660 3211,5661 3227,5661 3228,5662 3229,5662 3229,5663 3229,5664 3231,5665 3235,5665 3244,5674 3245,5674 3245,5675 3245,5680 3248,5682 3249,5682 3249,5683 3249,5688 3248,5689 3247,5689 3245,5691 3245,5724 3244,5725 3243,5725 3241,5727 3241,5728 3240,5729 3239,5729 3237,5731 3237,5732 3236,5733 3231,5733 3229,5735 3229,5736 3228,5737 3227,5737 3225,5739 3225,5740 3224,5741 3215,5741 3213,5743 3213,5744 3212,5745 2445,5745 2444,5746 2444,5747 2443,5748 2443,5760 2442,5761 2441,5761 2440,5762 2440,5763 2438,5765 2437,5765 2436,5766 2436,5767 2434,5769 2421,5769 2420,5770 2420,5771 2418,5773 2062,5773 2061,5774 2061,5775 2059,5777 2058,5777 2057,5778 2057,5783 2051,5789 2039,5789 2036,5792 2036,5793 2036,5793 2023,5793 2020,5796 2020,5797 2020,5797 1267,5797 1266,5798 1266,5802 1266,5802"/><TextEquiv index="1"><Unicode>avoit commis, à ſon égard, le même</Unicode></TextEquiv></TextLine><TextLine id="r0_l027"><Coords points="818,6000 817,6000 817,5999 815,5996 814,5996 812,5995 812,5994 812,5993 713,5993 712,5992 710,5992 709,5992 709,5977 709,5976 646,5976 645,5976 645,5975 643,5972 635,5972 633,5971 633,5946 633,5945 525,5945 524,5944 523,5944 522,5944 521,5943 521,5942 520,5940 471,5940 469,5939 469,5938 469,5937 54,5937 53,5936 52,5936 51,5936 51,5794 52,5793 58,5793 59,5795 59,5928 60,5928 194,5928 194,5928 194,5891 196,5889 197,5889 198,5888 198,5867 200,5865 201,5865 202,5864 202,5859 204,5857 205,5857 206,5856 206,5855 208,5853 209,5853 210,5852 210,5851 212,5849 213,5849 214,5848 214,5847 216,5845 322,5845 322,5845 322,5799 324,5797 2670,5797 2670,5798 2670,5799 2671,5799 2673,5801 2674,5801 2675,5803 2675,5805 2676,5805 2961,5805 2962,5807 2962,5808 2964,5809 2981,5809 2982,5811 2982,5812 2984,5813 2985,5813 2986,5815 2986,5857 2987,5857 3164,5857 3169,5863 3169,5884 3170,5884 3242,5884 3243,5885 3244,5885 3245,5887 3245,5888 3246,5888 3247,5888 3249,5891 3249,5907 3247,5909 3242,5909 3241,5910 3241,5911 3239,5913 3178,5913 3177,5914 3177,5932 3177,5932 3176,5932 3173,5935 3173,5936 3173,5936 3172,5936 3171,5937 3163,5937 3161,5939 3161,5940 3161,5940 3160,5940 3159,5941 2660,5941 2659,5942 2659,5967 2658,5968 2389,5968 2388,5969 2388,5987 2387,5988 2345,5988 2344,5988 2344,5987 2342,5984 2341,5984 2340,5984 2340,5965 2340,5964 869,5964 868,5965 868,5988 868,5988 867,5988 864,5991 864,5992 864,5992 863,5992 860,5995 860,5996 860,5996 835,5996 832,5999 832,6000 832,6000"/><TextEquiv index="1"><Unicode>crime, que lui au ſien, &amp; que le Gou-</Unicode></TextEquiv></TextLine><TextLine id="r0_l028"><Coords points="1499,6199 1498,6199 1498,6189 1498,6188 324,6188 322,6187 322,6186 320,6183 319,6183 318,6183 318,6137 318,6136 300,6136 298,6135 298,6134 297,6132 220,6132 219,6132 219,6131 218,6130 218,6114 217,6112 216,6112 215,6112 215,6111 214,6110 214,6098 213,6096 212,6096 211,6096 211,6095 210,6094 210,6082 209,6080 208,6080 207,6080 207,6079 206,6078 206,6070 205,6068 204,6068 203,6068 203,6067 202,6066 202,6062 201,6060 196,6060 195,6060 195,6059 193,6056 192,6056 191,6056 191,6055 190,6054 190,6047 191,6046 191,6045 192,6044 198,6044 198,6044 198,6043 201,6040 844,6040 844,6040 844,6039 851,6032 852,6032 852,6032 852,6029 852,6028 52,6028 51,6028 51,6022 53,6020 855,6020 867,6008 872,6008 872,6008 872,6007 875,6004 1103,6004 1103,6004 1103,6003 1106,6000 1953,6000 1953,6000 1953,5998 1955,5996 1971,5996 1976,6001 1977,6001 1977,6002 1977,6004 1978,6004 2988,6004 2990,6007 2990,6008 2991,6008 2992,6008 2994,6011 2994,6016 2995,6016 3060,6016 3061,6018 3061,6019 3062,6020 3062,6028 3063,6028 3064,6028 3065,6030 3065,6034 3066,6035 3066,6036 3067,6036 3068,6036 3069,6038 3069,6039 3070,6040 3070,6052 3071,6052 3144,6052 3146,6055 3146,6056 3147,6056 3216,6056 3217,6058 3217,6059 3219,6060 3224,6060 3225,6062 3225,6063 3227,6064 3228,6064 3229,6066 3229,6067 3231,6068 3232,6068 3233,6070 3233,6071 3235,6072 3236,6072 3237,6074 3237,6079 3239,6080 3240,6080 3241,6082 3241,6087 3243,6088 3244,6088 3245,6090 3245,6127 3244,6128 3239,6128 3237,6130 3237,6131 3236,6132 3235,6132 3233,6134 3233,6135 3232,6136 3227,6136 3225,6138 3225,6139 3224,6140 3219,6140 3217,6142 3217,6143 3216,6144 3207,6144 3205,6146 3205,6147 3204,6148 2237,6148 2236,6149 2236,6195 2235,6196 1504,6196 1503,6197 1503,6198 1502,6199"/><TextEquiv index="1"><Unicode>verneur ſe fût vengé de cette manière</Unicode></TextEquiv></TextLine><TextLine id="r0_l029"><Coords points="340,6387 338,6386 338,6385 337,6383 336,6383 334,6382 334,6336 334,6335 296,6335 294,6334 294,6333 293,6331 220,6331 218,6330 218,6329 217,6327 216,6327 214,6326 214,6325 213,6323 208,6323 206,6322 206,6321 206,6320 205,6319 204,6319 202,6318 202,6317 201,6315 200,6315 198,6314 198,6313 197,6311 196,6311 194,6310 194,6305 193,6303 192,6303 190,6302 190,6301 189,6299 188,6299 186,6298 186,6262 189,6259 198,6259 198,6259 198,6258 201,6255 202,6255 202,6255 202,6254 205,6251 206,6251 206,6251 206,6250 209,6247 210,6247 210,6247 210,6246 213,6243 222,6243 222,6243 222,6242 225,6239 442,6239 442,6239 442,6233 443,6232 444,6232 446,6230 446,6221 447,6220 448,6220 450,6218 450,6213 451,6212 456,6212 457,6211 457,6210 458,6209 458,6208 77,6208 75,6207 75,6206 74,6204 69,6204 67,6203 67,6197 68,6196 70,6196 71,6198 71,6199 72,6199 73,6199 75,6202 75,6203 76,6203 77,6203 78,6204 79,6204 79,6205 79,6207 80,6207 1500,6207 1500,6207 1500,6200 1501,6199 2447,6199 2447,6199 2447,6198 2449,6196 2475,6196 2475,6197 2475,6198 2478,6200 2818,6200 2818,6201 2818,6251 2819,6251 3044,6251 3046,6254 3046,6255 3047,6255 3119,6255 3120,6256 3121,6256 3121,6257 3121,6258 3123,6259 3135,6259 3136,6260 3137,6260 3137,6261 3137,6262 3139,6263 3143,6263 3144,6264 3145,6264 3145,6265 3145,6266 3148,6268 3149,6268 3149,6269 3149,6274 3152,6276 3153,6276 3153,6277 3153,6286 3155,6287 3156,6287 3157,6289 3157,6315 3158,6315 3236,6315 3237,6317 3237,6318 3243,6323 3248,6323 3249,6325 3249,6334 3251,6335 3252,6335 3253,6337 3253,6342 3252,6343 3251,6343 3249,6345 3249,6362 3248,6363 3247,6363 3245,6365 3245,6366 3244,6367 3243,6367 3241,6369 3241,6370 3240,6371 3231,6371 3229,6373 3229,6374 3228,6375 3223,6375 3221,6377 3221,6378 3220,6379 3207,6379 3205,6378 3205,6368 3205,6367 2294,6367 2292,6366 2292,6365 2291,6363 2290,6363 2288,6362 2288,6348 2288,6347 977,6347 976,6348 976,6358 975,6359 974,6359 972,6361 972,6366 971,6367 970,6367 968,6369 968,6370 967,6371 958,6371 956,6373 956,6374 955,6375 371,6375 370,6376 370,6386 369,6387"/><TextEquiv index="1"><Unicode>expéditive, on auroit trouvé, ſans doute,</Unicode></TextEquiv></TextLine><TextLine id="r0_l030"><Coords points="1821,6607 1820,6606 1819,6606 1817,6605 1817,6604 1816,6602 1815,6602 1813,6601 1813,6583 1813,6582 268,6582 260,6575 260,6574 243,6557 243,6556 238,6551 238,6524 238,6523 221,6523 218,6521 218,6520 218,6519 213,6519 210,6517 210,6516 210,6515 205,6515 202,6513 202,6512 202,6511 201,6511 198,6509 198,6508 198,6507 197,6507 194,6505 194,6504 194,6503 189,6503 186,6501 186,6496 186,6495 185,6495 182,6493 182,6468 182,6467 181,6467 178,6465 178,6454 179,6453 179,6452 180,6451 193,6451 195,6449 195,6448 196,6447 205,6447 207,6445 207,6444 208,6443 209,6443 211,6441 211,6440 212,6439 358,6439 358,6439 358,6408 359,6407 365,6407 366,6406 366,6405 368,6403 1561,6403 1562,6402 1562,6401 1563,6400 1563,6399 45,6399 43,6398 43,6393 45,6391 46,6391 47,6393 47,6395 48,6395 2849,6395 2850,6397 2850,6398 2851,6399 2852,6399 2853,6399 2854,6401 2854,6403 2855,6403 3009,6403 3009,6404 3009,6405 3010,6406 3010,6410 3012,6411 3013,6411 3013,6412 3013,6413 3014,6414 3014,6454 3016,6455 3017,6455 3017,6456 3017,6457 3018,6458 3018,6459 3019,6459 3252,6459 3253,6461 3253,6462 3255,6463 3260,6463 3261,6465 3261,6466 3262,6466 3263,6467 3264,6467 3265,6469 3265,6482 3265,6482 3264,6482 3261,6485 3261,6538 3261,6538 3260,6538 3259,6539 3258,6539 3257,6540 3257,6549 3255,6551 3250,6551 3249,6552 3249,6553 3247,6555 3246,6555 3245,6556 3245,6557 3243,6559 3242,6559 3241,6560 3241,6561 3239,6563 1851,6563 1849,6565 1849,6574 1849,6574 1848,6574 1845,6577 1845,6582 1845,6582 1844,6582 1841,6585 1841,6586 1841,6586 1840,6586 1837,6589 1837,6590 1837,6590 1836,6590 1833,6593 1833,6598 1833,6598 1832,6598 1829,6601 1829,6602 1829,6602 1828,6602 1825,6605 1825,6606 1825,6606 1823,6606 1822,6607"/><TextEquiv index="1"><Unicode>qu'il auroit bien fait; mais un inférieur</Unicode></TextEquiv></TextLine><TextLine id="r0_l031"><Coords points="48,6654 47,6654 47,6648 48,6647 48,6554 49,6553 72,6553 73,6552 95,6552 96,6551 239,6551 243,6556 243,6557 260,6574 260,6575 268,6583 266,6585 266,6586 266,6586 240,6586 239,6587 146,6587 145,6586 143,6586 142,6585 140,6585 139,6584 137,6584 136,6583 134,6583 133,6582 131,6582 130,6581 128,6581 127,6580 125,6580 124,6579 122,6579 121,6578 119,6578 118,6577 116,6577 115,6576 113,6576 112,6575 110,6575 109,6574 106,6574 105,6573 103,6573 102,6572 100,6572 99,6571 97,6571 96,6570 94,6570 93,6569 91,6569 90,6568 88,6568 87,6567 85,6567 84,6566 82,6566 81,6565 79,6565 78,6564 76,6564 75,6563 73,6563 72,6562 70,6562 69,6561 67,6561 66,6560 64,6560 63,6559 61,6559 60,6558 57,6558 56,6557 54,6557 53,6556 52,6556 51,6557 51,6653 50,6654"/><TextEquiv index="1"><Unicode>u</Unicode></TextEquiv></TextLine><TextLine id="r0_l032"><Coords points="2392,6603 2676,6603 2676,6755 2392,6755"/><TextEquiv index="1"><Unicode>Fv</Unicode></TextEquiv></TextLine></TextRegion></Page></PcGts>