4266 8463
1950 354 2927 609 (
893 658 4191 879 a toujours tort vis-à-vis d'un ſupérieur,
544 872 4151 1089 en Amérique, auſſi bien qu'en Europe.
607 1082 4241 1293 La Juſtice trouva mauvais que mon
900 1289 4241 1507 grand-père ſe fût vengé lui-même, &,
900 1500 4241 1729 comme meurtrier, le condamna au
879 1711 2550 1926 ſupplice de la roue.
1115 1888 4241 2135 “La veille du jour où il devoit être
747 2125 4241 2344 mis à mort, le malheureux exécuteur,
900 2331 4241 2551 qui s'apprêtoit à la lui donner, s'aviſa de
904 2542 4225 2757 commettre, lui - même, un aſſaſſinat.
904 2752 4217 2966 Soudain il fut condamné à la même peine
904 2959 4229 3179 que mon ayeul; mais on ſe trouva dans
913 3170 4225 3385 un grand embarras; on n'avoit perſonne
586 3374 4216 3596 pour exécuter les deux ſentences. Dans
913 3580 4220 3794 cette circonſtance, on décida qu'il falloit
917 3794 4212 4015 que le moins coupable expédiât le plus
714 3998 4208 4195 criminel. Selon cette déciſion, c'étoit
917 4220 4105 4429 mon grand-père qui devoit être l'acteur,
710 4423 4208 4635 & l'autre le patient. On offrit donc, au
677 4630 4199 4865 plus graciable, l'emploi auſſi cruel qu'un
908 4828 4200 5055 arrêt de mort. Je dois rendre cette juſ-
917 5047 4200 5263 tice à mon ayeul. Il refuſa d'abord un
908 5252 4208 5452 ſi cruel miniſtère; il aimoit mieux
913 5452 4204 5677 mourir que d'exercer une fonction ſi
914 5673 4166 5883 répugnante à l'humanité; mais vaincu
594 5878 4200 6102 par les larmes de ſa femme & de ſes
913 6081 4192 6304 enfans, il parut céder, & on lui donna
904 6300 3840 6518 les patentes de l'honorable charge.
1111 6490 4117 6734 “Cependant il eut tant d'horreur de
