4266 8221
1442 593 1924 778 mare.
91 833 3236 1035 l'emploi dont il ſe voyoit chargé, qu'a-
174 1035 3240 1233 vant de le remplir il en tomba dan-
1 1232 3408 1437 gereuſement malade. L'exécuteur con-
1 1433 3243 1636 damné y gagna l'avantage de tomber,
1 1630 3507 1839 auſſi, malade de ſon côté, & de mourir
1 1828 3243 2033 naturellement. Mon grand - père, diſ-
189 2033 3243 2232 penſé de cette pénible exécution, ſe
19 2231 3239 2429 rétablit un peu; mais il traîna, depuis,
26 2429 3243 2631 des jours languiſſans, & ne tarda pas
54 2630 3251 2792 à deſcendre au tombeau. Jamais il n'eut
193 2829 3552 3030 occaſion d'exercer ſon cruel miniſtère;
196 3029 3365 3227 mais il n'en étoit pas moins chargé ou
189 3223 3247 3430 plutôt flétri. A ſa mort, ſa charge paſſa
50 3424 3250 3629 à ſon fils qui fut, depuis, mon père;
46 3623 3243 3829 mais celui - ci, pour ſe diſpenſer de
58 3819 3250 4025 l'exercer, renonça à ſa patrie, & vint
58 4017 1828 4228 ſe réfugier en France.
66 4214 3440 4392 “A Grenoble, il devint amoureux
62 4412 3337 4616 d'une très - belle Demoiſelle. Il eut le
82 4609 3254 4821 bonheur de plaire. Il fut goûté de la
208 4807 3258 5017 famille, & on parut diſpoſé à lui ac-
86 5016 3393 5215 corder ſon amante; mais il étoit d'une
212 5214 3258 5417 probité rigoureuſe; il crut qu'il manque-
101 5411 3551 5629 roit à la délicateſſe, s'il épouſoit cette
212 5601 3551 5818 Demoiſelle, ſans apprendre exactement,
212 5805 3397 6012 à ſes parens, qui il étoit. Il n'avoit
216 6008 3262 6186 jamais sûrement exercé aucune ombre
98 6193 3266 6411 de fonction pour le ſervice de la Juſtice;
224 6407 3365 6605 mais il deſcendoit d'un père qui avoit
2177 6613 2675 6811 Fv
