4266 8562
1396 515 1994 719 i
198 763 3406 984 trop rebuté. Cependant la Demoiſelle
198 979 3406 1187 dit à ſon père: „Si vous me refuſez
54 1188 3407 1396 “cet honnête jeune-homme, faites -moi
53 1399 3406 1607 “conduire au tombeau.“ Le père aima
44 1603 3406 1794 mieux enfin voir ſa fille dans les bras
45 1815 3407 2015 d'un homme de cette condition, que
94 2018 3410 2234 dans un cercueil. Il promit que, ſi le
24 2230 3410 2429 jeune Artiſte ſauvoit ſa fille, il la lui
11 2437 3663 2656 donneroit pour épouſe. Cette aſſurance
15 2641 3406 2857 fit la moitié de l'ouvrage. La joie vint
16 2853 3402 3069 ranimer, preſque ſubitement, la jeune
3 3065 3406 3283 fille languiſſante. Le jeune amant y
161 3273 3410 3485 joignit ſes ſoins, dont l'effet fut prompt,
173 3480 3410 3697 heureux & complet. Le père tint parole.
103 3692 3589 3896 La jeune Demoiſelle eut le bonheur
157 3896 3597 4116 d'épouſer ſon ſauveur. On le pria de ne
1 4104 3393 4320 pas être ſi crûment ſincère vis-à-vis du
148 4311 3676 4524 public, qu'il l'avoit été vis-à-vis de la
153 4519 3406 4739 famille; & de cacher, à tout le monde,
148 4727 3398 4943 le ſecret qu'il n'auroit pas dû, peut-
148 4941 3402 5151 être, avouer à perſonne. Il y conſentit,
169 5150 3402 5389 & le myſtère étant parfaitement gardé,
144 5362 2641 5570 perſonne ne ſe vit compromis.
336 5571 3382 5779 “Le mariage fut très - heureux. J'en
136 5774 3398 5990 fus le premier fruit. Mon père attendit,
144 5994 3626 6194 pour me mettre dans ſa confidence, que
123 6193 3726 6410 je fuſſe dans l'âge de la diſcrétion. Sans
136 6401 3381 6613 rien révéler, je crus devoir renoncer à
128 6605 3385 6829 la carrière des honneurs, & me renfermer
