4266 8558
2307 433 3133 686 i
991 668 4129 905 monde ſe louoit du vent favorable, qui
995 896 4117 1103 nous faiſoit aller avec la rapidité d'unt
991 1103 4113 1314 flèche; ſeul, je maudiſſois le vent & tout
983 1309 4109 1529 l'équipage. Ma mère ne paroiſſoit pas
983 1524 4104 1742 fâchée de ce qui me mettoit au déſeſpoir;
888 1735 4104 1946 mon père lui-même en ſourioit, & nul
966 1946 4105 2161 ne voyoit un grand malheur dans mon
970 2154 4100 2371 accident, quand même j'aurois dû être
970 2371 3336 2575 emporté juſqu'en Amérique.
1185 2575 4100 2790 Cependant le jour ſe paſſa ſans que
966 2781 4100 3001 nous rencontraſſions un malheureux vaiſ-
965 2996 4096 3212 ſeau. Le lendemain nous ne fûmes par
966 3207 4092 3412 plus heureux; nous n'eûmes cet avan-
991 3406 4096 3629 tage que le ſurlendemain au ſoir. Le vaiſ-
966 3617 4092 3832 ſeau, que nous rencontrâmes enfin, étoit
963 3833 4097 4040 Hollandois. Il alloit à Marſeille; le vent
958 4042 4146 4265 lui étoit défavorable, & nous étions
950 4261 4096 4461 menacés de n'y pouvoir arriver avant
954 4460 4100 4671 un mois. Je frémiſſois. Je penſois à ma
950 4666 4125 4878 belle Aurore qui m'attendoit, & pour
950 4869 4100 5093 laquelle je craignois les projets de la
950 5076 4105 5304 belle Dame, dont elle m'avoit parlé
946 5294 4105 5510 dans ſa lettre. J'étois inquiet pour Ma-
950 5495 4134 5725 demoiſelle de Lyſange qu'on perſécutoit
950 5713 4109 5933 dans ſon Couvent; pour la petite Le-
954 5915 4109 6139 vrette qui commençoit à ſe plaindre
661 6109 4109 6345 des premières douleurs d'une groſſeſſe
826 6329 4117 6556 dont, ſelon elle, j'étois l'auteur. Je
950 6544 4138 6771 m'indignois de ce que le Chevalier
