4266 8355
125 663 3232 869 Marqué & Frédégonde mangeoient tran-
1 869 3220 1073 quillement mon bien à Paris. Enfin je
125 1073 3240 1277 me diſois: „Que va penſer de moi le
125 1277 3237 1485 “Comte de S. Flour? Il croira que je
1 1485 3241 1681 “ſuis un lâche, qui me ſuis abſenté
125 1685 3212 1891 “pour ne pas lui donner ſatisfaction.“
3 1894 3240 2096 J'embraſſai tendrement mon père &
136 2092 3240 2306 ma mère, & je montai ſur le vaiſſeau
4 2307 3495 2509 Hollandois. Nous languîmes quinze jours
4 2509 3248 2675 avant d'arriver au détroit de Gibraltar,
1 2699 3236 2924 & le vent devint encore plus défavorable
16 2924 3232 3111 quand nous fûmes dans la Méditerranée.
26 3122 3429 3325 lu vas me dire ici que je te donne un
3 3320 3252 3531 Roman; mais c'eſt la vérité toute pure;
1 3530 3252 3741 & ce n'eſt pas ma faute ſi les événemens,
1 3736 3252 3940 par une bizarrerie ſans exemple, ſe ſont
1 3932 3494 4141 précipités & entaſſés l'un deſſus l'autre,
117 4149 3249 4347 avec une rapidité romaneſque en apparence.
1 4318 3244 4529 Nouveau malheur! nous fûmes atta-
1 4548 3248 4755 qués par un Corſaire Algérien. Je fis
1 4742 3244 4961 des prodiges de valeur; mais je ne fus
3 4956 3240 5167 pas ſecondé, & notre Capitaine ſe
128 5158 3240 5370 rendit malgré moi. Tu ſens combien je
1 5349 3235 5575 frémiſſois d'indignation. Nous nous vîmes
1 5571 3244 5778 conduits à Alger, expoſés ſur la place,
128 5777 3244 5989 & je fus vendu, très-cher, à une très-
124 5966 3244 6179 vieille, très-vilaine femme qui me mena
128 6169 3236 6394 chez elle. Alors elle me ſauta au cou &
1 6378 3235 6609 m'embraſſa. Elle parloit un peu l'italien.
