4266 8422
2264 426 2842 626 ir.
941 646 4102 876 “ſes faveurs. Je te ſeconderai autant
937 875 4090 1084 “qu'il me ſera poſſible, pour te pro-
957 1080 4090 1294 “curer cette bonne fortune.“ Il fut
928 1285 4188 1494 enchanté de ma propoſition: „Laiſſez
924 1497 4184 1708 “faire, dit - il, je vous jure que la
916 1702 4180 1903 “vieille ſera trompée. Vous êtes en
920 1911 4081 2112 “même temps un Adonis & un Her-
916 2109 4085 2324 “cule; moi je ne ſuis que le ſecond
908 2319 4143 2531 “des deux; mais cela me ſuffira pour
912 2527 4167 2735 “contenter la vieille.“ -- „Je lui ferai
909 2736 4172 2940 “accroire, repris - je, que je ne puis
916 2943 4041 3154 “ſouffrir la lumière, la nuit; que, par
904 3148 4159 3357 “une organiſation ſingulière, la moindre
900 3356 4041 3533 “lueur me fait trouver mal, & m'ôte
761 3566 4046 3759 “tout moyen de me montrer homme.
897 3771 4152 3976 “Ainſi, elle n'aura pas de lumière,
897 3980 4156 4128 “& tu ſeras à ton aiſe.“ -- „A mer-
889 4172 4046 4386 “veille, répondit-il! & il m'embraſſa
897 4389 2068 4593 avec tranſport.
1104 4592 4032 4802 Cet arrangement ne me ſuffiſoit pas.
883 4798 4036 5014 Je n'avois qu'entrevu la fille, ou plutôt
879 5007 4160 5213 la petite-fille de ma Patronne. Je n'avois
871 5211 4168 5626 e onrtſi, nnaie ule el utue tu
875 5621 4172 5830 tranſparent pour me laiſſer concevoir
879 5826 4086 6045 une idée avantageuſe de ce viſage.
859 6034 4176 6248 D'ailleurs, la taille étoit charmante. Il
863 6242 4184 6456 me paroiſſoit que ce ſeroit un plaiſir
826 6444 4020 6657 enchanteur de coucher avec la jeune
