4266 8317
1315 436 2095 620 a
56 676 3103 881 Demoiſelle, & d'éviter le dégoût de
12 881 3111 1088 remplir cette tâche pénible auprès de la
63 1091 871 1288 rand'mère.
3 1270 3218 1487 Je vins à bout de cauſer avec la grande
1 1486 3110 1691 eſclave ou femme-de-chambre, qui avoit
3 1686 3126 1894 l'inſpection de la petite Almide. Je mis
1 1890 3122 2078 cette femme dans mes intérêts, en lui
3 2090 3114 2295 promettant une forte récompenſe, &
7 2294 3118 2499 en lui ſerrant tendrement la main. Elle
15 2494 3122 2699 m'apprit que ſa jeune maîtreſſe étoit
15 2694 3210 2898 fort jolie & me trouvoit fort joli; qu'elle
20 2903 3131 3099 couchoit ordinairement avec ſa grand-
12 3103 3490 3299 maman, & que, ſi je couchois avec la
15 3298 3142 3508 vieille, la jeune ſe trouveroit ſeule. Il
15 3503 3138 3709 me vint une idée. „La belle Almide
27 3702 3126 3906 “eſt-elle peureuſe, dis-je à Mauriſca,
31 3902 3138 4107 “l'eſclave?“ -- „Oh! beaucoup, me
43 4102 3142 4306 “répondit-elle.“ -- „Hé bien, repris-
43 4302 3146 4506 “je, il faut qu'elle couche avec vous,
39 4506 3142 4702 pour n'avoir pas de peur.“ -- „Oh!
51 4701 3142 4907 “répliqua l'eſclave, elle ne voudroit
51 4897 3154 5098 “pas s'abaiſſer à coucher avec ſon eſ-
108 5106 3147 5302 “clave.“ -- „Il faut, m'écriai-je, le
55 5305 3154 5512 “lui faire ordonner par ſa tante.“ --
51 5505 3150 5713 „Mais, que gagnerez-vous à cela, me
71 5705 3158 5917 “dit Mauriſca?“ -- „Ce que je ga-
79 5909 3158 6117 “gnerai, répondis je, ne ſera pas de
67 6107 3142 6309 “l'argent; mais me plaira davantage.
71 6305 3162 6525 “Vous êtes grande comme moi. Vos
