4266 8227
1110 447 1907 668 .
-15 710 3213 923 “grand-mère.“ -- „Oh! je ne le puis,
-15 910 3209 1119 “reprit la jeune fille, j'ai trop de peur
-15 1111 3400 1320 “pour cela.“ -- „Hé bien, lui dit ſon
-14 1304 3431 1522 “ayeule, je vous ordonne de coucher
-14 1509 2816 1711 “avec Mauriſca.“ Il fallut obéir.
-13 1697 3217 1920 Le tout ainſi préparé, nous nous le-
-13 1909 3221 2119 vâmes de table pour aller au lit. Je
-12 2112 3217 2315 donnai la main à la vieille, qui conſen-
-12 2311 3225 2517 tit à y aller ſans chandelle. Tongri,
-11 2510 3491 2716 mon eſclave, trouva moyen, ſur l'eſca-
-11 2716 3221 2915 lier ſombre, de prendre ma place.
-11 2891 3567 3116 Soudain, je courus endoſſer les habits
-10 3109 3503 3319 de Mauriſca; & je m'introduiſis dans
-10 3283 3225 3516 la chambre de la Demoiſelle, qui me
-9 3506 3221 3723 prit pour ſa grande eſclave. Celle-ci alla
-9 3705 3221 3920 ſe cacher je ne ſais où. Je ne tardai pas
-8 3910 3225 4111 à me gliſſer dans le lit. Almide en fit
-8 4106 3221 4314 autant; &, ſans nous être donné le
-8 4306 3225 4507 mot, nous nous ſerrâmes mutuellement
-7 4500 3229 4701 l'un contre l'autre, avec un mutuel
-7 4701 3217 4916 tranſport. La belle perſonne, croyant
-6 4903 3567 5112 parler à Mauriſca, me jargonna ſon
-6 5112 3232 5315 patois moreſque, que je n'entendois
-5 5307 3221 5523 point. Je lui répondois par des baiſers
-5 5517 3229 5716 muets, mais expreſſifs. La Belle paroiſ-
-5 5672 3241 5920 ſoit toute étonnée, & je concevois
-4 5897 3240 6101 qu'elle diſoit: „Mais, Mauriſca, je ne
-4 6108 3229 6316 “te conçois pas; que ſignifient ces em-
-3 6287 2657 6503 “braſſemens & cette vivacité?“
464 6513 1175 6667 Tome II.
