4266 8343
1207 461 1874 650 r
108 704 3222 914 “dangereuſe pour moi; mais ce qui
27 909 3222 1111 “me conſole du moins, c'eſt que je
112 1108 3348 1314 “ne vois aucun danger. pour vous. Je
116 1313 3231 1519 “mourrai content, ſi je puis vous prou-
120 1518 3226 1721 “ver mon amour, ſans vous occaſionner
3 1719 3513 1921 “aucun inconvénient, fans cauſer de
120 1921 3222 2126 “dommage qu'à moi-même.“ La Belle
7 2122 3222 2334 me parut touchée de ce peu de mots,
124 2324 3226 2529 que je dus prononcer, en effet, d'un
128 2533 3230 2735 ton pathétique & touchant. Je m'ap-
3 2730 3234 2941 perçus qu'elle s'attendriſſoit. Je ne la
7 2932 3226 3142 laiſſai pas ſe refroidir. Je lui fis les plus
3 3137 3226 3340 tendtes careſſes. Le jour commençoit à
19 3340 3234 3544 paroître, & me faiſoit voir que j'avois,
3 3536 3230 3742 dans mes bras, une très-jolie perſonne....
7 3746 3399 3944 Oppoſons, à ce jour trop éclatant, un
116 3947 2477 4153 voile pudique & myſtérieux....
277 4145 3226 4352 La jeune perſonne étoit parfaitement
23 4350 3230 4548 contente de moi, quandnous nous levâmes.
31 4548 3230 4757 Je ne l'étois pas moins d'elle. L'ayeule ne
27 4745 3226 4958 l'étois pas moins de Tongri, ni lui d'elle; de
116 4946 2836 5156 ſorte que nous étions tous contens.
31 5160 3230 5358 Cet état fortuné dura quelques jours;
31 5361 3234 5555 mais la fortune ſe laſſe bientôt de voir
124 5571 3234 5777 un contentement unanime. Un peu de
144 5756 3234 5972 clarté détruiſit notre bonheur. L'aîné des
132 5954 3226 6176 deux couples jouiſſans goûta tant de
27 6155 3230 6369 plaiſir, dans ſes doux ébats, qu'il s'y
116 6361 3234 6583 oublia, & ne ſe laiſſa gagner qu'un peu
2296 6582 2690 6776 Gi
