4266 8363
1017 648 4136 863 trop tard par le ſommeil. La vieille
660 855 4234 1067 amante s'éveilla la première; elle apper-
1009 1066 4234 1281 çut ſon compagnon de lit, qui n'étoit pas,
855 1268 4221 1473 en effet, un Adonis pour la figure. Furieu-
997 1471 4221 1654 ſe, elle s'élance hors du lit, ſe ſaiſit d'un
1001 1674 4189 1885 gourdin, s'en eſcrime ſur ſon amant noc-
1001 1881 4189 2080 turne, de manière à l'éveiller prompte-
1005 2079 4201 2287 ment. Il s'éveille en effet. Il lui eſt aiſé
1005 2282 4181 2494 de comprendre combien ſa maîtreſſe eſt
1005 2477 4177 2697 peu flattée de le voir dans ſon lit. Il
1001 2691 4172 2895 en ſort, & cede le champ de bataille à
988 2895 4172 3107 la vieille Dame, qui le pourſuit, avec
993 3093 4169 3309 ſon gourdin, auſſi rapidement qu'il la
997 3292 4168 3514 fuit. Heureuſement pour lui, elle fait
855 3503 4165 3714 une réflexion qui l'arrête. „Mais, dit-
984 3702 4164 3924 “elle, tandis que j'étois avec ce malô-
993 3917 4161 4096 “tru, où ſe cachoit mon infidèle?
997 4099 4164 4327 Un ſoupçon vague la conduit à notre
749 4314 4158 4524 lit, où nous dormions ſur la foi pu-
993 4524 4156 4720 blique. Soudain, elle travaille, ſur nous
997 4720 4144 4936 deux, avec ſon gourdin, comme elle
988 4931 4144 5130 venoit de le faire ſur Tongri. Nous
988 5134 4140 5326 nous éveillons comme lui. Nous ſortons
988 5325 4140 5523 du lit de même. Mon amante ſe jete
980 5527 4091 5742 aux genoux de ſon ayeule, qui a la
980 5738 4091 5955 malhonnêteté de vouloir la rondiner
980 5932 4083 6158 dans cette ſituation. Je lui arrache le
968 6151 4087 6381 bâton de la main. Elle crie au ſecours,
968 6342 4087 6565 au voleur, à la garde! Je lui bouche
