4266 8415
1203 611 1897 858 ii
100 855 3240 1062 le paſſage de la voix. Son vieux cuiſinier
108 1061 3236 1269 vient. Elle lui fait ſigne de ſe jeter fur
56 1264 3240 1474 moi. D'un coup de pied, j'envoie le
72 1471 2562 1676 vieux Maure meſurer l'eſcalier.
287 1674 3240 1877 La vieille faiſoit le plus de bruit qu'elle
117 1877 3240 2084 pouvoit. Je ſentois que, ſi l'on venoit
121 2079 3252 2289 à ſon ſecours, je pourrois paſſer mal
120 2285 3369 2495 mon temps, & qu'il n'y ſeroit queſtion,
121 2493 3244 2697 pour moi, que d'être empalé. J'apperçus
1 2692 3252 2904 un bâillon, dont elle ſe ſervoit, quel-
125 2895 3248 3106 quefois, pour mettre en pénitence ſa
121 3097 3256 3301 petite fille; je m'en ſervis pour elle-
125 3300 3256 3508 même, afin que ſa voix ne pût nous
121 3499 3256 3714 être nuiſible; &, pour augmenter ſa pé-
11 3699 3248 3889 nitence, & mettre cette vieille folle
7 3905 3272 4121 tout-à-fait hors d'état de nous nuire,
117 4107 3248 4321 je l'enchaînai dans ſa cave, & l'atta-
23 4306 3264 4524 chai à un pilier. Je rendis le même
23 4505 3264 4726 ſervice à ſon fidèle cuiſinier. Je fermai
31 4708 3256 4923 la cave à la clef. Alors, ſauve qui peut!
27 4919 3280 5130 perſonne ne s'oublia. Tongri, Mauriſca,
137 5113 3268 5341 la petite fille même ne s'oublièrent pas.
161 5332 3268 5546 ous trois firent main-baſſe ſur tout ce
31 5527 3276 5738 qui ſe préſenta à leur bienſéance. Je
145 5746 3276 5951 me contentai de prendre une bourſe
149 5928 3260 6152 aſſez bien garnie d'or, qui valoit au
149 6138 3284 6359 moins toutes les captures de mes ca-
52 6346 3272 6537 marades. J'étois bien décidé à la rendre,
44 6550 3285 6765 quand je le pourrois, & je le ſuis en-
2364 6769 2754 6968 Giij
