4266 8788
2323 471 2924 700 r.
703 741 4205 974 core. Nous fermâmes la maiſon à la
815 966 4201 1200 clef, & nous nous rendîmes ſur le port,
668 1187 4197 1410 Almide, Mauriſca, Tongri & moi.
889 1398 4197 1618 Nous trouvâmes un vaiſſeau anglois qui
884 1618 4192 1840 alloit mettre à la voile le jour même,
785 1834 4231 2057 & qui partoit pour Gênes. Nous fûmes.
802 2054 4184 2272 reçus à bord, comme paſſagers; & bientôt
877 2276 3019 2492 nous quittâmes le rivage.
1100 2486 4188 2713 Cependant je me reprochois de laiſſer
776 2707 4188 2944 mourir, enſevelie toute vive, la vieille
877 2924 4185 3135 & ſon fidèle cuiſinier. Je vis une reſſource
864 3148 4232 3360 pour m'épargner cette mauvaiſe action.
858 3363 4231 3580 Nous avions un Pilote du pays, qui nous
595 3575 4231 3786 conduiſoit juſqu'à une certaine diſtance,
863 3786 4231 4016 & qui devoit, enſuite, retourner ſeul
858 4007 4231 4232 à terre. Je lui racontai notre hiſtoire,
854 4227 4231 4456 & je le priai d'aller délivrer les deux
850 4438 4231 4650 priſonniers, quand il ſeroit à terre, &
855 4651 4232 4871 qu'il nous jugeroit aſſez loin, pour ne
850 4875 4184 5086 pas craindre d'être pourſuivis. Il ſe char-
850 5085 4179 5306 gea de cette bonne œuvre, & me promit
854 5298 4184 5527 de s'arranger de façon qu'il fût impoſ-
850 5522 4192 5738 ſible de ſonger à courir près nous. Je
850 5738 4175 5956 lui donnai les clefs, & il ne tarda pas
850 5953 4192 6170 à nous quitter. Sans doute, il a délivré
846 6171 4172 6396 les deux perſonnages; nous n'en avons
841 6395 2534 6616 plus entendu parler.
737 6615 4218 6833 Nous voilà donc en pleine mer. Le vent
845 6832 4175 7021 nous étant favorable, nous ne tardâmes
