4266 8786
2235 459 3054 715 i.
620 710 4198 941 la montagne de Fourvière, des plaines
830 929 4146 1162 du Dauphiné, & qui ne m'a pas laiſſé
826 1151 4111 1371 tranquille juſqu'à Lyon, & même juſ-
826 1361 4214 1584 qu'à Paris. O ma ſœur! toi qui n'as fait
826 1584 4231 1808 que paroître ſur la terre, pour y gémit,
830 1797 4232 2011 eſt - ce au milieu des jouiſſances que je
826 2011 4227 2244 dois déplorer ta perte, à laquelle j'ai
483 2231 3585 2446 eu le malheur de contribuer?
753 2429 4176 2673 Enfin, après trois mois d'abſence, qui
817 2664 4214 2891 m'ont paru trois ſiècles, je ſuis rentré
826 2879 4099 3107 dans Paris. J'ai couru, ſur-le-champ, à
826 3093 4201 3324 mon logement bourgeois, où j'étois
663 3315 4201 3750 u lore o lie a pus t aune
847 3743 4107 3966 „Il y a plus de deux mois, dit - on,
817 3957 4107 4185 “que ſes parens & elle ont quitté leur
826 4171 4163 4394 “logement.“ Que ſont-ils devenus? On
821 4374 4100 4615 l'ignore abſolument. C'eſt une grande
826 4600 4107 4823 belle Dame qui eſt venue les chercher
821 4818 4099 5044 & les emmener avec elle. C'eſt ſans
826 5037 4193 5212 doute cette maudite Dame de Charité,
830 5242 4193 5478 dont ma petite amante m'a parlé. C'eſt
650 5452 4107 5691 quelque malheureuſe dévote, qui ſe
817 5684 4176 5909 ſera fait un jeu & un plaiſir de m'ar-
817 5889 4111 6126 racher ce que j'aime, par une lâche
826 6082 4111 6344 envie, par une malignité femelle. Dé-
804 6320 4111 6561 ſeſpéré, j'ai couru de tous côtés; je n'ai
826 6538 4107 6768 pu trouver mon amante que je cher-
826 6752 4116 6999 chois; mais j'ai bien trouvé le vilain
