4266 8630
859 648 4118 865 ſelle, des inſupportables perſécutions
872 863 4110 1074 qu'elle eſſuie dans cet indigne Couvent.
598 1074 4215 1293 On veut abſolument qu'elle prenne le
851 1289 4232 1500 voile. C'eſt, à ce qu'il paroît, l'intention
847 1501 4233 1712 de ſes parens. Ils ont engagé ſecrète-
860 1712 4098 1927 ment les Religieuſes à faire tous leurs
830 1926 4093 2139 efforts, pour l'amener à prendre ce parti,
745 2137 4089 2347 & cette belle perſonne, qu'on dit un
855 2352 4093 2563 peu entichée de Philoſophie, abhorre le
792 2562 4093 2776 cloître. J'ai oſé lui propoſer de le fuir,
855 2769 4211 2991 & de ſe laiſſer enlever par un homme
851 2988 4089 3203 qui l'adore. Elle a refuſé ce parti; mais,
851 3202 4207 3413 ſans me témoigner de colère. „Mon
561 3414 4098 3630 “bon ami, m'a-t-elle dit, votre ami-
593 3629 4093 3840 “tié pour moi vous aveugle, & vous
842 3836 4181 4051 “fait me propoſer un parti auquel une
842 4051 4105 4268 “honnête fille ne doit jamais penſer.
518 4262 4105 4476 “Je ſuis votre aînée; je dois avoir
808 4472 4105 4691 “plus d'expérience que vous, & par-
669 4687 4084 4900 “donner, à votre âge & à votre zéle,
830 4898 4194 5106 “un conſeil qui n'eſt digne ni de vous
825 5105 4084 5320 “ni de moi.“ Je lui ai demandé par-
830 5315 4076 5522 don. „Ma chère amie, lui ai - je dit,
821 5530 4072 5746 “ſi j'avois connu un autre parti, je
825 5741 4076 5948 “vous l'aurois propoſé.“ Nous nous
821 5956 4068 6171 ſommes quittés, en nous faiſant les plus
741 6167 4072 6378 tendres proteſtations, & en nous ſer-
779 6382 4055 6593 rant mutuellement le bout des doigts,
813 6580 4063 6812 avec une tendreſſe dont on ne peut ſe
