4266 8218
1212 366 1894 673 5
139 673 3226 890 faire une idée, à moins qu'on n'aime
147 890 1216 1053 comme nous.
322 1076 3233 1290 Plein de ma belle Laure, je ſuis allé
142 1283 3233 1489 voir la petite Levrette. Réception auſſi
143 1483 3241 1682 tendre qu'au Couvent. Joie pareille. Ma
139 1686 3233 1893 petite élégante étoit peut - être encore
150 1885 3408 2092 plus touchante que la noble Demoi-
151 2082 3409 2292 ſelle, parce qu'elle portoit des marques
146 2292 3233 2496 viſibles de nos amours, par l'élargiſſe-
150 2491 3277 2691 ment de ſa taille. C'eſt à moi ſeul qu'elle
154 2694 3229 2902 attribue l'avantage de ſe trouver dans
150 2898 3229 3101 cet état; car elle appelle cela un avan-
143 3102 2732 3302 tage, parce que j'en ſuis l'auteur.
322 3301 3233 3515 Comblé des amitiés de Levrette, je
1 3500 3233 3700 me ſuis retiré auprès de ma petite Algé-
135 3699 3229 3907 rienne Almide, qui m'a reçu auſſi tendre-
119 3903 3233 4101 ment que mes deux amantes. Elle de-
120 4102 3226 4295 vient auſſi intéreſſante que les autres,
1 4302 3225 4502 parce que des maux de cœur, qui ſont
134 4497 3221 4704 la ſuite de nos plaiſirs, annoncent qu'elle
1 4704 3213 4912 en va porter les marques. La pauvre
126 4900 3217 5111 enfant ſe paſſeroit bien d'un pareil em-
147 5092 854 5323 bartas.
327 5690 2672 5914 Fin de la troiſième Liaſſe.
2249 6492 2620 6691 vi
