4266 8537
1988 353 3106 683 j.
3546 1230 3928 1376 -
912 1281 4068 1604 LECRIME.
1628 1361 1782 1454 .
1347 1697 4060 1932 Lar
1439 2116 3584 2349 Quatrième Liasse.
1185 2761 4176 2998 Céſar de Perlencour, à Dumoulin.
3407 3169 4044 3345 Paris.
900 3571 4067 3790 J'ai revu le Chevalier Marqué, auquel
892 3786 4154 4005 j'ai rendu compte de mes entrevues avec
913 3997 4071 4218 mes amantes. Il m'a fait détailler ſur-
896 4199 4150 4411 tout ma converſation avec Mademoiſelle
917 4410 4076 4625 de Lyſange, la propoſition que je lui
917 4623 4072 4824 ai faite, la manière dont elle l'a reçue.
635 4819 4138 5028 „Fort bien, m'a-t-il dit, il faut donc
900 5043 4063 5250 “nous hâter de préparer un logement
917 5250 4059 5465 “pour cette belle perſonne.“ -- „Que
904 5422 4060 5674 “dites-vous, me ſuis-je écrié? Elle ne
904 5663 4059 5878 “conſent pas à ſe laiſſer enlever.“ --
913 5870 4063 6081 „Je vous jure qu'elle y conſent, m'a-
904 6089 4063 6300 “t-il répondu; conſultez qui vous vou-
892 6275 4125 6502 “drez de vos amis, qui connoiſſe le
884 6482 4117 6742 “monde. Tous vous répondront qu'elle
