4266 8350
1508 379 2024 576 .
186 619 3361 837 “s'eſt expliquée très-clairement, & vous
178 830 3325 1005 “en conviendrez vous-même, à moins
193 1029 3479 1240 “de vous donner totalement pour un
137 1236 3341 1447 “homme ſans uſage.“ -- „Mais, repris-
194 1439 3633 1653 “je, elle m'a dit, au contraire, poſi-
198 1650 3333 1853 “tivement, qu'elle ne pouvoit écouter
19 1852 3334 2060 “une pareille propoſition; que cette
199 2054 3342 2265 “propoſition étoit indigne d'elle & de
202 2266 3556 2477 “moi.“ -- „Comment, répondit - il,
210 2473 3345 2672 “vous en êtes encore à ces groſſiers
206 2668 3334 2878 “élémens! Vous ne ſentez pas qu'il
214 2874 3345 3089 “faut ménager l'amour - propre d'une
161 3064 3357 3284 “perſonne comme celle-là! On ne pro-
157 3284 3357 3498 “poſe pas à une Demoiſelle de cette
153 3492 3365 3698 “condition de l'enlever, pour l'emme-
161 3698 3361 3901 “ner chez un jeune-homme. Quelqu'un
165 3897 3564 4104 “comme vous, par exemple, à qui
116 4102 3365 4304 “une Demoiſelle confie qu'elle eſt hor-
141 4302 3369 4481 “riblement vexée dans un Couvent,
145 4505 3519 4718 “ne lui dit pas: „Mademoiſelle, von-
120 4696 3378 4862 “lez-vous venir chez moi?“ Il eſt tout
202 4910 3369 5126 “clair qu'elle refuſera une ſi groſſière
206 5118 3369 5329 “propoſition; mais il lui dit: „Made-
198 5324 3373 5523 “moiſelle, j'ai ici une tante qui a en-
193 5527 3357 5740 “tendu parler de vous, avec le plus
197 5734 3353 5937 “grand éloge. Elle connoît votre façon
189 5937 3361 6144 “de penſer, & ſent l'horrible répu-
198 6139 3357 6346 “gnance que vous avez pour le cloître.
202 6334 3366 6561 “Elle voudroit bien pouvoir contribuer
