4266 8698
1417 365 2345 637 e.
169 621 3604 890 “la ferons porteuſe d'une lettre, par
169 856 3434 1068 “laquelle Madame de Lyſange la priera
174 1069 3630 1226 “de vouloir bien retirer ſa fille du
165 1285 3452 1501 “Couvent, & la garder chez elle pen-
161 1501 3444 1709 “dant quelque temps. Nous prévien-
161 1713 3440 1892 “drons Madame la Prieure du Couvent,
160 1925 3566 2141 “par une pareille lettre, prétendue de
160 2137 3434 2353 “Madame la Comteſſe, qu'une Dame
59 2354 3431 2570 “viendra, de notre part, retirer notre
148 2570 3427 2774 “Demoiſelle, du Couvent; que nous
148 2782 3427 2996 “prions la Dame Prieure de remettre
135 2995 3714 3210 “ladite Demoiſelle. Nous préviendrons
156 3205 3422 3428 “auſſi la chère Demoiſelle, s'il le faut.
143 3417 3434 3638 “Il n'en coûtera pour cela que deux
71 3638 3426 3857 “ou trois ſignatures, de la Comteſſe,
1 3850 3417 4054 “que nous ſaurons très - bien imiter;
118 4054 3422 4275 “le corps des lettres ſera cenſé de la
105 4270 3417 4488 “main d'un Secrétaire. Ces lettres par-
97 4482 3426 4699 “venues à leur adreſſe, notre Dame
101 4698 3413 4906 “complaiſante ſe préſentera au Cou-
101 4906 3519 5122 “vent, de l'air le plus décent & le
105 5093 3400 5344 “plus honnête. Elle demandera, à Ma-
109 5330 3396 5530 “dame la Prieure, Mademoiſelle de
102 5548 3393 5764 “Lyſange, en vertu de ſa lettre qu'elle
105 5763 3523 5981 “montrera, & en offrant de remettre
109 5971 3396 6192 “tout ce qu'il y aura à payer pour la
29 6183 3388 6400 “penſion & autres frais; Madame la
105 6399 3383 6624 “Prieure, déjà prévenue par une lettre,
88 6620 3511 6865 “en croira la Dame qui lui apportera
