4266 8331
700 595 4183 830 “une lettre & de l'argent; l'argent
845 825 4051 1039 “compté, elle remettra, à notre en-
531 1026 4167 1233 “voyée, Mademoiſelle de Lyſange,
853 1233 4010 1448 “qui, en fille obéiſſante, ſuivra, de
849 1443 4155 1654 “grand cœur, la perſonne à laquelle
805 1659 4147 1811 “ſa maman l'aura confiée. On nous
618 1860 4142 2076 “amenera cette chère Demoiſelle. Elle
836 2066 4010 2285 “ne ſera pas intérieurement la dupe
857 2277 4150 2479 “de l'artifice; mais elle feindra de
866 2488 4011 2696 “l'être; & nous aurons ainſi ſauvé ſon
858 2696 4151 2908 “honneur. Alors, vous aurez à votre
630 2907 4145 3116 “diſpoſition une tendre amante, que
857 3114 4150 3327 “vous n'aurez pas réellement trompée,
870 3325 4146 3531 “& qui vous ſaura gré d'avoir entendu
865 3531 4035 3742 “& prévenu ſes vœux ſecrets, ſans
861 3737 4039 3944 “l'avoir compromiſe. Vous vivrez avec
849 3944 4047 4163 “elle en ſecret, tant qu'il vous plaira,
791 4150 4126 4361 “dans la plus douce intimité. Quand
585 4373 4055 4568 “cet arrangement commencera à vous
799 4563 4055 4765 “peſer, à l'un ou à l'autre, Made-
882 4769 4047 4980 “moiſelle de Lyſange retournera chez
886 4979 4047 5186 “ſes parens. Elle ſera juſtifiée par les
887 5187 4048 5389 “lettres qu'on aura écrites. Elle ne
886 5392 4055 5607 “vous chargera point, & l'on ne pourra
886 5598 4059 5805 “ſavoir d'où viendra l'artifice; ou bien
894 5800 4051 6033 “elle dira, au contraire, que vous
894 6011 4059 6213 “l'avez délivrée de la maiſon, où la
887 6222 4060 6425 “porteuſe de fauſſes lettres l'avoit me
871 6433 4065 6611 “née. Ainſi l'on vous devra encore des
