4266 8323
1472 431 2190 662 ii
1 660 3512 882 “remercîmens. Si la Demoiſelle vous
1 874 3278 1084 “plaît pour femme, vous l'épouſerez;
1 1076 3282 1282 “car vous ſentez bien qu'alors on ne
1 1277 3278 1484 “pourra vous la refuſer, & que ce
172 1483 3270 1685 “ſera une grace de votre part; ſinon,
1 1680 3278 1854 “vous en ferez votre maîtreſſe, & vous
177 1887 3275 2093 “vivrez avec elle, tant que cela vous
1 2093 3271 2291 “conviendra. Voilà ce qu'elle deſire de
180 2294 3278 2503 “tout ſon cœur; je puis vous en ré-
164 2495 3508 2706 “pondre. Je connois quelqu'un de ſon
164 2701 3278 2899 “ſexe qui a ſa confiance intime, &
160 2902 3266 3105 “qui m'a fait cet aveu de ſa part;
164 3104 3278 3310 “mais il ne faut pas que vous ayez l'air
156 3302 3403 3511 “de l'exiger d'elle, cet aveu pénible. La
148 3508 3286 3697 “généroſité conſiſte à ſervir ſes amis,
144 3705 3278 3916 “ſans leur donner la peine de deman-
140 3903 3266 4129 “der; à deviner leurs vœux, & à les
129 4115 1436 4311 “prévenir.“
121 4311 3432 4513 Je reſtois muet & penſif. Enfin, je
129 4513 3267 4714 m'écriai: „Comment, une Demoiſelle
137 4714 3254 4912 “de ce rang, en faire une maîtreſſe!“
136 4919 3427 5121 - „Oui, m'a répondu l'indigne Mar-
136 5117 2580 5321 “qué, la petite fille d'une...
2646 5145 3263 5271 ...Vous
140 5320 3472 5544 “croyez donc qu'on ignore le métier
136 5524 3266 5726 “qu'à fait ſa grand-mère. Elle le ſait,
136 5725 3262 5927 “l'infortunée. Elle ſent bien qu'elle ne
71 5923 3262 6137 “peut prétendre à ſe voir votre épouſe,
120 6129 3262 6331 “quoiqu'il y ait auſſi, de votre côté,
124 6334 3258 6544 “quelque bagatelle à-peu-près du même
