4266 8463
2006 345 2783 596 n
677 624 4065 834 “genre...“ Ici j'ai rougi. Le drôle a con-
944 833 4064 1048 tinué; „quoiqu'il en ſoit, la belle Laure,
928 1043 4180 1245 “qui vous aime & qui, en vraie Phi-
911 1248 4180 1462 “loſophe, déteſte le Couvent, deſire
911 1458 4044 1672 “ardemment que vous l'en daigniez
911 1664 4163 1869 “délivrer. Elle vivra, pendant quelque
789 1870 4037 2080 “temps, avec un homme qu'elle adore;
899 2079 4163 2291 “enſuite, ſi vous conſentez à l'épouſer,
891 2288 4114 2498 “elle ſera heureuſe, ou bien, avec
899 2498 4159 2710 “l'uſage du monde qu'elle gagnera sûte-
899 2708 4155 2915 “ment à notre école, elle ſaura trouver
706 2913 4155 3119 “un autre homme, moins gentil, mais
907 3123 4159 3333 “peut-être encore plus riche que vous
907 3328 4036 3530 “Son pis-aller ſera de retourner dans
891 3526 4159 3744 “ſon Couvent; mais elle aura du moins
895 3739 4048 3933 “joui de la vie, & elle vous devra cet
690 3949 4052 4158 “avantage. Allez, l'enfant, nous vous
895 4150 4060 4364 “ſervirons; &, ſelon notre propre
883 4356 4064 4570 “morale, nous vous obligerons, ſans
726 4557 4056 4751 “vous forcer à nous demander cette
714 4750 1988 4966 “grace.“
883 4958 4138 5183 A ces mots, le Chevalier me laiſſa
878 5174 4171 5391 immobile & muet. Le malheureux!
879 5388 4171 5593 comment ſait - il les ſecrets que mon
874 5593 4048 5803 père ma confiés? Il faut qu'il ait lu la
887 5799 4171 6013 dernière lettre où je t'en fais part. Le
694 6000 4044 6218 ſcélérat intercepte mes lettres, les lit,
882 6214 4147 6424 & en fait l'uſage qu'il veut. Comment
883 6412 4180 6638 s'y prend-il? Mon domeſtique, que je
