<PcGts xmlns="http://schema.primaresearch.org/PAGE/gts/pagecontent/2017-07-15" xmlns:xsi="http://www.w3.org/2001/XMLSchema-instance" xsi:schemaLocation="http://schema.primaresearch.org/PAGE/gts/pagecontent/2017-07-15 http://schema.primaresearch.org/PAGE/gts/pagecontent/2017-07-15/pagecontent.xsd"><Metadata><Creator>User123</Creator><Created>2020-10-14T11:42:19</Created><LastChange>2020-10-14T11:42:19</LastChange></Metadata><Page imageFilename="0172.png" imageHeight="8545" imageWidth="4266"><TextRegion id="r0" type="paragraph" orientation="-0.125"><Coords points="1,1 4264,1 4264,8543 1,8543"/><TextLine id="r0_l001"><Coords points="1480,456 1980,457 1979,686 1479,685"/><TextEquiv index="1"><Unicode>6.</Unicode></TextEquiv></TextLine><TextLine id="r0_l002"><Coords points="328,941 327,940 327,934 326,933 326,927 325,926 325,919 324,918 324,912 323,911 323,910 322,909 322,908 320,906 320,905 318,903 318,902 316,900 316,899 314,897 314,896 312,894 312,893 310,891 310,890 308,888 308,887 306,885 306,884 304,882 304,881 302,879 302,878 300,875 300,874 298,872 113,872 111,870 111,869 110,868 110,868 109,868 107,866 107,865 109,864 140,864 140,863 140,857 142,856 143,856 143,855 144,817 145,816 145,815 146,814 151,814 153,812 153,811 154,810 159,810 161,808 161,807 162,806 188,806 190,804 190,803 191,802 192,802 193,801 294,801 295,800 295,712 295,712 1207,714 1209,715 1209,716 1210,718 1227,718 1230,721 1230,722 1230,722 1231,722 1233,724 2800,727 2802,729 2802,730 2802,730 3174,731 3177,734 3177,735 3177,735 3178,735 3180,737 3180,738 3181,739 3182,739 3184,741 3184,742 3185,743 3185,776 3185,776 3353,777 3355,778 3354,967 3355,968 3587,968 3588,970 3588,970 593,964 592,964"/><TextEquiv index="1"><Unicode>“ques menſonges à votre maîtreſſe,</Unicode></TextEquiv></TextLine><TextLine id="r0_l003"><Coords points="2226,1139 2225,1138 2224,1138 2224,1138 2224,1137 2221,1134 2220,1134 2220,1134 2220,1132 2219,1131 2219,1115 2218,1114 2014,1114 2013,1113 2012,1113 2012,1112 2012,1092 2011,1092 400,1088 399,1089 396,1089 394,1087 394,1086 393,1085 392,1085 390,1083 390,1073 389,1072 150,1072 149,1070 149,1069 147,1068 146,1068 145,1066 145,1065 144,1064 144,1020 145,1019 145,1018 146,1018 147,1018 149,1015 149,1010 150,1010 151,1010 152,1009 361,1009 361,1009 361,1003 363,1001 476,1001 478,999 478,998 479,997 590,998 591,997 655,997 656,995 656,994 658,993 797,993 797,993 797,979 800,976 801,976 802,975 802,970 804,968 805,968 806,967 806,961 807,960 808,960 809,959 810,959 810,959 810,945 812,943 1675,945 1677,943 1678,943 1679,942 1679,941 1681,939 1682,939 1683,938 1683,937 1685,935 1686,935 1687,934 1687,933 1690,930 1691,930 1692,929 1692,928 1694,926 1703,926 1704,925 1704,924 1706,922 1707,922 1707,923 1708,924 1708,925 1710,926 1732,926 1733,928 1733,937 1734,937 2693,939 2694,941 2694,942 2696,943 2705,943 2706,945 2706,946 2707,946 2708,947 2709,947 2710,949 2710,968 2711,968 3588,970 3588,971 3588,975 3587,976 2711,974 2710,975 2710,992 2711,992 2897,993 2898,994 2898,995 2904,1001 3142,1001 3142,1002 3142,1003 3145,1005 3245,1005 3247,1008 3247,1009 3248,1009 3249,1009 3251,1012 3251,1017 3253,1018 3254,1018 3255,1020 3255,1033 3256,1033 3340,1034 3341,1035 3342,1035 3342,1035 3342,1036 3344,1038 3345,1038 3347,1040 3346,1041 3346,1042 3346,1043 3344,1043 3343,1043 3343,1056 3342,1057 3342,1058 3342,1059 3341,1059 3340,1060 3319,1060 3318,1060 3318,1061 3316,1064 3269,1063 3268,1064 3268,1087 3265,1089 3247,1089 3247,1090 3247,1091 3244,1093 2270,1091 2270,1092 2270,1133 2268,1134 2238,1134 2236,1137 2236,1138 2235,1138 2234,1138 2233,1139"/><TextEquiv index="1"><Unicode>“vous êtes un enfant, qu'il faut ren-</Unicode></TextEquiv></TextLine><TextLine id="r0_l004"><Coords points="144,1136 1821,1140 1821,1345 144,1341"/><TextEquiv index="1"><Unicode>“voyer au collège.“</Unicode></TextEquiv></TextLine><TextLine id="r0_l005"><Coords points="1106,1560 1106,1559 1106,1555 1105,1555 890,1554 889,1553 889,1552 887,1550 873,1550 872,1549 872,1548 870,1546 869,1546 868,1545 868,1544 866,1542 865,1542 864,1541 864,1502 864,1501 504,1500 502,1499 502,1498 501,1496 354,1496 353,1496 353,1495 348,1490 348,1486 350,1484 351,1484 352,1483 352,1402 352,1401 110,1401 109,1400 108,1400 107,1399 107,1397 107,1397 98,1397 97,1396 96,1396 95,1395 95,1394 94,1393 93,1392 92,1392 90,1390 90,1389 92,1388 352,1388 352,1388 352,1370 355,1367 356,1367 356,1367 356,1366 359,1363 643,1364 643,1363 643,1361 644,1360 644,1359 645,1359 651,1359 652,1357 652,1356 654,1355 1360,1356 1362,1354 1363,1354 1363,1354 1363,1353 1366,1350 2262,1352 2264,1350 2276,1350 2278,1353 2278,1354 2279,1354 2643,1355 2644,1357 2644,1358 2646,1359 2651,1359 2652,1361 2652,1362 2653,1362 3130,1363 3130,1364 3130,1365 3132,1366 3304,1367 3305,1368 3305,1369 3307,1371 3312,1371 3313,1372 3313,1377 3316,1380 3317,1380 3317,1380 3317,1381 3320,1384 3321,1384 3322,1385 3322,1420 3323,1421 3346,1421 3346,1421 3346,1422 3347,1423 3347,1424 3348,1425 3349,1425 3351,1427 3351,1498 3350,1500 3349,1500 3347,1501 3347,1502 3346,1504 3345,1504 3344,1505 3262,1504 3259,1507 3259,1508 3259,1508 3258,1508 3257,1509 2071,1507 2070,1507 2070,1540 2068,1542 1113,1540 1113,1540 1113,1559 1112,1560"/><TextEquiv index="1"><Unicode>Le langage de tous ces Meſſieurs s'eſt</Unicode></TextEquiv></TextLine><TextLine id="r0_l006"><Coords points="2496,1762 2494,1760 2494,1753 2493,1752 2494,1704 2493,1704 2479,1704 2476,1701 2241,1700 2241,1701 2241,1702 2240,1703 2240,1704 2239,1704 2108,1704 2108,1704 2108,1705 2107,1706 2107,1707 2106,1708 2104,1708 2104,1707 2103,1706 2103,1705 2102,1705 2101,1704 2100,1704 2099,1702 2099,1701 2097,1700 2096,1700 2095,1698 2095,1696 2094,1696 1877,1695 1876,1696 1871,1696 1871,1697 1871,1698 1868,1700 1851,1700 1850,1702 1850,1703 1848,1704 1846,1704 1845,1703 1845,1702 1843,1700 1424,1699 1423,1700 1418,1700 1417,1702 1417,1703 1415,1704 1397,1704 1397,1705 1397,1727 1396,1728 1396,1729 1395,1729 1393,1729 1392,1728 1392,1705 1391,1704 975,1703 974,1704 782,1704 781,1706 781,1707 779,1708 740,1708 739,1706 739,1705 737,1704 497,1703 496,1704 495,1704 494,1706 494,1707 492,1708 415,1708 415,1708 415,1707 414,1706 414,1705 413,1704 175,1704 173,1706 173,1707 172,1708 170,1708 170,1708 170,1722 167,1725 158,1725 157,1723 157,1722 154,1720 153,1720 153,1719 153,1654 152,1654 124,1654 124,1653 124,1651 123,1650 124,1649 124,1617 124,1617 154,1617 155,1616 156,1616 157,1615 157,1614 159,1612 171,1612 172,1613 251,1613 253,1614 253,1615 254,1617 527,1617 528,1616 562,1617 565,1614 565,1613 565,1613 566,1613 567,1612 571,1612 573,1610 573,1597 574,1596 575,1596 577,1594 577,1589 579,1587 580,1587 581,1586 581,1581 583,1579 584,1579 585,1578 585,1573 586,1572 586,1571 586,1571 587,1571 590,1568 590,1567 590,1567 591,1567 594,1564 594,1563 594,1563 595,1563 598,1560 598,1559 598,1559 601,1559 602,1559 602,1560 604,1563 605,1563 606,1563 606,1620 606,1621 824,1621 827,1619 827,1618 827,1617 829,1617 830,1616 1100,1617 1101,1616 1101,1568 1102,1567 1103,1567 1105,1565 1105,1560 1105,1560 1112,1560 1115,1563 1120,1563 1122,1564 1122,1607 1122,1608 1123,1608 1124,1609 1125,1609 1126,1609 1126,1611 1126,1612 1391,1612 1392,1612 1392,1611 1394,1608 1420,1608 1421,1608 1421,1577 1422,1575 1432,1575 1433,1575 1433,1574 1434,1573 1434,1572 1434,1571 1524,1572 1525,1571 1525,1564 1527,1562 1528,1562 1529,1561 1529,1560 1531,1558 1615,1558 1617,1556 1617,1555 1618,1554 1627,1554 1629,1555 1629,1611 1629,1612 1844,1612 1845,1612 1845,1607 1847,1604 1848,1604 1849,1604 1849,1591 1850,1590 1850,1589 1850,1588 1851,1588 1854,1586 1854,1585 1854,1584 1855,1584 1858,1582 1858,1581 1859,1579 1860,1579 1862,1578 1862,1573 1863,1571 1864,1571 1866,1570 1866,1569 1867,1567 1868,1567 1870,1566 1870,1565 1871,1563 1876,1563 1879,1561 1879,1560 1879,1559 1880,1559 1881,1558 1897,1558 1899,1560 1899,1561 1900,1562 1906,1563 1908,1564 1908,1565 1909,1566 1909,1567 1910,1567 1912,1568 1912,1573 1913,1575 1914,1575 1916,1576 1916,1611 1916,1612 1938,1612 1943,1617 2140,1617 2141,1616 2168,1616 2170,1615 2170,1614 2170,1613 2171,1613 2172,1612 2310,1612 2311,1612 2311,1565 2313,1562 2314,1562 2315,1562 2315,1561 2317,1558 2325,1558 2328,1561 2328,1562 2328,1562 2329,1562 2332,1565 2332,1566 2332,1566 2333,1566 2334,1567 2335,1567 2336,1568 2336,1616 2336,1616 2684,1617 2686,1619 2686,1620 2686,1620 3013,1621 3014,1620 3014,1601 3015,1600 3016,1600 3018,1598 3018,1597 3019,1596 3063,1596 3064,1596 3064,1594 3066,1591 3067,1591 3068,1591 3068,1585 3068,1584 3069,1584 3085,1569 3085,1568 3085,1567 3112,1567 3114,1569 3114,1570 3115,1571 3116,1571 3118,1573 3118,1574 3119,1575 3120,1575 3122,1577 3122,1629 3122,1629 3318,1630 3319,1629 3320,1629 3321,1628 3321,1627 3323,1625 3324,1625 3325,1624 3325,1623 3326,1622 3326,1621 3326,1621 3328,1621 3330,1622 3330,1623 3331,1625 3332,1625 3334,1626 3334,1631 3335,1633 3357,1633 3359,1634 3359,1635 3361,1638 3362,1638 3363,1638 3363,1644 3361,1646 3360,1646 3359,1647 3359,1710 3356,1713 3355,1713 3355,1713 3355,1714 3352,1717 3282,1717 3280,1714 3280,1713 3279,1712 3131,1712 3130,1711 3130,1710 3128,1708 2920,1708 2918,1710 2918,1711 2917,1712 2898,1712 2898,1711 2898,1710 2896,1709 2541,1708 2541,1708 2540,1756 2539,1758 2538,1758 2537,1758 2536,1759 2536,1760 2535,1762"/><TextEquiv index="1"><Unicode>trouvé unanime? Il eſt vrai que ce ſont</Unicode></TextEquiv></TextLine><TextLine id="r0_l007"><Coords points="3134,1979 3133,1978 3132,1978 3130,1977 3130,1976 3130,1975 3125,1975 3124,1974 3123,1974 3122,1974 3122,1925 3122,1924 2811,1923 2810,1924 2810,1970 2810,1970 2809,1970 2808,1971 2806,1973 2806,1974 2806,1974 2770,1974 2769,1974 2769,1973 2767,1971 2767,1970 2766,1970 2764,1969 2764,1917 2764,1916 2475,1916 2473,1914 2473,1913 2472,1912 2401,1912 2398,1909 2000,1908 1999,1908 1999,1960 1998,1962 1980,1962 1979,1962 1979,1963 1978,1964 1978,1965 1978,1966 1976,1966 1974,1964 1974,1963 1973,1962 1960,1962 1958,1960 1958,1942 1958,1942 1856,1941 1854,1940 1854,1913 1854,1912 1651,1912 1650,1912 1650,1960 1649,1962 1639,1962 1638,1962 1638,1963 1636,1966 1631,1966 1629,1964 1629,1963 1628,1962 1602,1962 1600,1960 1600,1909 1600,1909 1406,1908 1405,1909 1405,1910 1403,1912 1257,1912 1255,1914 1255,1915 1254,1916 898,1915 897,1916 599,1916 598,1915 598,1914 597,1913 350,1912 349,1913 349,1914 348,1915 348,1916 348,1916 329,1916 328,1917 328,1944 327,1945 325,1945 323,1944 323,1913 323,1912 167,1912 166,1911 166,1910 165,1909 165,1908 165,1908 159,1908 157,1906 157,1900 157,1900 156,1900 155,1899 154,1899 153,1898 153,1838 152,1837 151,1837 149,1835 149,1825 150,1825 152,1825 153,1824 161,1824 161,1823 161,1822 164,1820 165,1820 165,1819 165,1818 168,1816 170,1818 170,1819 171,1820 172,1820 174,1822 174,1823 175,1824 577,1825 577,1824 577,1772 580,1770 593,1770 594,1768 594,1767 596,1766 604,1766 605,1767 606,1767 606,1767 606,1768 609,1771 610,1771 610,1771 610,1790 611,1791 611,1823 612,1824 860,1824 860,1824 860,1780 861,1779 862,1779 863,1778 864,1778 864,1778 864,1777 867,1774 868,1774 868,1774 868,1773 870,1771 871,1771 872,1770 876,1770 876,1770 876,1769 879,1766 887,1766 888,1767 889,1767 889,1768 889,1769 890,1769 990,1770 991,1771 992,1771 993,1772 993,1819 994,1820 1238,1820 1238,1820 1238,1819 1241,1816 1288,1816 1288,1816 1288,1773 1291,1770 1292,1770 1292,1770 1292,1769 1295,1766 1307,1766 1312,1771 1313,1771 1313,1772 1313,1819 1314,1819 1762,1820 1762,1820 1762,1773 1765,1770 1766,1770 1766,1770 1766,1769 1769,1766 1770,1766 1770,1766 1770,1765 1773,1762 1782,1762 1783,1764 1783,1765 1785,1766 1786,1767 1787,1767 1787,1768 1787,1769 1790,1771 1791,1771 1791,1772 1791,1774 1792,1775 1792,1819 1793,1819 2382,1821 2382,1820 2382,1805 2384,1804 2385,1804 2386,1802 2386,1801 2389,1799 2390,1799 2390,1798 2390,1793 2393,1791 2394,1791 2394,1790 2394,1780 2396,1779 2397,1779 2399,1776 2399,1775 2400,1775 2402,1775 2403,1774 2404,1775 2406,1775 2407,1776 2407,1776 2407,1777 2409,1779 2410,1779 2411,1780 2411,1782 2412,1783 2606,1783 2606,1784 2606,1785 2607,1786 2607,1787 2608,1787 2626,1787 2627,1789 2627,1829 2628,1829 2969,1830 2970,1829 3035,1829 3035,1828 3035,1813 3037,1812 3038,1812 3039,1810 3039,1801 3042,1799 3043,1799 3043,1798 3043,1788 3045,1787 3051,1787 3051,1786 3051,1785 3056,1781 3056,1780 3057,1779 3063,1779 3064,1778 3064,1777 3066,1775 3079,1775 3081,1773 3081,1772 3082,1771 3083,1771 3084,1770 3086,1770 3087,1771 3088,1771 3089,1773 3089,1774 3090,1774 3091,1775 3092,1775 3093,1777 3093,1778 3095,1779 3096,1779 3097,1781 3097,1782 3099,1783 3100,1783 3101,1785 3101,1833 3102,1833 3142,1833 3143,1835 3143,1836 3144,1836 3337,1837 3338,1838 3338,1839 3340,1841 3341,1841 3343,1843 3343,1844 3344,1845 3345,1845 3347,1847 3347,1848 3348,1849 3349,1849 3351,1851 3351,1856 3353,1858 3354,1858 3355,1859 3355,1910 3354,1912 3353,1912 3351,1913 3351,1914 3350,1916 3349,1916 3346,1918 3346,1919 3346,1920 3341,1920 3338,1922 3338,1923 3338,1924 3333,1924 3332,1925 3331,1925 3330,1925 3330,1927 3330,1928 3329,1928 3328,1929 3258,1928 3257,1929 3173,1929 3172,1930 3172,1973 3170,1975 3169,1975 3168,1976 3168,1977 3167,1978 3154,1978 3153,1979"/><TextEquiv index="1"><Unicode>tous des libertins qui, pour être preſque</Unicode></TextEquiv></TextLine><TextLine id="r0_l008"><Coords points="61,2203 61,2203 61,2196 60,2195 59,2195 57,2193 57,2184 58,2182 1227,2185 1228,2185 1228,2159 1227,2158 964,2157 964,2157 964,2142 963,2141 574,2141 573,2139 573,2138 571,2137 570,2137 569,2135 569,2125 568,2125 179,2124 177,2121 177,2120 176,2120 175,2120 174,2118 174,2117 172,2116 163,2116 161,2113 161,2100 159,2099 158,2099 157,2097 157,2033 157,2033 158,2033 159,2032 168,2032 169,2031 169,2030 171,2028 172,2028 173,2027 173,2026 175,2024 588,2025 589,2024 589,1985 590,1984 590,1983 590,1983 595,1983 598,1980 598,1979 598,1979 599,1979 601,1978 1537,1980 1539,1979 1540,1979 1541,1978 1545,1978 1546,1976 1546,1975 1547,1975 1548,1975 1549,1974 1554,1974 1554,1973 1554,1972 1557,1970 1566,1970 1566,1970 1566,1971 1567,1972 2364,1973 2365,1975 2365,1976 2366,1977 2846,1978 2848,1980 2848,1981 2849,1983 2900,1983 2902,1984 2902,2036 2902,2037 2975,2037 2977,2038 2977,2039 2978,2041 3179,2041 3180,2042 3180,2043 3181,2044 3181,2045 3181,2045 3199,2045 3201,2047 3201,2103 3201,2103 3240,2103 3243,2106 3243,2107 3243,2107 3244,2107 3247,2110 3247,2111 3247,2111 3248,2111 3251,2114 3251,2123 3249,2124 3248,2124 3247,2126 3247,2127 3245,2128 3244,2128 3243,2130 3243,2131 3241,2132 3173,2132 3172,2133 2282,2131 2282,2132 2282,2173 2280,2174 2266,2174 2266,2175 2266,2176 2263,2178 1237,2176 1237,2177 1237,2187 1236,2187 62,2184 62,2185 62,2186 62,2186 63,2186 66,2189 66,2202 67,2203 66,2203"/><TextEquiv index="1"><Unicode>tous titrés, n'en ſont pas plus délicats.</Unicode></TextEquiv></TextLine><TextLine id="r0_l009"><Coords points="2804,2394 2802,2393 2802,2392 2801,2390 2795,2390 2794,2390 2794,2389 2792,2386 2791,2386 2790,2386 2790,2385 2789,2384 2789,2333 2789,2332 2549,2332 2548,2332 2548,2351 2547,2353 2546,2353 2545,2354 2544,2354 2544,2355 2543,2357 2534,2357 2531,2359 2531,2360 2531,2361 2517,2361 2515,2362 2515,2363 2514,2365 2504,2365 2503,2364 2503,2363 2502,2362 2502,2332 2502,2332 2303,2331 2302,2332 2297,2332 2294,2330 2294,2329 2294,2328 2293,2328 2290,2326 2290,2325 2290,2324 2055,2324 2054,2324 2054,2377 2053,2378 2053,2380 2052,2382 1960,2382 1957,2384 1957,2385 1957,2386 1922,2386 1921,2385 1921,2384 1920,2383 1781,2382 1779,2381 1779,2329 1779,2328 1404,2327 1403,2328 1323,2328 1322,2329 1322,2330 1320,2332 1027,2332 1026,2332 1026,2334 1025,2336 935,2335 934,2336 924,2336 922,2335 922,2334 921,2332 916,2332 733,2332 731,2333 731,2334 730,2336 724,2336 723,2335 723,2334 722,2333 722,2332 722,2332 700,2332 697,2329 512,2328 511,2329 511,2330 509,2332 483,2332 482,2332 482,2331 480,2328 355,2328 352,2326 352,2325 352,2324 338,2324 336,2323 336,2317 338,2315 343,2315 345,2313 345,2312 346,2311 352,2311 352,2311 352,2310 355,2307 356,2307 356,2307 356,2306 357,2305 357,2210 355,2207 350,2207 349,2206 348,2206 348,2206 348,2205 346,2203 341,2203 340,2202 340,2197 341,2195 342,2195 344,2194 344,2193 345,2191 346,2191 347,2190 395,2190 396,2191 397,2191 398,2192 398,2193 400,2195 401,2195 402,2196 402,2198 403,2199 402,2240 403,2240 648,2241 648,2240 648,2233 650,2232 651,2232 652,2230 652,2229 654,2228 655,2228 656,2226 656,2225 658,2224 659,2224 660,2222 660,2217 663,2215 664,2215 664,2214 664,2209 667,2207 671,2207 673,2205 673,2204 674,2203 683,2203 685,2201 685,2200 686,2199 695,2199 698,2196 698,2195 698,2195 720,2195 722,2193 722,2192 723,2191 799,2191 800,2190 811,2190 816,2195 817,2195 818,2196 818,2199 818,2199 941,2199 943,2201 942,2244 943,2244 944,2244 945,2245 946,2245 949,2248 1154,2249 1154,2248 1155,2192 1156,2191 1157,2191 1158,2190 1224,2190 1226,2189 1226,2188 1226,2187 1237,2187 1238,2188 1237,2215 1238,2215 1354,2215 1355,2217 1355,2240 1356,2240 1523,2241 1524,2240 1653,2240 1653,2239 1654,2192 1656,2190 1657,2190 1658,2189 1658,2188 1660,2186 1664,2186 1667,2188 1667,2189 1667,2190 1672,2190 1675,2192 1675,2193 1675,2194 1676,2194 1679,2197 1679,2198 1680,2199 1681,2199 1683,2201 1682,2209 1683,2210 1683,2240 1684,2240 1873,2240 1873,2240 1874,2190 1875,2189 1875,2188 1876,2186 1877,2186 1879,2185 1879,2184 1880,2182 1885,2182 1887,2184 1886,2239 1887,2239 2028,2240 2028,2239 2028,2238 2031,2236 2039,2236 2040,2237 2225,2237 2226,2236 2361,2236 2361,2236 2361,2221 2364,2219 2365,2219 2365,2218 2365,2217 2368,2214 2369,2196 2370,2195 2371,2195 2372,2194 2376,2194 2378,2192 2378,2191 2378,2191 2379,2191 2380,2190 2538,2190 2540,2188 2540,2187 2540,2187 2541,2187 2542,2186 2566,2186 2575,2195 2576,2195 2577,2195 2576,2243 2577,2244 2989,2245 2989,2244 2989,2229 2991,2228 2992,2228 2993,2226 2993,2225 2995,2224 2996,2224 2997,2222 2997,2217 3000,2214 3001,2205 3003,2203 3004,2203 3005,2202 3005,2201 3007,2199 3016,2199 3018,2197 3018,2196 3019,2195 3021,2195 3022,2195 3022,2196 3024,2199 3025,2199 3026,2199 3025,2244 3026,2245 3067,2245 3068,2247 3068,2249 3069,2249 3155,2249 3155,2250 3155,2251 3156,2252 3156,2253 3157,2253 3209,2253 3209,2254 3209,2256 3211,2257 3254,2257 3255,2259 3255,2260 3257,2261 3258,2261 3259,2263 3259,2281 3260,2281 3342,2282 3342,2281 3342,2212 3344,2211 3349,2211 3351,2213 3351,2281 3352,2282 3358,2282 3359,2283 3359,2284 3360,2285 3361,2286 3362,2286 3363,2287 3363,2297 3362,2299 3361,2299 3359,2300 3359,2305 3358,2307 3353,2307 3351,2308 3351,2309 3350,2311 3273,2310 3272,2311 3272,2339 3271,2340 3004,2340 3002,2341 3002,2342 3001,2344 2836,2344 2835,2344 2835,2388 2834,2390 2825,2390 2823,2391 2823,2392 2822,2394 2819,2393 2818,2394"/><TextEquiv index="1"><Unicode>Le Chevalier m'a apporté ſes préten-</Unicode></TextEquiv></TextLine><TextLine id="r0_l010"><Coords points="2935,2606 2935,2605 2935,2604 2932,2602 2927,2602 2927,2601 2927,2600 2924,2598 2919,2598 2918,2596 2918,2590 2917,2590 2911,2590 2910,2588 2910,2541 2909,2541 2623,2540 2623,2541 2623,2543 2621,2544 2620,2544 2619,2546 2619,2559 2616,2561 2615,2561 2615,2562 2615,2572 2613,2573 2612,2573 2611,2575 2611,2584 2608,2586 2607,2586 2607,2587 2607,2588 2604,2590 2603,2590 2602,2592 2602,2593 2600,2594 2587,2594 2586,2592 2586,2587 2584,2586 2583,2586 2581,2583 2581,2540 2580,2540 2462,2540 2461,2538 2461,2537 2460,2537 2087,2536 2087,2536 2087,2537 2086,2538 2086,2539 2085,2540 2083,2540 2083,2539 2083,2538 2082,2537 2082,2536 2081,2536 1881,2535 1880,2536 1842,2536 1842,2537 1842,2538 1839,2540 1838,2540 1838,2540 1837,2539 1837,2538 1835,2536 1609,2536 1609,2536 1609,2537 1606,2540 1605,2540 1604,2538 1604,2537 1603,2537 1322,2536 1322,2537 1322,2538 1319,2540 1306,2540 1305,2542 1305,2543 1303,2544 1301,2544 1301,2544 1301,2543 1300,2542 1300,2541 1299,2540 1227,2540 1226,2539 1226,2537 1225,2536 1027,2536 1026,2537 1026,2538 1024,2540 1023,2540 1022,2541 1022,2542 1020,2544 954,2543 953,2544 661,2544 660,2542 660,2541 658,2540 645,2540 642,2537 449,2536 448,2538 448,2539 446,2540 432,2540 432,2541 432,2542 431,2543 431,2544 430,2544 428,2544 427,2543 427,2542 425,2540 208,2540 207,2538 207,2536 206,2536 175,2536 174,2534 174,2533 172,2532 167,2532 165,2529 165,2528 164,2528 163,2527 162,2527 161,2525 161,2524 159,2523 158,2523 157,2521 157,2520 155,2519 154,2519 153,2517 153,2516 151,2515 150,2515 149,2513 149,2490 149,2490 151,2490 153,2488 153,2483 155,2481 156,2481 157,2480 157,2479 159,2477 160,2477 161,2476 161,2470 161,2470 162,2470 170,2462 170,2461 170,2461 176,2461 177,2460 177,2459 179,2457 184,2457 186,2455 186,2454 187,2453 188,2453 190,2451 190,2396 193,2394 202,2394 203,2392 203,2391 205,2390 218,2390 220,2392 220,2393 221,2394 222,2394 224,2396 224,2447 224,2448 375,2448 377,2450 377,2451 378,2452 572,2453 573,2452 573,2399 574,2399 575,2399 577,2396 577,2395 578,2395 579,2395 580,2394 596,2394 598,2396 598,2431 599,2432 664,2432 664,2432 664,2434 665,2435 665,2443 665,2444 729,2444 731,2445 731,2446 732,2448 799,2448 802,2451 802,2452 802,2452 1007,2453 1008,2452 1019,2452 1022,2454 1022,2455 1022,2456 1023,2456 1024,2457 1208,2457 1209,2456 1209,2400 1212,2398 1221,2398 1222,2397 1222,2396 1224,2394 1237,2394 1238,2396 1238,2418 1240,2419 1241,2419 1242,2421 1242,2452 1242,2452 1441,2452 1442,2452 1442,2405 1443,2404 1443,2403 1445,2401 1446,2401 1446,2401 1446,2400 1449,2398 1762,2398 1762,2398 1762,2397 1765,2394 1770,2394 1770,2394 1770,2393 1773,2390 1790,2390 1791,2392 1791,2397 1793,2398 1794,2398 1795,2400 1795,2447 1795,2447 2260,2448 2261,2448 2261,2397 2264,2394 2265,2394 2265,2394 2265,2393 2268,2390 2285,2390 2286,2392 2286,2393 2287,2394 2288,2394 2289,2394 2290,2396 2290,2402 2291,2402 2713,2403 2715,2401 2715,2400 2716,2399 2717,2399 2719,2397 2719,2396 2721,2394 2742,2394 2744,2397 2744,2398 2745,2398 2746,2398 2748,2401 2748,2402 2749,2402 2750,2402 2751,2403 2752,2403 2752,2404 2752,2456 2752,2456 3192,2457 3193,2457 3193,2412 3194,2411 3195,2411 3196,2410 3197,2410 3197,2410 3197,2409 3199,2407 3263,2407 3263,2408 3263,2409 3264,2410 3264,2460 3264,2460 3328,2461 3330,2462 3330,2463 3331,2465 3336,2465 3339,2467 3339,2468 3339,2469 3340,2469 3343,2471 3343,2472 3343,2473 3344,2473 3347,2475 3347,2480 3348,2482 3349,2482 3351,2483 3351,2488 3352,2490 3353,2490 3355,2491 3355,2496 3353,2498 3352,2498 3351,2499 3351,2529 3348,2532 3347,2532 3347,2532 3347,2533 3344,2536 3343,2536 3343,2536 3343,2537 3340,2540 3339,2540 3339,2540 3339,2541 3336,2544 3335,2544 3334,2545 3334,2546 3332,2548 3331,2548 3330,2549 3330,2550 3328,2552 3221,2551 3219,2553 3218,2553 3218,2554 3218,2555 3215,2557 3214,2557 3214,2558 3214,2559 3211,2561 2993,2561 2993,2561 2993,2580 2992,2581 2991,2581 2980,2592 2980,2593 2979,2594 2964,2594 2964,2594 2964,2596 2962,2598 2961,2598 2960,2599 2960,2600 2958,2602 2941,2602 2939,2604 2939,2605 2938,2606"/><TextEquiv index="1"><Unicode>dues lettres de Madame de Lyſange. Je</Unicode></TextEquiv></TextLine><TextLine id="r0_l011"><Coords points="2804,2814 2802,2813 2802,2812 2801,2810 2787,2810 2785,2809 2785,2808 2784,2806 2783,2806 2781,2805 2781,2800 2779,2797 2778,2797 2777,2797 2777,2796 2776,2794 2775,2794 2773,2793 2773,2749 2773,2748 2521,2748 2519,2749 2519,2750 2518,2752 2346,2751 2345,2752 2345,2758 2344,2759 2344,2760 2344,2760 2343,2760 2340,2763 2340,2768 2340,2768 2339,2768 2336,2771 2336,2780 2335,2781 2334,2781 2332,2783 2332,2784 2331,2785 2330,2785 2329,2786 2328,2787 2328,2788 2327,2789 2326,2789 2325,2790 2324,2791 2324,2792 2322,2794 2317,2794 2315,2796 2315,2797 2314,2798 2310,2798 2309,2797 2308,2797 2307,2797 2307,2796 2306,2794 2305,2794 2303,2793 2303,2745 2303,2744 2055,2744 2053,2745 2053,2746 2052,2748 1950,2748 1949,2748 1949,2759 1949,2760 1948,2760 1945,2762 1945,2771 1944,2773 1943,2773 1941,2774 1941,2783 1940,2785 1939,2785 1937,2786 1937,2791 1935,2794 1930,2794 1929,2794 1929,2795 1927,2798 1924,2795 1924,2794 1924,2794 1915,2794 1914,2793 1913,2793 1912,2792 1912,2745 1912,2745 1693,2744 1692,2745 1692,2746 1690,2748 1443,2747 1442,2748 1057,2748 1055,2749 1055,2750 1054,2752 1049,2752 1047,2753 1047,2754 1046,2756 1036,2756 1035,2755 1035,2754 1034,2753 895,2752 893,2751 893,2750 892,2748 861,2748 860,2749 860,2768 859,2769 854,2769 852,2768 852,2749 852,2748 526,2747 525,2748 180,2748 178,2746 178,2745 177,2744 168,2744 165,2741 165,2740 165,2740 164,2740 161,2737 161,2732 160,2731 159,2731 157,2729 157,2673 157,2673 155,2673 153,2671 153,2665 153,2664 153,2657 154,2656 168,2656 169,2655 169,2654 171,2652 231,2652 232,2651 232,2616 236,2612 236,2611 236,2611 318,2611 319,2611 319,2609 321,2606 401,2606 402,2606 402,2605 404,2602 413,2602 415,2604 415,2655 415,2655 542,2656 544,2657 544,2659 544,2660 553,2660 554,2661 555,2661 556,2661 556,2662 558,2665 757,2665 760,2663 760,2662 760,2661 898,2661 899,2660 966,2660 968,2659 968,2658 969,2656 978,2656 980,2658 980,2659 981,2660 981,2664 981,2664 1198,2665 1201,2662 1201,2645 1202,2644 1203,2644 1205,2642 1205,2632 1205,2632 1206,2632 1207,2631 1208,2631 1209,2630 1209,2624 1210,2623 1211,2623 1212,2622 1214,2620 1214,2619 1214,2619 1215,2619 1218,2617 1218,2616 1218,2615 1219,2615 1222,2613 1222,2612 1222,2611 1223,2611 1226,2609 1226,2608 1226,2607 1227,2607 1228,2606 1232,2606 1234,2605 1234,2604 1234,2603 1235,2603 1236,2602 1252,2602 1256,2606 1260,2606 1261,2607 1262,2607 1263,2608 1263,2609 1265,2611 1266,2611 1267,2612 1267,2660 1267,2660 1451,2661 1452,2660 1599,2660 1600,2659 1600,2611 1600,2611 1601,2611 1602,2610 1603,2610 1604,2609 1604,2608 1606,2606 1607,2606 1608,2605 1608,2604 1610,2602 1615,2602 1617,2600 1617,2599 1618,2598 1627,2598 1629,2599 1629,2655 1629,2656 1768,2656 1771,2659 2027,2660 2028,2659 2028,2658 2030,2656 2039,2656 2041,2654 2041,2653 2042,2652 2043,2652 2044,2653 2045,2653 2045,2654 2046,2656 2105,2656 2107,2657 2107,2658 2108,2660 2314,2660 2315,2660 2315,2659 2317,2656 2447,2657 2448,2656 2448,2612 2450,2610 2451,2610 2452,2609 2453,2608 2453,2607 2454,2606 2459,2606 2461,2604 2461,2603 2462,2602 2471,2602 2473,2603 2473,2604 2474,2605 2474,2606 2475,2606 2477,2607 2477,2608 2478,2609 2478,2659 2478,2660 2684,2660 2685,2660 2685,2659 2687,2656 2688,2656 2689,2656 2689,2643 2690,2642 2690,2641 2690,2640 2691,2640 2694,2638 2694,2633 2695,2631 2696,2631 2698,2630 2698,2629 2698,2628 2699,2627 2700,2627 2702,2626 2702,2621 2703,2619 2704,2619 2706,2618 2706,2617 2707,2615 2712,2615 2715,2613 2715,2612 2715,2611 2716,2611 2717,2610 2721,2610 2723,2609 2723,2608 2723,2607 2724,2607 2725,2606 2742,2606 2743,2606 2743,2605 2745,2602 2746,2602 2748,2604 2748,2605 2749,2606 2753,2606 2754,2607 2755,2607 2756,2608 2756,2618 2756,2618 2757,2618 2758,2619 2759,2619 2760,2620 2760,2664 2760,2664 2821,2664 2823,2666 2823,2667 2824,2669 3070,2669 3072,2668 3072,2667 3073,2665 3074,2665 3076,2664 3076,2663 3078,2660 3081,2663 3081,2664 3081,2664 3235,2664 3236,2665 3237,2665 3238,2666 3238,2667 3239,2668 3341,2669 3341,2669 3341,2670 3343,2672 3344,2672 3345,2673 3346,2673 3346,2673 3346,2674 3354,2682 3355,2682 3355,2682 3355,2688 3356,2689 3357,2689 3358,2690 3359,2690 3359,2690 3359,2734 3359,2735 3353,2735 3351,2736 3351,2745 3338,2758 3338,2759 3338,2760 3332,2760 3330,2761 3330,2762 3328,2765 3187,2764 3186,2765 3150,2765 3147,2763 3147,2762 3146,2760 2861,2760 2860,2760 2860,2783 2859,2785 2858,2785 2856,2786 2856,2791 2854,2794 2853,2794 2852,2794 2852,2795 2850,2798 2849,2798 2848,2798 2848,2799 2846,2802 2845,2802 2844,2802 2844,2803 2842,2806 2837,2806 2835,2807 2835,2808 2834,2810 2821,2809 2818,2812 2818,2813 2817,2814"/><TextEquiv index="1"><Unicode>te les mets ſous les yeux; la ſignature</Unicode></TextEquiv></TextLine><TextLine id="r0_l012"><Coords points="146,2803 2221,2808 2220,2997 145,2992"/><TextEquiv index="1"><Unicode>eſt très-bien contrefaite.</Unicode></TextEquiv></TextLine><TextLine id="r0_l013"><Coords points="1453,3418 1452,3417 1443,3416 1441,3414 1440,3414 1439,3413 1426,3413 1426,3413 1426,3412 1423,3409 1413,3409 1413,3409 1413,3407 1411,3405 1401,3405 1401,3405 1401,3404 1400,3403 1400,3356 1399,3355 1385,3355 1384,3354 1384,3353 1383,3351 1194,3351 1193,3351 1193,3352 1190,3355 1185,3355 1184,3356 1184,3357 1182,3359 1105,3359 1105,3359 1105,3361 1102,3364 1101,3364 1101,3364 1101,3370 1100,3371 1099,3371 1098,3372 1097,3372 1097,3372 1097,3382 1095,3384 1094,3384 1093,3385 1093,3390 1091,3392 1090,3392 1089,3393 1089,3394 1086,3397 1085,3397 1084,3398 1084,3399 1082,3401 1077,3401 1076,3402 1076,3403 1074,3405 1065,3405 1063,3402 1063,3401 1062,3401 1053,3401 1048,3396 1047,3396 1047,3395 1047,3364 1046,3364 673,3363 673,3363 673,3369 670,3372 669,3372 669,3372 669,3373 666,3376 665,3376 664,3377 664,3387 663,3388 662,3388 656,3394 656,3394 656,3395 655,3396 654,3396 653,3397 648,3397 648,3397 648,3398 645,3401 624,3401 623,3399 623,3398 620,3396 619,3396 619,3395 619,3394 616,3392 615,3392 615,3391 615,3390 614,3389 614,3355 613,3355 468,3354 467,3355 462,3355 461,3354 461,3352 461,3351 363,3351 361,3350 361,3349 360,3347 176,3347 173,3344 173,3343 173,3343 164,3343 161,3340 161,3339 160,3338 159,3338 157,3336 157,3335 156,3334 155,3334 153,3332 153,3331 152,3330 152,3330 151,3330 149,3328 149,3326 150,3326 151,3326 155,3322 180,3322 181,3321 182,3321 182,3320 182,3219 181,3218 180,3218 179,3217 178,3216 178,3215 177,3214 176,3214 174,3212 174,3210 176,3209 177,3209 177,3208 178,3207 178,3206 180,3205 181,3205 182,3203 182,3202 184,3201 193,3201 195,3203 195,3204 196,3205 243,3205 244,3206 244,3207 246,3209 247,3209 249,3211 249,3250 250,3251 319,3251 319,3251 319,3185 320,3184 326,3184 326,3185 326,3251 327,3251 385,3251 385,3252 385,3253 388,3255 443,3255 444,3257 444,3263 445,3263 681,3264 681,3263 681,3260 682,3260 683,3260 685,3257 685,3252 687,3251 688,3251 689,3249 689,3240 692,3238 693,3238 693,3237 693,3236 696,3234 697,3234 698,3232 698,3231 700,3230 701,3230 702,3229 702,3228 702,3227 704,3226 709,3226 710,3224 710,3223 712,3222 713,3222 714,3220 714,3219 716,3218 721,3218 723,3215 723,3214 724,3214 725,3214 726,3213 743,3213 743,3212 743,3211 746,3209 748,3211 748,3212 750,3214 751,3214 752,3215 752,3216 754,3218 755,3218 756,3219 756,3224 758,3226 759,3226 760,3228 760,3267 761,3267 1041,3268 1042,3267 1113,3267 1113,3266 1113,3257 1116,3255 1117,3255 1118,3253 1118,3247 1119,3247 1120,3247 1125,3242 1126,3242 1126,3241 1126,3231 1128,3230 1129,3230 1129,3229 1130,3228 1130,3227 1131,3227 1132,3226 1133,3226 1135,3223 1135,3222 1136,3222 1141,3222 1143,3219 1143,3218 1144,3218 1149,3218 1154,3213 1155,3213 1155,3212 1155,3211 1158,3209 1174,3209 1176,3211 1176,3212 1177,3213 1182,3213 1183,3214 1184,3214 1184,3214 1184,3215 1185,3216 1187,3218 1188,3218 1188,3218 1188,3221 1189,3222 1229,3222 1230,3224 1230,3225 1231,3225 1232,3226 1233,3226 1234,3228 1234,3267 1235,3267 1438,3267 1438,3267 1438,3224 1440,3222 1441,3222 1442,3221 1449,3222 1450,3220 1450,3219 1452,3218 1475,3218 1475,3218 1475,3219 1478,3222 1479,3222 1479,3222 1479,3223 1480,3224 1480,3266 1481,3267 1679,3267 1679,3267 1679,3220 1681,3218 1682,3218 1683,3217 1683,3216 1685,3214 1686,3214 1687,3213 1702,3213 1704,3216 1704,3217 1706,3218 1992,3219 1993,3218 2014,3218 2016,3215 2016,3214 2017,3214 2018,3214 2019,3213 2026,3213 2027,3214 2028,3214 2028,3214 2028,3262 2029,3263 2298,3263 2298,3263 2298,3258 2301,3255 2448,3256 2448,3255 2448,3224 2449,3223 2449,3222 2450,3222 2456,3222 2456,3221 2456,3220 2457,3219 2457,3218 2458,3218 2476,3218 2478,3215 2478,3214 2479,3214 2480,3214 2481,3213 2652,3213 2652,3213 2652,3212 2655,3209 2709,3209 2711,3212 2711,3213 2712,3213 2716,3213 2717,3214 2718,3214 2719,3216 2719,3267 2720,3267 2881,3268 2881,3267 2881,3264 2882,3264 2883,3264 2885,3261 2885,3256 2887,3255 2888,3255 2889,3253 2889,3248 2891,3247 2892,3247 2893,3245 2893,3244 2895,3243 2896,3243 2897,3241 2897,3237 2898,3236 2898,3235 2900,3234 2905,3234 2906,3232 2906,3231 2908,3230 2909,3230 2910,3228 2910,3227 2912,3226 2913,3226 2914,3224 2914,3223 2916,3222 2921,3222 2923,3219 2923,3218 2924,3218 2933,3218 2934,3217 2935,3217 2935,3216 2935,3215 2938,3213 2945,3213 2946,3214 2947,3214 2947,3214 2947,3215 2950,3218 2959,3218 2960,3219 2960,3267 2961,3268 3215,3268 3216,3267 3220,3267 3221,3268 3222,3268 3222,3269 3222,3276 3223,3276 3271,3276 3272,3278 3272,3279 3273,3279 3275,3279 3276,3281 3276,3282 3278,3283 3279,3283 3280,3285 3280,3329 3281,3330 3346,3330 3346,3330 3346,3331 3353,3338 3355,3338 3355,3337 3355,3256 3357,3255 3366,3255 3368,3257 3368,3258 3369,3259 3370,3259 3372,3261 3370,3264 3365,3264 3363,3265 3363,3370 3362,3371 3361,3371 3359,3373 3359,3382 3357,3384 3356,3384 3355,3385 3355,3386 3353,3388 3348,3388 3347,3389 3347,3390 3345,3392 3340,3392 3338,3394 3338,3395 3337,3396 3336,3396 3335,3397 3331,3397 3330,3398 3330,3399 3329,3400 3328,3400 3327,3401 3170,3400 3167,3404 3167,3405 3166,3405 3156,3405 3156,3406 3156,3407 3153,3409 3148,3409 3147,3411 3147,3412 3145,3413 3102,3413 3101,3412 3101,3411 3099,3409 3094,3409 3093,3408 3093,3403 3091,3401 3090,3401 3089,3400 3089,3360 3088,3359 2873,3359 2873,3359 2873,3369 2870,3372 2869,3372 2868,3373 2868,3378 2866,3380 2865,3380 2864,3381 2864,3386 2857,3393 2856,3393 2856,3393 2856,3394 2853,3397 2852,3397 2852,3397 2852,3398 2849,3401 2844,3401 2844,3401 2844,3402 2841,3405 2840,3405 2839,3406 2839,3407 2837,3409 2743,3408 2742,3409 2724,3409 2723,3408 2723,3407 2721,3405 2720,3405 2719,3404 2719,3360 2718,3359 2503,3359 2503,3358 2503,3357 2502,3356 2502,3355 2502,3355 2216,3354 2214,3355 1883,3354 1881,3355 1830,3355 1829,3354 1829,3353 1828,3351 1514,3351 1513,3351 1513,3353 1511,3355 1501,3355 1501,3355 1501,3356 1500,3357 1500,3358 1499,3359 1459,3359 1459,3359 1459,3415 1456,3418"/><TextEquiv index="1"><Unicode>Lettre ſuppoſée de Madame de Lyſange,</Unicode></TextEquiv></TextLine><TextLine id="r0_l014"><Coords points="279,3604 3285,3611 3284,3829 278,3822"/><TextEquiv index="1"><Unicode>à Madame la Prieure des Carmélites.</Unicode></TextEquiv></TextLine><TextLine id="r0_l015"><Coords points="495,4183 1689,4186 1688,4405 494,4402"/><TextEquiv index="1"><Unicode>Madane,</Unicode></TextEquiv></TextLine><TextLine id="r0_l016"><Coords points="124,4640 3385,4647 3384,4866 123,4859"/><TextEquiv index="1"><Unicode>„Madame la Comteſſe de Buſencour</Unicode></TextEquiv></TextLine><TextLine id="r0_l017"><Coords points="1394,5072 1392,5071 1392,5070 1391,5068 1390,5068 1388,5067 1388,5050 1388,5049 975,5048 972,5046 972,5021 972,5020 440,5019 439,5018 433,5018 432,5018 432,5017 430,5014 375,5014 373,5013 373,5003 373,5002 155,5002 153,5000 153,4999 152,4998 143,4998 140,4995 140,4994 139,4993 139,4993 138,4993 136,4991 136,4986 135,4985 134,4985 132,4983 133,4951 132,4950 132,4940 132,4940 133,4940 134,4939 136,4937 136,4936 137,4935 335,4935 336,4935 336,4933 337,4931 338,4931 340,4930 340,4929 341,4927 430,4927 431,4927 431,4876 432,4875 432,4874 432,4873 433,4873 436,4871 436,4870 436,4869 437,4869 440,4867 440,4866 440,4865 441,4865 442,4864 736,4865 737,4864 1812,4866 1814,4864 1815,4864 1816,4864 1816,4863 1816,4862 1824,4862 1825,4863 1825,4864 1825,4864 1830,4864 1833,4867 1833,4868 1833,4868 1834,4868 1837,4871 1837,4912 1837,4912 2779,4914 2781,4916 2781,4921 2781,4921 3370,4923 3371,4923 3371,4924 3373,4927 3374,4927 3376,4928 3376,4929 3377,4931 3378,4931 3380,4932 3380,4937 3378,4939 3377,4939 3377,4939 3376,4995 3374,4998 3373,4998 3372,4998 3372,4999 3370,5002 3369,5002 3368,5002 3368,5003 3366,5006 3365,5006 3363,5007 3363,5008 3362,5010 3357,5010 3355,5011 3355,5012 3354,5014 3299,5014 3297,5015 3297,5016 3296,5018 2911,5017 2910,5017 2910,5020 2908,5023 2907,5023 2906,5023 2906,5029 2906,5030 2905,5030 2904,5030 2901,5033 2901,5034 2901,5035 2887,5035 2885,5036 2885,5037 2884,5039 1435,5035 1434,5036 1434,5067 1435,5067 3653,5072 3654,5074 3654,5074 1398,5069 1396,5071 1396,5072 1396,5072"/><TextEquiv index="1"><Unicode>“viendra, au premier moment, vous</Unicode></TextEquiv></TextLine><TextLine id="r0_l018"><Coords points="1896,5281 1896,5281 1896,5230 1895,5229 470,5226 469,5225 469,5224 467,5222 399,5222 398,5221 398,5220 396,5218 366,5218 365,5217 365,5216 363,5214 354,5214 352,5212 352,5211 351,5210 146,5210 145,5208 145,5207 144,5206 143,5206 142,5206 140,5203 140,5202 139,5201 138,5201 137,5201 136,5199 136,5153 139,5151 140,5151 140,5150 140,5149 143,5147 348,5147 348,5147 348,5146 351,5143 356,5143 356,5143 356,5142 359,5139 364,5139 365,5138 365,5137 367,5135 377,5135 377,5135 377,5079 379,5077 380,5077 381,5076 389,5076 390,5075 390,5074 391,5073 392,5073 393,5072 1604,5075 1607,5072 2126,5073 2127,5072 2136,5072 2136,5072 2136,5071 2139,5068 2143,5068 2146,5071 3654,5074 3655,5076 3655,5079 3653,5081 3285,5081 3284,5081 3284,5082 3287,5085 3288,5085 3288,5085 3288,5130 3289,5131 3354,5131 3355,5132 3355,5133 3357,5135 3362,5135 3364,5137 3364,5138 3365,5139 3366,5139 3368,5141 3368,5142 3369,5143 3370,5143 3372,5145 3372,5150 3373,5151 3374,5151 3376,5153 3376,5162 3378,5164 3379,5164 3380,5165 3380,5166 3380,5167 3379,5168 3378,5168 3376,5169 3376,5195 3374,5197 3373,5197 3372,5198 3372,5203 3369,5206 3368,5206 3367,5207 3367,5208 3365,5210 3364,5210 3363,5211 3363,5212 3361,5214 3356,5214 3355,5215 3355,5216 3353,5218 3343,5218 3343,5218 3343,5219 3338,5224 3338,5233 3336,5235 3233,5234 3232,5235 2773,5234 2773,5235 2773,5275 2771,5276 2770,5276 2769,5278 2769,5279 2767,5280 1899,5278 1899,5279 1899,5281 1898,5281"/><TextEquiv index="1"><Unicode>“demander ma fille, de ma part. Je</Unicode></TextEquiv></TextLine><TextLine id="r0_l019"><Coords points="793,5493 792,5492 791,5492 789,5491 789,5490 788,5488 782,5488 781,5488 781,5435 781,5434 583,5434 582,5434 582,5435 581,5436 581,5437 581,5438 579,5438 578,5439 457,5438 456,5439 456,5484 456,5484 429,5484 427,5483 427,5431 427,5430 371,5430 369,5429 369,5419 369,5418 368,5418 367,5417 366,5417 365,5417 366,5415 365,5414 159,5414 158,5415 157,5416 157,5417 156,5417 155,5418 152,5418 151,5417 150,5417 149,5416 150,5415 148,5414 147,5414 146,5413 145,5413 145,5412 145,5411 143,5409 142,5409 141,5409 140,5407 140,5403 141,5402 141,5401 141,5401 142,5401 145,5398 145,5397 145,5397 148,5397 149,5396 149,5356 150,5355 193,5355 194,5354 194,5353 196,5351 331,5351 332,5351 332,5348 332,5347 523,5347 524,5346 629,5347 631,5345 631,5344 632,5343 954,5343 955,5343 955,5292 956,5291 956,5290 956,5289 957,5289 960,5287 960,5286 960,5285 961,5285 962,5284 973,5284 974,5285 975,5285 976,5286 976,5341 977,5342 1058,5343 1059,5343 1059,5344 1061,5347 1062,5347 1063,5347 1063,5348 1065,5351 1257,5351 1259,5350 1259,5349 1260,5347 1265,5347 1268,5345 1268,5344 1268,5343 1283,5343 1284,5343 1284,5286 1284,5285 1285,5285 1286,5284 1291,5284 1292,5284 1292,5283 1294,5280 1311,5280 1313,5282 1313,5289 1313,5289 1504,5290 1505,5289 1506,5289 1509,5286 1509,5285 1509,5285 1510,5285 1513,5282 1513,5281 1514,5280 1531,5280 1534,5282 1534,5342 1534,5343 1732,5343 1733,5343 1733,5291 1735,5288 1736,5288 1737,5288 1737,5287 1739,5284 1740,5284 1741,5284 1741,5283 1743,5280 1748,5280 1750,5279 1750,5278 1751,5276 1756,5276 1758,5278 1758,5279 1760,5281 1899,5281 1900,5282 1900,5283 1900,5283 1905,5284 1908,5286 1908,5287 1908,5288 1909,5288 1912,5290 1912,5333 1912,5334 2171,5334 2174,5337 2174,5338 2174,5338 2392,5339 2393,5338 2397,5338 2398,5337 2398,5336 2400,5334 2468,5334 2469,5333 2469,5331 2469,5331 2470,5331 2471,5330 2542,5330 2544,5331 2544,5337 2544,5338 2876,5339 2877,5338 2877,5331 2878,5330 2879,5330 2881,5328 2881,5323 2882,5322 2883,5322 2885,5320 2885,5311 2887,5309 2888,5309 2889,5308 2889,5302 2889,5302 2890,5302 2898,5294 2898,5293 2898,5293 2899,5293 2902,5290 2902,5289 2902,5289 2903,5289 2906,5286 2906,5285 2906,5285 2907,5285 2908,5284 2932,5284 2935,5286 2935,5287 2935,5288 2936,5288 2937,5289 2942,5289 2943,5289 2943,5342 2943,5343 3123,5343 3124,5342 3125,5342 3126,5342 3126,5340 3126,5339 3127,5339 3128,5338 3175,5338 3176,5338 3176,5291 3177,5289 3186,5289 3189,5287 3189,5286 3189,5285 3190,5285 3191,5284 3202,5284 3203,5285 3204,5285 3205,5286 3205,5337 3205,5337 3272,5337 3273,5338 3274,5338 3276,5340 3276,5341 3276,5341 3277,5342 3278,5342 3280,5344 3280,5345 3281,5347 3287,5347 3288,5347 3288,5352 3289,5353 3289,5354 3289,5355 3290,5355 3293,5357 3293,5362 3293,5363 3368,5363 3369,5364 3370,5364 3372,5365 3372,5366 3373,5368 3378,5368 3380,5369 3380,5370 3381,5371 3381,5372 3382,5372 3384,5373 3384,5387 3383,5388 3382,5388 3381,5389 3380,5389 3380,5389 3380,5390 3377,5393 3360,5393 3359,5394 3359,5395 3357,5397 3356,5397 3356,5397 3355,5449 3354,5451 3349,5451 3347,5449 3347,5448 3346,5447 3346,5431 3346,5431 2995,5430 2993,5431 2993,5432 2992,5434 2987,5434 2985,5432 2985,5431 2984,5430 2698,5429 2697,5430 2396,5430 2395,5429 2395,5428 2393,5426 2392,5426 2391,5425 2391,5424 2390,5423 2176,5422 2174,5424 2174,5425 2173,5426 2155,5426 2153,5425 2153,5424 2152,5422 1895,5421 1894,5422 1860,5422 1858,5424 1858,5425 1857,5426 1843,5426 1841,5425 1841,5423 1841,5422 1631,5422 1629,5423 1629,5424 1628,5426 1388,5425 1387,5426 1273,5426 1272,5426 1272,5425 1271,5424 1271,5423 1271,5422 1065,5422 1064,5422 1064,5423 1062,5426 1057,5426 1055,5427 1055,5428 1054,5430 956,5429 955,5430 828,5430 827,5431 827,5487 826,5488 825,5488 822,5491 822,5492 822,5492 821,5492 820,5493"/><TextEquiv index="1"><Unicode>“vous prie de la lui remettre ſur-le-</Unicode></TextEquiv></TextLine><TextLine id="r0_l020"><Coords points="765,5700 764,5699 764,5698 762,5696 761,5696 760,5695 760,5643 760,5642 525,5641 523,5640 523,5639 523,5638 363,5638 361,5637 361,5636 360,5634 359,5634 357,5633 357,5632 356,5630 355,5630 353,5629 352,5628 352,5627 352,5626 351,5626 350,5625 152,5625 151,5626 148,5626 147,5625 146,5625 145,5624 145,5623 143,5621 143,5621 142,5621 140,5619 140,5569 143,5567 144,5567 144,5566 144,5565 147,5563 356,5563 356,5563 356,5562 359,5559 364,5559 365,5558 365,5557 367,5555 380,5555 382,5553 382,5552 383,5551 385,5551 386,5550 423,5550 423,5550 423,5507 425,5505 426,5505 427,5504 427,5503 429,5501 430,5501 432,5499 432,5498 433,5497 434,5497 435,5496 441,5496 442,5497 443,5497 444,5499 444,5500 445,5500 446,5500 448,5503 448,5554 449,5554 813,5555 814,5557 814,5558 816,5559 821,5559 823,5562 823,5563 824,5563 1018,5564 1018,5563 1018,5556 1020,5555 1021,5555 1022,5553 1022,5543 1023,5543 1024,5543 1025,5542 1026,5542 1026,5541 1026,5535 1028,5534 1029,5534 1030,5532 1030,5527 1032,5526 1033,5526 1035,5523 1035,5522 1036,5522 1037,5522 1039,5519 1039,5518 1041,5517 1042,5517 1043,5515 1043,5514 1044,5514 1045,5513 1046,5513 1047,5511 1047,5510 1049,5509 1058,5509 1060,5506 1060,5505 1061,5505 1062,5505 1064,5502 1064,5501 1065,5501 1079,5501 1080,5499 1080,5498 1082,5497 1083,5497 1084,5496 1115,5496 1116,5497 1117,5497 1117,5497 1118,5498 1118,5499 1120,5501 1138,5501 1138,5501 1138,5502 1139,5503 1141,5505 1142,5505 1142,5505 1142,5506 1145,5509 1146,5509 1147,5510 1147,5545 1148,5546 1258,5546 1259,5545 1259,5544 1260,5543 1261,5543 1262,5542 1266,5542 1267,5544 1267,5546 1268,5546 1583,5547 1583,5546 1583,5494 1586,5492 1603,5492 1604,5490 1604,5489 1606,5488 1669,5488 1671,5490 1671,5491 1672,5492 1690,5492 1692,5495 1692,5496 1694,5497 1695,5497 1696,5499 1696,5500 1698,5501 1699,5501 1700,5503 1700,5504 1702,5505 1712,5505 1712,5506 1712,5512 1714,5513 1715,5513 1717,5516 1717,5517 1718,5517 1719,5517 1721,5520 1721,5521 1722,5521 1723,5521 1725,5524 1725,5533 1727,5534 1728,5534 1729,5536 1729,5542 1730,5542 2018,5543 2019,5542 2035,5542 2037,5544 2037,5545 2038,5546 2371,5547 2372,5546 2405,5546 2406,5547 2644,5547 2644,5547 2644,5494 2645,5493 2646,5493 2647,5492 2758,5492 2759,5493 2760,5493 2760,5494 2760,5550 2761,5550 3054,5551 3055,5550 3057,5550 3058,5551 3267,5551 3268,5550 3287,5551 3288,5550 3330,5550 3330,5549 3330,5548 3333,5546 3369,5546 3370,5547 3371,5547 3372,5548 3372,5549 3374,5551 3379,5551 3380,5552 3380,5561 3379,5563 3378,5563 3376,5564 3376,5569 3375,5571 3374,5571 3373,5572 3369,5572 3368,5572 3368,5630 3367,5631 3367,5632 3366,5634 3348,5634 3347,5634 3347,5701 3346,5702 3342,5702 3341,5701 3340,5701 3338,5698 3338,5634 3338,5634 3303,5634 3301,5635 3301,5636 3300,5638 3295,5638 3292,5640 3292,5641 3292,5642 3291,5642 3288,5644 3288,5645 3288,5646 3286,5646 3284,5644 3284,5643 3284,5643 3103,5642 3101,5641 3101,5640 3100,5638 2862,5638 2860,5636 2860,5635 2860,5635 2340,5633 2339,5634 2326,5634 2324,5636 2324,5637 2323,5638 2321,5638 2320,5638 2320,5637 2318,5634 2189,5634 2186,5632 2186,5631 2186,5630 1968,5630 1966,5631 1966,5632 1965,5634 1808,5633 1807,5634 1756,5634 1754,5633 1754,5632 1753,5630 1429,5629 1428,5630 1427,5630 1425,5632 1425,5633 1424,5634 1411,5634 1408,5637 1408,5638 1408,5638 1120,5638 1117,5640 1117,5641 1117,5642 1086,5642 1085,5641 1085,5640 1083,5638 889,5637 888,5638 887,5638 886,5639 885,5640 885,5641 884,5642 798,5642 797,5643 797,5696 796,5696 795,5696 793,5699 793,5700 792,5700"/><TextEquiv index="1"><Unicode>“champ. Cette Dame aura l'honneur</Unicode></TextEquiv></TextLine><TextLine id="r0_l021"><Coords points="1103,5908 1101,5906 1101,5905 1100,5904 1090,5904 1089,5903 1089,5902 1088,5901 1089,5851 1088,5851 898,5850 898,5851 898,5852 897,5853 897,5854 896,5854 669,5854 668,5853 477,5852 477,5853 477,5854 476,5854 474,5854 473,5853 473,5852 471,5850 412,5850 410,5848 410,5847 409,5846 366,5846 365,5845 365,5840 363,5838 209,5838 208,5837 207,5837 207,5836 207,5835 205,5834 151,5834 150,5833 149,5833 149,5832 149,5831 146,5829 145,5829 145,5828 145,5827 144,5826 144,5769 145,5768 145,5767 145,5767 168,5767 169,5767 169,5768 171,5771 371,5771 373,5770 373,5769 374,5767 379,5767 382,5765 382,5764 382,5763 393,5763 394,5763 394,5711 395,5709 396,5709 398,5708 398,5707 400,5704 416,5704 419,5707 419,5708 419,5708 420,5708 421,5709 422,5709 423,5710 423,5759 423,5759 484,5759 486,5761 486,5762 487,5763 496,5763 498,5765 498,5766 498,5766 945,5767 947,5766 947,5765 948,5763 1092,5764 1093,5763 1107,5763 1109,5761 1109,5760 1110,5759 1112,5759 1114,5760 1114,5761 1115,5763 1373,5763 1376,5761 1376,5760 1376,5759 1377,5759 1378,5758 1444,5759 1445,5758 1453,5758 1455,5756 1455,5755 1456,5754 1665,5754 1667,5752 1667,5751 1668,5750 1681,5750 1683,5752 1683,5753 1684,5754 1921,5755 1922,5754 1923,5754 1924,5753 1924,5752 1926,5750 1927,5750 1928,5749 1928,5748 1930,5746 1935,5746 1937,5747 1937,5749 1937,5750 2209,5750 2211,5752 2211,5753 2212,5754 2217,5754 2220,5757 2480,5758 2481,5757 2481,5756 2483,5754 2620,5754 2621,5755 2622,5755 2623,5756 2623,5757 2625,5759 2630,5759 2631,5760 2631,5761 2633,5763 2788,5763 2789,5763 2789,5724 2791,5721 2792,5721 2793,5721 2793,5720 2795,5717 2804,5717 2806,5719 2806,5720 2806,5720 2812,5720 2814,5722 2814,5757 2814,5757 2877,5758 2878,5759 2879,5759 2881,5760 2881,5761 2882,5763 3232,5763 3233,5762 3286,5763 3288,5761 3288,5760 3289,5759 3290,5759 3291,5758 3341,5758 3342,5757 3342,5702 3342,5702 3346,5702 3347,5702 3347,5757 3347,5758 3368,5758 3369,5759 3370,5759 3372,5760 3372,5761 3373,5763 3374,5763 3376,5764 3376,5823 3374,5825 3373,5825 3372,5826 3372,5831 3370,5833 3369,5833 3367,5835 3367,5836 3365,5838 3364,5838 3363,5839 3363,5840 3361,5842 3356,5842 3355,5843 3355,5844 3353,5846 3266,5845 3265,5846 3082,5846 3080,5849 3080,5850 3079,5850 2889,5850 2889,5850 2889,5853 2888,5854 2806,5853 2806,5854 2806,5862 2805,5862 2804,5862 2803,5863 2802,5863 2802,5864 2802,5874 2800,5875 2799,5875 2798,5876 2797,5877 2797,5879 2797,5879 2796,5879 2794,5881 2794,5890 2792,5892 2791,5892 2789,5894 2789,5895 2788,5896 2779,5896 2777,5895 2778,5847 2777,5846 2462,5846 2462,5846 2461,5894 2461,5895 2460,5895 2456,5898 2456,5899 2456,5900 2442,5900 2440,5898 2440,5897 2439,5896 2422,5896 2418,5892 2417,5892 2415,5890 2416,5842 2415,5842 2210,5841 2209,5842 2208,5842 2208,5843 2207,5844 2207,5845 2205,5846 2196,5846 2195,5845 2195,5844 2193,5842 2184,5842 2182,5840 2182,5839 2181,5838 1958,5838 1958,5838 1958,5839 1955,5842 1950,5842 1950,5842 1950,5843 1947,5846 1942,5846 1941,5844 1941,5843 1940,5843 1692,5842 1692,5843 1692,5844 1689,5846 1684,5846 1684,5846 1684,5845 1681,5842 1460,5842 1456,5846 1408,5845 1407,5846 1401,5846 1401,5847 1401,5848 1398,5850 1305,5850 1305,5851 1305,5857 1303,5858 1302,5858 1301,5860 1301,5869 1298,5871 1297,5871 1297,5872 1297,5873 1293,5876 1293,5877 1292,5878 1292,5887 1292,5887 1291,5887 1288,5890 1288,5895 1287,5896 1286,5896 1284,5898 1284,5899 1283,5900 1131,5900 1130,5900 1130,5902 1129,5904 1107,5904 1106,5904 1106,5905 1105,5906 1105,5907 1105,5908"/><TextEquiv index="1"><Unicode>“de vous payer tout ce que je vous</Unicode></TextEquiv></TextLine><TextLine id="r0_l022"><Coords points="512,6121 512,6121 512,6059 512,6058 409,6058 406,6056 406,6055 406,6054 380,6054 377,6052 377,6051 377,6050 363,6050 361,6049 361,6048 359,6045 358,6045 357,6045 357,6044 355,6041 159,6041 158,6042 157,6042 156,6041 155,6041 154,6040 153,6039 153,6038 152,6037 146,6037 145,6036 145,6035 144,6034 144,5992 143,5991 142,5991 140,5989 140,5985 143,5983 144,5983 144,5982 144,5981 147,5979 148,5979 148,5978 148,5977 151,5975 376,5975 378,5973 378,5972 379,5971 390,5971 390,5971 390,5918 391,5917 393,5917 394,5916 402,5916 402,5916 402,5915 405,5912 546,5913 547,5912 554,5912 555,5913 556,5913 556,5913 556,5914 559,5917 564,5917 565,5918 565,5965 566,5966 567,5966 569,5968 569,5970 570,5971 635,5971 635,5971 635,5972 637,5974 638,5975 639,5975 639,5975 639,5980 640,5981 640,5982 641,5983 642,5983 644,5985 644,6032 645,6033 847,6033 847,6033 847,5986 850,5983 851,5983 851,5983 851,5982 854,5979 859,5979 860,5978 860,5977 862,5975 977,5975 978,5974 1080,5975 1080,5974 1080,5972 1082,5971 1349,5971 1351,5969 1351,5968 1352,5967 1353,5967 1354,5966 1477,5967 1478,5966 1654,5966 1654,5965 1654,5964 1657,5962 1695,5962 1695,5962 1695,5917 1696,5916 1696,5914 1697,5913 1698,5913 1700,5911 1700,5910 1702,5908 1831,5908 1832,5909 1833,5909 1833,5910 1833,5911 1835,5912 1839,5912 1840,5913 1841,5913 1841,5914 1841,5915 1843,5916 1844,5916 1845,5918 1845,5928 1846,5929 1846,5937 1847,5937 1848,5937 1850,5940 1850,5941 1851,5941 1852,5941 1854,5944 1854,5961 1855,5961 2161,5962 2161,5962 2161,5919 2164,5916 2165,5916 2165,5916 2166,5915 2166,5914 2167,5913 2168,5913 2170,5911 2170,5910 2172,5908 2222,5908 2224,5911 2224,5912 2225,5912 2226,5912 2227,5913 2228,5913 2228,5914 2228,5962 2229,5962 2441,5963 2442,5962 2596,5962 2597,5963 2598,5963 2598,5964 2598,5965 2600,5966 2604,5966 2605,5967 2606,5967 2606,5968 2606,5969 2608,5970 2609,5971 2610,5971 2611,5973 2611,5978 2613,5979 2614,5979 2614,5980 2614,5981 2617,5983 2618,5983 2619,5985 2619,6016 2620,6016 2806,6016 2806,6016 2806,5918 2807,5917 2808,5917 2809,5916 2810,5916 2810,5916 2810,5914 2813,5911 3026,5912 3026,5911 3026,5910 3029,5908 3146,5908 3147,5910 3147,5915 3150,5917 3151,5917 3151,5918 3151,5961 3152,5961 3270,5961 3272,5964 3272,5965 3273,5965 3278,5966 3279,5967 3280,5967 3280,5967 3280,5968 3282,5970 3287,5975 3288,5975 3288,5975 3288,5976 3289,5977 3289,5994 3290,5995 3373,5995 3374,5996 3375,5996 3376,5997 3376,5998 3378,6000 3379,6000 3380,6001 3380,6010 3379,6012 3378,6012 3376,6013 3376,6014 3375,6016 3374,6016 3373,6017 3290,6017 3289,6017 3289,6034 3288,6035 3288,6036 3288,6037 3287,6037 3284,6039 3284,6044 3284,6045 3283,6045 3280,6047 3280,6048 3279,6050 3273,6049 3272,6050 3272,6051 3271,6052 3271,6053 3271,6053 3269,6053 3268,6054 3144,6054 3143,6055 3143,6061 3142,6062 3136,6062 3135,6062 3135,6061 3134,6060 3134,6055 3134,6054 2833,6054 2831,6055 2831,6056 2830,6058 2829,6058 2828,6059 2827,6059 2827,6060 2826,6062 2821,6062 2819,6063 2819,6064 2818,6065 2816,6065 2814,6064 2814,6063 2814,6062 2791,6062 2790,6062 2790,6061 2789,6060 2789,6055 2789,6054 2788,6054 2785,6052 2785,6047 2785,6046 2596,6046 2594,6048 2594,6049 2594,6049 2593,6049 2592,6050 2438,6050 2436,6051 2436,6052 2435,6054 2434,6054 2431,6051 2247,6050 2245,6049 2245,6048 2244,6046 2017,6046 2016,6046 2016,6047 2014,6050 2009,6050 2008,6050 2008,6051 2006,6054 1921,6054 1920,6054 1920,6113 1919,6114 1916,6114 1916,6113 1916,6054 1916,6054 1845,6053 1844,6054 1831,6054 1829,6053 1829,6052 1828,6050 1506,6050 1505,6050 1505,6051 1503,6054 1443,6054 1442,6054 1442,6117 1441,6117 1435,6117 1435,6117 1435,6054 1435,6053 1421,6053 1420,6054 1123,6054 1122,6054 1122,6056 1121,6058 978,6057 977,6058 890,6058 889,6059 889,6119 887,6120 860,6120 860,6120 860,6119 859,6118 859,6117 858,6116 852,6116 852,6116 852,6115 851,6114 851,6101 851,6100 721,6100 718,6097 718,6096 717,6095 716,6095 714,6093 714,6062 714,6062 616,6062 615,6061 615,6060 614,6059 518,6058 517,6059 517,6121 516,6121"/><TextEquiv index="1"><Unicode>“dois, pour ma chère Laure. J'ai be-</Unicode></TextEquiv></TextLine><TextLine id="r0_l023"><Coords points="1543,6320 1542,6318 1542,6263 1541,6263 1347,6262 1347,6263 1347,6264 1344,6266 1343,6266 1343,6267 1343,6268 1342,6269 1342,6270 1341,6270 888,6269 887,6270 765,6270 764,6269 764,6268 762,6266 578,6266 577,6264 577,6263 576,6263 454,6262 452,6260 452,6259 451,6258 354,6258 352,6256 352,6250 351,6249 149,6249 149,6248 149,6247 146,6245 145,6245 145,6244 145,6243 144,6242 144,6237 143,6237 142,6237 140,6234 140,6189 141,6188 141,6187 141,6187 142,6187 144,6185 144,6181 145,6180 145,6179 145,6179 164,6179 165,6178 166,6178 167,6179 168,6179 169,6179 169,6180 171,6183 347,6183 348,6183 348,6181 349,6179 354,6179 357,6177 357,6176 358,6174 363,6174 365,6173 365,6151 365,6150 366,6150 367,6149 368,6149 369,6149 369,6143 370,6141 371,6141 373,6140 373,6135 374,6133 375,6133 376,6133 378,6131 378,6130 378,6129 379,6129 382,6127 382,6126 382,6125 383,6125 386,6123 386,6122 387,6120 392,6120 394,6119 394,6118 395,6116 408,6116 411,6119 411,6120 411,6120 416,6120 417,6121 518,6121 519,6122 519,6123 519,6123 524,6123 525,6124 526,6125 527,6125 527,6126 529,6129 530,6129 531,6129 531,6171 532,6172 532,6182 532,6183 584,6183 585,6183 585,6186 585,6187 780,6187 781,6187 781,6130 781,6129 787,6129 789,6128 789,6127 791,6124 798,6124 799,6125 800,6125 802,6127 802,6128 803,6129 804,6129 806,6131 806,6132 807,6133 808,6133 810,6135 810,6183 810,6183 1005,6184 1006,6183 1007,6183 1010,6180 1010,6179 1010,6179 1011,6179 1014,6176 1014,6167 1015,6166 1016,6166 1018,6164 1018,6150 1018,6150 1019,6150 1030,6139 1030,6134 1031,6133 1032,6133 1035,6130 1035,6129 1035,6129 1036,6129 1037,6128 1039,6126 1039,6125 1039,6125 1040,6125 1041,6124 1045,6124 1047,6122 1047,6121 1047,6121 1048,6121 1049,6120 1069,6120 1078,6129 1079,6129 1080,6129 1080,6186 1080,6187 1228,6187 1230,6186 1230,6185 1231,6183 1240,6183 1243,6181 1243,6180 1243,6179 1244,6179 1245,6178 1433,6178 1434,6178 1434,6118 1434,6117 1441,6117 1442,6118 1442,6173 1442,6173 1815,6174 1816,6174 1816,6173 1818,6170 1907,6171 1908,6170 1908,6121 1908,6121 1909,6121 1912,6118 1912,6117 1912,6117 1913,6116 1914,6116 1916,6114 1920,6114 1921,6114 1921,6115 1921,6116 1926,6116 1929,6118 1929,6119 1929,6120 1930,6120 1933,6122 1933,6169 1933,6170 2009,6170 2012,6172 2012,6173 2012,6174 2013,6174 2016,6176 2016,6177 2016,6178 2017,6178 2028,6188 2028,6201 2029,6203 2030,6203 2033,6205 2033,6227 2033,6228 2214,6228 2215,6228 2215,6211 2216,6210 2216,6209 2216,6208 2217,6208 2220,6206 2220,6197 2221,6195 2222,6195 2224,6194 2224,6193 2225,6191 2226,6191 2228,6190 2228,6189 2229,6187 2230,6187 2231,6187 2232,6186 2232,6185 2233,6183 2234,6183 2236,6182 2236,6148 2238,6145 2239,6145 2240,6145 2240,6140 2249,6131 2249,6130 2249,6129 2263,6129 2265,6128 2265,6127 2266,6125 2267,6125 2268,6124 2271,6124 2274,6127 2274,6128 2275,6129 2285,6129 2286,6130 2286,6131 2295,6140 2295,6141 2295,6141 2296,6141 2299,6144 2299,6161 2299,6161 2476,6162 2477,6161 2477,6118 2479,6116 2480,6116 2481,6115 2481,6114 2483,6112 2500,6112 2503,6114 2503,6115 2503,6116 2504,6116 2507,6118 2507,6119 2507,6120 2508,6120 2511,6122 2511,6165 2511,6166 2689,6166 2690,6166 2690,6164 2691,6162 2692,6162 2694,6161 2694,6151 2694,6150 2695,6150 2698,6148 2698,6139 2699,6137 2700,6137 2702,6136 2702,6131 2703,6129 2704,6129 2705,6129 2706,6128 2706,6127 2708,6124 2709,6124 2710,6124 2710,6123 2712,6120 2717,6120 2719,6119 2719,6118 2720,6116 2721,6116 2723,6115 2723,6114 2724,6112 2750,6112 2752,6114 2752,6115 2753,6116 2754,6116 2756,6118 2756,6123 2758,6125 2759,6125 2760,6126 2760,6169 2760,6169 2975,6170 2976,6169 2976,6152 2977,6151 2977,6150 2977,6150 2978,6150 2981,6147 2981,6138 2982,6137 2983,6137 2985,6135 2985,6130 2987,6128 2988,6128 2989,6127 2989,6126 2991,6124 2992,6124 2993,6123 2993,6122 2995,6120 3000,6120 3001,6119 3001,6118 3003,6116 3008,6116 3010,6114 3010,6113 3011,6112 3033,6112 3034,6112 3034,6113 3036,6116 3136,6116 3139,6119 3139,6120 3139,6120 3140,6120 3143,6123 3143,6124 3143,6124 3144,6124 3147,6127 3147,6170 3147,6170 3190,6170 3193,6173 3319,6174 3322,6176 3322,6177 3322,6178 3323,6178 3326,6180 3326,6232 3326,6233 3370,6233 3371,6233 3371,6234 3373,6237 3374,6237 3376,6238 3376,6255 3373,6258 3372,6258 3372,6258 3372,6259 3369,6262 3368,6262 3368,6262 3368,6263 3367,6264 3367,6265 3366,6266 3309,6266 3309,6266 3309,6273 3308,6274 3138,6273 3137,6274 3136,6274 3135,6276 3135,6277 3133,6278 3131,6278 3130,6277 3130,6263 3129,6262 3081,6262 3081,6262 3081,6261 3080,6260 3080,6259 3079,6258 3053,6258 3051,6256 3051,6255 3050,6254 2852,6254 2852,6254 2852,6255 2849,6258 2775,6257 2774,6258 2496,6258 2495,6257 2494,6257 2494,6256 2494,6255 2493,6255 2322,6254 2321,6253 2145,6253 2145,6254 2145,6265 2143,6266 2142,6266 2141,6268 2141,6277 2139,6278 2138,6278 2136,6281 2136,6282 2134,6283 2129,6283 2128,6284 2128,6285 2126,6287 2121,6287 2120,6288 2120,6289 2118,6291 2109,6291 2105,6287 2104,6287 2103,6285 2103,6262 2102,6262 2053,6262 2053,6262 2053,6302 2052,6303 2051,6303 2050,6304 2047,6304 2046,6303 2045,6303 2045,6302 2045,6262 2044,6262 1996,6262 1995,6260 1995,6259 1994,6259 1792,6258 1792,6259 1792,6284 1791,6285 1791,6286 1789,6287 1788,6287 1787,6289 1787,6294 1785,6295 1784,6295 1783,6297 1783,6302 1780,6304 1779,6304 1779,6305 1779,6306 1776,6308 1775,6308 1775,6309 1775,6310 1772,6312 1767,6312 1766,6314 1766,6315 1764,6316 1759,6316 1758,6318 1758,6319 1756,6320"/><TextEquiv index="1"><Unicode>“ſoin de ſa compagnie, &amp; de ſes ſoins.</Unicode></TextEquiv></TextLine><TextLine id="r0_l024"><Coords points="1777,6537 1776,6537 1776,6475 1776,6474 1535,6474 1534,6474 1534,6475 1532,6478 1430,6477 1429,6478 1286,6478 1284,6480 1284,6481 1283,6482 1178,6482 1176,6480 1176,6479 1175,6478 1156,6478 1155,6478 1155,6502 1155,6503 1153,6503 1151,6501 1151,6500 1150,6499 1149,6499 1147,6497 1147,6478 1147,6478 897,6477 896,6478 741,6478 739,6476 739,6475 738,6474 506,6473 505,6474 396,6474 394,6476 394,6477 393,6478 379,6478 378,6479 378,6480 377,6481 377,6482 377,6482 371,6482 369,6481 369,6480 368,6478 367,6478 365,6477 365,6476 364,6474 363,6474 361,6473 361,6454 361,6453 163,6453 161,6451 161,6450 160,6449 159,6449 157,6447 157,6404 156,6403 155,6403 153,6401 153,6392 156,6390 157,6390 157,6389 157,6388 160,6386 180,6386 182,6388 182,6389 183,6390 184,6390 185,6391 376,6391 376,6391 377,6331 379,6328 380,6328 381,6328 381,6327 383,6324 413,6324 415,6326 415,6327 416,6328 437,6328 440,6331 441,6332 440,6382 441,6382 660,6383 660,6382 660,6380 663,6378 664,6378 664,6377 664,6363 666,6362 667,6362 668,6360 668,6351 671,6349 672,6349 672,6348 672,6347 675,6345 676,6345 677,6343 677,6342 680,6340 681,6340 681,6339 681,6338 684,6336 685,6336 685,6335 685,6334 688,6332 692,6332 693,6331 693,6330 695,6328 708,6328 710,6329 710,6330 711,6332 717,6332 718,6333 718,6334 720,6336 814,6336 815,6337 826,6337 826,6338 826,6339 829,6341 830,6341 831,6343 831,6344 832,6344 1017,6345 1018,6343 1018,6342 1020,6341 1025,6341 1026,6339 1026,6338 1028,6337 1029,6337 1030,6336 1038,6336 1039,6334 1039,6333 1041,6332 1052,6332 1053,6333 1055,6333 1055,6333 1055,6334 1058,6337 1063,6337 1064,6338 1064,6343 1066,6345 1067,6345 1068,6346 1068,6394 1069,6395 1195,6395 1197,6392 1197,6391 1198,6391 1321,6391 1321,6391 1321,6368 1323,6366 1324,6366 1325,6365 1325,6364 1328,6361 1483,6362 1483,6361 1483,6339 1484,6338 1484,6337 1485,6337 1486,6337 1487,6335 1488,6333 1488,6333 1489,6333 1490,6332 1495,6332 1496,6331 1496,6329 1496,6329 1497,6329 1498,6328 1602,6328 1605,6325 1605,6324 1605,6324 1610,6324 1613,6326 1613,6331 1613,6332 1697,6332 1699,6334 1700,6334 1700,6335 1700,6382 1701,6382 1769,6382 1771,6385 1771,6386 1772,6386 1777,6386 1779,6389 1779,6390 1780,6390 1781,6390 1783,6393 1783,6398 1785,6399 1786,6399 1787,6401 1787,6402 1789,6403 1790,6403 1791,6405 1791,6440 1792,6440 1978,6441 1978,6440 1978,6418 1979,6417 1979,6416 1980,6416 1981,6416 1983,6413 1983,6412 1984,6412 1985,6412 1987,6409 1987,6400 1989,6399 1990,6399 1991,6397 1991,6396 1993,6395 1994,6395 1995,6393 1995,6392 1997,6391 1998,6391 1999,6389 1999,6388 2002,6386 2007,6386 2008,6384 2008,6383 2010,6382 2036,6382 2036,6381 2036,6380 2039,6378 2231,6378 2232,6380 2232,6381 2233,6381 2353,6381 2353,6381 2353,6346 2355,6344 2356,6344 2357,6343 2357,6337 2358,6336 2368,6337 2369,6336 2371,6336 2372,6337 2373,6337 2373,6337 2373,6338 2376,6341 2381,6341 2382,6342 2382,6377 2383,6378 2580,6378 2582,6375 2582,6374 2583,6374 2585,6374 2586,6375 2586,6376 2588,6378 2659,6378 2659,6378 2660,6331 2662,6328 2663,6328 2664,6327 2665,6327 2665,6326 2666,6324 2800,6324 2802,6323 2802,6322 2803,6320 2809,6320 2810,6319 2812,6319 2815,6322 2815,6323 2815,6323 2816,6323 2819,6326 2818,6338 2819,6339 2819,6369 2820,6370 2822,6370 2823,6371 2823,6373 2824,6374 2963,6374 2964,6375 2964,6376 2966,6378 3254,6378 3254,6378 3255,6330 3255,6329 3256,6329 3257,6328 3266,6328 3268,6327 3268,6325 3269,6323 3278,6324 3280,6325 3280,6326 3281,6327 3281,6328 3282,6328 3284,6329 3283,6337 3284,6338 3284,6385 3285,6386 3349,6386 3351,6388 3351,6389 3353,6391 3358,6391 3359,6392 3359,6393 3360,6394 3361,6394 3363,6396 3363,6401 3365,6403 3366,6403 3367,6404 3367,6405 3368,6406 3368,6447 3370,6449 3383,6449 3384,6450 3384,6468 3383,6470 3377,6470 3376,6470 3376,6471 3374,6474 3316,6474 3313,6471 3094,6470 3093,6471 3093,6481 3092,6482 2982,6482 2981,6482 2981,6517 2979,6520 2978,6520 2977,6520 2977,6521 2975,6524 2958,6524 2956,6522 2956,6521 2955,6520 2946,6520 2943,6517 2943,6516 2943,6516 2942,6516 2941,6515 2940,6515 2939,6514 2939,6467 2939,6467 2442,6466 2440,6467 2440,6468 2439,6470 2379,6470 2378,6470 2378,6480 2377,6482 2376,6482 2374,6483 2374,6488 2373,6490 2372,6490 2369,6492 2369,6497 2368,6499 2367,6499 2365,6500 2365,6509 2359,6515 2354,6515 2353,6516 2353,6517 2351,6519 2351,6520 2351,6520 2348,6518 2348,6517 2347,6515 2283,6515 2282,6515 2282,6471 2282,6470 2075,6470 2074,6470 2074,6522 2073,6524 2034,6524 2033,6524 2033,6525 2032,6526 2032,6527 2032,6528 2030,6528 2029,6527 2028,6526 2028,6524 2028,6524 2022,6524 2020,6522 2020,6504 2020,6504 1855,6503 1854,6503 1854,6475 1854,6474 1791,6474 1790,6475 1790,6537 1790,6537"/><TextEquiv index="1"><Unicode>“Je ſuis ſi accablée, que je n'ai pas la</Unicode></TextEquiv></TextLine><TextLine id="r0_l025"><Coords points="3339,6736 3338,6734 3338,6687 3337,6687 3026,6686 3026,6686 3026,6697 3024,6699 3020,6699 3019,6698 3018,6698 3018,6697 3018,6686 3017,6686 2936,6686 2935,6684 2935,6683 2933,6682 2738,6681 2737,6682 2629,6682 2625,6678 2394,6678 2394,6678 2394,6689 2393,6690 2387,6690 2386,6689 2195,6688 2193,6690 2187,6690 2187,6690 2187,6689 2186,6688 2186,6683 2185,6682 1811,6681 1810,6682 1721,6682 1721,6683 1721,6684 1720,6685 1720,6686 1719,6686 1554,6686 1554,6686 1554,6688 1552,6690 1391,6689 1390,6690 1368,6690 1368,6691 1368,6692 1367,6693 1367,6694 1366,6694 1036,6694 1034,6696 1034,6697 1033,6698 1032,6698 1031,6699 885,6698 885,6699 885,6705 882,6707 878,6707 876,6705 876,6691 875,6690 694,6690 694,6689 694,6688 691,6686 615,6686 615,6685 615,6684 613,6683 362,6682 361,6681 361,6680 359,6678 358,6678 357,6677 357,6676 356,6675 356,6670 355,6669 170,6669 169,6667 169,6666 167,6665 162,6665 161,6663 161,6662 160,6661 159,6661 158,6661 157,6659 157,6600 158,6599 159,6599 160,6598 360,6598 361,6598 361,6596 361,6595 362,6595 363,6594 367,6594 369,6593 369,6592 369,6591 370,6591 371,6590 372,6590 373,6590 373,6568 375,6565 376,6565 377,6565 377,6560 380,6557 381,6557 381,6557 381,6556 382,6555 382,6550 383,6549 384,6549 384,6549 386,6547 386,6546 387,6545 388,6545 390,6543 390,6542 391,6541 392,6541 394,6539 394,6538 396,6536 402,6536 402,6536 402,6535 403,6534 403,6533 404,6532 414,6532 415,6531 415,6530 417,6528 435,6528 435,6529 435,6530 438,6532 439,6532 440,6534 440,6589 440,6589 570,6590 574,6594 884,6594 885,6594 885,6550 886,6549 887,6549 892,6544 901,6544 901,6544 901,6543 904,6540 906,6543 906,6544 907,6544 908,6544 910,6547 910,6549 911,6549 955,6549 955,6550 955,6551 957,6552 1213,6553 1213,6553 1213,6551 1215,6549 1216,6549 1216,6549 1218,6547 1218,6546 1219,6545 1220,6545 1221,6544 1228,6544 1230,6547 1230,6548 1232,6549 1238,6549 1238,6550 1238,6556 1239,6556 1240,6556 1241,6557 1242,6557 1242,6558 1242,6598 1242,6598 1531,6599 1532,6598 1769,6598 1770,6598 1770,6544 1771,6543 1771,6542 1772,6541 1773,6540 1774,6540 1775,6539 1775,6538 1776,6537 1791,6537 1791,6538 1791,6539 1793,6540 1794,6540 1795,6542 1795,6543 1796,6544 1796,6589 1796,6589 2106,6590 2107,6589 2107,6567 2109,6565 2110,6565 2111,6564 2111,6563 2114,6561 2115,6561 2116,6559 2116,6554 2118,6553 2119,6553 2120,6551 2120,6545 2121,6545 2122,6545 2127,6540 2131,6540 2132,6542 2132,6547 2135,6549 2136,6549 2136,6550 2136,6551 2137,6552 2137,6556 2147,6566 2148,6566 2149,6567 2149,6577 2149,6577 2150,6577 2151,6578 2152,6578 2153,6579 2153,6586 2153,6586 2234,6586 2237,6584 2237,6583 2237,6582 2243,6582 2244,6583 2244,6584 2245,6585 2245,6589 2245,6589 2571,6590 2573,6588 2573,6587 2574,6586 2579,6586 2582,6588 2582,6589 2582,6590 2855,6591 2856,6590 2856,6541 2857,6541 2858,6541 2869,6529 2869,6528 2870,6528 2880,6528 2881,6529 2881,6530 2882,6531 2883,6532 2884,6532 2885,6533 2885,6585 2885,6586 3078,6586 3081,6589 3081,6590 3081,6590 3228,6590 3230,6592 3230,6593 3230,6593 3360,6594 3361,6595 3362,6595 3363,6595 3363,6596 3365,6599 3366,6599 3367,6599 3367,6600 3369,6603 3370,6603 3371,6603 3371,6604 3372,6605 3372,6659 3373,6661 3374,6661 3376,6662 3376,6668 3376,6669 3486,6669 3488,6670 3488,6676 3487,6677 3486,6677 3483,6680 3483,6681 3482,6682 3380,6682 3380,6682 3380,6688 3378,6690 3377,6690 3376,6691 3376,6704 3373,6707 3372,6707 3372,6707 3372,6708 3369,6711 3368,6711 3368,6711 3368,6712 3360,6720 3359,6720 3359,6720 3359,6726 3358,6727 3357,6727 3356,6728 3355,6729 3355,6730 3354,6731 3353,6731 3352,6732 3343,6732 3343,6732 3343,6733 3340,6736"/><TextEquiv index="1"><Unicode>“force d'écrire moi - même ma lettre;</Unicode></TextEquiv></TextLine></TextRegion></Page></PcGts>