4266 8129
100 651 3101 861 lettre pareille & de la même fabrique,
50 849 3369 1066 lui a remis Mademoiſelle de Lyſange,
100 1047 3097 1253 qui a volé de grand cœur dans ſes bras,
100 1241 3101 1428 en admirant ſon exceſſive bonté, & ſe
104 1435 3105 1639 louant du bonheur qu'elle avoit de con-
108 1629 3105 1825 noître une ſi honnête Dame, qui lui a
115 1824 3105 1971 rendu toutes ſes amitiés avec uſure. Le
123 2022 3105 2219 petit compte étoit tout prêt; Madame
1 2212 3295 2413 de Buſencour - Arſinoé l'a ſoldé; Ma-
1 2410 3105 2605 dame la Prieure l'a remerciée, en témoi-
15 2604 3101 2802 gnant les plus grandes inquiétudes ſur
22 2798 3105 2992 la ſanté de Madame de Lyſange ſon
30 2992 3113 3187 amie. On s'eſt ſéparé gravement, avec
38 3182 3109 3386 de grandes démonſtrations d'eſtime &
42 3377 3113 3579 d'amitié réciproques. Je me ſuis trouvé
38 3571 3113 3769 à la portière de la voiture, pour pré-
69 3761 3109 3964 ſenter la main aux Dames. Nous ſommes
65 3959 3214 4170 arrivés bientôt à l'hôtel de ma tante,
139 4149 3121 4344 qui a tout-à-fait bonne apparence. Ma-
115 4339 3121 4538 demoiſelle Laure ne ſe poſſédoit pas de
77 4530 3128 4729 joie. J'ai obtenu le baiſer le plus tendre,
84 4723 3113 4922 qui m'a cauſé plus de plaiſir que toutes
158 4912 3365 5094 les faveurs de toutes les Beautés de l'O-
88 5108 3121 5319 péra réunies enſemble. Nous avons fait,
92 5298 3128 5504 entre nous trois, un ſouper délicieux;
100 5492 3128 5695 & je me ſuis retiré auprès d'Almide, le
138 5679 3120 5894 plus tard que j'ai pu, avec regret, &
104 5884 3120 6102 en me faiſant un vrai ſcrupule de laiſſer
2332 6079 2888 6265 H ij
