4266 8479
1381 485 2088 724 i
57 768 3242 998 & par quel artifice? Ah! j'en rougis
69 985 3238 1187 dans le fond de l'ame. Quoi qu'il en ſoit,
65 1195 3415 1401 c'eſt toujours un grand plaiſir de poſſé-
65 1396 3242 1604 der une perfonne auſſi adorable, de
70 1605 2960 1812 quelque manière qu'on la poſsède.
40 1811 3415 2020 Le Chevalier Marqué eſt venu dîner
69 2017 3226 2224 avec nous. Mademoiſelle de Lyſange
69 2223 3230 2428 paroît avoir, contre lui, une véritable
69 2424 3395 2638 antipathie; & lui, de ſon côté, il eſt ſi
3671 2598 3934 2709 L
69 2634 3402 2844 ſouple & ſi mielleux vis-à-vis d'elle,
65 2843 3394 3047 que je crois pouvoir l'accuſer d'être amou-
61 3041 3226 3255 reux d'elle. Je crains bien que le frip-
56 3250 3222 3461 pon ne m'ait fait agir, que pour pro-
56 3449 3238 3663 fiter de ma ſottiſe; mais il a beau faire,
48 3648 3214 3866 il ne gagnera rien; la répugnance eſt
52 3865 1175 4064 trop frappante.
3 4056 3214 4268 Il vouloit auſſi venir ſouper; ma maî-
36 4261 3209 4473 treſſe, car je puis nommer ainſi ma
28 4459 3205 4680 Laure, ma maîtreſſe, dis - je, a exigé
36 4664 3177 4884 que je lui fiſſe refuſer la porte. J'ai
28 4874 3205 5076 conduit ma Belle à l'Opéra. Je l'en ai
28 5084 3197 5297 vue enchantée. De retour chez nous,
36 5285 3201 5499 nous avons fait, tête-à-tête, un ſouper
40 5470 3193 5703 délicieux; tandis que le Chevalier Mar-
36 5696 3181 5902 qué, refuſé à la porte, couroit, inondé
36 5902 3181 6116 par la pluie, pour chercher ſon ſouper
40 6091 1191 6263 d'un autre côté.
206 6305 3178 6495 Déjà la ſéduction entroit dans l'ame
40 6493 3382 6736 de ma compagne, par tous les ſens.
2256 6729 2939 6971 Hi
