4266 8206
2302 277 2806 463 S
1001 504 4265 726 tendu dire unanimement que mon Men-
993 713 4265 947 tor étoit un roué, & il m'envoyoit un
965 909 3935 1115 homme reſpectable pour le remplacer.
1188 1090 4266 1315 Soudain, j'ai remercié le Chevalier
981 1308 4266 1513 Marqué; je lui ai dit qu'il n'étoit plus mon
921 1508 4267 1714 Gouverneur; & que le Banquier, chargé
981 1708 4267 1913 par mon père, de m'en trouver un
993 1903 4268 2112 autre, m'en avoit envoyé un, ſous les
993 2106 4268 2307 loix duquel j'allois me ranger très-vo-
981 2304 4269 2527 lontiers. Il ne m'a rien répondu, & m'a
1001 2509 2103 2658 tourné le dos.
1200 2679 4269 2913 Cependant, j'ai eu le bonheur de ne
1001 2900 4270 3305 onque que a da éctis
869 3295 4271 3505 ſecrètement ſes démarches; il me ſemble
1001 3494 4271 3703 que j'ai eu le bonheur de l'appaiſer un
781 3690 4272 4112 larpue , il ee àle mnmene duneua
1017 4092 4272 4306 d'elle; mais elle ne daigne pas le re-
682 4290 4273 4497 cevoir. Elle a fait condamner la porte
1017 4485 4273 4686 ſecrette par laquelle il entroit chez elle.
1013 4686 4274 4896 Je ſuis ſeul privilégié; elle ne voit que
1017 4881 4274 5103 moi, & devroit me bannir comme les
818 5144 1501 5245 autres.
2286 5575 2486 5667 t
