4266 7819
7 938 3091 1132 ::
1 1316 3089 1503 Le Chevalier Marqué, à Frédégonde.
1 1730 3095 2043 Aurois-tu ſoupçonné cela, maligne
197 2026 3095 2217 Frédégonde? Le petit imbécille nous a
201 2216 3095 2407 joués. D'abord il a tiré du Couvent mon
25 2401 3107 2591 adorable Laure; mais le traître en a
182 2590 3114 2781 joui; & juſqu'à préſent, il en a joui ſeul.
36 2779 3107 2969 Tu ſens bien que ce n'étoit pas là mon
44 2968 3237 3159 intention. Je voudrois bien me venger
55 3155 3413 3346 ſur ſon Aurore, qui eſt en notre pouvoir;
51 3341 3417 3533 mais la charmante rebelle a une petite
66 3531 3118 3724 vertu armée d'ongles & de dents. Je n'ai
70 3723 3122 3907 gagné juſqu'ici que des égratignures; &,
74 3907 3125 4094 pour peu que j'euſſe voulu la pourſuivre
74 4090 3129 4277 davantage, elle m'auroit arraché les
71 4282 972 4458 deux yeux.
89 4401 3253 4652 Mon perfide élève m'a joué un ſecond
96 4654 3140 4850 tour, encore plus infame que le pre-
111 4841 3144 5029 mier. Il a fait écrire, par ſon père, à
104 5025 3327 5219 un Banquier de Paris, de recueillir des
104 5208 3151 5399 informations ſur mon compte, & de
111 5395 3155 5586 chercher, pour ſon fils, un autre Gou-
115 5582 3163 5777 verneur, en cas qu'il me trouvât indigne
119 5769 3335 5967 de cet emploi. J'avois vu cette particu-
130 5952 3181 6154 larité dans la longue lettre du jeune-
2359 6162 2711 6342 Hv
