4266 8430
1348 319 2209 533 i
175 585 3364 791 “Monſieur, j'ai l'honneur de vous
179 790 3405 987 “remercier du nouveau ſervice que vous
179 995 3360 1201 “avez voulu me rendre. Vous m'avez
175 1192 3376 1402 “envoyé un homme qui m'a paru fort
183 1401 3462 1606 “honnête, & dont la capacité n'eſt pas
179 1601 3372 1808 “douteuſe, puiſque vous me l'atteſtez.
3 1802 3368 2011 “Je compte que je ferois, en lui, une
171 2003 3380 2212 “très-bonne acquiſition; mais à préſent
171 2208 3376 2418 “que je ſuis détrompé, je ne puis, ni
179 2414 3376 2624 “ne veux me priver du Chevalier Mar-
183 2618 3385 2823 “qué. Je ne dois pas me mettre ſous
204 2819 3380 3030 “la conduite d'un nouveau Gouverneur.
204 3024 3385 3234 “J'ai l'honneur de vous remercier de
196 3225 3557 3434 “me l'avoir procuré; je fais mes excuſes
40 3432 3393 3634 “à cet homme eſtimable; je voudrois
187 3631 3401 3848 “contribuer à le placer plus avantageu-
183 3839 3393 4054 “ſement; & j'apprends, avec plaiſir,
175 4044 3659 4254 “qu'il renonce, de lui-même, au poſte
183 4241 3409 4451 “peu lucratif que vous lui aviez pro-
183 4446 3397 4655 “poſé auprès de moi. Encore un coup,
188 4656 3402 4857 “Monſieur, je reſte, de tout mon
187 4864 3401 5071 “cœur, ſous la direction de M. le
204 5061 3401 5274 “Chevalier Marqué, le plus digne des
179 5266 3401 5467 “hommes. Il a des ennemis qui avoient
192 5466 3393 5668 “pu le noircir à vos yeux; mais je
191 5663 3393 5871 “dois le juſtifier. Je dois auſſi rendre
196 5866 3561 6079 “juſtice à une autre perſonne liée avec
200 6069 3397 6289 “lui, qu'on avoit calomniée pareille-
204 6286 3385 6495 “ment; c'eſt Madame Frédégonde, ame
