4266 8494
2308 305 2847 532 ia
901 563 4210 807 “prodigieuſe, d'une énergie ſublime;
875 792 4197 1017 “d'une nature ſupérieure, la première
918 1008 4202 1222 “des femmes. Je contemple de près ce
649 1209 4184 1445 “phénomène, & je ne puis me laſſer
905 1441 2817 1633 “de l'admirer.....“
893 1626 4232 1871 Je ris comme une folle, en écrivant
897 1854 4223 2085 ces extravagances, & je n'ai pas la force
914 2072 4223 2298 de finir cette lettre, tant je ſuis obligée
901 2286 4240 2504 de me tenir les côtés; tu la termineras
897 2500 4176 2722 en deux mots; ou tu en laiſſeras l'hon-
888 2714 4214 2940 neur au jeune-homme qui aura la bonté
897 2932 4180 3152 de la copier. Mais te voilà encore em-
893 3137 4180 3364 barraſſé pour lui faire faire cette copie,
893 3348 4189 3580 & pour lui inſpirer les ſentimens qui
884 3573 4189 3774 nous conviennent; tu ne ſais comment
893 3791 4193 4001 t'y prendre. Hé nigaud! n'avons - nous
880 3996 4194 4210 pas la jeune Aurore entre nos mains;
888 4197 4198 4431 & le petit bon-homme n'en eſt - il pas
863 4432 4214 4642 amoureux à la rage? Avec un amour
897 4623 4206 4853 auſſi puiſſant, ne ſommes-nous pas sûrs
893 4847 4197 5057 de faire faire, à notre automate, tout
880 5044 4193 5262 ce que nous voudrons? S'il veut voir
875 5266 4193 5486 Aurore, s'il veut lui parler, s'il veut
803 5480 4197 5700 en jouir, il faut qu'il ſe ſoumette aveu-
670 5689 4193 5913 glément à nos volontés; ſans cette ſou-
888 5907 4197 6129 miſſion pleine & entière, point d'Au-
893 6125 4197 6335 rore! Nous la ferons avoir à quelqu'autre,
893 6329 4193 6550 à qui nous voudrons; & il en ſera privé
893 6532 4207 6780 pour la vie, s'il ne nous obéit; & ſa
