4266 8554
2251 511 2946 704 (r.
871 741 4199 973 homme comme rempli d'une légion de
770 967 4203 1211 diables. Je te ſeconderai en cela, ſi tes
867 1173 2883 1386 efforts ne ſuffiſent pas.
904 1386 4173 1599 Ne dois-tu pas être bien fier de l'hon-
854 1596 4048 1808 neur que je te fais de te louer à toute
858 1805 4039 2019 outrance, de ce que je fais, de toi,
854 2019 4048 2230 un honnête - homme? Cela doit te pa-
850 2226 4136 2442 roître bien étrange, malheureux! tu me
851 2435 3864 2666 démentiras par toutes tes actions.
851 2917 4065 3089 .
889 3340 4170 3542 Céſar de Perlencour, à Dumoulin.
837 3860 4060 4098 Je ſuis dévoué à la perdition, mon
829 4086 4182 4299 ami. Il eſt écrit que je ſerai toujours
515 4295 4182 4498 enchaîné dans les filets de cette bande
829 4496 4182 4716 infernale; que les Marqué, les Frédé-
820 4710 4098 4918 gonde auront, ſur moi, un aſcendant
829 4915 4073 5132 de fer, qui m'entraînera dans l'abîme.
649 5125 4081 5334 Je croyois être quitte de cette vile ca-
737 5334 4077 5551 naille, & reſpirer ſous la tutele d'un
829 5544 4085 5761 honnête - homme. Point du tout, me
682 5754 4073 5967 voilà rengagé plus que jamais ſous leur
829 5967 4073 6185 joug odieux. Les ſcélérats ont ſu s'em-
825 6177 4073 6391 parer de la jeune Aurore Belle-en-Deuil,
830 6392 4078 6841 e ee, le peeeent ne fire iie mon
