4266 8165
1125 495 1969 686 i
-15 727 3370 953 ce qu'ils veulent. C'étoit le ſeul objet,
-15 923 3233 1150 en effet, qui pouvoit m'engager à plier
-14 1132 3241 1348 un peu ma volonté à la leur. Ils m'ont
-14 1340 3245 1550 mis le pied ſur la gorge: „Si vous vou-
-14 1528 3241 1741 “lez vous laiſſer conduire, m'ont - ils
-13 1724 3253 1938 “dit, la belle Aurore eſt à vous; ſi-
-13 1928 3253 2135 “non vous ne la reverrez jamais.“ Ce
-12 2128 3245 2338 poliſſon de Chevalier Marqué a oſé me
-12 2324 3257 2537 préſenter un modèle de lettre, tracé
-11 2536 3257 2737 par la déteſtable Frédégonde. C'eſt un
-11 2733 3594 2938 prodige d'impudence & d'abſurdité. Par
-10 2925 3261 3134 cet infame écrit, je dois reconnoître le
-10 3111 3261 3335 Chevalier Marqué pour un modèle ac-
-10 3329 3325 3533 compli de probité; j'ai été parfaitement
-9 3525 3265 3726 détrompé ſur ſon compte, je ne veux
-9 3713 3357 3925 que lui pour mon Gouverneur, je le
-8 3909 3257 4121 ſignifie poſitivement au Banquier de
-8 4117 3253 4320 mon père, & je lui renvoie le Mentor
-7 4311 3269 4520 qu'il vouloit me procurer. Il eſt ſingulier
-7 4510 3413 4710 de voir comment cette impudente de
-7 4688 3257 4917 Frédégonde ſe met dans les nues, &
-6 4910 3453 5115 fait, d'elle - même, un perſonnage ſu-
-6 5114 3265 5316 blime, céleſte; & c'eſt à moi que l'on
-5 5306 3265 5507 fait tenir ce langage ſoulevant. Le vil
-5 5492 3265 5712 Marqué a oſé me propoſer de copier ce
-4 5702 3349 5910 chiffon & de le ſigner, en me promet-
-4 5906 3261 6091 tant Aurore, ou me menaçant de me
-4 6086 3261 6315 l'enlever pour jamais. Je lui ai ſauté ſur
-3 6299 3253 6534 le corps avec ma canne; c'eſt frapper
