4266 8050
1058 314 1894 514 (r)
114 737 3420 930 Lettre de Monſieur l'Agiot Banquier,
529 1099 2816 1344 à Monſieur de Perlencour fils.
14 1579 3207 1783 „Je ſuis fâché, Monſieur, que l'homme
1 1779 3211 1979 “que je vous avois adreſſé ne puiſſe
148 1975 3215 2172 “vous convenir. C'eſt une vraie perte
160 2168 3454 2375 “que vous faites. Je ſouhaite que le
164 2364 3219 2566 “Gouverneur, auquel vous vous en
42 2560 3227 2764 “tenez, puiſſe vous en dédommager.
171 2756 3231 2921 “J'avois recueilli des informations ſur
175 2956 3238 3153 “le compte de ce Mentor; on s'étoit
1 3150 3250 3340 “accordé unanimement à me dire beau-
183 3348 3250 3546 “coup de mal de lui, auſſi bien que de
77 3540 3254 3741 “Madame Frédégonde, dont vous faites
3 3736 3560 3932 “un ſi pompeux éloge. Selon tout le
116 3928 3262 4129 “monde, c'eſt un grand malheur pour
183 4124 3274 4322 “vous d'être tombé dans de pareilles
30 4317 3278 4517 “mains. Vous m'aſſurez qu'on les a
199 4515 3274 4709 “calomniés, que vous les avez étudiés,
204 4710 3282 4902 “que vous avez été dans l'erreur ſur
207 4901 3281 5105 “leur compte, que vous êtes détrompé.
58 5097 3285 5298 “Je ſouhaite qu'au contraire vous ne
1 5281 3289 5496 “ſoyez pas à préſent dans l'erreur. Quoi
215 5477 3293 5672 “qu'il en ſoit, ſi vous commettez une
218 5672 3297 5874 “faute, en reſtant avec ces gens-là, je
222 5869 3289 6092 “m'en lave les mains. S'ils ſont en
