4266 8697
105 476 3371 687 de me remettre à ma diſpoſition. Je me
100 691 3358 915 ronge les poings de fureur. Cent fois
1 906 3367 1128 le jour il me prend envie de traiter cette
105 1117 3367 1316 vile canaille, comme elle le mérite. Je
96 1333 3358 1544 ne puis plus voir que ma chère Laure.
29 1539 3371 1747 Du moins, je trouve chez elle une ame
58 1747 3548 1966 honnête, & je reſpire. Une ame hon-
100 1957 3379 2174 nête dans un beau corps! quel enchan-
96 2168 3379 2388 tement! Ah! j'étois né moi-même pour
106 2389 1148 2536 être honnête.
4 2819 3376 3022 iS
582 3182 2811 3402 Aurore Belle - en - Deuil,
869 3604 2650 3828 à Céſar de Perlencour.
113 4038 3384 4273 Je m'en veux beaucoup, mon cher
105 4261 3384 4477 Monſieur Céſar. Le petit commiſſion-
109 4472 3384 4686 naire, qui vous remettra cette lettre, m'a
113 4682 3379 4899 dit que j'avois dû vous voir l'autre jour
121 4890 3379 5114 en ſortant de chez Madame Frédégonde.
113 5101 3388 5321 Je vous jure, mon bon ami, que je ne
117 5308 3633 5532 vous ai point vu. Hélas! Je penſois
113 5519 3460 5731 pourtant à vous. Je voyois votre chère
109 5722 3379 5941 image; c'eſt elle qui m'a empêchée de
109 5928 3384 6139 voir votre perſonne. Je ſerois tentée de
114 6140 3389 6356 punir, à coups de poings, ces yeux in-
84 6360 3486 6605 dignes, qui m'ont joué un ſi mauvais
