4266 8613
994 390 4240 668 tour. Mon Dieu! que j'aurois eu de
759 658 4228 881 plaiſir à voler dans vos bras, après une
961 872 4219 1088 ſi longue abſence, après les inquiétudes
935 1082 4228 1294 cruelles que j'ai eues ſur votre compte!
721 1292 4140 1490 „Mon Dieu! me diſois-je en moi-même,
919 1502 4198 1717 “ce pauvre Monſieur Céſar, que dira-
931 1712 4131 1927 “t-il quand il ne nous trouvera plus
700 1924 4203 2139 “en arrivant? Ne regardera-t-il point
923 2137 4186 2348 “notre diſparution comme une trahiſon
935 2330 4198 2552 “de notre part? Ne croira-t-il point
601 2562 4195 2763 “que nous l'avons voulu fuir?“ Nous
612 2771 4165 2982 qui vous avons tant d'obligations, mon
931 2976 4215 3212 bon ami, mon cher petit maître de
851 3188 4219 3405 deſſin, de gravure! Cela ſeroit bien in-
952 3397 4215 3611 grat de notre part. Non, mon bon ami,
572 3615 4127 3825 nous vous regrettons tous les jours; nous
948 3821 4135 4026 parlons de vous ſans ceſſe. Combien
902 4026 4207 4251 n'avons-nous pas forgé d'hiſtoires dans
604 4241 4186 4455 notre tête, pour deviner ce que vous
847 4440 4211 4666 êtes devenu, & ce qui vous eſt arrivé
956 4652 4144 4866 depuis votre départ! Que nous avions
835 4862 4148 5076 de plaiſir à vivre avec vous, mon cher
919 5068 4144 5286 petit bon ami! Vous ſentez bien que
889 5273 4148 5497 nous ne nous ſerions pas privés de gaîté
919 5485 4144 5693 de cœur de la plus charmante ſociété.
952 5689 4144 5912 C'eſt Madame Frédégonde qui a tout
952 5908 4148 6128 fait, ſans doute, avec une bonne in
663 6122 4152 6332 tention. Elle eſt bien méchante, cette
952 6319 4140 6569 Madame Frédégonde, avec toute ſa
3653 6529 4144 6710 charité.
