4266 8423
1848 472 2842 676 a
806 707 4242 924 tout-à-fait dans ſa dépendance? mais
805 915 3989 1123 que lui importe notre dépendance?
1025 1123 4213 1343 Et vous, mon pauvre Monſieur Céſar,
797 1330 4201 1725 uu au ous fs i à vnus umnie t e
798 1742 3966 1942 ſeulement? Pourquoi eſt - elle ennemie
802 1946 3966 2156 de mon bonheur & du vôtre? Ah! la
801 2155 4083 2368 charité prend une tournure bien ſingu-
699 2360 3224 2571 lière chez certaines perſonnes.
1004 2556 4180 2776 Et puis elle a toujours, avec elle,
793 2772 4148 2975 un vilain Chevalier Marqué, qui veut
748 2979 4176 3187 qu'on le trouve charmant, avec ſa figure
797 3183 4176 3391 de maroquin. Mon Dieu! que cet homme
805 3389 4148 3594 eſt perſécutant! Comment peut-il y avoir,
801 3594 4172 3802 dans votre ſexe, des gens ſi horrible-
801 3797 4160 4010 ment différens de vous, & de mon cher
797 4009 4152 4209 papa? Il languit toujours, ce cher au-
809 4213 3981 4423 teur de mes jours; ma mère & moi,
499 4408 4091 4624 nous ſéchons ſur pied de ne pouvoir lui
793 4604 4148 4819 procurer toutes les douceurs, dont il
793 4811 3989 5015 auroit beſoin. C'eſt pourtant la faute de
789 5019 4054 5226 Madame Frédégonde; car, avant de la
785 5223 4038 5428 connoître, nous étions tous contens.
833 5426 4075 5637 Venez nous voir le plutôt que vous
776 5632 4074 6046 et que mont reeermn uutt amient
658 6045 4070 6254 logement, où nous jouiſſions de votre
508 6248 3973 6460 ſociété! Le cher papa, la chère ma-
504 6444 3968 6672 man ſe plaignent comme moi à cet égard.
