4266 8060
1374 519 1843 740 o.
128 743 3129 925 Adieu, mon bon Monſieur Céſar, mon
127 944 3127 1138 cher maître, mon ami, nous vous at-
127 1137 3124 1335 tendons comme notre ſauveur. Au plaiſir
131 1335 3120 1534 de vous voir. Mon père, ma mère vous
130 1528 3127 1722 embraſſent; & moi, m'eſt-il permis d'en
135 1719 1890 1924 faire autant par écrit?
8 2431 3121 2652 Céſar de Perlencour, à Dumoulin.
3 2883 3116 3066 liens, mon cher Dumoulin, lis la
22 3096 3363 3286 tendre lettre de ma belle Aurore, dont
26 3280 3371 3488 je t'envoie copie. Qu'elle eſt douce!
22 3485 3182 3686 qu'elle eſt bonne! que Frédégonde eſt
34 3672 3124 3879 infernale! la malheureuſe! comme elle
30 3875 3112 4083 enchaîne ces pauvres gens dans ſes lacs;
115 4072 3391 4271 comme elle les iſole & les lie! on di-
38 4262 3112 4463 roit d'une araignée qui prend une pauvre
49 4446 3112 4657 mouche dans ſa toile. Cette coquine
42 4649 3116 4854 avoit la cruauté d'aller chez tous les gens
49 4842 3112 5056 qui leur donnoient de l'ouvrage, pour
49 5024 3112 5232 les décrier, & leur ôter toutes reſſources,
49 5226 3116 5444 afin qu'ils fuſſent entièrement à elle. Et
45 5423 3112 5629 moi, pauvre malheureux, que lui ai-je
53 5605 3112 5815 fait à cette infame ſorcière là? Pourquoi
41 5799 3112 6013 ſe plaire à ruiner mon bonheur? La
61 5992 3104 6209 ſcélérate! loger ces pauvres gens dans
61 6187 3108 6425 une maiſon de perdition qui eſt la ſienne;
2353 6410 2605 6600 Ii
