4266 8057
2427 508 2987 756 .
1155 798 4279 1008 car il y a une porte ſecrette de commu-
1143 994 4279 1228 nication, entre ſon logis & celui où elle
1143 1187 3280 1383 a enterré ces honnêtes gens.
1151 1379 4278 1601 Et ce vilain Chevalier Marqué! Je ſuis
972 1504 4277 1773 bien vivement tenté de le careſſer en-
1132 1772 4277 1979 core avec ma canne, afin de le remercier
1128 1969 4276 2166 des attentions qu'il a pour mon Aurore.
1128 2165 4276 2385 Je le trouverai, quelque jour, rôdant
1120 2361 4271 2557 autour de ce logis, pour chercher à y
1112 2537 4275 2758 faire des ſiennes. Je le traiterai comme
1113 2749 4275 2952 il le mérite. Je vengerai ma belle Au-
1097 2963 1624 3149 rore.
2223 3285 4274 3516 La“
1093 3286 1283 3480 .
2446 3693 2857 3836 Suite.
1101 4021 4272 4300 J'ai vu ma chère Aurore! qu'elle eſt
1097 4277 4271 4494 belle; combien j'ai le bonheur d'en être
1090 4469 4271 4673 aimé. Quel déteſtable logis! quel noit
1086 4659 4271 4876 cachot, pour un ange revêtu d'une forme
1078 4851 4270 5068 humaine! Cette ignoble retraite ſembloit
1074 5042 4270 5265 faire reſſortir ſa beauté céleſte, & la
978 5235 4269 5456 rendoit plus éblouiſſante. Ce n'eſt rien
1067 5431 4269 5654 dire que de la repréſenter comme une
1059 5624 4269 5852 Reine, qui deſcend de ſon trône, pour
1055 5819 4268 6043 ſecourir le dernier de ſes ſujets. La
1051 6009 3929 6240 comparaiſon eſt trop foible, trop a
1040 6236 2188 6435 deſſous d'elle.
