4266 8250
1280 512 1886 742 o
-15 749 3197 1005 Son père & ſa mère ſont la vertu
-15 996 3197 1208 même. J'ai vu pétiller la joie dans leurs
-14 1195 3368 1403 yeux languiſſans. Ils m'ont tendu les
-14 1400 3201 1607 bras. Je m'y ſuis précipité. Je les ai
-13 1594 3197 1808 embraſſés, comme un fils qui embraſſe,
-13 1789 3189 2008 avec tendreſſe, ſon père & ſa mère. Et
-13 2001 3193 2206 l'adorable Aurore! j'ai appuyé mes lèvres
-12 2200 3189 2410 tremblantes, ſur les roſes de ſes joues,
-12 2406 3197 2609 qui en ont redoublé. O charme incon-
-11 2599 3253 2818 cevable de la pudeur mêlée avec l'amour!
-11 2809 3404 3012 comme ſes yeux étoient parlans! comme
-10 3005 3197 3221 leurs doux rayons perçoient juſqu'à mon
-10 3214 601 3408 cœur!
-10 3403 3197 3632 Que de choſes nous nous ſommes dit
-9 3612 3241 3821 tous les quatre! j'étois à cœur découvert
-9 3816 3193 4021 au milieu de ma famille. Je n'aurai
-8 4018 3193 4241 jamais d'autre épouſe que ma chère
-7 4214 889 4396 Aurore.
-7 4389 3202 4617 Nous étions au fort de l'intimité, au
-7 4617 3201 4830 comble de l'attendriſſement, & de l'en-
-7 4811 3197 5033 chantement; nous planions dans les cieux,
-6 5011 3400 5231 la porte s'eſt ouverte, & j'ai vu l'enfer.
-6 5215 3197 5415 L'indigne Frédégonde, l'infame Cheva-
-5 5410 3400 5618 lier Marqué ſe ſont préſentés, ont fait
-5 5609 3197 5825 la plus horrible grimace, en m'apper-
-4 5813 3193 6016 cevant. Je n'en ai pas dû faire une moins
-4 6014 3193 6228 apparente. Soudain, enfonçant mon
-3 6213 3189 6437 chapeau: „Je prends ces honnêtes - gens
-3 6417 3177 6639 “ſous ma protection, me ſuis - je écrié.
2272 6638 2746 6834 Iiij
