4266 8251
1988 563 2592 754 ()
587 789 4202 1008 plus tendre que jamais. Elle n'eſt inſtruite
571 1002 4198 1202 de rien, la chère perſonne. Je la vois
888 1201 4191 1410 dans une ſorte de ſtupeur. Elle ne com-
892 1400 4175 1608 prend rien à ſa ſituation. Elle veut aller
880 1602 4167 1805 voir ſa mère, qui ſe dit malade, par ſa
880 1801 4167 1999 lettre de notre façon. Elle ſe croit libre
698 2007 4151 2210 chez nous, malgré les précautions que
876 2209 3956 2408 le couple ſcélérat prend à ſon inſçu. Son
876 2404 4163 2611 tendre amour pour moi l'emporte ſur
872 2604 4143 2817 la défiance que tout lui devroit inſpirer,
880 2809 4162 3014 dans la ſituation où elle ſe trouve. Chère
876 3003 4115 3215 Laure! ſa confiance, en moi, me rend
876 3210 3952 3420 plus criminel à ſon égard, & m'inſpire
868 3412 4138 3620 plus d'intérêt en ſa faveur. Me voilà
872 3608 4143 3817 preſqu'au point de pouvoir jouir, d'un
868 3813 4139 4024 côté, de la belle Laure, & de cultiver,
864 4012 4139 4216 de l'autre, l'amitié de la belle Aurore.
868 4210 4135 4416 Situation délicieuſe, ſi elle n'étoit pas
873 4405 1600 4608 coupable!
1361 5112 3489 5319 Fin de la quatrième Liaſſe.
