4266 8314
1347 549 2155 784 (2o1)
269 1017 3526 1204 ..s
2843 1424 3201 1550 L
341 1486 3292 1776 n Me.
1764 1554 1916 1632 -
734 2234 2756 2467 Cinquième Liasse.
325 2780 3176 3017 Céſar de Perlencour, à Dumoulin.
31 3085 3383 3482 Cerre ſituation délicieuſe dont je jouiſ-
39 3474 3383 3670 ſois a été troublée, & quelques nuages
42 3670 2633 3837 en ont obſcurci la ſérénité.
293 3872 3383 4072 Depuis quelque temps, entraîné par
47 3997 3407 4274 le mauvais exemple de jeunes gens qui,
70 4274 3395 4477 malgré leur rang ſupérieur, ne ſont pas
66 4472 3395 4674 dignes, peut-être, de frayer avec moi,
66 4671 3395 4887 j'ai ferraillé un peu plus que je ne de-
70 4870 3399 5084 vois, ſans être aſſez ſcrupuleux ſur la
74 5053 3395 5268 légitimité des motifs. Il eſt réſulté de-là,
74 5268 3416 5471 que je me ſuis fait la réputation d'une
66 5466 3423 5667 des meilleures épées de Paris; mais cette
79 5664 3411 5864 réputation ne vous fait donner, par les
79 5864 3411 6071 honnêtes gens, que le nom de ſpadaſ-
78 6059 3415 6268 ſin, qui eſt aſſez mal - ſonnant; &,
94 6262 3574 6473 d'ailleurs, je me ſuis ſuſcité pluſieurs
94 6464 3439 6671 mauvaiſes affaires, aſſez déſagréables,
2533 6678 2839 6825 Iv
