4266 8114
2321 546 2899 798 .
983 840 4161 1038 que j'aurois mieux fait de m'épargner.
1169 1037 4184 1227 Il vient de m'arriver une mortifica-
988 1236 3965 1426 tion de ce genre que je ne veux avouer
972 1433 3952 1633 qu'à toi, mon ami. J'avois eu, il y a
972 1626 4150 1840 quelque temps, une querelle avec un
774 1828 3936 2027 jeune militaire, pour une fille, ce qui
964 2018 4126 2222 n'étoit pas trop ſage. J'avois donné un
968 2219 3936 2418 bon coup d'épée à mon adverſaire, ce
956 2417 4115 2616 qui avoit dû le rendre plus ſage que moi.
956 2611 4126 2805 Sa maîtreſſe, que je ne connoiſſois pas,
952 2812 4130 3018 parce que ce n'étoit pas pour elle que
948 3002 4123 3210 nous nous étions battus; ſa maîtreſſe,
863 3202 4118 3413 dis-je, a voulu le venger. Tu vas voir
944 3405 3103 3599 comment elle s'y eſt priſe.
1134 3584 4103 3800 Je donnois dernièrement le bras à
949 3789 3936 3999 une de nos Elégantes; tu comprends
917 3990 4084 4192 ſans doute que je parle ici d'une fille;
572 4188 4084 4386 c'eſt toujours avec ces ſortes de perſonnes
925 4374 3952 4573 que les bonnes aventures nous viennent.
913 4572 4061 4766 Je me promenois donc, avec une fille,
913 4769 4053 4968 ſur la brune. Un blanc - bec vient, au
793 4963 4052 5161 moment où j'y penſe le moins, m'en-
906 5160 3913 5359 lever la nymphe, en diſant: „Monſieur
685 5358 3905 5556 “le Lyonnois eſt trop galant pour ne
890 5556 3898 5750 “pas céder, à un honnête - homme,
886 5746 3948 5954 “cette Beauté qui me convient mieux
882 5937 3882 6152 “qu'à lui.“ J'ai trouvé ce procédé de
886 6141 3882 6343 la plus grande inſolence. „C'eſt ce que
883 6347 3868 6562 “nous allons voir, ai-je dit, en vou-
