<PcGts xmlns="http://schema.primaresearch.org/PAGE/gts/pagecontent/2017-07-15" xmlns:xsi="http://www.w3.org/2001/XMLSchema-instance" xsi:schemaLocation="http://schema.primaresearch.org/PAGE/gts/pagecontent/2017-07-15 http://schema.primaresearch.org/PAGE/gts/pagecontent/2017-07-15/pagecontent.xsd"><Metadata><Creator>User123</Creator><Created>2020-10-14T11:42:24</Created><LastChange>2020-10-14T11:42:24</LastChange></Metadata><Page imageFilename="0210.png" imageHeight="8409" imageWidth="4266"><TextRegion id="r0" type="paragraph" orientation="0.125"><Coords points="1,1 4264,1 4264,8407 1,8407"/><TextLine id="r0_l001"><Coords points="2734,24 2978,24 2979,143 2735,143"/><TextEquiv index="1"><Unicode></Unicode></TextEquiv></TextLine><TextLine id="r0_l002"><Coords points="1610,628 2107,627 2107,823 1610,824"/><TextEquiv index="1"><Unicode>o.</Unicode></TextEquiv></TextLine><TextLine id="r0_l003"><Coords points="1657,1079 1654,1077 1654,1038 1654,1037 573,1039 571,1038 571,1037 570,1035 526,1035 525,1034 317,1035 315,1033 315,1032 314,1031 313,1030 312,1030 311,1029 311,1028 310,1027 309,1027 307,1025 307,996 305,995 304,995 303,993 303,980 305,978 306,978 307,977 307,971 307,971 312,971 313,970 314,970 315,969 315,968 316,967 506,967 507,966 507,939 506,939 72,939 71,938 71,933 73,930 74,930 75,930 75,929 77,926 78,926 79,926 79,925 81,922 82,922 83,922 83,921 84,919 506,919 507,918 507,904 512,899 529,898 532,895 1477,893 1478,893 1478,890 1479,889 1479,888 1479,887 1484,887 1487,885 1487,884 1487,883 1496,883 1499,881 1499,880 1499,879 1504,879 1506,878 1506,877 1507,875 2225,874 2226,873 2226,868 2227,867 2665,866 2666,865 2666,856 2666,856 2677,856 2678,856 2678,859 2678,860 3240,859 3242,860 3242,915 3242,916 3336,915 3338,917 3338,951 3338,951 3421,951 3422,952 3422,954 3422,954 3423,954 3426,957 3426,958 3426,958 3427,958 3430,961 3430,982 3429,982 3428,982 3426,985 3426,986 3424,987 3342,987 3342,988 3342,1010 3342,1010 3341,1010 3339,1012 3338,1013 3338,1014 3337,1015 3320,1015 3318,1017 3318,1018 3317,1019 2603,1021 2602,1021 2602,1029 2601,1031 1696,1033 1695,1033 1695,1076 1693,1079"/><TextEquiv index="1"><Unicode>“lant mettre l'épée à la main.“ Plu-</Unicode></TextEquiv></TextLine><TextLine id="r0_l004"><Coords points="824,1295 823,1293 823,1292 821,1291 816,1291 815,1289 815,1239 814,1239 572,1239 571,1241 571,1242 570,1242 569,1242 568,1243 567,1242 456,1243 455,1241 455,1240 453,1239 336,1239 335,1237 334,1179 333,1178 332,1178 331,1177 331,1168 330,1167 329,1167 327,1165 327,1163 328,1163 329,1163 331,1160 331,1155 332,1155 337,1155 338,1154 339,1154 339,1153 339,1136 342,1134 343,1134 343,1133 343,1128 369,1103 377,1103 381,1099 402,1099 403,1100 403,1105 404,1106 405,1106 407,1108 407,1113 408,1114 409,1114 411,1116 411,1146 412,1147 540,1146 541,1147 542,1147 543,1149 543,1154 544,1154 648,1154 649,1155 833,1155 835,1152 835,1151 836,1151 1002,1150 1003,1149 1003,1148 1004,1147 1067,1147 1067,1147 1067,1136 1068,1135 1069,1135 1071,1133 1071,1124 1072,1123 1073,1123 1075,1121 1075,1116 1076,1115 1077,1115 1079,1113 1079,1104 1080,1103 1081,1103 1083,1101 1083,1100 1084,1099 1085,1099 1087,1097 1087,1096 1088,1095 1093,1095 1095,1093 1095,1092 1096,1091 1122,1091 1123,1093 1123,1094 1125,1095 1126,1095 1127,1097 1127,1143 1128,1143 1437,1143 1439,1140 1439,1139 1440,1139 1441,1139 1442,1139 1450,1139 1450,1140 1450,1141 1453,1143 1645,1143 1646,1142 1646,1130 1647,1129 1647,1128 1648,1127 1649,1127 1650,1126 1650,1122 1651,1121 1651,1120 1652,1119 1653,1119 1654,1118 1654,1114 1655,1113 1655,1112 1656,1111 1657,1111 1658,1110 1658,1106 1659,1105 1659,1104 1660,1103 1661,1103 1662,1102 1662,1098 1663,1097 1663,1096 1664,1095 1669,1095 1671,1092 1671,1091 1672,1091 1677,1091 1679,1088 1679,1087 1680,1087 1706,1087 1706,1087 1706,1088 1709,1091 1710,1091 1710,1091 1710,1092 1711,1093 1895,1093 1895,1092 1895,1091 1896,1091 1897,1091 1899,1088 1899,1087 1900,1086 1902,1086 1902,1086 1902,1085 1904,1083 1913,1083 1914,1082 1914,1081 1916,1079 1926,1079 1926,1080 1926,1081 1929,1083 1930,1083 1930,1084 1930,1085 1933,1087 1934,1087 1934,1088 1934,1089 1935,1090 1935,1135 1936,1135 2133,1135 2134,1134 2254,1134 2254,1133 2254,1100 2256,1099 2257,1099 2258,1097 2258,1096 2260,1095 2261,1095 2262,1093 2262,1092 2264,1091 2266,1091 2266,1091 2266,1092 2269,1095 2274,1095 2274,1095 2274,1096 2277,1099 2278,1099 2278,1099 2278,1134 2279,1135 2482,1134 2482,1134 2482,1113 2484,1111 2485,1111 2486,1110 2486,1105 2488,1103 2489,1103 2490,1102 2490,1097 2492,1095 2493,1095 2493,1095 2494,1094 2494,1093 2496,1091 2497,1091 2498,1090 2499,1090 2500,1091 2502,1091 2502,1092 2502,1135 2503,1135 2574,1135 2574,1136 2574,1137 2577,1139 2772,1139 2773,1138 2774,1138 2774,1137 2774,1136 2777,1134 2778,1134 2778,1133 2778,1132 2781,1130 2782,1130 2782,1129 2782,1116 2784,1115 2785,1115 2786,1113 2786,1104 2788,1103 2789,1103 2790,1101 2790,1096 2792,1095 2793,1095 2793,1094 2794,1093 2794,1092 2797,1090 2798,1090 2798,1089 2798,1088 2801,1086 2802,1086 2802,1085 2802,1084 2805,1082 2806,1082 2806,1081 2806,1080 2808,1079 2818,1078 2818,1078 2818,1077 2820,1075 2821,1075 2822,1074 2823,1074 2824,1075 2825,1075 2829,1079 2837,1079 2842,1085 2842,1134 2843,1134 3110,1134 3110,1133 3110,1116 3112,1115 3113,1115 3114,1114 3115,1114 3116,1115 3118,1115 3118,1115 3118,1130 3119,1131 3282,1130 3282,1130 3282,1085 3285,1082 3286,1082 3286,1082 3286,1077 3288,1075 3297,1075 3298,1077 3298,1078 3300,1079 3305,1079 3306,1081 3306,1186 3307,1186 3427,1186 3428,1187 3429,1187 3430,1189 3430,1218 3429,1219 3430,1230 3429,1230 3428,1230 3428,1231 3418,1241 3418,1242 3417,1242 3416,1242 3415,1243 3411,1243 3410,1245 3410,1246 3409,1246 3408,1246 3407,1247 3388,1247 3387,1246 3386,1246 3386,1246 3385,1212 3385,1211 3119,1212 3118,1212 3118,1213 3117,1215 2884,1215 2882,1217 2882,1218 2881,1219 2880,1219 2879,1218 2640,1219 2639,1220 2638,1220 2637,1220 2637,1221 2636,1223 2476,1223 2473,1221 2473,1220 2473,1219 2279,1220 2277,1221 2278,1245 2276,1247 2275,1247 2274,1248 2274,1253 2272,1255 2271,1255 2271,1255 2270,1256 2270,1257 2268,1259 2260,1259 2258,1256 2257,1223 2257,1223 1948,1223 1947,1222 1743,1223 1742,1223 1742,1224 1740,1227 1731,1227 1731,1227 1731,1228 1728,1231 1726,1228 1726,1227 1725,1227 1720,1227 1717,1224 1717,1223 1717,1223 1527,1223 1526,1224 1527,1225 1524,1227 1439,1228 1436,1231 1432,1231 1431,1229 1431,1228 1429,1227 1371,1227 1147,1227 1147,1228 1147,1229 1144,1231 955,1232 952,1235 947,1235 947,1235 947,1236 944,1239 855,1239 855,1239 855,1288 852,1291 847,1291 847,1291 847,1292 844,1295"/><TextEquiv index="1"><Unicode>ſieurs perſonnes ſe ſont jetées ſur moi,</Unicode></TextEquiv></TextLine><TextLine id="r0_l005"><Coords points="318,1495 317,1494 316,1494 315,1493 315,1492 313,1490 312,1490 311,1489 311,1363 311,1363 312,1363 313,1362 319,1356 319,1355 319,1355 320,1355 321,1354 333,1354 335,1352 335,1351 335,1351 338,1351 339,1351 339,1352 340,1354 447,1354 448,1355 913,1354 915,1352 915,1351 915,1351 916,1351 917,1350 1050,1349 1051,1349 1051,1348 1051,1347 1052,1347 1053,1346 1193,1346 1194,1346 1194,1345 1195,1343 1197,1343 1199,1345 1199,1346 1199,1346 1425,1346 1426,1345 1426,1293 1427,1292 1427,1291 1427,1291 1441,1291 1442,1291 1442,1292 1443,1293 1443,1298 1443,1298 1444,1298 1447,1301 1447,1311 1447,1311 1529,1311 1531,1313 1531,1346 1531,1346 1709,1346 1710,1345 1710,1316 1711,1315 1712,1315 1715,1312 1715,1311 1715,1311 1720,1311 1723,1308 1723,1307 1723,1307 1724,1307 1727,1304 1727,1303 1727,1303 1728,1303 1729,1302 1755,1302 1756,1303 1757,1303 1758,1303 1758,1304 1760,1307 1761,1307 1762,1307 1762,1308 1763,1309 1763,1313 1764,1315 1765,1315 1766,1315 1766,1316 1767,1317 1767,1333 1767,1334 1817,1334 1818,1335 1825,1335 1826,1335 1826,1336 1827,1337 1827,1342 1827,1343 1971,1342 1972,1343 1973,1343 1974,1344 1974,1345 1975,1346 2233,1346 2234,1345 2234,1344 2235,1343 2236,1343 2237,1342 2241,1342 2242,1341 2242,1292 2244,1290 2249,1290 2250,1289 2250,1288 2251,1287 2252,1287 2253,1286 2254,1287 2265,1287 2266,1287 2266,1290 2266,1291 2321,1291 2322,1291 2322,1342 2322,1343 2379,1342 2380,1343 2564,1343 2565,1342 2689,1342 2690,1341 2690,1340 2691,1339 2691,1339 2692,1339 2693,1338 2709,1338 2710,1337 2710,1336 2711,1335 2713,1335 2714,1335 2714,1336 2715,1338 2791,1338 2792,1339 2793,1339 2794,1339 2794,1340 2795,1342 2802,1342 2803,1343 2993,1342 2994,1342 2994,1341 2995,1339 2996,1339 2997,1338 3193,1338 3194,1337 3194,1335 3194,1335 3260,1335 3261,1334 3262,1334 3263,1335 3394,1334 3395,1335 3396,1335 3398,1337 3398,1338 3398,1338 3406,1338 3407,1339 3408,1339 3410,1341 3410,1342 3410,1342 3411,1342 3414,1345 3414,1346 3414,1346 3415,1346 3418,1349 3418,1350 3418,1350 3419,1350 3422,1353 3422,1358 3422,1358 3423,1358 3424,1359 3425,1359 3426,1360 3426,1362 3424,1363 3423,1363 3422,1365 3422,1402 3421,1402 3420,1402 3411,1411 3406,1411 3406,1412 3406,1413 3403,1415 3391,1415 3387,1419 3234,1420 3234,1420 3234,1445 3233,1446 3232,1446 3230,1448 3230,1453 3230,1454 3229,1454 3222,1460 3222,1461 3222,1462 3221,1462 3220,1463 3216,1463 3214,1464 3214,1465 3214,1466 3213,1466 3212,1467 3204,1467 3202,1468 3202,1469 3202,1470 3201,1470 3200,1471 3023,1471 3022,1472 3022,1474 3022,1474 3021,1474 3020,1475 2993,1475 2988,1470 2987,1470 2986,1470 2986,1420 2985,1419 2786,1420 2786,1420 2786,1421 2785,1422 2784,1422 2783,1423 2591,1423 2590,1424 2590,1425 2589,1426 2588,1426 2587,1427 2426,1427 2426,1428 2426,1454 2426,1454 2425,1454 2422,1457 2422,1462 2422,1462 2421,1462 2418,1465 2418,1470 2418,1470 2417,1470 2414,1473 2414,1474 2414,1474 2413,1474 2412,1475 2400,1475 2398,1477 2398,1478 2397,1479 2387,1479 2386,1480 2386,1482 2386,1482 2385,1482 2384,1483 2365,1483 2362,1481 2362,1480 2362,1479 2361,1479 2360,1478 2357,1479 2354,1476 2354,1475 2354,1475 2349,1475 2346,1472 2346,1467 2346,1467 2345,1467 2342,1464 2342,1423 2341,1423 2115,1423 2114,1425 2114,1426 2112,1427 1912,1427 1911,1426 1611,1427 1611,1428 1611,1445 1608,1447 1607,1447 1607,1448 1607,1453 1605,1455 1604,1455 1603,1456 1603,1461 1601,1463 1596,1463 1595,1464 1595,1465 1593,1467 1592,1467 1591,1468 1591,1469 1589,1471 1588,1471 1587,1472 1587,1473 1585,1475 1577,1475 1575,1474 1575,1473 1574,1472 1574,1428 1573,1427 1403,1428 1400,1431 1271,1431 1271,1431 1271,1432 1268,1435 1132,1435 1131,1434 1131,1433 1129,1431 927,1432 924,1435 567,1435 567,1436 567,1437 564,1439 526,1439 525,1438 359,1439 359,1439 359,1489 359,1490 358,1490 353,1495"/><TextEquiv index="1"><Unicode>pour me retenir; &amp; ma digne compagne</Unicode></TextEquiv></TextLine><TextLine id="r0_l006"><Coords points="653,1695 652,1694 651,1694 651,1694 650,1640 650,1639 554,1639 553,1638 318,1639 317,1638 316,1638 315,1637 315,1636 313,1634 312,1634 311,1633 311,1591 311,1591 310,1591 309,1590 308,1590 307,1589 307,1575 308,1575 309,1575 310,1574 314,1574 315,1572 315,1571 316,1571 317,1571 319,1568 319,1567 320,1567 321,1567 323,1564 323,1563 324,1563 325,1563 327,1560 327,1559 328,1559 329,1559 330,1558 495,1558 495,1557 495,1503 496,1503 497,1503 498,1502 502,1502 503,1500 503,1499 504,1499 505,1499 506,1498 513,1498 514,1499 661,1498 663,1501 663,1502 664,1502 665,1502 667,1505 667,1554 668,1554 942,1554 943,1552 943,1551 944,1551 946,1551 947,1552 947,1553 948,1554 953,1554 955,1556 955,1606 956,1607 1135,1606 1135,1606 1135,1572 1136,1571 1137,1571 1139,1569 1139,1568 1140,1567 1141,1567 1143,1565 1143,1564 1144,1563 1145,1563 1146,1562 1150,1562 1151,1561 1151,1560 1152,1559 1153,1559 1154,1558 1158,1558 1159,1557 1159,1556 1160,1555 1161,1555 1162,1554 1262,1554 1263,1552 1263,1551 1264,1551 1265,1551 1266,1550 1418,1550 1419,1548 1419,1547 1420,1547 1421,1547 1422,1546 1442,1545 1443,1546 1746,1546 1746,1545 1746,1544 1748,1543 1749,1543 1750,1542 1958,1541 1958,1541 1958,1493 1960,1491 1961,1491 1962,1490 1966,1490 1966,1490 1966,1489 1968,1487 2149,1487 2150,1486 2172,1486 2173,1487 2174,1487 2174,1487 2174,1489 2175,1490 2276,1490 2277,1491 2278,1491 2278,1491 2278,1492 2281,1495 2282,1495 2282,1495 2282,1536 2285,1539 2286,1539 2286,1539 2286,1545 2287,1546 2502,1545 2505,1542 2506,1542 2506,1542 2506,1541 2509,1538 2658,1538 2658,1537 2658,1535 2659,1535 2660,1535 2661,1534 2665,1534 2666,1535 2666,1541 2667,1542 2686,1542 2686,1541 2686,1495 2687,1495 2688,1495 2689,1494 2690,1494 2690,1493 2690,1491 2691,1491 2692,1491 2693,1490 2694,1491 2694,1541 2695,1542 2894,1541 2897,1538 3046,1538 3046,1537 3046,1524 3049,1522 3050,1522 3050,1521 3050,1516 3053,1514 3054,1514 3054,1513 3054,1508 3066,1496 3066,1495 3067,1495 3078,1495 3078,1494 3078,1491 3079,1491 3080,1491 3085,1486 3113,1486 3121,1478 3130,1478 3130,1477 3130,1476 3133,1474 3148,1474 3150,1476 3150,1477 3151,1478 3156,1478 3161,1483 3162,1483 3162,1483 3162,1533 3163,1534 3338,1533 3338,1533 3338,1532 3339,1531 3342,1531 3342,1532 3342,1534 3343,1534 3376,1534 3377,1535 3378,1535 3378,1536 3378,1566 3379,1566 3412,1566 3413,1567 3414,1567 3414,1568 3414,1578 3415,1578 3420,1578 3421,1579 3422,1579 3422,1580 3422,1605 3420,1607 3419,1607 3418,1608 3418,1614 3418,1614 3417,1614 3416,1615 3308,1615 3304,1619 3259,1620 3256,1623 3249,1623 3245,1619 2996,1619 2994,1621 2994,1622 2994,1622 2871,1622 2870,1623 2870,1662 2870,1662 2869,1662 2868,1663 2855,1663 2854,1664 2854,1674 2854,1674 2853,1674 2852,1675 2848,1675 2845,1678 2844,1678 2843,1679 2835,1679 2833,1681 2834,1682 2833,1682 2732,1683 2729,1680 2729,1679 2729,1679 2712,1679 2711,1678 2711,1677 2710,1676 2710,1675 2710,1675 2705,1675 2702,1672 2702,1667 2702,1667 2701,1667 2698,1664 2698,1627 2698,1627 2528,1627 2526,1629 2526,1630 2526,1630 2525,1630 2524,1631 2521,1631 2520,1630 2337,1631 2334,1628 2334,1627 2334,1627 2333,1627 2330,1624 2330,1623 2330,1623 1977,1623 1976,1622 1752,1623 1750,1624 1750,1625 1750,1626 1749,1626 1748,1627 1638,1627 1637,1626 1356,1627 1355,1627 1355,1628 1353,1631 1256,1631 1255,1631 1255,1632 1253,1635 1064,1635 1063,1636 1063,1649 1061,1651 1060,1651 1059,1652 1059,1677 1057,1679 1056,1679 1055,1680 1055,1681 1055,1681 1054,1681 1053,1682 1051,1682 1050,1682 1050,1668 1050,1667 1026,1667 1025,1666 1024,1666 1023,1666 1023,1638 1023,1637 802,1638 801,1639 691,1639 690,1640 691,1693 688,1695"/><TextEquiv index="1"><Unicode>a diſparu, avec mon inſolent aggreſſeur.</Unicode></TextEquiv></TextLine><TextLine id="r0_l007"><Coords points="28,1936 27,1935 27,1787 26,1787 17,1787 16,1786 15,1786 15,1785 15,1779 15,1779 314,1778 315,1777 315,1707 315,1707 316,1707 317,1706 319,1704 319,1703 319,1703 320,1703 321,1702 325,1702 327,1700 327,1699 327,1699 328,1699 329,1698 946,1697 947,1696 947,1695 947,1695 948,1695 949,1694 976,1694 977,1695 1152,1694 1155,1697 1155,1698 1155,1698 1156,1698 1159,1701 1159,1742 1159,1742 1228,1742 1231,1744 1231,1745 1231,1746 1424,1746 1427,1748 1427,1754 1427,1755 1476,1754 1479,1757 1479,1817 1477,1818 1476,1818 1476,1819 1475,1820 1475,1821 1473,1822 1472,1822 1471,1824 1471,1825 1469,1826 1468,1826 1467,1827 1323,1828 1321,1830 1315,1830 1315,1830 1315,1844 1313,1846 335,1848 332,1851 323,1851 323,1851 323,1852 321,1854 320,1854 319,1855 309,1855 308,1854 307,1854 307,1853 307,1852 300,1846 299,1846 299,1845 299,1786 298,1786 31,1787 31,1787 31,1935 31,1936"/><TextEquiv index="1"><Unicode>J'étois furieux.</Unicode></TextEquiv></TextLine><TextLine id="r0_l008"><Coords points="403,1883 3434,1877 3435,2080 404,2086"/><TextEquiv index="1"><Unicode>Bientôt j'ai vu reparoître le jeune</Unicode></TextEquiv></TextLine><TextLine id="r0_l009"><Coords points="128,2268 127,2267 127,2249 126,2248 126,2231 125,2230 125,2212 124,2211 124,2194 123,2193 123,2175 122,2174 122,2157 121,2156 120,2138 119,2137 119,2120 118,2119 118,2101 117,2100 117,2083 117,2082 15,2083 14,2082 13,2082 11,2080 11,2077 12,2077 18,2077 19,2076 119,2075 119,2076 119,2093 120,2093 1721,2090 1723,2092 2713,2090 2714,2091 2714,2092 2716,2094 2773,2094 2774,2095 2973,2094 2974,2096 2974,2097 2976,2098 3017,2098 3018,2100 3018,2101 3021,2103 3022,2103 3022,2104 3022,2105 3024,2106 3025,2106 3026,2107 3332,2106 3333,2107 3334,2107 3334,2108 3334,2109 3337,2111 3338,2111 3338,2112 3338,2138 3339,2138 3395,2138 3396,2139 3397,2139 3398,2140 3398,2141 3403,2146 3407,2146 3408,2147 3409,2147 3410,2148 3410,2149 3411,2150 3415,2150 3416,2151 3417,2151 3418,2152 3418,2153 3424,2159 3425,2159 3426,2160 3426,2165 3428,2167 3429,2167 3430,2168 3430,2210 3429,2210 3428,2210 3427,2211 3426,2211 3426,2212 3426,2217 3423,2219 3422,2219 3422,2220 3422,2221 3419,2223 3418,2223 3418,2224 3418,2225 3416,2226 3411,2226 3410,2228 3410,2229 3408,2230 3399,2230 3398,2232 3398,2233 3396,2234 3330,2234 3330,2235 3330,2241 3327,2243 3326,2243 3326,2244 3326,2253 3323,2255 3322,2255 3322,2256 3322,2261 3319,2263 3318,2263 3318,2264 3318,2269 3315,2271 3314,2271 3314,2272 3314,2273 3312,2274 131,2281 131,2282"/><TextEquiv index="1"><Unicode>écervelé. „Monſieur, m'a - t-il dit, je</Unicode></TextEquiv></TextLine><TextLine id="r0_l010"><Coords points="7,2286 3438,2279 3439,2486 8,2493"/><TextEquiv index="1"><Unicode>“vous cherche. Paſſons dans les Champs-</Unicode></TextEquiv></TextLine><TextLine id="r0_l011"><Coords points="956,2699 956,2698 956,2690 955,2690 664,2690 662,2688 12,2690 11,2688 11,2683 12,2682 658,2680 659,2680 659,2643 658,2642 579,2642 578,2641 504,2642 500,2638 499,2638 499,2637 499,2626 498,2626 352,2626 351,2624 351,2623 350,2623 349,2623 348,2622 304,2622 303,2620 303,2609 302,2609 19,2610 19,2609 19,2603 20,2602 295,2601 295,2601 295,2568 297,2566 302,2566 303,2564 303,2563 305,2562 503,2562 503,2561 503,2507 505,2506 575,2505 575,2505 575,2504 577,2502 782,2502 783,2500 783,2499 785,2498 2144,2495 2145,2494 2154,2494 2154,2493 2154,2492 2157,2490 2165,2490 2166,2491 2166,2492 2167,2493 2168,2494 2169,2494 2171,2496 3269,2494 3270,2495 3270,2554 3271,2555 3349,2554 3350,2556 3350,2557 3352,2558 3365,2558 3366,2560 3366,2561 3368,2562 3369,2562 3370,2564 3370,2565 3372,2566 3373,2566 3374,2568 3374,2594 3375,2594 3416,2594 3417,2596 3417,2597 3419,2598 3420,2598 3422,2600 3422,2601 3423,2602 3424,2602 3426,2604 3426,2605 3427,2606 3428,2606 3430,2608 3430,2609 3431,2610 3431,2610 3432,2610 3434,2612 3434,2629 3432,2630 3431,2630 3430,2632 3430,2633 3428,2634 3423,2634 3422,2636 3422,2637 3420,2638 2810,2640 2810,2640 2810,2684 2808,2686 2807,2686 2806,2687 2806,2688 2804,2690 958,2694 958,2694 958,2698 957,2699"/><TextEquiv index="1"><Unicode>“Elyſées; nous n'en ſommes pas loin.</Unicode></TextEquiv></TextLine><TextLine id="r0_l012"><Coords points="33,2874 31,2872 31,2867 33,2866 34,2866 34,2865 34,2696 34,2696 77,2695 78,2694 121,2694 122,2693 1605,2690 1606,2691 2200,2690 2201,2691 2524,2690 2526,2692 2526,2693 2527,2694 2527,2694 2528,2694 2530,2696 2530,2698 2530,2698 2756,2698 2758,2699 2758,2700 2759,2701 2759,2702 2760,2702 2762,2703 2762,2749 2762,2750 2819,2749 2820,2750 2844,2750 2846,2752 2846,2753 2847,2754 2952,2754 2954,2756 2954,2757 2955,2758 2956,2758 2958,2760 2958,2762 2958,2762 3108,2762 3110,2763 3110,2764 3111,2766 3160,2766 3162,2767 3162,2768 3163,2770 3164,2770 3166,2771 3166,2772 3167,2774 3168,2774 3170,2775 3170,2776 3171,2778 3172,2778 3173,2779 3428,2778 3430,2780 3430,2789 3431,2790 3432,2790 3434,2792 3434,2801 3432,2802 3431,2802 3430,2804 3430,2809 3428,2810 3214,2811 3214,2811 3214,2829 3214,2830 2960,2830 2958,2832 2958,2833 2957,2834 812,2839 811,2839 811,2840 810,2842 545,2842 543,2844 543,2845 542,2846 537,2846 535,2848 535,2849 534,2850 533,2850 531,2852 531,2853 530,2854 209,2855 204,2850 203,2850 193,2840 192,2840 183,2831 182,2831 172,2822 171,2822 162,2813 161,2813 151,2803 150,2803 141,2794 140,2794 131,2785 130,2785 120,2775 119,2775 110,2766 109,2766 100,2757 99,2757 90,2748 89,2748 79,2738 78,2738 69,2729 68,2729 59,2721 58,2721 48,2711 47,2711 38,2702 37,2702 35,2700 35,2700 35,2872 34,2874"/><TextEquiv index="1"><Unicode>“Je vais vous donner ſatisfaction.“ --</Unicode></TextEquiv></TextLine><TextLine id="r0_l013"><Coords points="1207,3100 1207,3100 1207,3095 1206,3094 1152,3094 1150,3092 1150,3091 1149,3090 1144,3090 1142,3088 1142,3087 1141,3086 1140,3086 1138,3084 1138,3083 1137,3082 1136,3082 1135,3081 1134,3043 1134,3042 1013,3042 1012,3041 805,3042 804,3041 513,3042 511,3040 511,3039 510,3038 509,3038 507,3036 507,3030 507,3030 345,3030 343,3028 343,3027 342,3026 337,3026 336,3025 335,3024 335,3019 334,3018 329,3018 327,3016 327,3011 326,3010 325,3010 323,3008 323,2981 323,2981 48,2982 47,2981 47,2979 46,2978 45,2978 43,2976 43,2971 45,2970 359,2969 359,2968 359,2957 359,2957 37,2958 35,2956 35,2955 37,2954 359,2953 359,2952 359,2915 361,2914 559,2913 559,2913 559,2908 561,2906 566,2906 567,2905 567,2904 569,2902 1531,2900 1533,2898 2491,2896 2491,2896 2491,2895 2492,2894 2513,2894 2514,2896 2514,2897 2516,2898 2625,2898 2626,2899 3233,2898 3234,2899 3234,2900 3235,2901 3236,2902 3237,2902 3238,2903 3238,2906 3239,2907 3321,2906 3322,2908 3322,2977 3324,2978 3325,2978 3326,2980 3326,2981 3328,2982 3329,2982 3330,2984 3330,3006 3331,3006 3405,3006 3406,3008 3406,3009 3408,3010 3413,3010 3414,3012 3414,3013 3416,3014 3417,3014 3418,3016 3418,3017 3420,3018 3421,3018 3422,3020 3422,3021 3424,3022 3425,3022 3426,3024 3426,3049 3425,3050 3424,3050 3423,3051 3422,3051 3421,3052 3422,3057 3420,3058 3419,3058 3418,3060 3418,3061 3416,3062 3411,3062 3410,3064 3410,3065 3408,3066 3399,3066 3398,3068 3398,3069 3396,3070 2806,3072 2806,3072 2806,3076 2804,3078 2803,3078 2802,3079 2802,3084 2800,3086 1211,3089 1211,3090 1211,3100 1210,3100"/><TextEquiv index="1"><Unicode>„Ah! de grand cœur, me ſuis-je écrié,</Unicode></TextEquiv></TextLine><TextLine id="r0_l014"><Coords points="1868,3304 1867,3303 1867,3300 1867,3300 969,3302 966,3299 966,3298 966,3298 957,3298 955,3296 955,3242 954,3242 560,3242 559,3241 512,3242 511,3240 511,3239 509,3238 508,3238 507,3236 507,3230 506,3230 312,3230 311,3228 311,3227 309,3226 308,3226 307,3224 307,3201 306,3201 36,3202 35,3200 35,3191 36,3190 37,3190 38,3189 39,3188 39,3187 40,3186 50,3186 51,3185 51,3167 52,3166 174,3165 175,3165 175,3112 176,3110 177,3110 178,3109 179,3109 179,3108 180,3106 193,3106 195,3105 195,3104 196,3102 1662,3099 1663,3098 1665,3098 1666,3099 1666,3100 1666,3100 2480,3098 2481,3099 2932,3098 2934,3100 2934,3101 2935,3102 2936,3102 2938,3104 2938,3154 2938,3154 3012,3154 3013,3155 3420,3154 3421,3155 3764,3154 3766,3156 3766,3157 3764,3158 3426,3159 3426,3160 3426,3161 3427,3162 3428,3162 3430,3164 3430,3221 3428,3222 3427,3222 3426,3224 3426,3225 3424,3226 3423,3226 3422,3228 3422,3229 3420,3230 3419,3230 3418,3232 3418,3233 3416,3234 3415,3234 3414,3236 3414,3237 3412,3238 3411,3238 3410,3240 3410,3241 3408,3242 1935,3245 1935,3246 1935,3247 1934,3248 1934,3249 1932,3250 1931,3250 1931,3251 1931,3263 1930,3264 1930,3265 1928,3266 1927,3266 1927,3267 1927,3268 1926,3269 1926,3273 1924,3274 1923,3274 1923,3275 1923,3276 1922,3277 1922,3281 1920,3282 1919,3282 1919,3283 1919,3284 1916,3286 1911,3286 1911,3287 1911,3288 1909,3290 1883,3291 1882,3291 1882,3303 1882,3304"/><TextEquiv index="1"><Unicode>“mon petit ami; je me flatte de vous</Unicode></TextEquiv></TextLine><TextLine id="r0_l015"><Coords points="1323,3505 1322,3504 1322,3492 1322,3492 497,3494 495,3492 495,3485 495,3485 53,3486 51,3484 51,3474 52,3474 495,3473 495,3472 495,3434 495,3434 309,3434 307,3432 307,3431 306,3430 305,3430 303,3428 303,3386 303,3386 117,3386 115,3385 115,3384 114,3382 113,3382 111,3381 111,3376 113,3374 114,3374 115,3373 115,3372 117,3370 491,3370 491,3369 491,3367 493,3366 498,3366 498,3365 498,3364 499,3363 499,3362 500,3362 695,3361 695,3361 695,3311 696,3310 702,3310 703,3309 703,3308 705,3306 2135,3303 2136,3302 2153,3302 2154,3303 2761,3302 2762,3303 2762,3354 2763,3355 3001,3354 3002,3355 3405,3354 3406,3356 3406,3357 3408,3358 3417,3358 3418,3360 3418,3361 3420,3362 3421,3362 3422,3364 3422,3365 3424,3366 3425,3366 3426,3368 3426,3381 3425,3382 3423,3382 3422,3383 3422,3433 3421,3434 3420,3434 3418,3436 3418,3437 3417,3438 3412,3438 3410,3440 3410,3441 3409,3442 3348,3442 3346,3444 3346,3445 3345,3446 2603,3448 2601,3450 2600,3450 2598,3451 2598,3456 2597,3458 2596,3458 2594,3459 2594,3460 2593,3462 2592,3462 2590,3463 2590,3464 2589,3466 2588,3466 2586,3468 2586,3469 2585,3470 2584,3470 2582,3472 2582,3473 2581,3474 2307,3475 2306,3475 2306,3476 2305,3478 2304,3478 2302,3479 2302,3484 2301,3486 2292,3486 2290,3487 2290,3488 2289,3490 2288,3490 2287,3491 2286,3491 2286,3492 2285,3494 1672,3495 1669,3498 1664,3498 1663,3499 1663,3500 1662,3501 1662,3502 1662,3502 1328,3503 1327,3503 1327,3504 1327,3505"/><TextEquiv index="1"><Unicode>“y donner une petite leçon, dont vous</Unicode></TextEquiv></TextLine><TextLine id="r0_l016"><Coords points="2012,3702 2008,3698 2007,3698 2006,3697 2006,3652 2005,3651 63,3656 63,3656 63,3684 63,3685 64,3685 65,3686 67,3687 67,3688 65,3690 60,3690 59,3688 59,3606 58,3606 56,3606 55,3604 55,3594 55,3594 58,3594 59,3593 59,3551 60,3550 986,3547 988,3545 989,3545 991,3544 991,3536 992,3534 993,3534 994,3534 994,3533 995,3532 995,3524 1003,3515 1004,3515 1005,3514 1010,3514 1010,3514 1010,3513 1013,3510 1018,3510 1018,3510 1018,3509 1021,3506 1321,3506 1322,3505 2119,3503 2120,3502 2125,3502 2130,3508 2130,3511 2131,3511 2525,3510 2526,3512 2526,3514 2527,3514 2576,3514 2578,3516 2578,3521 2579,3522 2580,3522 2581,3523 2920,3522 2922,3524 2922,3525 2923,3526 2928,3526 2930,3528 2930,3558 2930,3558 3152,3558 3154,3559 3154,3560 3155,3562 3184,3562 3186,3563 3186,3564 3187,3566 3188,3566 3189,3567 3384,3566 3386,3568 3386,3569 3387,3570 3404,3570 3406,3572 3406,3573 3407,3574 3408,3574 3410,3576 3410,3581 3411,3582 3412,3582 3414,3584 3414,3589 3415,3590 3416,3590 3418,3592 3418,3593 3417,3594 3416,3594 3415,3594 3414,3596 3414,3613 3412,3614 3411,3614 3410,3616 3410,3621 3408,3622 3407,3622 3407,3623 3406,3624 3406,3625 3404,3626 3399,3626 3398,3628 3398,3629 3396,3630 3347,3630 3346,3632 3346,3633 3344,3634 3234,3635 3234,3635 3234,3636 3232,3638 3231,3638 3230,3639 3230,3639 3230,3640 3228,3642 3223,3642 3222,3643 3222,3644 3220,3646 3103,3646 3102,3647 3102,3648 3100,3650 2922,3650 2922,3651 2922,3665 2920,3666 2919,3666 2918,3668 2918,3673 2916,3674 2915,3674 2914,3676 2914,3681 2912,3682 2911,3682 2910,3684 2910,3685 2908,3686 2907,3686 2906,3688 2906,3689 2904,3690 2050,3692 2050,3693 2050,3697 2048,3698 2047,3698 2047,3699 2047,3700 2044,3702"/><TextEquiv index="1"><Unicode>“vous ſouviendrez plus d'un jour.“</Unicode></TextEquiv></TextLine><TextLine id="r0_l017"><Coords points="1039,3909 1038,3909 1038,3850 1038,3849 685,3850 683,3849 683,3839 683,3838 553,3838 551,3837 551,3836 550,3834 549,3834 547,3833 547,3832 546,3830 545,3830 543,3829 543,3818 543,3817 301,3818 299,3816 299,3813 299,3813 69,3814 67,3812 67,3807 69,3806 70,3805 70,3805 70,3804 72,3802 107,3802 107,3802 107,3743 107,3742 109,3742 111,3741 111,3739 111,3738 522,3738 523,3737 523,3726 523,3726 694,3725 695,3725 695,3724 700,3718 833,3718 834,3717 834,3716 836,3714 1513,3712 1515,3710 1548,3710 1551,3708 1551,3707 1551,3706 1561,3706 1562,3707 1921,3706 1922,3707 2600,3706 2601,3707 3224,3706 3226,3707 3226,3708 3227,3710 3228,3710 3230,3711 3230,3758 3231,3759 3325,3758 3326,3760 3326,3761 3328,3762 3329,3762 3330,3764 3330,3810 3331,3810 3417,3810 3418,3812 3418,3813 3420,3814 3425,3814 3426,3816 3426,3817 3428,3818 3589,3818 3590,3819 3590,3824 3589,3826 3439,3826 3438,3827 3438,3853 3437,3854 3436,3854 3434,3856 3434,3857 3433,3858 3432,3858 3430,3860 3430,3861 3429,3862 3428,3862 3426,3864 3426,3865 3425,3866 3420,3866 3418,3868 3418,3869 3417,3870 3416,3870 3415,3871 3414,3872 3414,3873 3413,3874 3408,3874 3406,3876 3406,3877 3405,3878 2911,3879 2910,3880 2910,3897 2909,3898 2904,3898 2902,3900 2902,3901 2901,3902 2139,3904 2138,3904 2138,3906 2138,3907"/><TextEquiv index="1"><Unicode>-- Mon grand ami, m'a-t-il répondu,</Unicode></TextEquiv></TextLine><TextLine id="r0_l018"><Coords points="1280,4102 1280,4101 1278,4099 1278,4098 1277,4098 1264,4098 1263,4097 672,4098 671,4097 671,4096 669,4094 664,4094 663,4093 663,4051 662,4050 592,4050 591,4049 591,4048 589,4046 532,4046 531,4045 504,4046 503,4044 503,4034 502,4034 324,4034 323,4032 323,4031 321,4030 312,4030 311,4028 311,4027 310,4027 309,4026 308,4026 307,4024 307,4023 305,4022 304,4022 303,4020 303,4015 305,4013 306,4013 307,4012 306,3975 307,3975 308,3975 308,3974 308,3974 73,3974 72,3974 72,3973 71,3972 71,3971 70,3969 69,3970 67,3968 67,3959 69,3958 519,3957 519,3956 519,3947 522,3945 523,3945 523,3944 523,3939 526,3937 527,3937 527,3936 527,3927 531,3923 532,3923 537,3918 542,3918 542,3918 542,3917 549,3910 3142,3905 3142,3904 3142,3903 3144,3902 3146,3902 3146,3902 3146,3903 3147,3904 3147,3905 3148,3906 3149,3906 3150,3907 3150,3908 3152,3910 3153,3910 3154,3911 3154,3957 3155,3958 3222,3958 3223,3959 3297,3958 3298,3960 3298,3962 3299,3962 3345,3962 3346,3964 3346,3965 3348,3966 3349,3966 3350,3968 3351,3986 3351,3986 3420,3986 3422,3988 3422,3989 3423,3990 3424,3990 3426,3992 3426,4001 3427,4002 3545,4002 3546,4002 3546,4008 3544,4010 3430,4010 3430,4011 3430,4013 3428,4014 3423,4014 3422,4016 3422,4017 3420,4018 3402,4018 3402,4019 3402,4037 3400,4038 3362,4038 3362,4039 3362,4041 3360,4042 3355,4042 3354,4044 3354,4045 3352,4046 2766,4048 2764,4050 2310,4051 2310,4051 2310,4096 2308,4098 1282,4100 1282,4100 1282,4101 1281,4102"/><TextEquiv index="1"><Unicode>“ſoyez sûr que c'eſt moi qui vous la don-</Unicode></TextEquiv></TextLine><TextLine id="r0_l019"><Coords points="3129,4306 3128,4305 3127,4305 3126,4304 3126,4303 3125,4302 2937,4302 2936,4301 2935,4301 2934,4300 2097,4302 2094,4300 2094,4256 2094,4255 92,4259 91,4260 91,4265 92,4265 93,4265 94,4266 95,4266 95,4267 95,4269 94,4270 89,4270 87,4269 87,4199 86,4198 84,4198 83,4197 83,4195 83,4194 84,4194 85,4193 286,4193 287,4193 287,4180 292,4174 296,4174 297,4173 298,4173 299,4172 299,4171 300,4170 512,4170 515,4167 515,4166 515,4166 833,4165 835,4163 835,4110 835,4110 849,4110 851,4112 2629,4108 2631,4106 2822,4105 2823,4106 2828,4106 2834,4112 2834,4121 2834,4121 2835,4121 2838,4124 2838,4129 2838,4129 2839,4129 2842,4132 2842,4141 2842,4141 2843,4141 2846,4144 2846,4162 2846,4162 3208,4162 3209,4163 3428,4162 3430,4164 3430,4185 3429,4185 3428,4185 3428,4186 3426,4188 3426,4189 3424,4190 3422,4190 3422,4191 3422,4245 3422,4245 3421,4245 3418,4248 3418,4249 3418,4249 3417,4249 3416,4250 3320,4250 3318,4252 3318,4253 3318,4253 3317,4253 3316,4254 3175,4255 3174,4255 3174,4268 3174,4269 3173,4269 3170,4271 3170,4280 3170,4281 3169,4281 3168,4282 3166,4283 3166,4284 3166,4285 3165,4285 3164,4285 3162,4287 3162,4288 3162,4289 3161,4289 3158,4291 3158,4292 3157,4294 3152,4294 3150,4295 3150,4296 3150,4297 3149,4297 3146,4299 3146,4300 3145,4302 3136,4302 3134,4303 3134,4304 3134,4305 3133,4305 3132,4306"/><TextEquiv index="1"><Unicode>“nerai.“ Nous n'avons pas tardé à gagner</Unicode></TextEquiv></TextLine><TextLine id="r0_l020"><Coords points="956,4510 955,4508 955,4507 953,4506 940,4506 939,4504 939,4503 938,4503 937,4502 936,4502 935,4500 935,4453 934,4453 385,4454 384,4453 383,4453 383,4452 383,4451 381,4450 325,4450 324,4449 323,4449 323,4448 323,4447 321,4446 304,4446 303,4444 303,4438 304,4437 303,4398 303,4398 97,4398 95,4397 95,4379 96,4378 98,4378 99,4377 311,4377 311,4376 311,4314 312,4314 325,4314 326,4313 327,4313 327,4312 327,4311 329,4310 330,4310 331,4309 1215,4307 1216,4306 1450,4305 1451,4304 1451,4303 1452,4302 1462,4302 1462,4303 1462,4304 1463,4304 2454,4302 2454,4303 2454,4304 2457,4306 2650,4306 2650,4306 2650,4307 2652,4309 2755,4309 2756,4310 2758,4310 2758,4310 2758,4311 2761,4314 2762,4314 2762,4314 2762,4361 2763,4362 2813,4362 2814,4363 3295,4361 3296,4362 3393,4362 3394,4364 3394,4365 3395,4365 3396,4365 3397,4366 3405,4366 3406,4368 3406,4369 3407,4369 3408,4369 3410,4372 3410,4373 3411,4373 3412,4373 3414,4376 3414,4381 3415,4381 3416,4381 3418,4384 3418,4385 3419,4385 3420,4385 3422,4388 3422,4426 3421,4427 3422,4433 3421,4433 3420,4433 3414,4440 3414,4445 3413,4445 3412,4445 3410,4448 3410,4449 3409,4449 3408,4449 3407,4450 3399,4450 3398,4452 3398,4453 3397,4453 3396,4453 3395,4454 3376,4454 3375,4453 3374,4453 3374,4453 3374,4452 3372,4450 3283,4450 3282,4449 2824,4450 2823,4449 2456,4450 2455,4449 975,4453 975,4453 975,4503 972,4506 967,4506 967,4506 967,4507 964,4510"/><TextEquiv index="1"><Unicode>le champ de bataille. Il faiſoit encore</Unicode></TextEquiv></TextLine><TextLine id="r0_l021"><Coords points="3287,4712 3286,4712 3286,4710 3286,4709 3245,4710 3244,4709 3243,4709 3242,4708 3242,4707 3241,4706 3221,4706 3220,4705 3219,4705 3218,4704 3218,4700 3218,4700 2253,4702 2250,4699 2250,4698 2250,4698 2245,4698 2244,4697 1505,4698 1503,4697 1503,4696 1502,4695 1502,4694 1502,4693 1061,4694 1059,4693 1059,4665 1059,4664 105,4666 103,4665 103,4519 103,4518 409,4518 410,4517 445,4517 451,4511 451,4510 451,4510 456,4510 459,4507 459,4506 459,4506 461,4506 462,4505 479,4505 480,4506 481,4506 483,4507 483,4508 483,4509 2199,4505 2200,4506 2201,4506 2202,4506 2202,4507 2204,4510 2205,4510 2206,4510 2206,4511 2208,4514 2209,4514 2210,4514 2210,4516 2211,4517 2211,4560 2211,4561 2350,4561 2351,4562 2459,4561 2460,4562 3003,4561 3004,4562 3005,4562 3006,4563 3006,4564 3007,4565 3071,4565 3072,4566 3354,4565 3355,4566 3356,4566 3358,4568 3358,4569 3358,4569 3359,4569 3362,4572 3362,4582 3362,4582 3393,4582 3394,4583 3394,4584 3396,4586 3400,4586 3402,4588 3402,4589 3402,4589 3403,4589 3404,4590 3405,4590 3406,4591 3406,4625 3406,4625 3411,4625 3414,4628 3414,4645 3413,4645 3412,4645 3411,4646 3410,4646 3410,4647 3410,4653 3409,4653 3408,4653 3406,4656 3406,4657 3405,4657 3298,4657 3298,4658 3298,4712 3298,4712"/><TextEquiv index="1"><Unicode>aſſez de jour pour diriger nos coups.</Unicode></TextEquiv></TextLine><TextLine id="r0_l022"><Coords points="2169,4910 2169,4909 2168,4846 2168,4846 1831,4847 1830,4847 1830,4848 1830,4849 1829,4849 1828,4850 1666,4850 1665,4851 1666,4901 1664,4902 1633,4902 1632,4901 1631,4901 1631,4901 1631,4900 1628,4897 1627,4897 1627,4897 1627,4896 1626,4895 1625,4851 1625,4850 1578,4850 1577,4849 1576,4849 1575,4849 1575,4848 1574,4846 1570,4846 1569,4845 1568,4845 1567,4845 1567,4844 1566,4842 1352,4843 1349,4846 1148,4846 1147,4847 1147,4864 1145,4866 1142,4866 1141,4865 1140,4865 1139,4865 1139,4863 1138,4862 1138,4847 1138,4846 1034,4846 1033,4845 652,4846 651,4847 651,4848 649,4850 582,4850 581,4849 474,4850 473,4849 472,4849 471,4848 471,4847 470,4846 306,4846 305,4845 304,4845 303,4844 303,4839 302,4838 301,4838 299,4836 299,4729 299,4729 124,4729 123,4730 123,4885 123,4885 120,4885 119,4885 119,4884 118,4882 105,4882 103,4881 103,4879 105,4877 106,4877 107,4876 107,4875 109,4873 110,4873 111,4874 111,4874 111,4763 113,4761 114,4761 115,4762 115,4762 115,4711 116,4710 117,4710 118,4709 321,4709 323,4711 323,4712 324,4713 417,4713 419,4715 419,4716 420,4717 421,4717 423,4719 423,4762 424,4763 591,4762 591,4763 591,4765 592,4765 794,4765 795,4763 795,4762 796,4762 797,4762 798,4761 1019,4760 1019,4760 1019,4759 1020,4758 1021,4758 1022,4757 1089,4757 1091,4760 1091,4761 1092,4761 1466,4760 1466,4760 1466,4713 1467,4712 1467,4711 1468,4710 1469,4710 1471,4708 1471,4707 1472,4706 1473,4706 1474,4705 1478,4705 1479,4704 1479,4703 1480,4702 1481,4702 1482,4701 1484,4701 1485,4702 1486,4702 1487,4704 1487,4705 1489,4706 1490,4706 1491,4708 1491,4709 1492,4709 1528,4709 1529,4710 1530,4710 1531,4712 1531,4713 1532,4713 1768,4713 1769,4714 1770,4714 1770,4714 1770,4715 1771,4716 1771,4738 1772,4739 1962,4738 1962,4738 1962,4716 1965,4713 1966,4713 1966,4713 1966,4712 1969,4709 1970,4709 1970,4709 1970,4708 1972,4706 1973,4706 1974,4705 2140,4705 2141,4706 2142,4706 2142,4706 2142,4707 2145,4710 2146,4710 2146,4710 2146,4764 2147,4765 2208,4765 2209,4766 2550,4765 2550,4765 2550,4720 2553,4717 2554,4717 2554,4717 2554,4716 2557,4713 2558,4713 2558,4713 2558,4712 2561,4709 2568,4709 2569,4710 2570,4710 2570,4711 2570,4712 2573,4714 2574,4714 2574,4715 2574,4716 2577,4718 2578,4718 2578,4719 2578,4769 2579,4769 2818,4769 2818,4768 2818,4735 2821,4732 2822,4732 2822,4732 2822,4731 2824,4729 2826,4729 2826,4729 2826,4728 2829,4725 2830,4725 2830,4725 2830,4724 2833,4721 2838,4721 2838,4721 2838,4720 2841,4717 2850,4717 2850,4717 2850,4716 2853,4713 2876,4713 2877,4714 2878,4714 2878,4715 2878,4716 2880,4717 2884,4717 2885,4718 2886,4718 2886,4719 2886,4720 2887,4720 2889,4722 2890,4722 2890,4723 2890,4765 2891,4765 2952,4765 2953,4766 3138,4766 3138,4765 3138,4718 3139,4718 3140,4718 3141,4717 3150,4717 3150,4716 3150,4715 3153,4713 3299,4712 3302,4716 3302,4773 3303,4773 3396,4773 3402,4780 3402,4781 3403,4781 3404,4781 3406,4784 3406,4789 3407,4789 3408,4789 3410,4792 3410,4833 3411,4833 3412,4833 3413,4834 3414,4834 3414,4835 3414,4841 3415,4841 3416,4841 3418,4844 3418,4852 3416,4854 3415,4854 3414,4855 3414,4856 3412,4858 3409,4858 3408,4857 3407,4857 3406,4857 3406,4856 3405,4854 3333,4854 3332,4853 2837,4854 2836,4853 2669,4854 2668,4853 2481,4853 2480,4854 2477,4854 2474,4852 2474,4851 2474,4850 2227,4851 2226,4851 2226,4852 2226,4853 2225,4853 2224,4854 2223,4854 2222,4854 2222,4860 2221,4862 2213,4862 2210,4859 2210,4850 2210,4850 2179,4850 2178,4850 2179,4909 2178,4910"/><TextEquiv index="1"><Unicode>Nous mettons l'épée à la main. Soudain</Unicode></TextEquiv></TextLine><TextLine id="r0_l023"><Coords points="3049,5110 3048,5109 3047,5109 3046,5108 3046,5107 3045,5106 3044,5106 3043,5105 2525,5106 2524,5105 2523,5105 2522,5104 2522,5103 2521,5102 2520,5102 2518,5100 2518,5093 2517,5092 734,5096 734,5097 734,5107 733,5107 727,5107 727,5107 727,5073 726,5072 115,5073 115,5073 115,4967 114,4966 104,4966 103,4965 103,4963 104,4961 110,4961 111,4961 111,4927 112,4925 802,4924 803,4923 803,4914 803,4914 804,4914 805,4913 809,4913 811,4911 811,4910 811,4910 812,4910 813,4909 1154,4908 1155,4908 1155,4907 1155,4906 1156,4906 1157,4905 1172,4905 1175,4908 1175,4909 1175,4909 1260,4909 1262,4911 2168,4909 2169,4910 2178,4910 2179,4910 2179,4914 2179,4915 3159,4913 3160,4914 3282,4913 3283,4914 3285,4914 3286,4915 3286,4916 3287,4917 3295,4917 3300,4922 3301,4922 3302,4923 3302,4969 3302,4969 3351,4969 3352,4970 3353,4970 3354,4971 3354,4973 3354,4973 3395,4973 3398,4976 3398,4977 3398,4977 3403,4977 3404,4978 3405,4978 3406,4979 3406,4985 3406,4985 3407,4985 3408,4986 3409,4986 3410,4987 3410,5033 3410,5033 3411,5033 3420,5042 3421,5042 3422,5043 3422,5048 3419,5050 3418,5050 3418,5051 3418,5052 3415,5054 3230,5055 3227,5058 3082,5058 3082,5058 3082,5108 3081,5109 3079,5109 3078,5110"/><TextEquiv index="1"><Unicode>mon adverſaire me jete, aux yeux, plein</Unicode></TextEquiv></TextLine><TextLine id="r0_l024"><Coords points="2551,5308 2550,5308 2550,5307 2550,5306 2434,5306 2433,5305 2432,5305 2431,5304 2117,5305 2116,5304 1201,5306 1200,5305 404,5307 403,5306 403,5250 403,5250 375,5250 374,5249 372,5249 371,5248 371,5247 369,5245 305,5245 301,5241 300,5241 299,5241 299,5167 300,5166 301,5166 301,5165 303,5163 303,5162 304,5162 305,5162 306,5161 310,5161 311,5159 311,5146 312,5146 313,5146 315,5143 315,5134 316,5134 317,5134 319,5131 319,5126 320,5126 321,5126 323,5123 323,5118 323,5118 324,5118 325,5117 329,5117 331,5115 331,5114 331,5114 332,5114 335,5111 335,5110 335,5110 336,5110 337,5109 341,5109 343,5107 343,5106 343,5106 344,5106 345,5105 344,5105 119,5105 119,5105 119,5104 116,5101 115,5101 115,5101 115,5099 116,5097 117,5097 119,5096 119,5091 120,5089 121,5089 123,5091 123,5103 123,5103 1360,5101 1363,5103 1363,5104 1363,5105 1364,5105 1367,5107 1367,5110 1367,5111 2288,5109 2290,5110 2290,5111 2291,5113 2292,5113 2293,5114 2592,5113 2594,5114 2594,5115 2596,5118 2597,5118 2598,5118 2598,5125 2599,5126 2969,5125 2970,5127 2970,5162 2971,5162 3385,5161 3386,5163 3386,5164 3396,5173 3416,5173 3421,5178 3422,5178 3422,5179 3422,5184 3420,5186 3419,5186 3418,5187 3418,5244 3416,5246 3415,5246 3414,5247 3414,5248 3413,5249 3409,5249 3408,5250 3407,5250 3406,5251 3406,5252 3404,5254 3403,5254 3402,5255 3402,5256 3401,5257 2567,5259 2566,5260 2566,5308 2566,5308"/><TextEquiv index="1"><Unicode>ſa boîte de tabac, &amp; profite du moment</Unicode></TextEquiv></TextLine><TextLine id="r0_l025"><Coords points="2115,5497 2114,5496 1723,5497 1723,5496 1723,5495 1720,5493 1715,5493 1715,5492 1715,5491 1712,5489 1711,5489 1711,5488 1711,5487 1708,5485 1707,5485 1707,5484 1707,5483 1706,5482 1706,5452 1705,5452 127,5455 127,5456 127,5461 126,5461 123,5461 123,5461 123,5460 119,5456 119,5447 118,5446 117,5446 115,5444 115,5435 116,5434 115,5335 117,5333 118,5333 118,5333 119,5332 119,5331 121,5329 403,5329 403,5328 403,5307 404,5307 423,5307 424,5308 1818,5305 1818,5304 1818,5303 1821,5301 1825,5301 1826,5302 1826,5303 1828,5305 2116,5304 2117,5305 2119,5305 2119,5306 2119,5309 2120,5309 2566,5308 2566,5309 2566,5314 2567,5314 2957,5313 2958,5315 2958,5332 2961,5334 2962,5334 2962,5335 2963,5370 2963,5370 3407,5369 3408,5370 3409,5370 3410,5371 3410,5372 3411,5373 3415,5373 3416,5374 3417,5374 3418,5375 3418,5384 3415,5386 3414,5386 3414,5387 3414,5388 3412,5389 3410,5389 3410,5390 3410,5452 3408,5453 3403,5453 3402,5455 3402,5456 3400,5457 2146,5460 2146,5460 2146,5496 2145,5497"/><TextEquiv index="1"><Unicode>où il m'avoit aveuglé, pour me donner</Unicode></TextEquiv></TextLine><TextLine id="r0_l026"><Coords points="968,5711 967,5710 967,5649 967,5649 856,5649 855,5649 855,5707 854,5709 828,5709 827,5708 827,5707 826,5706 826,5705 826,5705 820,5705 819,5704 819,5657 819,5657 744,5657 743,5657 743,5656 741,5653 660,5653 659,5653 659,5652 657,5649 577,5649 576,5648 356,5649 355,5648 355,5647 353,5645 317,5645 315,5643 315,5642 315,5642 314,5642 311,5639 311,5638 311,5638 310,5638 307,5635 307,5621 307,5621 140,5621 139,5622 139,5685 139,5685 126,5685 125,5686 124,5686 123,5687 123,5697 123,5697 120,5697 119,5697 119,5692 117,5689 116,5689 115,5689 115,5687 117,5685 118,5685 119,5684 119,5683 121,5681 127,5681 127,5681 127,5615 129,5613 131,5613 131,5613 131,5555 132,5553 137,5553 139,5555 139,5557 139,5557 313,5557 315,5558 315,5559 316,5561 353,5561 355,5562 355,5563 356,5565 445,5565 446,5566 612,5565 616,5569 876,5569 877,5570 1061,5569 1063,5568 1063,5567 1064,5565 1066,5565 1067,5565 1067,5519 1068,5517 1069,5517 1071,5516 1071,5515 1072,5513 1073,5513 1074,5513 1075,5512 1075,5511 1076,5509 1092,5509 1095,5512 1095,5517 1095,5517 1366,5517 1367,5516 1367,5514 1368,5513 1373,5513 1374,5512 1374,5511 1376,5509 1384,5509 1387,5511 1387,5556 1387,5557 1444,5557 1447,5559 1447,5560 1447,5560 1450,5560 1451,5561 1649,5561 1650,5561 1650,5508 1652,5505 1676,5505 1679,5507 1679,5508 1679,5509 1680,5509 1683,5511 1683,5556 1683,5557 2017,5556 2018,5556 2018,5512 2020,5509 2021,5509 2022,5509 2022,5508 2024,5505 2033,5505 2034,5505 2034,5504 2036,5501 2044,5501 2046,5503 2046,5504 2047,5505 2048,5505 2050,5507 2050,5557 2050,5557 2237,5557 2238,5556 2238,5514 2239,5513 2240,5513 2244,5509 2245,5509 2246,5508 2246,5507 2248,5505 2249,5505 2250,5504 2250,5503 2252,5501 2268,5501 2270,5502 2270,5556 2270,5557 2300,5557 2302,5558 2302,5559 2303,5561 2360,5561 2361,5562 2524,5561 2526,5563 2526,5564 2527,5565 2532,5565 2534,5567 2534,5572 2535,5573 2536,5573 2538,5575 2538,5609 2539,5609 2690,5609 2690,5608 2690,5518 2690,5518 2691,5518 2696,5513 2816,5513 2818,5514 2818,5515 2819,5517 2820,5517 2821,5517 2822,5518 2822,5519 2823,5520 2824,5520 2826,5522 2826,5565 2826,5565 3032,5565 3034,5564 3034,5551 3034,5550 3035,5550 3038,5548 3038,5539 3038,5538 3039,5538 3042,5536 3042,5535 3042,5534 3043,5534 3046,5532 3046,5531 3046,5530 3047,5530 3050,5528 3050,5523 3051,5521 3060,5521 3062,5519 3062,5518 3063,5517 3076,5517 3078,5515 3078,5514 3079,5513 3088,5513 3090,5514 3090,5515 3092,5518 3093,5518 3094,5518 3094,5519 3095,5521 3096,5521 3098,5522 3098,5568 3098,5569 3297,5568 3298,5568 3298,5567 3299,5566 3299,5565 3300,5565 3302,5567 3302,5568 3303,5569 3308,5569 3310,5571 3310,5572 3311,5573 3312,5573 3314,5575 3314,5580 3316,5581 3317,5581 3318,5583 3318,5621 3319,5621 3385,5621 3386,5623 3386,5624 3388,5625 3393,5625 3394,5627 3394,5628 3396,5629 3401,5629 3402,5631 3402,5632 3405,5634 3406,5634 3406,5635 3406,5636 3409,5638 3410,5638 3410,5639 3410,5660 3409,5661 3408,5661 3406,5663 3406,5672 3405,5673 3404,5673 3402,5675 3402,5676 3401,5677 3400,5677 3398,5679 3398,5680 3397,5681 3388,5681 3386,5683 3386,5684 3385,5685 3368,5685 3366,5684 3366,5679 3365,5677 3364,5677 3362,5676 3362,5658 3362,5657 3285,5657 3284,5656 3112,5657 3110,5655 3110,5654 3109,5653 3024,5653 3022,5652 3022,5651 3021,5649 2892,5649 2890,5648 2890,5647 2889,5645 2848,5645 2847,5644 2369,5645 2368,5644 2254,5645 2253,5645 2253,5701 2253,5702 2252,5702 2251,5701 2251,5645 2251,5645 2104,5645 2102,5644 2102,5643 2101,5641 1903,5642 1902,5642 1902,5644 1902,5645 1708,5645 1707,5644 1707,5643 1705,5641 1664,5641 1663,5641 1663,5640 1661,5637 1461,5637 1458,5640 1458,5641 1458,5641 1457,5641 1454,5644 1454,5645 1454,5645 1453,5645 1452,5646 1451,5646 1450,5647 1450,5648 1450,5648 1276,5649 1275,5649 1275,5699 1274,5701 1269,5701 1267,5702 1267,5703 1266,5705 1240,5705 1239,5704 1239,5703 1239,5703 1237,5701 1236,5701 1235,5700 1235,5698 1234,5697 1234,5649 1234,5649 1044,5649 1043,5648 979,5649 978,5649 978,5710 978,5711"/><TextEquiv index="1"><Unicode>un coup d'épée dans le bras. Tu ſens,</Unicode></TextEquiv></TextLine><TextLine id="r0_l027"><Coords points="620,5906 620,5906 620,5850 619,5849 567,5849 566,5848 427,5849 427,5848 427,5847 426,5846 426,5845 425,5845 308,5845 307,5843 307,5842 306,5842 305,5842 304,5841 303,5841 303,5840 303,5813 302,5813 144,5813 143,5812 143,5811 141,5809 140,5809 139,5809 139,5778 139,5777 133,5777 130,5775 130,5774 130,5773 129,5773 127,5772 127,5767 129,5765 130,5765 131,5767 131,5768 132,5768 307,5768 307,5767 307,5766 309,5765 310,5765 311,5763 311,5762 313,5761 366,5761 367,5762 367,5763 369,5765 494,5765 495,5766 495,5767 497,5769 502,5769 503,5770 602,5769 602,5770 602,5771 605,5773 610,5773 610,5774 610,5775 613,5777 811,5777 811,5776 811,5774 813,5773 814,5773 815,5771 815,5770 817,5769 959,5769 959,5768 959,5718 961,5717 962,5717 963,5715 963,5714 965,5713 966,5713 968,5711 979,5711 987,5719 988,5821 988,5821 1186,5821 1187,5821 1186,5807 1187,5806 1187,5787 1189,5785 1190,5785 1191,5784 1191,5779 1193,5777 1194,5777 1195,5776 1195,5775 1197,5773 1202,5773 1202,5773 1202,5772 1205,5769 1214,5769 1214,5769 1214,5768 1217,5765 1230,5765 1230,5764 1230,5763 1233,5761 1494,5760 1494,5760 1494,5717 1495,5716 1495,5715 1497,5713 1498,5713 1498,5713 1498,5712 1501,5709 1502,5709 1502,5709 1502,5708 1505,5705 1510,5705 1510,5705 1510,5704 1513,5701 1521,5701 1523,5704 1523,5705 1524,5705 1621,5705 1623,5708 1623,5713 1624,5713 1625,5713 1626,5715 1626,5757 1627,5757 1701,5757 1703,5759 1703,5760 1704,5761 1918,5760 1918,5760 1918,5724 1921,5721 1922,5721 1922,5721 1922,5720 1925,5717 1926,5717 1926,5717 1926,5716 1929,5713 1958,5713 1958,5713 1958,5712 1961,5709 1962,5709 1962,5709 1962,5708 1965,5705 2053,5705 2055,5708 2055,5709 2056,5709 2057,5709 2058,5711 2058,5753 2059,5753 2234,5753 2234,5752 2234,5707 2237,5705 2249,5705 2250,5703 2250,5702 2251,5702 2254,5702 2255,5703 2255,5704 2256,5705 2261,5705 2262,5706 2262,5760 2263,5761 2446,5760 2446,5760 2446,5712 2453,5705 2457,5705 2458,5707 2458,5708 2460,5709 2641,5709 2643,5706 2643,5705 2644,5705 2713,5705 2714,5706 2714,5711 2716,5713 2717,5713 2718,5714 2718,5759 2720,5761 2721,5761 2722,5762 2953,5761 2954,5760 2954,5751 2956,5749 2957,5749 2958,5748 2958,5743 2960,5741 2961,5741 2962,5740 2962,5731 2964,5729 2965,5729 2966,5728 2966,5723 2968,5721 2969,5721 2970,5720 2970,5719 2971,5718 2972,5718 2973,5717 2974,5716 2974,5715 2976,5713 2985,5713 2986,5715 2986,5717 2987,5717 3201,5717 3202,5718 3202,5719 3204,5721 3209,5721 3210,5722 3210,5723 3212,5725 3213,5725 3214,5726 3214,5731 3216,5733 3217,5733 3218,5734 3218,5768 3219,5769 3241,5769 3242,5770 3393,5769 3394,5771 3394,5776 3396,5777 3401,5777 3402,5779 3402,5784 3404,5785 3405,5785 3406,5787 3407,5837 3407,5837 3408,5837 3410,5839 3410,5840 3411,5841 3411,5841 3412,5841 3414,5843 3414,5848 3412,5849 3411,5849 3410,5851 3410,5852 3408,5853 3311,5853 3310,5855 3310,5856 3308,5857 3287,5857 3286,5856 3286,5855 3285,5854 3285,5853 3284,5852 3155,5853 3154,5851 3154,5850 3152,5849 2818,5850 2818,5850 2818,5879 2816,5881 2815,5881 2814,5882 2814,5883 2812,5885 2811,5885 2810,5886 2810,5887 2808,5889 2799,5889 2798,5890 2798,5891 2796,5893 2795,5893 2794,5894 2794,5894 2794,5895 2792,5897 2791,5897 2790,5898 2790,5898 2790,5899 2788,5901 2763,5901 2762,5899 2762,5898 2760,5897 2743,5897 2742,5895 2742,5890 2740,5889 2739,5889 2738,5887 2738,5882 2736,5881 2735,5881 2734,5879 2734,5845 2733,5845 2651,5845 2650,5843 2650,5842 2648,5841 2378,5841 2378,5842 2378,5877 2377,5877 2371,5877 2370,5876 2370,5842 2369,5841 2303,5842 2302,5843 2302,5844 2301,5845 2299,5845 2298,5843 2298,5842 2296,5841 2116,5841 2114,5844 2114,5845 2113,5845 1939,5845 1938,5847 1938,5849 1937,5849 1936,5849 1935,5851 1935,5858 1934,5859 1934,5861 1933,5861 1932,5861 1931,5863 1931,5870 1930,5871 1930,5873 1929,5873 1928,5873 1926,5876 1926,5881 1925,5881 1924,5881 1924,5882 1922,5884 1922,5885 1921,5885 1920,5885 1918,5888 1918,5889 1917,5889 1916,5889 1914,5892 1914,5893 1913,5893 1911,5893 1910,5892 1907,5892 1907,5892 1907,5891 1904,5889 1903,5889 1902,5887 1902,5845 1901,5845 1575,5845 1575,5846 1575,5895 1574,5896 1574,5897 1573,5897 1567,5897 1567,5897 1567,5896 1566,5895 1566,5846 1565,5845 1307,5846 1306,5847 1306,5848 1305,5849 1299,5849 1299,5848 1299,5847 1296,5845 1087,5845 1087,5846 1087,5848 1085,5849 1084,5849 1083,5851 1083,5864 1081,5865 1080,5865 1079,5867 1079,5872 1077,5873 1076,5873 1076,5874 1075,5875 1075,5876 1073,5877 1072,5877 1072,5878 1071,5879 1071,5880 1069,5881 1060,5881 1059,5883 1059,5884 1057,5885 1051,5885 1051,5885 1051,5849 1050,5848 788,5849 787,5850 787,5851 785,5853 736,5853 732,5849 626,5849 626,5850 626,5906 625,5906"/><TextEquiv index="1"><Unicode>mon ami, combien j'étois indigné d'un</Unicode></TextEquiv></TextLine><TextLine id="r0_l028"><Coords points="3228,6116 3227,6115 3219,6115 3218,6114 3218,6055 3218,6055 3207,6055 3205,6057 3159,6057 3158,6057 3158,6071 3157,6073 3156,6073 3154,6074 3154,6079 3153,6081 3152,6081 3150,6082 3150,6083 3149,6085 3148,6085 3146,6086 3146,6091 3145,6093 3140,6093 3138,6094 3138,6095 3137,6097 3128,6097 3126,6098 3126,6099 3125,6101 3088,6101 3086,6099 3086,6098 3086,6098 3085,6097 3084,6097 3082,6095 3082,6094 3081,6093 3080,6093 3079,6092 3078,6091 3078,6090 3077,6089 3076,6089 3074,6087 3074,6045 3074,6045 2844,6045 2842,6047 2842,6048 2841,6049 2836,6049 2835,6048 2652,6049 2650,6047 2650,6046 2649,6045 2584,6045 2582,6044 2582,6043 2581,6041 2328,6042 2325,6045 2320,6045 2318,6043 2318,6042 2317,6041 2080,6041 2079,6042 2079,6043 2078,6044 2078,6045 2078,6045 2020,6045 2019,6044 1593,6045 1590,6048 1590,6049 1590,6049 1589,6049 1586,6052 1586,6053 1586,6053 1581,6053 1578,6056 1578,6057 1578,6057 1565,6057 1563,6059 1563,6060 1562,6061 1560,6061 1558,6060 1558,6059 1557,6057 1552,6057 1551,6057 1551,6056 1550,6055 1550,6053 1550,6052 1360,6053 1359,6052 1359,6051 1357,6049 856,6050 855,6050 855,6099 854,6101 853,6101 851,6102 851,6103 850,6105 845,6105 842,6102 842,6101 842,6101 816,6101 815,6100 815,6045 815,6045 565,6045 564,6044 336,6045 335,6045 335,6095 334,6097 333,6097 331,6098 331,6099 330,6101 317,6101 315,6099 315,6098 314,6097 301,6097 299,6096 299,6038 298,6037 155,6037 155,6038 155,6112 154,6113 152,6113 151,6113 151,6038 150,6037 143,6037 143,6037 143,6031 144,6029 294,6029 295,6029 295,5963 296,5961 305,5961 307,5959 307,5958 308,5957 317,5957 319,5958 319,5960 319,5961 505,5961 507,5959 507,5958 508,5957 610,5956 611,5956 611,5919 612,5917 613,5917 615,5916 615,5911 616,5909 617,5909 619,5908 619,5907 619,5906 679,5906 680,5905 681,5905 683,5907 683,5908 684,5909 685,5909 687,5911 687,5964 688,5965 689,5965 691,5967 691,5969 691,5969 917,5969 919,5967 919,5966 920,5965 949,5965 950,5966 1166,5965 1167,5965 1167,5947 1168,5945 1169,5945 1171,5944 1171,5939 1172,5937 1173,5937 1175,5936 1175,5927 1176,5925 1177,5925 1179,5924 1179,5919 1180,5917 1181,5917 1182,5917 1182,5916 1184,5913 1269,5913 1270,5912 1270,5911 1272,5909 1284,5909 1287,5911 1287,5912 1287,5913 1372,5913 1375,5915 1375,5972 1375,5973 1376,5973 1379,5975 1379,5976 1379,5977 1380,5977 1383,5979 1383,6016 1383,6017 1561,6016 1562,6016 1562,5916 1564,5913 1565,5913 1566,5913 1566,5912 1568,5909 1624,5909 1627,5912 1627,5913 1627,5913 1628,5913 1631,5916 1631,5957 1631,5957 1684,5957 1687,5959 1687,5960 1687,5961 1957,5960 1958,5960 1958,5959 1959,5957 2097,5957 2098,5957 2098,5912 2104,5905 2264,5905 2266,5906 2266,5907 2267,5909 2268,5909 2270,5910 2270,5911 2271,5913 2272,5913 2274,5914 2274,5956 2274,5957 2324,5957 2325,5958 2664,5957 2666,5958 2666,5959 2667,5961 2668,5961 2670,5962 2670,5963 2671,5965 2849,5964 2850,5964 2850,5963 2851,5961 3000,5961 3002,5963 3002,5964 3003,5965 3237,5965 3238,5964 3238,5922 3239,5921 3248,5921 3250,5922 3250,5964 3250,5965 3272,5965 3273,5966 3300,5965 3302,5967 3302,5968 3303,5969 3388,5969 3390,5971 3390,5972 3391,5973 3400,5973 3402,5975 3402,5976 3403,5977 3403,5977 3404,5977 3406,5979 3406,6036 3408,6037 3409,6037 3410,6039 3410,6064 3409,6065 3408,6065 3406,6067 3406,6080 3405,6081 3404,6081 3402,6083 3402,6084 3401,6085 3400,6085 3398,6087 3398,6088 3397,6089 3396,6089 3394,6091 3394,6092 3393,6093 3392,6093 3390,6095 3390,6096 3389,6097 3384,6097 3382,6099 3382,6100 3381,6101 3376,6101 3374,6103 3374,6104 3373,6105 3372,6105 3370,6104 3370,6103 3369,6101 3368,6101 3366,6100 3366,6055 3366,6054 3231,6055 3230,6055 3230,6115 3230,6116"/><TextEquiv index="1"><Unicode>pareil procédé. Je voulois me venger;</Unicode></TextEquiv></TextLine><TextLine id="r0_l029"><Coords points="3367,6305 3366,6304 3365,6258 3365,6257 3286,6257 3285,6256 3280,6257 3278,6255 3278,6254 3277,6253 3148,6253 3146,6251 3146,6250 3145,6249 2976,6249 2974,6251 2974,6252 2973,6253 2972,6253 2970,6252 2970,6251 2969,6249 2844,6249 2843,6248 2808,6249 2806,6247 2806,6246 2805,6245 2656,6245 2654,6246 2654,6247 2653,6249 2644,6249 2642,6250 2642,6251 2641,6253 2632,6253 2630,6251 2630,6249 2630,6249 2480,6249 2478,6248 2478,6247 2477,6245 2379,6245 2378,6246 2379,6306 2378,6306 2374,6306 2374,6306 2373,6246 2373,6245 2372,6245 2370,6244 2370,6243 2369,6242 2369,6241 2369,6240 2304,6241 2302,6239 2302,6237 2302,6237 2153,6237 2149,6241 2144,6241 2143,6241 2143,6242 2141,6245 2136,6245 2135,6245 2135,6246 2133,6249 2079,6249 2078,6250 2078,6262 2077,6263 2078,6276 2076,6277 2075,6277 2075,6278 2075,6279 2056,6297 2051,6297 2051,6298 2051,6299 2048,6301 2023,6301 2023,6301 2023,6300 2020,6297 2007,6297 2007,6297 2007,6296 2004,6293 2003,6293 2003,6293 2003,6292 2000,6289 1999,6289 1999,6289 1999,6288 1998,6287 1998,6279 1996,6277 1995,6277 1994,6276 1993,6250 1993,6249 1972,6249 1970,6248 1970,6247 1969,6245 1924,6245 1923,6244 1822,6245 1821,6245 1822,6305 1821,6306 1799,6306 1799,6305 1798,6245 1798,6245 1683,6245 1682,6245 1683,6294 1682,6295 1682,6296 1681,6297 1680,6297 1678,6299 1678,6300 1677,6301 1675,6301 1674,6300 1674,6299 1672,6297 1671,6297 1671,6297 1671,6296 1670,6295 1669,6242 1669,6241 1504,6241 1503,6242 1503,6259 1502,6260 1502,6261 1502,6261 1501,6261 1498,6264 1499,6267 1498,6268 1498,6269 1497,6269 1496,6269 1494,6272 1494,6273 1493,6273 1492,6273 1490,6276 1490,6277 1489,6277 1484,6277 1482,6280 1482,6281 1481,6281 1467,6281 1467,6281 1467,6280 1462,6275 1461,6253 1461,6252 1189,6253 1185,6249 1037,6249 1034,6247 1034,6246 1034,6245 1025,6245 1022,6243 1022,6242 1022,6241 872,6242 871,6242 871,6243 870,6245 869,6245 867,6246 867,6247 866,6249 715,6249 714,6250 715,6300 713,6301 676,6301 675,6300 675,6299 674,6298 673,6298 672,6297 671,6297 671,6297 670,6250 670,6249 665,6249 663,6248 663,6247 662,6245 456,6246 455,6246 455,6247 454,6249 387,6249 386,6249 387,6291 385,6293 384,6293 383,6294 383,6295 381,6297 348,6297 347,6295 347,6294 345,6293 340,6293 339,6291 338,6241 338,6241 325,6241 323,6239 323,6238 322,6237 321,6237 320,6236 319,6235 319,6234 318,6233 313,6233 311,6231 311,6230 310,6229 310,6229 309,6229 307,6227 307,6222 306,6221 305,6221 303,6219 303,6218 302,6217 301,6217 299,6216 299,6210 299,6209 152,6209 151,6210 151,6224 150,6225 148,6225 147,6226 147,6240 146,6241 145,6241 144,6242 143,6243 143,6244 142,6245 140,6245 139,6245 139,6235 141,6233 143,6233 143,6233 143,6207 145,6205 295,6205 295,6205 295,6199 297,6197 298,6197 299,6196 299,6179 301,6177 302,6177 303,6175 303,6174 305,6173 306,6173 307,6171 307,6170 309,6169 310,6169 311,6167 311,6166 313,6165 314,6165 315,6163 315,6162 317,6161 330,6161 331,6159 331,6158 333,6157 350,6157 351,6158 351,6159 353,6161 579,6160 579,6160 579,6111 581,6109 598,6109 599,6111 599,6112 601,6113 602,6113 603,6115 603,6161 604,6161 702,6161 703,6163 703,6164 705,6165 866,6165 866,6165 866,6166 869,6169 914,6169 914,6168 914,6151 915,6150 915,6149 916,6149 1015,6148 1015,6148 1015,6119 1017,6117 1018,6117 1018,6117 1018,6116 1021,6113 1122,6113 1122,6113 1122,6112 1125,6109 1134,6109 1134,6110 1134,6111 1135,6112 1135,6117 1136,6117 1310,6117 1310,6116 1310,6115 1313,6113 1314,6113 1314,6112 1314,6111 1317,6109 1349,6109 1355,6115 1355,6120 1356,6121 1382,6121 1382,6121 1382,6122 1383,6123 1383,6168 1384,6169 1386,6169 1386,6169 1386,6170 1387,6171 1387,6176 1388,6177 1389,6177 1395,6183 1395,6185 1396,6186 1583,6185 1583,6185 1583,6146 1584,6145 1623,6145 1623,6145 1623,6118 1624,6117 1625,6117 1626,6116 1626,6112 1629,6109 1634,6109 1634,6109 1634,6108 1637,6105 1645,6105 1647,6108 1647,6109 1648,6109 1649,6109 1651,6112 1651,6161 1652,6161 1714,6161 1714,6161 1714,6162 1715,6163 1715,6164 1716,6165 1866,6165 1866,6164 1866,6163 1867,6162 1867,6161 1868,6161 1901,6161 1902,6162 2137,6161 2139,6163 2139,6164 2140,6165 2145,6165 2147,6167 2147,6168 2148,6169 2149,6169 2151,6171 2151,6172 2152,6173 2302,6173 2302,6172 2302,6166 2304,6165 2309,6165 2311,6162 2311,6161 2312,6161 2317,6161 2319,6158 2319,6157 2320,6157 2325,6157 2326,6158 2326,6160 2327,6161 2365,6160 2366,6161 2641,6161 2642,6159 2642,6154 2644,6153 2645,6153 2646,6151 2646,6146 2648,6145 2649,6145 2650,6143 2650,6130 2652,6129 2653,6129 2654,6127 2654,6122 2656,6121 2657,6121 2657,6120 2658,6119 2658,6118 2660,6117 2661,6117 2661,6116 2662,6115 2662,6114 2664,6113 2665,6113 2665,6112 2666,6111 2666,6110 2668,6109 2677,6109 2678,6107 2678,6106 2680,6105 2701,6105 2702,6106 2702,6107 2704,6109 2705,6109 2706,6110 2706,6164 2707,6165 2894,6164 2894,6164 2894,6163 2896,6161 2901,6161 2902,6163 2902,6164 2904,6165 3041,6165 3042,6167 3042,6169 3043,6169 3214,6169 3214,6168 3214,6118 3216,6117 3217,6117 3219,6115 3227,6115 3228,6116 3231,6116 3232,6117 3233,6117 3234,6118 3234,6119 3236,6121 3237,6121 3238,6122 3238,6164 3239,6165 3285,6164 3285,6165 3285,6166 3286,6167 3286,6168 3288,6169 3289,6169 3290,6171 3290,6172 3292,6173 3309,6173 3310,6175 3310,6176 3312,6177 3389,6177 3390,6179 3390,6180 3392,6181 3393,6181 3394,6183 3394,6232 3396,6233 3397,6233 3398,6235 3398,6236 3400,6237 3401,6237 3402,6239 3402,6248 3404,6249 3405,6249 3406,6251 3406,6256 3408,6257 3409,6257 3410,6259 3409,6260 3409,6264 3408,6265 3407,6265 3406,6267 3406,6272 3404,6273 3403,6273 3402,6275 3402,6280 3400,6281 3399,6281 3398,6283 3398,6284 3396,6285 3395,6285 3394,6287 3394,6288 3392,6289 3391,6289 3390,6291 3390,6292 3388,6293 3383,6293 3382,6295 3382,6296 3380,6297 3379,6297 3378,6299 3378,6300 3376,6301 3375,6301 3374,6303 3374,6304 3372,6305"/><TextEquiv index="1"><Unicode>quoique bleſſé, la rage me ſoutenoit;</Unicode></TextEquiv></TextLine><TextLine id="r0_l030"><Coords points="1459,6513 1458,6513 1458,6482 1457,6481 1455,6481 1455,6481 1455,6480 1453,6478 1453,6477 1450,6474 1450,6453 1449,6452 1124,6453 1123,6452 588,6453 587,6452 587,6451 585,6449 584,6449 583,6448 460,6449 459,6447 459,6446 457,6445 456,6445 455,6443 455,6441 454,6441 324,6441 323,6439 323,6438 321,6437 316,6437 315,6435 315,6434 313,6433 312,6433 311,6431 311,6378 309,6377 308,6377 307,6375 307,6362 308,6361 317,6361 319,6359 319,6358 320,6357 530,6356 531,6356 531,6349 530,6348 152,6349 151,6348 151,6307 149,6305 148,6305 147,6304 147,6303 148,6301 157,6301 159,6303 159,6306 159,6306 541,6305 543,6307 543,6308 543,6308 2272,6305 2274,6307 2378,6306 2379,6307 2379,6317 2379,6317 2504,6317 2505,6318 3236,6317 3237,6318 3308,6317 3310,6319 3310,6324 3311,6325 3312,6325 3314,6327 3314,6332 3315,6333 3316,6333 3318,6335 3318,6344 3319,6345 3320,6345 3322,6347 3322,6352 3323,6353 3324,6353 3326,6355 3326,6356 3327,6357 3328,6357 3330,6359 3330,6364 3331,6365 3332,6365 3334,6367 3334,6433 3334,6433 3396,6433 3398,6435 3398,6436 3399,6437 3404,6437 3406,6439 3406,6440 3407,6441 3408,6441 3410,6443 3410,6444 3411,6445 3412,6445 3414,6447 3414,6452 3415,6453 3416,6453 3418,6455 3418,6456 3417,6456 3416,6457 3415,6457 3414,6459 3414,6468 3412,6469 3411,6469 3410,6471 3410,6476 3408,6477 3407,6477 3406,6479 3406,6480 3404,6481 3403,6481 3402,6483 3402,6484 3400,6485 3399,6485 3398,6487 3398,6488 3396,6489 3383,6489 3382,6491 3382,6492 3380,6493 3371,6493 3370,6492 3370,6491 3368,6489 3367,6489 3366,6488 3366,6458 3365,6457 3287,6457 3286,6456 1691,6460 1691,6460 1691,6494 1690,6495 1690,6496 1690,6497 1481,6497 1480,6498 1480,6513 1480,6513"/><TextEquiv index="1"><Unicode>mais des amis, qui ſe ſont trouvés là,</Unicode></TextEquiv></TextLine><TextLine id="r0_l031"><Coords points="2992,6705 2990,6704 2990,6696 2990,6695 341,6701 339,6699 339,6698 338,6697 333,6697 331,6695 331,6694 330,6693 329,6693 327,6691 327,6545 327,6545 161,6545 159,6544 159,6543 159,6542 158,6541 157,6541 155,6540 155,6539 157,6537 158,6537 159,6536 159,6527 161,6525 179,6525 179,6525 179,6507 181,6505 1656,6502 1657,6501 1897,6501 1899,6503 1899,6504 1900,6505 1909,6504 1912,6508 1912,6509 1913,6509 2370,6508 2371,6509 2613,6509 2614,6510 2614,6511 2616,6513 2629,6513 2630,6514 2630,6515 2632,6517 2633,6517 2634,6518 2634,6522 2635,6523 3349,6521 3350,6523 3350,6573 3351,6573 3397,6573 3398,6575 3398,6576 3400,6577 3401,6577 3402,6579 3402,6580 3404,6581 3409,6581 3410,6583 3410,6588 3412,6589 3413,6589 3414,6591 3414,6596 3416,6597 3417,6597 3418,6599 3418,6640 3417,6641 3416,6641 3414,6643 3414,6648 3413,6649 3412,6649 3410,6651 3410,6652 3409,6653 3408,6653 3406,6655 3406,6656 3405,6657 3400,6657 3398,6659 3398,6660 3397,6661 3392,6661 3390,6663 3390,6664 3389,6665 2999,6666 2998,6667 2998,6704 2997,6705"/><TextEquiv index="1"><Unicode>par haſard ou à deſſein, ſe ſont encore</Unicode></TextEquiv></TextLine><TextLine id="r0_l032"><Coords points="2510,6718 2814,6717 2814,6909 2510,6910"/><TextEquiv index="1"><Unicode>Ivij</Unicode></TextEquiv></TextLine></TextRegion></Page></PcGts>