<PcGts xmlns="http://schema.primaresearch.org/PAGE/gts/pagecontent/2017-07-15" xmlns:xsi="http://www.w3.org/2001/XMLSchema-instance" xsi:schemaLocation="http://schema.primaresearch.org/PAGE/gts/pagecontent/2017-07-15 http://schema.primaresearch.org/PAGE/gts/pagecontent/2017-07-15/pagecontent.xsd"><Metadata><Creator>User123</Creator><Created>2020-10-14T11:42:00</Created><LastChange>2020-10-14T11:42:00</LastChange></Metadata><Page imageFilename="0211.png" imageHeight="7790" imageWidth="4266"><TextRegion id="r0" type="paragraph" orientation="-0.0"><Coords points="1,1 4264,1 4264,7788 1,7788"/><TextLine id="r0_l001"><Coords points="2126,536 3017,536 3017,800 2126,800"/><TextEquiv index="1"><Unicode>.</Unicode></TextEquiv></TextLine><TextLine id="r0_l002"><Coords points="1330,990 1081,990 1079,989 1079,862 1081,860 1097,860 1097,860 1097,859 1099,857 1100,857 1101,856 1101,855 1103,853 1181,853 1181,853 1181,743 1182,742 3977,742 3977,743 3977,745 3972,750 1193,750 1192,751 1193,752 1193,753 1220,779 1332,779 1333,780 1907,780 1907,781 1907,786 1908,786 2016,786 2018,789 2018,794 2019,794 3366,794 3370,798 3929,798 3929,799 3929,800 3931,801 3935,801 3940,807 3940,841 3942,842 3943,842 3944,844 3944,845 3943,846 3942,846 3940,848 3940,849 3940,849 3939,849 3937,851 3937,918 3935,920 3934,920 3933,921 3933,941 3932,942 3923,942 3922,943 3922,952 3921,953 3886,953 3885,954 3885,989 3884,990 1533,990 1532,991 1532,993 1533,993 4175,993 4175,994 4175,994 1533,994 1532,995"/><TextEquiv index="1"><Unicode>précipités ſur moi pour me retenir. „Ah!</Unicode></TextEquiv></TextLine><TextLine id="r0_l003"><Coords points="2234,1176 2233,1176 2233,1158 2233,1157 1655,1157 1654,1156 1653,1156 1652,1156 1652,1124 1652,1123 1413,1123 1412,1123 1412,1122 1410,1119 1258,1119 1255,1116 1118,1116 1115,1114 1115,1113 1115,1112 1066,1112 1064,1111 1064,1102 1065,1101 1066,1101 1068,1099 1068,1065 1069,1064 1070,1064 1071,1063 1071,1059 1075,1055 1075,1054 1076,1053 1255,1053 1256,1052 1256,1051 1258,1049 1259,1049 1260,1048 1260,1047 1262,1045 1485,1045 1485,1045 1485,1044 1487,1042 1833,1042 1833,1042 1833,995 1834,994 1835,994 1837,992 1837,991 1838,990 2475,990 2477,988 2480,988 2482,990 3193,990 3193,991 3193,992 3195,993 3272,993 3273,994 4177,994 4177,995 4177,997 4177,997 4176,997 4175,998 3276,998 3275,999 3275,1001 3276,1001 3858,1001 3859,1003 3859,1011 3861,1012 3862,1012 3863,1014 3863,1045 3864,1045 3909,1045 3913,1049 3917,1049 3918,1051 3918,1052 3920,1053 3921,1053 3922,1055 3922,1082 3923,1082 4150,1082 4151,1084 4151,1086 4151,1086 4149,1086 4148,1087 4148,1162 4146,1164 2244,1164 2243,1165 2243,1176 2243,1176"/><TextEquiv index="1"><Unicode>“mes amis, me ſuis-je écrié, on m'a</Unicode></TextEquiv></TextLine><TextLine id="r0_l004"><Coords points="4119,1356 4118,1356 4118,1350 4118,1349 3511,1349 3510,1348 3509,1348 3508,1348 3508,1347 3507,1346 3507,1345 3506,1345 3504,1344 3504,1343 3504,1342 3503,1341 3502,1341 3500,1340 3500,1312 3500,1311 1490,1311 1489,1312 1489,1322 1488,1323 1272,1323 1271,1324 1271,1333 1270,1334 1269,1334 1267,1336 1267,1340 1262,1345 1261,1345 1260,1346 1260,1351 1259,1352 1250,1352 1249,1352 1249,1331 1249,1330 977,1330 975,1329 975,1321 977,1319 1060,1319 1060,1319 1060,1288 1064,1284 1064,1250 1065,1249 1066,1249 1068,1247 1068,1246 1069,1245 1107,1245 1108,1244 1108,1243 1110,1241 1249,1241 1249,1241 1249,1239 1250,1238 1251,1238 1251,1238 1252,1237 1252,1236 1254,1234 1256,1234 1256,1234 1256,1199 1258,1197 1259,1197 1260,1196 1260,1195 1262,1193 1507,1193 1507,1193 1507,1189 1508,1188 1508,1187 1509,1186 1510,1186 1511,1185 1511,1184 1513,1182 2228,1182 2228,1182 2228,1181 2231,1178 2232,1178 2232,1178 2232,1177 2233,1176 2403,1176 2404,1175 3840,1175 3840,1176 3840,1177 3843,1179 3844,1179 3844,1180 3844,1230 3845,1230 3910,1230 3910,1231 3910,1232 3912,1233 3913,1234 3914,1234 3914,1235 3914,1236 3917,1238 3918,1238 3918,1239 3918,1241 3919,1241 4157,1241 4161,1245 4162,1245 4162,1246 4162,1248 4161,1249 4160,1249 4159,1250 4159,1281 4158,1282 4156,1282 4155,1283 4155,1314 4154,1315 4137,1315 4136,1316 4136,1344 4135,1345 4134,1345 4133,1346 4133,1347 4131,1349 4126,1349 4125,1350 4125,1352 4125,1352 4124,1352 4121,1355 4121,1356 4121,1356"/><TextEquiv index="1"><Unicode>“joué un tour infame. On m'a jeté de</Unicode></TextEquiv></TextLine><TextLine id="r0_l005"><Coords points="739,1364 4137,1364 4137,1546 739,1546"/><TextEquiv index="1"><Unicode>“la poudre aux yeux.“ -- „Ah! mon</Unicode></TextEquiv></TextLine><TextLine id="r0_l006"><Coords points="1050,1549 4123,1549 4123,1734 1050,1734"/><TextEquiv index="1"><Unicode>“ami, cela n'eſt pas croyable, m'ont</Unicode></TextEquiv></TextLine><TextLine id="r0_l007"><Coords points="1054,1734 4108,1734 4108,1923 1054,1923"/><TextEquiv index="1"><Unicode>“répondu ceux qui me retenoient.</Unicode></TextEquiv></TextLine><TextLine id="r0_l008"><Coords points="1057,1923 4100,1923 4100,2108 1057,2108"/><TextEquiv index="1"><Unicode>“Avoue que tu as trouvé ton maître.“</Unicode></TextEquiv></TextLine><TextLine id="r0_l009"><Coords points="2004,2300 2003,2300 2003,2274 2003,2273 1861,2273 1855,2268 1855,2244 1855,2243 1546,2243 1544,2242 1544,2241 1544,2240 1536,2240 1533,2238 1533,2237 1533,2236 1528,2236 1526,2235 1526,2234 1525,2232 1524,2232 1522,2231 1522,2230 1522,2229 1348,2229 1347,2228 1346,2228 1345,2228 1345,2227 1344,2225 1340,2225 1334,2220 1334,2219 1334,2218 1097,2218 1096,2217 1054,2217 1053,2217 1053,2189 1054,2188 1336,2188 1345,2179 1345,2178 1346,2177 1388,2177 1389,2176 1389,2175 1391,2173 1489,2173 1489,2173 1489,2171 1491,2169 1492,2169 1493,2168 1493,2156 1494,2155 1495,2155 1496,2154 1496,2150 1497,2149 1497,2148 1498,2147 1499,2147 1500,2146 1500,2142 1506,2136 1507,2136 1507,2136 1507,2135 1510,2132 1511,2132 1511,2132 1511,2131 1514,2128 1515,2128 1515,2128 1515,2127 1516,2126 1516,2125 747,2125 746,2125 746,2123 748,2121 1533,2121 1533,2121 1533,2120 1536,2117 1540,2117 1541,2116 1541,2115 1542,2114 2423,2114 2425,2112 2425,2111 2426,2110 3444,2110 3445,2112 3445,2113 3446,2113 3447,2114 3448,2114 3449,2116 3449,2151 3450,2151 4099,2151 4099,2152 4099,2154 4098,2155 4097,2155 4096,2156 4096,2157 4095,2158 3912,2158 3911,2159 3911,2235 3910,2236 3502,2236 3500,2238 3500,2239 3499,2240 3376,2240 3375,2241 3375,2242 3374,2243 3320,2243 3319,2244 3319,2291 3319,2291 3318,2291 3317,2292 3315,2294 3315,2295 3315,2295 2006,2295 2005,2296 2005,2300 2005,2300"/><TextEquiv index="1"><Unicode>-- „Oui, Monſieur, a repris mon</Unicode></TextEquiv></TextLine><TextLine id="r0_l010"><Coords points="1259,2484 1258,2483 1257,2483 1256,2483 1256,2482 1255,2480 1247,2480 1245,2479 1245,2426 1245,2425 1056,2425 1055,2424 1054,2424 1053,2424 1053,2423 1052,2421 1051,2421 1049,2420 1049,2371 1051,2369 1052,2369 1053,2368 1053,2367 1055,2365 1093,2365 1093,2365 1093,2364 1095,2362 1096,2362 1097,2361 1164,2361 1164,2361 1164,2315 1166,2313 1496,2313 1496,2313 1496,2309 1497,2308 1497,2307 1498,2306 1499,2306 1499,2306 1504,2301 1504,2300 1505,2299 4092,2299 4092,2299 4092,2293 4094,2291 4098,2291 4099,2293 4099,2369 4099,2369 4097,2369 4096,2370 4096,2382 4094,2384 3912,2384 3911,2385 3911,2409 3910,2410 3909,2410 3907,2412 3907,2416 3906,2417 3905,2417 3904,2418 3904,2419 3902,2421 3898,2421 3894,2425 3805,2425 3803,2427 3803,2428 3803,2428 3416,2428 3415,2429 3415,2472 3415,2472 3414,2472 3413,2473 3412,2474 3412,2475 3411,2476 2390,2476 2389,2477 2389,2484 2389,2484"/><TextEquiv index="1"><Unicode>“perfide vainqueur, avouez que c'eſt</Unicode></TextEquiv></TextLine><TextLine id="r0_l011"><Coords points="3017,2670 3016,2670 3016,2666 3016,2665 1624,2665 1622,2664 1622,2663 1621,2661 1620,2661 1618,2660 1618,2614 1618,2613 1247,2613 1245,2612 1245,2611 1245,2610 1237,2610 1236,2609 1235,2609 1234,2609 1234,2607 1234,2606 1055,2606 1053,2605 1053,2604 1052,2603 1052,2602 1051,2602 1049,2601 1049,2559 1050,2558 1051,2558 1052,2557 1053,2556 1053,2555 1054,2554 1055,2554 1057,2552 1057,2551 1058,2550 1096,2550 1097,2549 1097,2548 1098,2547 1099,2547 1100,2546 1234,2546 1234,2546 1234,2544 1235,2543 1240,2543 1241,2542 1241,2541 1243,2539 1248,2539 1248,2539 1248,2538 1251,2535 1463,2535 1463,2535 1463,2489 1465,2487 1763,2487 1763,2487 1763,2485 1764,2484 1765,2484 1766,2483 3147,2483 3148,2484 3149,2484 3149,2485 3149,2486 3151,2487 3392,2487 3393,2489 3393,2502 3394,2502 3481,2502 3482,2504 3482,2517 3483,2517 4092,2517 4092,2518 4092,2523 4091,2524 4089,2524 4088,2525 4088,2598 4088,2598 3753,2598 3752,2599 3752,2601 3751,2602 3750,2602 3748,2604 3748,2609 3748,2609 3743,2609 3740,2612 3740,2613 3740,2613 3531,2613 3530,2614 3530,2649 3529,2650 3528,2650 3526,2652 3526,2657 3526,2657 3525,2657 3522,2660 3522,2661 3522,2661 3024,2661 3023,2662 3023,2670 3023,2670"/><TextEquiv index="1"><Unicode>“moi qui vous ai donné la leçon.“</Unicode></TextEquiv></TextLine><TextLine id="r0_l012"><Coords points="2418,2859 2417,2859 2417,2858 2417,2857 1916,2857 1914,2856 1914,2855 1913,2853 1905,2853 1903,2852 1903,2851 1903,2850 1902,2850 1899,2848 1899,2844 1898,2842 1897,2842 1896,2842 1896,2803 1896,2802 1095,2802 1093,2804 1093,2805 1093,2805 1088,2805 1086,2807 1086,2808 1085,2809 1077,2809 1075,2811 1075,2812 1075,2812 1074,2812 1073,2813 1066,2813 1064,2812 1064,2811 1063,2809 1058,2809 1057,2809 1057,2808 1055,2805 1054,2805 1053,2805 1053,2788 1054,2787 1082,2787 1082,2787 1082,2684 1082,2683 1065,2683 1064,2683 1064,2677 1065,2676 1066,2676 1070,2672 1314,2672 1315,2671 1315,2670 1316,2669 1317,2669 1318,2668 1319,2670 1319,2671 1321,2672 2790,2672 2790,2672 2790,2671 2793,2668 2796,2668 2798,2670 3023,2670 3024,2671 3704,2671 3704,2671 3704,2670 3706,2668 3717,2668 3719,2671 3719,2676 3720,2676 4091,2676 4092,2678 4092,2679 4093,2679 4094,2679 4096,2682 4096,2774 4092,2778 4092,2779 4092,2779 3846,2779 3845,2780 3845,2783 3846,2783 4080,2783 4081,2785 4081,2786 4080,2787 4079,2787 4078,2788 4077,2789 4077,2790 4076,2791 3846,2791 3845,2792 3845,2853 3845,2853 3838,2853 3837,2853 3837,2832 3837,2831 3469,2831 3467,2830 3467,2803 3467,2802 2552,2802 2550,2804 2550,2805 2550,2805 2422,2805 2421,2806 2421,2859 2421,2859"/><TextEquiv index="1"><Unicode>Je l'ai chargé de malédictions &amp; d'im-</Unicode></TextEquiv></TextLine><TextLine id="r0_l013"><Coords points="3321,3047 3320,3047 3320,3006 3320,3005 2762,3005 2761,3006 2761,3034 2761,3034 2760,3034 2759,3035 2757,3037 2757,3038 2757,3038 2733,3038 2732,3039 2732,3040 2730,3042 1256,3042 1255,3043 1250,3043 1249,3042 1073,3042 1071,3041 1071,3040 1070,3038 1058,3038 1056,3037 1056,2922 1058,2920 1059,2920 1060,2919 1060,2918 1062,2916 1074,2916 1075,2915 1075,2914 1076,2913 1077,2913 1078,2912 1182,2912 1182,2912 1182,2911 1184,2909 1227,2909 1227,2909 1227,2891 1228,2890 1233,2890 1234,2889 1234,2888 1235,2887 1236,2887 1237,2886 1237,2879 1238,2878 1238,2877 1240,2875 1241,2875 1241,2875 1241,2867 1244,2864 1248,2864 1249,2863 1249,2862 1250,2861 2212,2861 2216,2857 3836,2857 3837,2856 3837,2854 3838,2853 3850,2853 3855,2859 3855,2901 3856,2901 3898,2901 3900,2904 3900,2905 3901,2905 3906,2905 3907,2907 3907,2908 3908,2909 3909,2909 3910,2909 3911,2911 3911,2916 3912,2916 4087,2916 4092,2922 4092,2945 4091,2946 3912,2946 3911,2947 3911,2963 3910,2964 3909,2964 3907,2966 3907,2971 3907,2971 3906,2971 3903,2974 3903,2979 3903,2979 3898,2979 3896,2981 3896,2982 3895,2983 3890,2983 3889,2984 3889,3003 3888,3004 3888,3005 3888,3005 3327,3005 3326,3006 3326,3047 3326,3047"/><TextEquiv index="1"><Unicode>précations, auſſi bien que les faux amis</Unicode></TextEquiv></TextLine><TextLine id="r0_l014"><Coords points="2017,3231 2016,3231 2016,3228 2016,3227 1765,3227 1763,3226 1763,3220 1763,3219 1117,3219 1116,3219 1116,3218 1115,3216 1114,3216 1112,3215 1112,3172 1112,3171 1084,3171 1082,3170 1082,3169 1082,3168 1074,3168 1071,3166 1071,3165 1071,3164 1066,3164 1064,3163 1064,3162 1063,3160 1058,3160 1056,3159 1056,3154 1056,3153 1055,3153 1053,3152 1053,3140 1052,3138 1039,3138 1038,3138 1038,3099 1038,3098 924,3098 923,3097 921,3097 920,3097 920,3096 919,3095 919,3089 920,3088 920,3087 921,3086 1237,3086 1237,3086 1237,3053 1238,3052 1238,3051 1240,3049 1241,3049 1241,3049 1241,3048 1243,3046 1247,3046 1250,3043 1256,3043 1256,3044 1256,3045 1257,3045 3655,3045 3656,3044 3656,3043 3657,3042 3843,3042 3844,3041 3844,3040 3846,3038 3862,3038 3862,3039 3862,3040 3863,3041 3865,3042 3866,3042 3866,3043 3866,3051 3870,3055 3870,3090 3871,3090 3895,3090 3896,3092 3896,3093 3898,3094 3899,3094 3900,3096 3900,3100 3907,3107 3907,3148 3906,3149 3905,3149 3903,3151 3903,3156 3903,3156 3902,3156 3900,3158 3900,3159 3899,3160 3898,3160 3896,3162 3896,3163 3895,3164 3894,3164 3892,3166 3892,3167 3891,3168 3886,3168 3885,3169 3885,3170 3884,3171 3625,3171 3621,3175 3443,3175 3441,3177 3441,3178 3440,3179 3402,3179 3401,3180 3401,3181 3400,3182 3084,3182 3083,3183 3083,3197 3084,3197 4080,3197 4081,3199 4081,3211 4080,3212 3084,3212 3083,3213 3083,3225 3081,3227 2025,3227 2024,3228 2024,3231 2024,3231"/><TextEquiv index="1"><Unicode>qui m'empêchoient de le punir. Ils ſe</Unicode></TextEquiv></TextLine><TextLine id="r0_l015"><Coords points="3891,3412 3891,3368 3891,3367 2344,3367 2343,3368 2343,3374 2342,3375 2341,3375 2339,3377 2339,3382 2339,3382 2338,3382 2331,3389 2327,3389 2325,3391 2325,3392 2324,3393 2315,3393 2314,3394 2314,3395 2312,3397 2308,3397 2306,3396 2306,3365 2306,3364 1843,3364 1840,3362 1840,3361 1840,3360 1047,3360 1046,3360 1046,3359 1045,3358 1045,3354 1045,3353 1044,3353 1042,3352 1042,3350 1043,3349 1044,3349 1045,3348 1045,3288 1047,3286 1048,3286 1049,3285 1049,3284 1051,3282 1060,3282 1060,3282 1060,3258 1061,3257 1062,3257 1064,3255 1064,3251 1070,3245 1071,3245 1071,3245 1071,3244 1077,3238 1081,3238 1083,3236 1083,3235 1084,3234 1089,3234 1090,3233 1090,3232 1092,3230 1107,3230 1108,3231 2025,3231 2025,3232 2025,3233 2027,3234 3444,3234 3445,3233 3445,3232 3447,3230 3462,3230 3463,3232 3463,3233 3464,3234 3465,3234 3466,3234 3467,3236 3467,3238 3468,3238 3500,3238 3500,3239 3500,3241 3501,3242 3501,3271 3502,3271 3888,3271 3888,3272 3888,3273 3891,3275 3899,3275 3900,3277 3900,3282 3901,3282 3902,3282 3904,3285 3904,3286 3905,3286 3906,3286 3907,3288 3907,3300 3908,3300 3909,3300 3911,3303 3911,3319 3912,3319 4054,3319 4055,3321 4055,3322 4054,3323 3912,3323 3911,3324 3911,3333 3910,3334 3909,3334 3907,3336 3907,3341 3907,3341 3906,3341 3903,3344 3903,3348 3902,3349 3898,3349 3894,3353 3893,3353 3892,3354 3892,3412 3892,3412"/><TextEquiv index="1"><Unicode>ſont tous retirés, &amp; m'ont laiſſé entre</Unicode></TextEquiv></TextLine><TextLine id="r0_l016"><Coords points="1046,3413 4023,3413 4023,3560 1046,3560"/><TextEquiv index="1"><Unicode>les mains de mon valet. Il m'a bandé</Unicode></TextEquiv></TextLine><TextLine id="r0_l017"><Coords points="1716,3794 1715,3794 1715,3738 1715,3737 1635,3737 1633,3736 1633,3735 1632,3733 1387,3733 1386,3734 1386,3783 1385,3784 1385,3785 1385,3785 1354,3785 1352,3784 1352,3783 1351,3781 1350,3781 1349,3781 1349,3780 1348,3779 1348,3738 1348,3737 1047,3737 1046,3737 1046,3736 1044,3733 1043,3733 1042,3733 1042,3731 1041,3730 1041,3667 1042,3666 1042,3665 1048,3659 1060,3659 1060,3659 1060,3658 1062,3656 1108,3656 1108,3657 1108,3658 1110,3659 1359,3659 1360,3658 1360,3657 1361,3656 1437,3656 1437,3656 1437,3613 1438,3612 1439,3612 1441,3610 1441,3609 1442,3608 1443,3608 1444,3607 1448,3607 1448,3607 1448,3606 1450,3604 1577,3604 1578,3606 1578,3607 1580,3608 1581,3608 1581,3609 1581,3610 1583,3611 1584,3611 1585,3613 1585,3656 1586,3656 1651,3656 1652,3658 1652,3659 1653,3659 1654,3659 1656,3662 1656,3663 1657,3663 1662,3663 1663,3665 1663,3666 1665,3667 1666,3667 1666,3668 1666,3669 1667,3670 1667,3674 1668,3674 1669,3674 1670,3676 1670,3680 1673,3682 1674,3682 1674,3683 1674,3707 1675,3707 1748,3707 1748,3707 1748,3635 1750,3633 1855,3633 1855,3633 1855,3617 1857,3615 1858,3615 1859,3614 1859,3613 1861,3611 1866,3611 1866,3611 1866,3610 1869,3607 1879,3607 1880,3608 1881,3608 1881,3609 1881,3655 1882,3655 1982,3655 1983,3656 1984,3656 1984,3657 1984,3658 1986,3659 2350,3659 2350,3659 2350,3647 2353,3644 2354,3644 2354,3644 2354,3636 2358,3632 2358,3628 2360,3626 2361,3626 2361,3626 2361,3625 2364,3622 2365,3622 2365,3622 2365,3621 2368,3618 2369,3618 2369,3618 2369,3617 2371,3615 2375,3615 2379,3611 2383,3611 2384,3610 2384,3609 2385,3608 2386,3608 2387,3607 2400,3607 2401,3608 2402,3608 2402,3609 2402,3610 2404,3611 2405,3611 2406,3613 2406,3614 2408,3615 2409,3615 2410,3617 2410,3659 2411,3659 2794,3659 2794,3659 2794,3658 2795,3657 2796,3656 2797,3656 2798,3655 2905,3655 2905,3655 2905,3654 2907,3652 3027,3652 3027,3652 3027,3617 3029,3615 3030,3615 3031,3614 3031,3613 3033,3611 3041,3611 3042,3613 3042,3614 3044,3615 3045,3615 3045,3616 3045,3617 3046,3618 3046,3626 3047,3626 3048,3626 3049,3628 3049,3632 3052,3634 3053,3634 3053,3635 3053,3644 3054,3644 3055,3644 3057,3647 3057,3659 3058,3659 3256,3659 3256,3659 3256,3617 3258,3615 3259,3615 3260,3614 3260,3613 3262,3611 3271,3611 3271,3611 3271,3610 3274,3607 3276,3607 3277,3608 3278,3608 3279,3610 3279,3611 3280,3611 3281,3611 3282,3613 3282,3659 3283,3659 3474,3659 3474,3659 3474,3614 3477,3611 3481,3611 3482,3613 3482,3614 3484,3615 3492,3615 3493,3617 3493,3625 3495,3626 3496,3626 3497,3628 3497,3633 3498,3633 3499,3633 3500,3635 3500,3636 3501,3637 3502,3637 3503,3637 3504,3639 3504,3647 3506,3648 3507,3648 3508,3650 3508,3655 3509,3655 3627,3655 3628,3656 3629,3656 3630,3658 3630,3659 3631,3659 3807,3659 3807,3659 3807,3628 3809,3626 3810,3626 3811,3625 3811,3617 3813,3615 3817,3615 3821,3611 3839,3611 3848,3621 3848,3641 3849,3641 3895,3641 3896,3643 3896,3644 3897,3644 3898,3644 3900,3647 3900,3650 3899,3651 3899,3652 3899,3652 3898,3652 3896,3654 3896,3710 3895,3711 3894,3711 3892,3713 3892,3714 3891,3715 3890,3715 3889,3716 3889,3717 3887,3719 3883,3719 3877,3725 3877,3726 3877,3726 3734,3726 3733,3727 3733,3744 3733,3744 3732,3744 3729,3747 3729,3748 3729,3748 3728,3748 3726,3750 3726,3751 3726,3751 3725,3752 3724,3752 3722,3754 3722,3755 3722,3755 3721,3755 3720,3756 3716,3756 3715,3757 3715,3758 3714,3759 3705,3759 3704,3759 3704,3742 3704,3741 3446,3741 3445,3742 3445,3754 3441,3758 3441,3770 3441,3770 3440,3770 3438,3772 3438,3776 3436,3778 3435,3778 3434,3779 3434,3780 3432,3782 3431,3782 3430,3783 3430,3784 3429,3785 3425,3785 3421,3789 3417,3789 3415,3791 3415,3792 3415,3792 3414,3792 3413,3793 3393,3793 3392,3792 3391,3792 3389,3791 3389,3790 3389,3789 3381,3789 3377,3785 3373,3785 3371,3784 3371,3780 3367,3776 3367,3742 3367,3741 3329,3741 3326,3739 3326,3738 3326,3737 2925,3737 2924,3738 2924,3739 2922,3741 2641,3741 2639,3740 2639,3739 2638,3737 2437,3737 2436,3738 2436,3739 2434,3741 2433,3741 2432,3742 2432,3743 2431,3744 2430,3744 2429,3745 2428,3745 2427,3744 2426,3744 2424,3743 2424,3742 2424,3741 2042,3741 2040,3740 2040,3739 2039,3737 1768,3737 1766,3739 1766,3747 1750,3763 1742,3763 1741,3764 1741,3765 1739,3767 1736,3767 1735,3766 1734,3766 1733,3766 1733,3738 1733,3737 1730,3737 1729,3738 1729,3794 1729,3794"/><TextEquiv index="1"><Unicode>ma plaie, heureuſement très - legère, &amp;</Unicode></TextEquiv></TextLine><TextLine id="r0_l018"><Coords points="3591,3978 3590,3978 3590,3960 3590,3959 3373,3959 3371,3958 3371,3957 3370,3956 3370,3955 3369,3955 3367,3954 3367,3953 3367,3952 3037,3952 3034,3950 3034,3945 3034,3944 1486,3944 1485,3945 1485,3976 1485,3976 1457,3976 1456,3976 1456,3967 1456,3966 1051,3966 1049,3965 1049,3860 1049,3859 1044,3859 1040,3855 1039,3855 1038,3855 1038,3853 1039,3852 1040,3852 1040,3852 1042,3850 1042,3849 1043,3848 1060,3848 1060,3848 1060,3813 1062,3811 1063,3811 1063,3811 1064,3810 1064,3809 1066,3807 1589,3807 1589,3807 1589,3805 1590,3804 1591,3804 1593,3802 1593,3801 1594,3800 1599,3800 1600,3799 1600,3798 1602,3796 1603,3796 1604,3795 1604,3794 1606,3792 1632,3792 1634,3794 1729,3794 1731,3796 3814,3796 3814,3796 3814,3792 3815,3791 3815,3790 3816,3789 3817,3789 3818,3788 3818,3787 3820,3785 3836,3785 3837,3787 3837,3833 3838,3833 3895,3833 3896,3835 3896,3836 3898,3837 3899,3837 3900,3839 3900,3840 3901,3840 3902,3840 3903,3842 3903,3850 3906,3852 3907,3852 3907,3853 3907,3895 3906,3896 3905,3896 3903,3898 3903,3899 3902,3900 3901,3900 3900,3901 3900,3906 3899,3907 3894,3907 3892,3909 3892,3910 3891,3911 3846,3911 3844,3913 3844,3914 3844,3914 3843,3914 3842,3915 3723,3915 3722,3916 3722,3936 3723,3936 4035,3936 4037,3939 4036,3940 4035,3940 4033,3942 4033,3943 4032,3944 3723,3944 3722,3945 3722,3951 3722,3951 3721,3951 3718,3954 3718,3955 3718,3955 3600,3955 3599,3956 3599,3978 3599,3978"/><TextEquiv index="1"><Unicode>je me ſuis retiré chez moi, écumant de</Unicode></TextEquiv></TextLine><TextLine id="r0_l019"><Coords points="3447,4167 3446,4167 3446,4156 3446,4155 2996,4155 2994,4154 2994,4134 2994,4133 1817,4133 1814,4131 1814,4130 1814,4129 1813,4129 1807,4124 1807,4123 1807,4122 1806,4122 1803,4120 1803,4119 1803,4118 1802,4118 1799,4116 1799,4115 1799,4114 1794,4114 1792,4113 1792,4112 1791,4111 1791,4110 1790,4110 1788,4109 1788,4108 1788,4107 1599,4107 1595,4103 1594,4103 1593,4103 1593,4100 1593,4099 1076,4099 1075,4099 1075,4098 1074,4096 1070,4096 1067,4094 1067,4093 1067,4092 1062,4092 1060,4091 1060,4090 1059,4088 1058,4088 1056,4087 1056,4082 1056,4081 1055,4081 1053,4080 1053,4072 1052,4070 1051,4070 1049,4069 1049,4057 1051,4055 1052,4055 1053,4054 1053,4042 1055,4040 1056,4040 1056,4040 1056,4039 1059,4036 1060,4036 1060,4036 1060,4035 1062,4033 1066,4033 1074,4025 1078,4025 1079,4024 1079,4023 1080,4022 1160,4022 1160,4022 1160,4009 1162,4007 1215,4007 1215,4007 1215,3984 1216,3983 1216,3982 1217,3981 1218,3981 1219,3980 1219,3979 1221,3977 1226,3977 1226,3977 1226,3976 1227,3975 1228,3974 1229,3974 1230,3973 1231,3973 1232,3974 1234,3974 1234,3975 1234,3976 1235,3976 1486,3976 1487,3977 1488,3977 1489,3979 1489,3981 1490,3981 3589,3981 3589,3981 3589,3979 3590,3978 3709,3978 3710,3977 3721,3977 3722,3979 3722,3996 3723,3996 4036,3996 4036,3997 4036,3998 4037,3999 4037,4005 4036,4006 4036,4007 4036,4007 3723,4007 3722,4008 3722,4018 3723,4018 3821,4018 3822,4020 3822,4036 3823,4036 3831,4036 3832,4037 3833,4037 3833,4038 3833,4039 3835,4040 3836,4040 3837,4042 3837,4070 3838,4070 3892,4070 3892,4071 3892,4072 3895,4074 3896,4074 3896,4075 3896,4080 3898,4081 3899,4081 3900,4083 3900,4098 3899,4099 3898,4099 3896,4101 3896,4113 3895,4114 3894,4114 3892,4116 3892,4117 3891,4118 3890,4118 3889,4119 3889,4120 3887,4122 3883,4122 3880,4125 3876,4125 3874,4127 3874,4128 3873,4129 3734,4129 3733,4130 3733,4136 3733,4136 3453,4136 3452,4137 3452,4167 3452,4167"/><TextEquiv index="1"><Unicode>colère. „Quoi! me diſois-je, un lâche,</Unicode></TextEquiv></TextLine><TextLine id="r0_l020"><Coords points="3901,4347 3900,4347 3900,4311 3900,4310 3883,4310 3881,4309 3881,4289 3881,4288 3716,4288 3715,4289 3715,4290 3713,4292 3594,4292 3593,4293 3593,4294 3592,4295 3535,4295 3534,4296 3534,4297 3533,4298 3533,4299 3533,4299 3379,4299 3378,4300 3378,4325 3378,4325 3358,4325 3356,4324 3356,4300 3356,4299 3321,4299 3319,4298 3319,4297 3318,4295 3118,4295 3116,4297 3116,4305 3114,4307 3113,4307 3112,4308 3112,4309 3111,4310 3107,4310 3104,4313 3104,4314 3104,4314 3025,4314 3023,4313 3023,4293 3023,4292 2982,4292 2981,4291 2980,4291 2979,4291 2979,4290 2978,4288 2744,4288 2742,4287 2742,4286 2741,4284 2552,4284 2550,4283 2550,4282 2550,4281 2407,4281 2406,4282 2406,4283 2405,4284 1793,4284 1792,4285 1792,4324 1791,4325 1790,4325 1789,4326 1789,4327 1787,4329 1771,4329 1770,4330 1770,4331 1769,4332 1757,4332 1755,4331 1755,4330 1755,4329 1754,4329 1751,4327 1751,4278 1751,4277 1598,4277 1596,4279 1596,4280 1596,4280 1584,4280 1583,4281 1577,4281 1576,4280 1444,4280 1443,4281 1394,4281 1393,4282 1393,4283 1392,4284 1287,4284 1286,4285 1286,4331 1285,4332 1273,4332 1271,4334 1271,4335 1270,4336 1251,4336 1249,4335 1249,4270 1249,4269 1118,4269 1115,4272 1115,4273 1115,4273 1073,4273 1071,4275 1071,4276 1070,4277 1059,4277 1049,4268 1049,4231 1045,4227 1045,4220 1048,4217 1049,4217 1049,4217 1049,4216 1051,4214 1059,4214 1060,4213 1060,4212 1062,4210 1070,4210 1071,4212 1071,4213 1073,4214 1111,4214 1112,4216 1112,4217 1114,4218 1251,4218 1253,4216 1253,4215 1254,4214 1255,4214 1256,4213 1256,4212 1258,4210 1263,4210 1263,4210 1263,4209 1266,4206 1418,4206 1419,4205 1419,4204 1420,4203 1559,4203 1559,4203 1559,4160 1561,4158 1570,4158 1570,4158 1570,4157 1572,4155 1577,4155 1577,4155 1577,4154 1580,4151 1592,4151 1592,4152 1592,4153 1593,4154 1593,4203 1594,4203 1844,4203 1844,4203 1844,4160 1845,4159 1846,4159 1846,4159 1848,4157 1848,4156 1849,4155 1862,4155 1862,4156 1862,4157 1865,4159 1866,4159 1866,4160 1866,4203 1867,4203 1947,4203 1947,4204 1947,4205 1949,4206 2095,4206 2095,4206 2095,4165 2096,4164 2096,4163 2097,4162 2106,4162 2106,4162 2106,4161 2109,4158 2116,4158 2118,4161 2118,4162 2119,4162 2120,4162 2121,4164 2121,4206 2122,4206 2269,4206 2269,4206 2269,4201 2271,4199 2272,4199 2273,4198 2273,4193 2274,4192 2275,4192 2276,4191 2276,4187 2279,4184 2280,4184 2280,4184 2280,4183 2283,4180 2284,4180 2284,4180 2284,4179 2286,4177 2287,4177 2287,4177 2287,4176 2290,4173 2298,4173 2299,4172 2299,4171 2300,4170 2301,4170 2302,4169 2332,4169 2332,4169 2332,4168 2334,4166 2342,4166 2343,4165 2343,4164 2345,4162 2368,4162 2369,4164 2369,4165 2371,4166 2372,4166 2373,4168 2373,4169 2374,4169 2515,4169 2521,4176 2521,4210 2522,4210 2646,4210 2646,4210 2646,4209 2647,4208 2649,4206 2650,4206 2650,4206 2650,4197 2651,4196 2652,4196 2654,4194 2654,4190 2656,4188 2657,4188 2657,4188 2657,4183 2660,4180 2661,4180 2661,4180 2661,4179 2663,4177 2664,4177 2665,4176 2665,4176 2665,4175 2667,4173 2672,4173 2672,4173 2672,4172 2678,4166 2701,4166 2702,4168 2702,4169 2704,4170 2705,4170 2705,4171 2705,4172 2707,4173 2708,4173 2709,4175 2709,4181 2710,4181 2731,4181 2731,4182 2731,4183 2732,4184 2733,4184 2734,4184 2735,4186 2735,4217 2736,4217 2913,4217 2913,4217 2913,4178 2914,4177 2915,4177 2916,4176 2916,4175 2918,4173 2919,4173 2920,4172 2920,4171 2921,4170 2922,4170 2923,4169 2929,4169 2930,4170 2931,4170 2931,4171 2931,4172 2935,4176 2935,4217 2936,4217 2986,4217 2987,4218 3001,4218 3001,4219 3001,4220 3003,4221 3007,4221 3023,4238 3023,4265 3024,4265 3201,4265 3201,4265 3201,4227 3207,4221 3293,4221 3293,4221 3293,4175 3294,4174 3295,4174 3297,4172 3297,4171 3298,4170 3299,4170 3300,4169 3308,4169 3308,4169 3308,4168 3310,4166 3311,4166 3312,4167 3312,4168 3312,4169 3313,4169 3444,4169 3446,4167 3452,4167 3460,4176 3460,4217 3461,4217 3681,4217 3681,4217 3681,4169 3682,4168 3682,4167 3683,4166 3688,4166 3689,4165 3689,4164 3691,4162 3706,4162 3707,4164 3707,4165 3708,4166 3708,4206 3709,4206 3820,4206 3821,4207 3822,4207 3822,4208 3822,4209 3824,4210 3828,4210 3829,4212 3829,4216 3832,4218 3833,4218 3833,4219 3833,4220 3836,4222 3837,4222 3837,4223 3837,4251 3838,4251 4018,4251 4018,4251 4018,4245 4020,4243 4024,4243 4025,4245 4025,4247 4026,4248 4026,4255 4025,4256 4025,4258 4025,4258 4023,4258 4022,4259 4022,4287 4021,4288 3912,4288 3911,4289 3911,4320 3910,4321 3908,4321 3907,4322 3907,4346 3906,4347"/><TextEquiv index="1"><Unicode>“par la plus baſſe infamie, obtiendra,</Unicode></TextEquiv></TextLine><TextLine id="r0_l021"><Coords points="3622,4525 3621,4524 3620,4524 3619,4524 3619,4523 3618,4521 3617,4521 3615,4520 3615,4470 3615,4469 3150,4469 3149,4470 3149,4483 3148,4484 3147,4484 3146,4485 3146,4486 3145,4487 3143,4487 3142,4487 3142,4486 3141,4485 3141,4470 3141,4469 3055,4469 3053,4467 3028,4467 3027,4468 3027,4523 3029,4525 3029,4525 3019,4525 3018,4525 3019,4524 3023,4524 3023,4524 3023,4468 3023,4467 2891,4467 2889,4469 2533,4469 2532,4469 2532,4468 2530,4465 2389,4465 2388,4466 2388,4478 2387,4479 2387,4480 2387,4480 2381,4480 2380,4480 2380,4470 2380,4469 1915,4469 1914,4470 1914,4476 1914,4476 1913,4476 1911,4478 1911,4482 1902,4491 1894,4491 1892,4493 1892,4494 1891,4495 1890,4495 1889,4496 1889,4497 1887,4499 1884,4497 1884,4496 1884,4495 1883,4495 1881,4494 1881,4493 1881,4492 1880,4492 1877,4490 1877,4470 1877,4469 1565,4469 1561,4465 1369,4465 1367,4467 1367,4468 1366,4469 1361,4469 1360,4470 1360,4471 1358,4473 1354,4473 1353,4473 1353,4472 1351,4469 1243,4469 1241,4468 1241,4467 1241,4466 1240,4465 1239,4465 1238,4465 1238,4464 1237,4462 1055,4462 1053,4461 1053,4448 1054,4447 1056,4447 1056,4447 1056,4416 1059,4413 1060,4413 1060,4413 1060,4408 1062,4406 1063,4406 1064,4405 1064,4404 1065,4403 1066,4403 1067,4402 1241,4402 1241,4402 1241,4397 1243,4395 1248,4395 1249,4394 1249,4393 1251,4391 1252,4391 1252,4391 1252,4383 1255,4380 1256,4380 1256,4380 1256,4371 1258,4369 1259,4369 1260,4368 1260,4363 1261,4362 1262,4362 1263,4361 1263,4357 1266,4354 1267,4354 1267,4354 1267,4353 1270,4350 1271,4350 1271,4350 1271,4349 1273,4347 1277,4347 1281,4343 1285,4343 1286,4342 1286,4341 1287,4340 1307,4340 1308,4342 1308,4343 1309,4343 1310,4343 1312,4346 1312,4347 1313,4347 1314,4347 1315,4349 1315,4391 1316,4391 1570,4391 1570,4391 1570,4390 1572,4388 1581,4388 1581,4389 1581,4390 1583,4391 1784,4391 1785,4390 1785,4341 1786,4340 1787,4340 1789,4338 1789,4337 1790,4336 1803,4336 1803,4337 1803,4338 1806,4340 1807,4340 1807,4341 1807,4358 1808,4358 1840,4358 1840,4359 1840,4361 1839,4362 1838,4362 1837,4363 1837,4364 1836,4365 1808,4365 1807,4366 1807,4421 1808,4421 2014,4421 2014,4421 2014,4356 2013,4354 2008,4354 2007,4354 2007,4353 2006,4351 2005,4351 2003,4350 2003,4349 2005,4347 2006,4347 2006,4347 2006,4346 2009,4343 2010,4343 2010,4343 2010,4342 2012,4340 2016,4340 2018,4338 2018,4337 2019,4336 2028,4336 2029,4338 2029,4388 2030,4388 2087,4388 2088,4390 2088,4391 2089,4391 2291,4391 2291,4391 2291,4346 2294,4343 2305,4343 2306,4342 2306,4341 2307,4340 2310,4340 2310,4341 2310,4342 2314,4346 2314,4391 2315,4391 2479,4391 2480,4390 2480,4389 2481,4388 2483,4388 2484,4390 2484,4391 2485,4391 2664,4391 2665,4390 2665,4389 2666,4388 2672,4388 2672,4388 2672,4349 2674,4347 2679,4347 2680,4349 2680,4388 2681,4388 2686,4388 2687,4390 2687,4391 2688,4391 3038,4391 3038,4391 3038,4349 3040,4347 3041,4347 3042,4346 3042,4345 3044,4343 3056,4343 3057,4342 3057,4341 3058,4340 3059,4340 3060,4339 3061,4339 3062,4340 3064,4340 3064,4341 3064,4342 3067,4344 3068,4344 3068,4345 3068,4350 3070,4351 3071,4351 3071,4352 3071,4391 3072,4391 3237,4391 3238,4390 3238,4389 3239,4388 3241,4388 3242,4387 3243,4388 3245,4388 3245,4389 3245,4390 3247,4391 3352,4391 3352,4391 3352,4350 3353,4349 3353,4348 3354,4347 3366,4347 3371,4353 3371,4354 3372,4354 3373,4354 3375,4357 3375,4395 3376,4395 3533,4395 3534,4397 3534,4398 3536,4399 3704,4399 3704,4399 3704,4360 3706,4358 3707,4358 3707,4358 3707,4357 3710,4354 3711,4354 3711,4354 3711,4353 3713,4351 3725,4351 3726,4353 3726,4354 3727,4354 3728,4354 3730,4357 3730,4391 3731,4391 3821,4391 3822,4393 3822,4394 3824,4395 3828,4395 3833,4401 3833,4405 3835,4406 3836,4406 3837,4408 3837,4413 3839,4414 3840,4414 3841,4416 3841,4439 3842,4439 3966,4439 3966,4439 3966,4434 3968,4432 3973,4432 3973,4433 3973,4434 3974,4435 3974,4438 3973,4439 3972,4439 3971,4440 3901,4440 3900,4441 3900,4475 3898,4477 3897,4477 3896,4478 3896,4483 3895,4484 3894,4484 3892,4486 3892,4491 3892,4491 3887,4491 3885,4493 3885,4494 3884,4495 3883,4495 3881,4497 3881,4498 3880,4499 3877,4497 3877,4496 3877,4495 3876,4495 3874,4494 3874,4478 3874,4477 3827,4477 3826,4478 3826,4516 3825,4517 3820,4517 3818,4516 3818,4478 3818,4477 3657,4477 3656,4478 3656,4523 3654,4525"/><TextEquiv index="1"><Unicode>“ſur moi, les honneurs du triomphe,</Unicode></TextEquiv></TextLine><TextLine id="r0_l022"><Coords points="3568,4709 3567,4709 3567,4708 3566,4706 3562,4706 3559,4704 3559,4703 3559,4702 3558,4702 3552,4697 3552,4659 3552,4658 3507,4658 3506,4657 3505,4657 3504,4657 3504,4656 3503,4654 3040,4654 3038,4653 3038,4652 3037,4650 2895,4650 2894,4651 2894,4664 2893,4665 2892,4665 2890,4667 2890,4672 2890,4672 2889,4672 2886,4675 2886,4676 2886,4676 2885,4676 2883,4678 2883,4683 2883,4683 2882,4683 2881,4684 2873,4684 2872,4685 2872,4686 2871,4687 2859,4687 2857,4686 2857,4659 2857,4658 2763,4658 2761,4657 2761,4656 2760,4654 2393,4654 2391,4656 2391,4657 2390,4658 2248,4658 2247,4659 2247,4664 2247,4664 2246,4665 2241,4665 2240,4665 2240,4664 2239,4663 2239,4659 2239,4658 1987,4658 1984,4656 1984,4655 1984,4654 1979,4654 1977,4653 1977,4652 1976,4650 1813,4650 1810,4653 1810,4654 1810,4654 1745,4654 1744,4655 1744,4701 1743,4702 1742,4702 1741,4703 1741,4704 1739,4706 1736,4704 1736,4703 1736,4702 1713,4702 1711,4701 1711,4700 1711,4699 1710,4699 1707,4697 1707,4655 1707,4654 1527,4654 1526,4655 1526,4664 1525,4665 1524,4665 1522,4667 1522,4672 1522,4672 1521,4672 1519,4674 1519,4682 1517,4684 1516,4684 1515,4685 1515,4690 1514,4691 1513,4691 1511,4693 1511,4694 1510,4695 1503,4695 1502,4694 1501,4694 1500,4694 1500,4647 1500,4646 1377,4646 1374,4649 1374,4650 1374,4650 1295,4650 1293,4652 1293,4653 1292,4654 1284,4654 1282,4653 1282,4652 1281,4650 1273,4650 1267,4645 1267,4641 1266,4639 1265,4639 1264,4639 1264,4638 1264,4637 1262,4635 1261,4635 1260,4635 1260,4634 1260,4633 1131,4633 1130,4634 1130,4635 1130,4635 1129,4635 1128,4636 1127,4637 1127,4638 1126,4639 1125,4639 1123,4641 1123,4642 1122,4643 1114,4643 1112,4645 1112,4646 1112,4646 1081,4646 1080,4647 1069,4647 1067,4649 1067,4650 1067,4650 1062,4650 1060,4649 1060,4645 1059,4643 1058,4643 1057,4643 1057,4642 1056,4641 1058,4639 1059,4639 1060,4638 1060,4597 1062,4595 1070,4595 1071,4594 1071,4593 1073,4591 1111,4591 1112,4590 1112,4589 1114,4587 1118,4587 1119,4589 1119,4590 1121,4591 1126,4591 1127,4593 1127,4594 1129,4595 1130,4595 1130,4596 1130,4597 1133,4599 1134,4599 1135,4600 1264,4600 1266,4598 1267,4598 1267,4598 1267,4597 1269,4595 1270,4595 1271,4594 1271,4593 1273,4591 1277,4591 1278,4590 1278,4549 1281,4546 1282,4546 1282,4546 1282,4545 1284,4543 1292,4543 1293,4542 1293,4541 1295,4539 1314,4539 1315,4541 1315,4542 1317,4543 1318,4543 1319,4545 1319,4546 1321,4547 1326,4547 1326,4548 1326,4569 1327,4569 1389,4569 1389,4570 1389,4580 1390,4580 1507,4580 1507,4580 1507,4546 1508,4545 1508,4544 1509,4543 1510,4543 1511,4542 1511,4541 1513,4539 1525,4539 1526,4541 1526,4542 1528,4543 1529,4543 1530,4545 1530,4572 1531,4572 1587,4572 1589,4575 1589,4576 1590,4576 1725,4576 1725,4576 1725,4575 1727,4573 1729,4573 1730,4575 1730,4576 1731,4576 1870,4576 1870,4576 1870,4567 1872,4565 1873,4565 1873,4565 1873,4561 1874,4560 1874,4559 1875,4558 1876,4558 1877,4557 1877,4553 1881,4549 1881,4545 1883,4543 1884,4543 1884,4543 1884,4542 1885,4541 1885,4537 1886,4536 1890,4536 1891,4535 1892,4535 1892,4535 1892,4534 1894,4532 1898,4532 1900,4530 1900,4529 1901,4528 1936,4528 1936,4528 1936,4527 1939,4524 1940,4524 1940,4524 1940,4523 1942,4521 1950,4521 1951,4520 1951,4519 1953,4517 1969,4517 1969,4518 1969,4519 1972,4521 1976,4521 1981,4527 1981,4576 1982,4576 2057,4576 2059,4578 2180,4578 2180,4578 2180,4531 2181,4530 2181,4529 2182,4528 2198,4528 2199,4530 2199,4531 2201,4532 2202,4532 2203,4534 2203,4642 2205,4643 2213,4643 2214,4645 2214,4657 2215,4657 2347,4657 2347,4657 2347,4607 2348,4606 2349,4606 2350,4605 2350,4598 2351,4597 2351,4596 2352,4595 2353,4595 2354,4594 2354,4593 2356,4591 2357,4591 2358,4590 2358,4589 2360,4587 2361,4587 2362,4586 2362,4585 2363,4584 2364,4584 2365,4583 2365,4582 2366,4581 2367,4580 2368,4580 2369,4579 2369,4578 2371,4576 2778,4576 2780,4579 2780,4580 2781,4580 2786,4580 2787,4582 2787,4583 2789,4584 2790,4584 2790,4585 2790,4586 2791,4586 2792,4587 2793,4587 2794,4589 2794,4597 2797,4599 2798,4599 2798,4600 2798,4606 2799,4606 2890,4606 2890,4607 2890,4608 2891,4609 2891,4628 2892,4628 2994,4628 2994,4628 2994,4600 2996,4598 2997,4598 2997,4598 2997,4594 2998,4593 2998,4592 2999,4591 3000,4591 3004,4587 3008,4587 3009,4586 3009,4585 3010,4584 3011,4584 3012,4583 3012,4582 3014,4580 3016,4580 3016,4580 3016,4526 3017,4525 3030,4525 3038,4534 3038,4542 3040,4543 3041,4543 3042,4545 3042,4553 3044,4554 3174,4554 3175,4553 3175,4548 3176,4547 3177,4547 3179,4545 3179,4541 3181,4539 3182,4539 3182,4539 3182,4538 3185,4535 3186,4535 3186,4535 3186,4534 3188,4532 3189,4532 3190,4531 3190,4530 3192,4528 3197,4528 3197,4528 3197,4527 3200,4524 3221,4524 3222,4525 3223,4525 3223,4526 3223,4527 3225,4528 3226,4528 3226,4529 3226,4530 3229,4532 3230,4532 3230,4533 3230,4576 3231,4576 3322,4576 3323,4578 3323,4580 3324,4580 3363,4580 3363,4581 3363,4582 3364,4582 3366,4584 3367,4584 3367,4585 3367,4586 3368,4586 3497,4586 3497,4586 3497,4585 3498,4584 3499,4584 3500,4583 3500,4582 3502,4580 3511,4580 3511,4580 3511,4564 3514,4561 3515,4561 3515,4561 3515,4560 3517,4558 3518,4558 3519,4557 3519,4545 3521,4543 3522,4543 3522,4543 3522,4539 3523,4538 3523,4537 3524,4536 3525,4536 3526,4535 3535,4535 3536,4536 3537,4536 3537,4537 3537,4580 3538,4580 3599,4580 3601,4582 3730,4582 3730,4582 3730,4581 3731,4580 3818,4580 3818,4580 3818,4534 3820,4532 3825,4532 3825,4532 3825,4531 3828,4528 3836,4528 3837,4530 3837,4606 3838,4606 3925,4606 3926,4608 3924,4610 3904,4610 3903,4611 3903,4653 3902,4654 3901,4654 3900,4655 3900,4660 3899,4661 3898,4661 3896,4663 3896,4664 3895,4665 3894,4665 3892,4667 3892,4672 3892,4672 3891,4672 3888,4675 3888,4676 3888,4676 3887,4676 3885,4678 3885,4679 3884,4680 3876,4680 3874,4679 3874,4659 3874,4658 3698,4658 3696,4660 3696,4661 3696,4661 3646,4661 3645,4662 3645,4682 3644,4683 3643,4683 3642,4684 3627,4684 3626,4685 3626,4686 3625,4687 3624,4687 3623,4688 3623,4689 3622,4690 3622,4694 3621,4695 3620,4695 3619,4696 3619,4697 3618,4698 3617,4698 3616,4699 3615,4700 3615,4701 3614,4702 3613,4702 3611,4704 3611,4705 3610,4706 3602,4706 3600,4708 3600,4709 3600,4709"/><TextEquiv index="1"><Unicode>“&amp; je paſſerai encore, à ſon égard,</Unicode></TextEquiv></TextLine><TextLine id="r0_l023"><Coords points="1061,4710 3062,4710 3062,4892 1061,4892"/><TextEquiv index="1"><Unicode>“pour un calomniateur!“</Unicode></TextEquiv></TextLine><TextLine id="r0_l024"><Coords points="2230,5084 2229,5084 2229,5028 2229,5027 1982,5027 1981,5028 1981,5078 1980,5079 1960,5079 1959,5079 1959,5078 1957,5075 1956,5075 1955,5075 1955,5028 1955,5027 1849,5027 1848,5027 1848,5026 1847,5024 1631,5024 1629,5026 1629,5027 1629,5027 1621,5027 1618,5030 1618,5031 1618,5031 1613,5031 1611,5030 1611,5029 1610,5027 1273,5027 1271,5029 1271,5030 1270,5031 1269,5031 1267,5033 1267,5034 1266,5035 1250,5035 1249,5036 1249,5037 1248,5038 1246,5038 1245,5038 1245,5037 1244,5035 1240,5035 1237,5033 1237,5032 1237,5031 1236,5031 1234,5030 1234,5025 1234,5024 1069,5024 1068,5025 1068,5026 1067,5027 1058,5027 1056,5026 1056,5022 1058,5020 1234,5020 1234,5020 1234,5014 1235,5013 1236,5013 1238,5011 1238,5010 1239,5009 1252,5009 1252,5009 1252,4904 1254,4902 1262,4902 1264,4900 1264,4899 1265,4898 1300,4898 1300,4899 1300,4900 1303,4902 1307,4902 1308,4904 1308,4946 1309,4946 1511,4946 1511,4947 1511,4948 1514,4950 1769,4950 1770,4949 1770,4948 1772,4946 1910,4946 1910,4946 1910,4938 1911,4937 1911,4936 1912,4935 1913,4935 1914,4934 1914,4922 1916,4920 1917,4920 1918,4919 1918,4914 1919,4913 1920,4913 1920,4913 1933,4900 1933,4899 1934,4898 1958,4898 1958,4899 1958,4900 1960,4901 2052,4901 2053,4902 2054,4902 2054,4903 2055,4904 2055,4905 2056,4905 2057,4905 2058,4907 2058,4908 2059,4909 2059,4949 2061,4950 2232,4950 2232,4950 2232,4907 2233,4906 2234,4906 2236,4904 2236,4903 2237,4902 2247,4902 2248,4901 2249,4902 2250,4902 2250,4903 2251,4904 2251,4905 2252,4905 2253,4905 2254,4907 2254,4908 2255,4909 2255,4950 2256,4950 2631,4950 2632,4949 2787,4949 2787,4949 2787,4903 2788,4902 2789,4902 2789,4902 2791,4900 2791,4899 2792,4898 2801,4898 2801,4898 2801,4897 2804,4894 2812,4894 2812,4895 2812,4896 2813,4897 2813,4953 2814,4953 3093,4953 3094,4952 3094,4951 3095,4950 3171,4950 3171,4951 3171,4953 3172,4953 3215,4953 3215,4953 3215,4894 3216,4893 3216,4892 3217,4891 3218,4891 3219,4890 3225,4890 3226,4891 3227,4891 3227,4892 3227,4953 3228,4953 3348,4953 3349,4952 3349,4951 3350,4950 3492,4950 3493,4949 3596,4949 3597,4948 3597,4947 3598,4946 3658,4946 3662,4942 3807,4942 3807,4942 3807,4919 3815,4911 3815,4910 3816,4909 3825,4909 3826,4908 3826,4907 3828,4905 3839,4905 3841,4908 3841,4909 3842,4909 3843,4909 3844,4911 3844,4919 3846,4920 3847,4920 3848,4922 3848,4931 3849,4931 3884,4931 3885,4933 3885,4934 3887,4935 3888,4935 3888,4936 3888,4937 3889,4938 3889,4944 3888,4945 3888,4946 3888,4946 3886,4946 3885,4947 3885,5004 3884,5005 3883,5005 3881,5007 3881,5012 3881,5012 3880,5012 3878,5014 3877,5015 3877,5016 3877,5016 3876,5016 3875,5017 3874,5018 3874,5019 3873,5020 3820,5020 3819,5021 3819,5022 3817,5024 3808,5024 3807,5025 3807,5053 3807,5053 3801,5053 3800,5053 3800,5025 3800,5024 3668,5024 3667,5025 3667,5026 3666,5027 3370,5027 3366,5031 3309,5031 3308,5032 3308,5064 3308,5064 3307,5064 3296,5075 3292,5075 3289,5078 3289,5079 3289,5079 3281,5079 3277,5083 3247,5083 3245,5082 3245,5081 3244,5079 3243,5079 3242,5079 3242,5078 3242,5077 3240,5075 3239,5075 3238,5075 3238,5074 3236,5071 3235,5071 3234,5071 3234,5032 3234,5031 3028,5031 3027,5032 3027,5034 3026,5035 3022,5035 3020,5034 3020,5033 3019,5031 3018,5031 3016,5030 3016,5029 3016,5028 2910,5028 2909,5027 2844,5027 2842,5026 2842,5025 2842,5024 2648,5024 2646,5026 2646,5027 2646,5027 2541,5027 2539,5029 2539,5030 2538,5031 2510,5031 2509,5032 2509,5071 2508,5072 2507,5072 2506,5073 2506,5074 2505,5075 2467,5075 2465,5074 2465,5028 2465,5027 2308,5027 2307,5028 2307,5029 2306,5030 2306,5031 2306,5031 2304,5031 2302,5030 2302,5029 2301,5027 2234,5027 2233,5028 2233,5083 2232,5084"/><TextEquiv index="1"><Unicode>Je ne reſpirois que la vengeance &amp;</Unicode></TextEquiv></TextLine><TextLine id="r0_l025"><Coords points="3356,5272 3355,5271 3354,5271 3352,5270 3352,5236 3352,5235 1217,5235 1216,5236 1216,5270 1216,5270 1205,5270 1204,5270 1204,5243 1204,5242 1058,5242 1056,5241 1056,5217 1056,5216 1051,5216 1049,5215 1049,5207 1051,5205 1055,5205 1056,5204 1056,5093 1063,5086 2032,5086 2033,5085 2033,5084 2034,5083 3836,5083 3837,5085 3837,5086 3838,5086 3972,5086 3974,5089 3974,5092 3973,5093 3973,5094 3973,5094 3949,5094 3948,5095 3948,5241 3947,5242 3664,5242 3663,5243 3663,5269 3663,5269 3361,5269 3360,5270 3360,5271 3360,5271 3359,5271 3358,5272"/><TextEquiv index="1"><Unicode>la mort. La bleſſure de mon bras n'é-</Unicode></TextEquiv></TextLine><TextLine id="r0_l026"><Coords points="1429,5453 1426,5451 1426,5450 1426,5449 1410,5449 1407,5447 1407,5446 1407,5445 1402,5445 1400,5444 1400,5439 1400,5438 1399,5438 1397,5437 1397,5436 1396,5435 1396,5406 1396,5405 1067,5405 1066,5404 1065,5404 1064,5404 1064,5403 1063,5401 1062,5401 1061,5400 1060,5400 1060,5399 1059,5397 1054,5397 1053,5397 1053,5344 1052,5342 1051,5342 1049,5341 1049,5325 1051,5323 1063,5323 1064,5322 1064,5317 1065,5316 1197,5316 1197,5316 1197,5291 1197,5290 896,5290 894,5289 894,5280 895,5279 1197,5279 1197,5279 1197,5277 1199,5275 1200,5275 1200,5275 1200,5274 1203,5271 1204,5271 1205,5270 3652,5270 3653,5269 3663,5269 3667,5274 3667,5312 3668,5312 3866,5312 3866,5313 3866,5314 3869,5316 3870,5316 3870,5317 3870,5322 3872,5323 3873,5323 3874,5325 3874,5330 3875,5330 3876,5330 3877,5332 3877,5333 3878,5334 3878,5339 3877,5340 3877,5341 3876,5342 3875,5342 3874,5343 3874,5374 3873,5375 3872,5375 3870,5377 3870,5378 3870,5378 3869,5378 3866,5381 3866,5447 3866,5447 3553,5447 3551,5449 3524,5449 3523,5450 3523,5451 3521,5453"/><TextEquiv index="1"><Unicode>toit guères qu'une égratignure, qui ne</Unicode></TextEquiv></TextLine><TextLine id="r0_l027"><Coords points="2234,5645 2232,5644 2232,5643 2231,5641 2227,5641 2223,5637 2222,5637 2221,5637 2221,5590 2221,5589 1783,5589 1781,5588 1781,5587 1781,5586 1576,5586 1573,5589 1420,5589 1419,5590 1419,5640 1418,5641 1383,5641 1382,5642 1382,5644 1382,5644 1375,5644 1374,5644 1374,5642 1374,5641 1350,5641 1349,5641 1349,5609 1349,5608 1276,5608 1275,5608 1275,5607 1274,5606 1274,5590 1274,5589 1059,5589 1056,5592 1056,5593 1056,5593 1051,5593 1049,5592 1049,5591 1049,5590 1048,5589 1047,5589 1045,5588 1045,5587 1045,5586 1040,5586 1038,5585 1038,5517 1040,5515 1041,5515 1042,5514 1042,5513 1043,5512 1055,5512 1057,5510 1057,5509 1058,5508 1093,5508 1093,5509 1093,5510 1096,5512 1178,5512 1178,5512 1178,5470 1184,5464 1185,5464 1186,5463 1194,5463 1195,5464 1196,5464 1204,5473 1204,5477 1207,5479 1208,5479 1208,5480 1208,5512 1209,5512 1395,5512 1397,5510 1397,5509 1398,5508 1728,5508 1732,5504 1854,5504 1855,5506 1855,5507 1857,5508 1991,5508 1992,5510 1992,5511 1994,5512 2232,5512 2232,5512 2232,5484 2234,5482 2306,5482 2306,5482 2306,5473 2308,5471 2309,5471 2309,5471 2310,5470 2310,5469 2312,5467 2313,5467 2313,5467 2313,5466 2315,5464 2319,5464 2320,5463 2321,5463 2321,5463 2321,5462 2323,5460 2328,5460 2328,5461 2328,5462 2329,5462 2331,5464 2332,5464 2332,5465 2332,5470 2334,5471 2335,5471 2336,5473 2336,5512 2337,5512 2609,5512 2609,5512 2609,5466 2611,5464 2615,5464 2617,5462 2617,5461 2618,5460 2627,5460 2628,5462 2628,5463 2630,5464 2631,5464 2631,5465 2631,5466 2632,5467 2632,5512 2633,5512 2861,5512 2861,5512 2861,5465 2863,5463 2868,5463 2868,5463 2868,5462 2870,5460 2882,5460 2883,5462 2883,5463 2885,5464 2890,5464 2890,5465 2890,5512 2891,5512 3008,5512 3009,5514 3009,5515 3010,5515 3242,5515 3242,5515 3242,5491 3244,5489 3245,5489 3245,5489 3245,5481 3249,5477 3249,5476 3250,5475 3259,5475 3262,5478 3266,5478 3267,5480 3267,5481 3268,5482 3268,5515 3269,5515 3467,5515 3467,5515 3467,5514 3468,5513 3469,5512 3470,5512 3471,5511 3537,5511 3537,5511 3537,5510 3539,5508 3560,5508 3560,5508 3560,5505 3561,5504 3707,5504 3707,5504 3707,5459 3708,5458 3708,5457 3709,5456 3855,5456 3855,5456 3855,5455 3856,5454 3858,5452 3859,5452 3859,5452 3859,5448 3860,5447 3867,5447 3874,5455 3874,5560 3875,5560 3877,5560 3877,5561 3877,5562 3878,5563 3878,5569 3876,5571 3835,5571 3833,5573 3833,5574 3833,5574 3832,5574 3831,5575 3820,5575 3818,5577 3818,5578 3818,5578 3817,5578 3814,5581 3814,5582 3814,5582 3738,5582 3737,5583 3737,5585 3737,5585 3736,5585 3735,5586 3724,5586 3722,5588 3722,5589 3722,5589 3717,5589 3715,5591 3715,5592 3714,5593 3698,5593 3696,5592 3696,5591 3695,5589 3474,5589 3392,5589 3389,5592 3389,5593 3389,5593 3265,5593 3264,5594 3264,5603 3263,5604 3262,5604 3260,5606 3260,5614 3259,5615 3258,5615 3256,5617 3256,5622 3255,5623 3254,5623 3253,5624 3253,5625 3252,5626 3251,5626 3249,5628 3249,5629 3248,5630 3247,5630 3245,5632 3245,5633 3245,5633 3244,5634 3243,5634 3242,5635 3242,5636 3241,5637 3239,5637 3238,5637 3238,5636 3236,5633 3235,5633 3234,5633 3234,5594 3234,5593 3077,5593 3075,5592 3075,5591 3075,5590 3074,5590 3073,5589 2940,5589 2938,5588 2938,5587 2938,5586 2778,5586 2707,5586 2705,5588 2705,5589 2705,5589 2700,5589 2698,5591 2698,5592 2697,5593 2678,5593 2676,5592 2676,5591 2675,5589 2546,5589 2471,5589 2469,5591 2469,5592 2468,5593 2255,5593 2254,5594 2254,5644 2253,5645"/><TextEquiv index="1"><Unicode>m'a pas retenu plus de deux jours. J'ai</Unicode></TextEquiv></TextLine><TextLine id="r0_l028"><Coords points="2833,5834 2832,5834 2832,5827 2832,5826 2818,5826 2817,5826 2817,5825 2815,5822 2814,5822 2813,5822 2813,5798 2812,5797 2812,5775 2812,5774 2642,5774 2641,5775 2641,5834 2641,5834 2634,5834 2633,5834 2633,5783 2633,5782 2599,5782 2598,5783 2598,5796 2598,5796 2596,5796 2595,5797 2594,5797 2593,5796 2585,5796 2583,5795 2583,5779 2583,5778 2194,5778 2190,5774 1998,5774 1995,5777 1995,5778 1995,5778 1992,5778 1991,5779 1991,5831 1991,5831 1986,5831 1985,5831 1985,5779 1985,5778 1894,5778 1892,5777 1892,5776 1891,5774 1708,5774 1707,5775 1707,5825 1706,5826 1676,5826 1674,5825 1674,5824 1673,5822 1672,5822 1670,5821 1670,5801 1670,5800 1516,5800 1515,5800 1515,5775 1515,5774 1428,5774 1426,5773 1426,5772 1426,5771 1254,5771 1253,5772 1253,5823 1252,5824 1252,5826 1252,5826 1162,5826 1160,5828 1160,5829 1160,5829 1159,5829 1158,5830 1155,5830 1152,5828 1152,5827 1152,5826 1132,5826 1130,5825 1130,5779 1130,5778 1070,5778 1066,5774 1062,5774 1060,5773 1060,5772 1060,5771 1059,5771 1056,5769 1056,5714 1059,5711 1063,5711 1064,5710 1064,5709 1065,5708 1070,5708 1071,5707 1071,5706 1073,5704 1074,5704 1075,5703 1075,5702 1077,5700 1145,5700 1145,5700 1145,5699 1148,5696 1311,5696 1312,5695 1312,5694 1313,5693 1367,5693 1367,5693 1367,5654 1369,5652 1370,5652 1371,5651 1371,5646 1372,5645 1373,5645 1374,5644 1383,5644 1384,5645 1385,5645 1385,5646 1385,5647 1388,5649 1389,5649 1389,5650 1389,5696 1390,5696 1446,5696 1447,5697 1448,5697 1448,5698 1448,5699 1450,5700 1455,5700 1456,5702 1456,5707 1458,5708 1459,5708 1459,5709 1459,5710 1460,5711 1460,5748 1461,5748 1670,5748 1670,5748 1670,5706 1672,5704 1677,5704 1677,5704 1677,5703 1680,5700 1692,5700 1692,5700 1692,5662 1694,5660 1695,5660 1696,5659 1702,5659 1703,5661 1703,5700 1704,5700 1777,5700 1777,5700 1777,5699 1780,5696 1798,5696 1800,5699 1800,5700 1801,5700 1966,5700 1966,5700 1966,5650 1967,5649 1968,5649 1969,5648 1977,5648 1977,5648 1977,5647 1979,5645 1991,5645 1992,5647 1992,5651 1996,5655 1996,5696 1997,5696 2187,5696 2192,5691 2192,5690 2193,5689 2194,5689 2196,5692 2196,5693 2197,5693 2198,5693 2199,5695 2199,5700 2200,5700 2542,5700 2543,5699 2543,5698 2544,5697 2545,5697 2546,5696 2550,5696 2550,5696 2550,5695 2552,5693 2561,5693 2561,5694 2561,5697 2562,5697 2631,5697 2632,5699 2632,5700 2633,5700 2904,5700 2905,5699 2905,5698 2906,5697 2907,5697 2908,5696 2922,5696 2924,5699 2924,5700 2925,5700 2930,5700 2931,5702 2931,5703 2932,5703 2933,5704 2934,5704 2935,5706 2935,5752 2936,5752 3134,5752 3134,5752 3134,5654 3136,5652 3137,5652 3138,5651 3138,5650 3139,5649 3140,5649 3142,5647 3142,5646 3143,5645 3156,5645 3156,5646 3156,5647 3157,5648 3157,5652 3158,5652 3326,5652 3326,5652 3326,5648 3327,5647 3327,5646 3328,5645 3329,5645 3330,5644 3330,5643 3332,5641 3333,5641 3334,5643 3334,5648 3335,5648 3347,5648 3353,5655 3353,5670 3354,5670 3522,5670 3522,5670 3522,5666 3525,5663 3526,5663 3526,5663 3526,5662 3532,5656 3536,5656 3538,5654 3538,5653 3539,5652 3570,5652 3571,5651 3571,5650 3573,5648 3574,5648 3574,5648 3574,5647 3576,5645 3592,5645 3593,5644 3593,5643 3595,5641 3610,5641 3611,5643 3611,5696 3612,5696 3774,5696 3774,5696 3774,5695 3776,5693 3789,5693 3789,5693 3789,5643 3791,5641 3792,5641 3792,5641 3792,5640 3795,5637 3806,5637 3807,5639 3807,5682 3808,5682 3858,5682 3859,5684 3859,5685 3860,5685 3861,5685 3863,5688 3863,5692 3865,5693 3866,5693 3866,5694 3866,5702 3867,5703 3867,5704 3868,5704 3869,5704 3870,5706 3870,5718 3869,5719 3867,5719 3866,5720 3866,5819 3866,5819 3863,5819 3862,5820 3849,5820 3848,5820 3848,5764 3848,5763 3650,5763 3648,5765 3648,5766 3647,5767 3647,5767 3646,5767 3645,5768 3645,5769 3644,5770 3643,5770 3642,5771 3639,5771 3636,5774 3594,5774 3593,5775 3593,5803 3592,5804 3587,5804 3585,5803 3585,5775 3585,5774 3462,5774 3460,5776 3460,5777 3459,5778 3225,5778 3223,5777 3223,5776 3222,5774 3039,5774 3038,5775 3038,5777 3037,5778 3036,5778 3035,5779 3035,5791 3033,5793 3032,5793 3031,5794 3031,5795 3029,5797 3028,5797 3027,5798 3027,5799 3026,5800 3025,5800 3024,5801 3024,5802 3022,5804 3021,5804 3020,5805 3020,5806 3019,5807 3018,5807 3017,5808 3008,5808 3007,5807 3006,5807 3005,5807 3005,5806 3004,5804 3003,5804 3001,5803 3001,5775 3001,5774 2843,5774 2842,5775 2842,5826 2841,5827 2841,5834 2841,5834"/><TextEquiv index="1"><Unicode>appris, pendant ce temps, l'adreſſe de</Unicode></TextEquiv></TextLine><TextLine id="r0_l029"><Coords points="3387,6018 3386,6018 3386,6017 3385,6015 3381,6015 3378,6013 3378,5993 3378,5992 3269,5992 3267,5991 3267,5979 3267,5978 1054,5978 1053,5979 1053,5980 1052,5981 1051,5981 1050,5982 1049,5982 1048,5981 1047,5981 1045,5980 1048,5977 2284,5977 2284,5977 2284,5976 2283,5974 2282,5974 2280,5973 2280,5972 2279,5970 2278,5970 2277,5970 2277,5969 2276,5967 2173,5967 2172,5966 2171,5966 2170,5966 2169,5965 2169,5964 2169,5963 1070,5963 1067,5961 1067,5960 1067,5959 1054,5959 1053,5959 1053,5953 1054,5952 1055,5952 1057,5950 1057,5949 1058,5948 1060,5948 1060,5948 1060,5887 1062,5885 1063,5885 1064,5884 1064,5883 1066,5881 1307,5881 1308,5880 1308,5879 1309,5878 1574,5878 1574,5878 1574,5835 1575,5834 1576,5834 1576,5834 1578,5832 1578,5831 1579,5830 1903,5830 1904,5831 1992,5831 1992,5832 1992,5833 1993,5833 3748,5833 3748,5833 3748,5832 3758,5822 3848,5822 3848,5822 3848,5821 3849,5820 3862,5820 3863,5819 3866,5819 3866,5820 3866,5821 3867,5821 3868,5822 3869,5822 3870,5824 3870,5922 3871,5922 3873,5922 3874,5924 3874,5936 3873,5937 3857,5937 3855,5939 3855,5944 3855,5944 3854,5944 3852,5946 3852,5954 3851,5955 3812,5955 3811,5956 3811,6006 3811,6006 3424,6006 3423,6007 3423,6017 3422,6018"/><TextEquiv index="1"><Unicode>mon adverſaire. Je lui ai écrit, pour lui</Unicode></TextEquiv></TextLine><TextLine id="r0_l030"><Coords points="3831,6214 3829,6213 3829,6130 3829,6129 3798,6129 3796,6131 3796,6132 3795,6133 3764,6133 3763,6134 3763,6136 3763,6136 3762,6136 3761,6137 3753,6137 3752,6138 3752,6139 3751,6140 3699,6140 3695,6144 3691,6144 3685,6150 3685,6151 3685,6151 3562,6151 3559,6154 3559,6155 3559,6155 3450,6155 3449,6156 3449,6157 3447,6159 3336,6159 3334,6161 3334,6162 3334,6162 3277,6162 3275,6164 3275,6165 3274,6166 3273,6166 3271,6165 3271,6164 3271,6163 3249,6163 3091,6163 3090,6164 3090,6165 3089,6166 3081,6166 3079,6165 3079,6157 3078,6155 2877,6155 2876,6156 2876,6157 2874,6159 2681,6159 2680,6160 2680,6168 2678,6170 2667,6170 2665,6169 2665,6163 2665,6162 2518,6162 2517,6163 2517,6195 2516,6196 2515,6196 2513,6195 2513,6167 2513,6166 2400,6166 2399,6166 2399,6165 2397,6162 2152,6162 2151,6163 2151,6165 2150,6166 2149,6166 2147,6168 2147,6169 2146,6170 2142,6170 2140,6169 2140,6161 2139,6159 2039,6159 2038,6158 2037,6158 2036,6158 2036,6156 2036,6155 1631,6155 1630,6156 1630,6157 1628,6159 1617,6159 1615,6158 1615,6157 1614,6155 1428,6155 1426,6154 1426,6153 1425,6151 1313,6151 1312,6151 1312,6150 1311,6148 1229,6148 1226,6146 1226,6145 1226,6144 1103,6144 1101,6143 1101,6141 1101,6140 1065,6140 1064,6140 1064,6139 1063,6137 1056,6137 1055,6136 1054,6136 1053,6136 1053,6135 1052,6133 1051,6133 1049,6132 1049,6127 1049,6126 1048,6126 1045,6124 1045,6095 1046,6094 1046,6093 1047,6092 1048,6092 1049,6091 1049,6087 1052,6084 1053,6084 1053,6084 1053,6079 1055,6077 1056,6077 1056,6077 1056,6073 1057,6072 1057,6071 1058,6070 1070,6070 1071,6069 1071,6068 1073,6066 1082,6066 1082,6066 1082,6017 1085,6014 1110,6014 1111,6015 1112,6015 1112,6016 1112,6021 1114,6022 1115,6022 1116,6024 1116,6062 1117,6062 1243,6062 1244,6063 1245,6063 1245,6064 1245,6066 1246,6066 1525,6066 1526,6068 1526,6069 1528,6070 1877,6070 1877,6071 1877,6074 1878,6074 2220,6074 2221,6073 2221,6072 2223,6070 2343,6070 2343,6070 2343,6046 2345,6044 2350,6044 2350,6045 2350,6073 2351,6073 2407,6073 2408,6074 2779,6074 2779,6074 2779,6028 2781,6026 2785,6026 2787,6024 2787,6023 2788,6022 2805,6022 2805,6023 2805,6028 2807,6029 2808,6029 2809,6031 2809,6070 2810,6070 2960,6070 2961,6072 2961,6073 2963,6074 3104,6074 3105,6076 3105,6077 3106,6077 3322,6077 3323,6076 3323,6075 3324,6074 3504,6074 3504,6074 3504,6072 3506,6070 3641,6070 3641,6070 3641,6020 3643,6018 3648,6018 3648,6018 3648,6017 3651,6014 3655,6014 3656,6013 3656,6012 3657,6011 3796,6011 3796,6011 3796,6007 3797,6006 3811,6006 3811,6007 3811,6044 3812,6044 3854,6044 3856,6047 3856,6048 3857,6048 3862,6048 3862,6049 3863,6050 3863,6055 3864,6055 3865,6055 3866,6057 3866,6098 3869,6100 3870,6100 3870,6101 3870,6110 3870,6110 3869,6110 3866,6113 3866,6118 3866,6118 3861,6118 3859,6120 3859,6121 3858,6122 3857,6122 3855,6124 3855,6125 3855,6125 3854,6125 3853,6126 3846,6126 3843,6129 3834,6129 3833,6130 3833,6214 3833,6214"/><TextEquiv index="1"><Unicode>donner un nouveau rendez-vous au bois</Unicode></TextEquiv></TextLine></TextRegion></Page></PcGts>