4266 8258
820 685 4158 896 -- „Il n'eſt pas viſible pour vous, a
824 888 4158 1092 “repliqué l'inſolente; mais, ſi vous
505 1095 4150 1295 “voulez-vous battre, on peut vous te-
609 1291 3911 1495 “nir tête.“ J'ai voulu forcer le paſſage,
812 1490 4146 1897 eaammnin peue ullneeat e, aan
821 1898 3992 2098 tout-à-coup briller une épée: „Je vous
812 2100 3903 2305 “défends, m'a - t-elle dit, de paſſer; &
812 2300 3903 2499 “c'eſt à moi que vous allez avoir affaire.“
650 2504 4167 2700 -- „Ah, ſcélérate! me ſuis-je écrié, en
816 2706 4178 2910 “me voyant forcé de tirer auſſi mon
801 2905 4186 3113 “épée contre ce vil objet, je vais te
733 3105 4186 3305 “punir.“ Je la preſſe d'un bras déter-
812 3309 4178 3520 miné, elle me répond aſſez vivement,
757 3509 4190 3703 mais en reculant; bientôt je lui enfonce,
805 3707 4182 3921 dans ſon gros ventre, mon glaive triom-
797 3911 4186 4118 phant; mais tout-à-coup, ô ciel! une
740 4114 4186 4318 odeur infecte, inſupportable, ſortant
801 4309 4170 4517 de ſa bleſſure, me ſurprend, me frappe,
796 4501 3923 4708 me jette à la renverſe, & me fait perdre
797 4701 1787 4853 connoiſſance.
829 4900 4191 5080 Je m'éveille, ſans doute au bout d'un
769 5103 3895 5312 temps conſidérable, dans le fond d'une
784 5310 3959 5511 cave ſépulcrale où l'on m'avoit porté.
513 5510 4106 5718 Les malheureux! c'étoit-là tout le ſecours
784 5717 3883 5923 qu'ils m'avoient donné. Je me ſens tout
776 5920 3879 6124 tranſi; mais la rage, qui s'éveille avec
776 6120 3875 6328 moi, me réchauffe. Je ramaſſe mon épée
785 6323 3879 6531 que je ſens ſous mes pieds. Je veux
