4266 8595
1464 531 2190 777 o
331 774 3553 990 ſortir de la cave pour me venger. Je
1 986 3565 1202 heurte, en courant, contre un cercueil;
331 1193 3540 1408 tout-à-coup, ô prodige! ô terreur! je
318 1404 3561 1617 vois s'élever, de ce cercueil, une Reli-
322 1608 3544 1815 gieuſe enveloppée d'un linceul mor-
61 1819 3540 2030 tuaire. „Malheureux! me dit-elle, après
301 2026 3549 2238 “avoir donné la mort à ta ſœur infor-
303 2239 3545 2421 “tunée, oſes-tu venir encore troubler
74 2437 3553 2653 “le repos de ſa cendre?“ A ces mots,
297 2640 3536 2865 le ſpectre eſt retombé dans ſon cercueil.
302 2852 3536 3026 Je dois te l'avouer ici tout bas. Je me
302 3063 3536 3284 ſuis laiſſé ſurprendre par la peur. Je
297 3270 3863 3495 ſentois mes genoux ſe dérober ſous moi,
293 3486 3548 3703 mes cheveux ſe dreſſer ſur ma tête. Au
260 3689 3536 3909 lieu d'examiner le prétendu ſpectre, qui
289 3905 3897 4123 avoit bien, en effet, la voix de ma
285 4108 3528 4324 ſœur, mais dont je n'avois pu diſtinguer
3 4319 3528 4527 la figure, je me ſuis enfui comme une
281 4527 3528 4756 timide femmelette. Ce n'eſt qu'au haut
281 4734 3519 4949 de l'eſcalier, à l'aſpect du jour, que
281 4944 3524 5157 j'ai rougi de ma peur. J'ai voulu re-
285 5153 3690 5365 deſcendre dans la cave; mais la porte
278 5366 3516 5578 s'eſt fermée avec un grand bruit. „C'eſt
268 5577 3868 5784 “sûrement un tour qu'on me joue,
273 5775 2918 5995 “ai je dit.“ J'étois déſeſpéré.
343 5990 3503 6203 J'ai voulu monter au premier, pour
264 6190 3495 6406 chercher l'indigne maître de la maiſon.
260 6401 3495 6621 J'ai rencontré une jolie petite femme-
264 6612 3503 6832 de-chambre, qui paroiſſoit fort douce,
