4266 8195
2042 459 2654 648 (.
845 678 4265 910 qui m'a regardé avec un tendre intérêt,
857 897 4265 1096 & qui ſembloit me plaindre intérieure-
857 1095 4266 1303 ment. Son aſpect a un peu modéré ma
845 1296 4264 1501 fureur. Je lui ai demandé, d'un ton un
853 1493 4154 1699 peu adouci, où étoit le maître de la mai-
523 1695 4154 1917 ſon. „Il n'y a point ici de maître,
849 1898 3904 2103 “m'a-t-elle répondu. La maiſon appar-
849 2094 3908 2295 “tient à une Dame, qui eſt ma maî-
837 2299 3900 2499 “treſſe.“ -- „Mais, lui ai-je dit, ce
841 2499 4269 2696 “Monſieur contre lequel je devois me
841 2704 4269 2903 “battre, qui m'a fait attaquer par une
853 2902 4194 3050 “ſervante... cette cave funéraire!....“
841 3102 4270 3306 --„Je ne ſais pas ce que vous voulez
841 3304 4266 3503 “me dire, ma répondu la jeune per-
845 3493 4271 3706 “ſonne; il n'y a pas ici d'autres hommes
837 3705 4028 3904 “que les domeſtiques de Madame.
766 3895 4272 4111 “Quant à la cave, j'ignore ce que vous
833 4097 4272 4302 “voulez dire; nous n'en avons pas
666 4293 4273 4484 “d'autres que celle-ci, dont elle m'ou-
837 4488 3936 4691 “vrit la porte.“ J'y deſcendis & je m'y
845 4689 4274 4890 reconnus; mais je n'y vis plus de cer-
845 4889 4183 5080 cueil. Je demandai à voir la maîtreſſe;
849 5080 4275 5290 on me dit qu'elle étoit ſortie. „C'eſt
837 5288 4275 5494 “sûrement quelque tour qu'on me joue,
829 5493 4275 5693 “dis - je encore en moi - même.“ Je
841 5692 4276 5902 queſtionnai la petite ſoubrette, qui me
837 5889 4277 6305 e uu laemem l iaiboe e a en s ans
833 6292 4277 6526 combats précédens, en lui diſant que
