4266 8447
15 772 3443 1001 c'étoit sûrement un tour qu'on me jouoit.
15 996 3451 1204 „Cela peut être, me dit-elle; je m'y
199 1207 3439 1416 “perds.“ Nous nous parlâmes avec une
11 1404 3452 1604 tendre intimité. Je fis, à la chère en-
288 1599 3447 1820 fant, d'innocentes careſſes; elle me les
276 1812 3435 2024 rendit avec la plus grande innocence.
272 2014 3442 2222 Cette aimable perſonne verſa de l'huile,
32 2220 3447 2430 pour ainſi dire, ſur la plaie de mon
276 2430 3696 2635 cœur, & je me retirai auſſi content
48 2625 3443 2833 d'elle, que mécontent de moi - même
276 2836 2084 3047 & de mes ennemis.
451 3043 3460 3248 Je me retirai chez moi, tout penſif,
243 3244 3443 3456 brûlant de me venger; mais ne ſachant
255 3455 3452 3669 plus à qui m'adreſſer. J'allai trouver
255 3655 3435 3863 divers amis, qui m'avoient arrêté dans
255 3867 3639 4077 mon combat, & qui devoient connoître
251 4074 3439 4270 mon adverſaire. Aucun ne put m'en donner
199 4273 3443 4431 de nouvelles. Tous me diſoient: „C'eſt
252 4474 3444 4642 “un inconnu. Cet homme - là tombe
255 4678 3443 4892 “des nues.“ Je ſoupçonnois quelque
244 4887 3440 5098 complot, & je n'oſois faire éclater ma
251 5092 3245 5305 fureur, qui me minoit ſourdement.
448 5299 3432 5511 Je n'en fus pas ſi tôt quitte. Au bout
255 5503 3435 5717 de quelques jours, je rencontrai encore
255 5715 3431 5919 aux Tuilleries un poliſſon qui avoit l'air
251 5914 3431 6126 d'un bandit, quoique blanc-bec, & qui
259 6122 3427 6326 m'attaqua ſans aucune ombre de raiſon.
182 6321 3435 6538 Je dévorois mon ſang. Je me voyois,
44 6529 3419 6753 depuis quelque temps, en butte à des
