4266 8390
2137 444 2753 693 ar.
799 733 3984 965 “que nous lui avions ajuſté, devant
795 944 3984 1171 “elle, une veſſie pleine d'un air très-
787 1150 3955 1375 “méphitique & très - infect, qui, en
575 1354 4029 1580 “vous ſaiſiſſant à l'improviſte, devoit
783 1546 4111 1780 “vous infecter, & vous ſuffoquer. C'eſt
432 1779 4160 1997 “moi-même qui ai joué, dans ma cave,
693 1971 3951 2197 “le rôle de votre ſœur, la Religieuſe.
677 2174 3951 2401 “Je l'ai connue, & j'ai toujours ſu
611 2363 4176 2608 “très-bien contrefaire ſa voix. C'eſt le
419 2592 3951 2816 “même valet, ci - devant déguiſé en
770 2808 4090 3021 “ſervante, qui, ſous l'habit d'homme,
775 3007 3960 3216 “vient de vous attaquer & de vous
775 3208 4237 3433 “déſarmer. L'épée, qu'on vous a four-
771 3420 4172 3637 “nie, étoit préparée pour ſe briſer tout
762 3637 4017 3843 “de ſuite en morceaux. Par tous ces
753 3827 3956 4046 “moyens, je ſuis venue à bout, moi
758 4033 3951 4258 “ſimple femme, de vous vaincre, de
505 4237 3960 4454 “vous faire grande peur, & enſuite de
753 4453 3960 4650 “vous protéger & de vous donner une
460 4647 3963 4850 “leçon. Profitez-en, mon petit ami; ne
742 4848 4164 5062 “ſoyez pas ſi prompt déſormais à mettre
749 5049 4245 5266 “flamberge au vent; & ſentez que, ſi
750 5258 4246 5470 “une femme a pu vous mettre à la
750 5463 4200 5676 “raiſon, des hommes pourront avoir
612 5674 4245 5891 “ce privilège par la ſuite.“ A ces mots
750 5878 4245 6093 la Dame m'a quitté d'un air grave &
762 6087 4246 6308 ſolemnel, comme diſent les Anglois.
693 6290 4246 6528 Je me ſuis retiré profondément humilié.
