4266 8451
1473 418 2195 640 e.
134 635 3572 853 J'ai trouvé, chez moi, une chanſon où
386 882 3578 1083 toute l'aventure étoit peinte à mon dé-
384 1094 1441 1306 ſavantage.
577 1279 3585 1500 Voilà, mon cher ami, où s'eſt ter-
77 1496 3585 1711 minée la réputation d'excellente épée,
372 1700 3589 1908 dont j'étois ſi fier; voilà la petite mor-
376 1907 3597 2112 tification que j'ai reçue, & que je n'ai
381 2113 3594 2318 avouée qu'à toi. J'ai été pluſieurs jours
372 2317 3589 2528 ſombre & rêveur. J'ai vu enfin que
372 2522 3581 2731 j'avois beſoin de diſſipation. J'en ai
376 2727 3585 2941 cherché dans les Lettres, la Philoſophie,
372 2936 3585 3151 la Politique. J'ai fait de nouveaux plans
364 3146 3585 3357 de Gouvernement. Tous ces moyens
376 3351 3585 3548 étant inſuffiſans, j'ai recouru aux Beautés
372 3564 3589 3975 i peta lu re, eut eees a loa
376 3966 3585 4171 enfin, de diſſiper les nuages dont j'étois
331 4167 3581 4373 obſédé; & au bout de quelques jours,
376 4368 3585 4578 je me ſuis retrouvé dans le calme & la
381 4586 1026 4743 ſérénité.
1727 5329 2162 5473 Suite.
393 5763 3585 5981 ans ce moment de calme, je re-
381 5976 3577 6190 prends tous mes travaux & tous mes
393 6173 3593 6396 projets. Je vais m'ouvrit toutes les routes
401 6366 3589 6613 du temple de la gloire. Politique, Phi-
