4266 8291
2213 359 3075 576 .
989 627 4085 839 “tin, prendre la poſte pour Calais?“
989 836 4097 1038 -- „Pourquoi donc aller à Calais, ai-
985 1033 4085 1240 “je dit? Il ſuffit de nous rendre au
917 1242 4094 1448 “Bois de Boulogne.“ -- „Monſieur,
985 1444 4073 1652 “m'a-t-il répondu, je dois pourvoir à
828 1645 4077 1858 “votre sûreté comme à la mienne. Sur-
989 1846 4069 2056 “veillé comme je le ſuis, nous ne
977 2053 4073 2260 “tarderons pas à nous voir arrêtés, ſi
969 2255 4098 2464 “nous en venons aux mains ici; peut-être
969 2462 4069 2666 “nous arrêtera-t-on même au milieu de
981 2665 4073 2837 “l'action. Il faut nous mettre en sûreté.
973 2869 4210 3093 “Nous nous rendrons, ſi vous voulez
981 3074 4077 3268 “bien, à Calais; nous y vuiderons
977 3259 4077 3479 “notre querelle, & l'heureux vainqueur
977 3477 4077 3685 “prendra, ſur-le-champ, le Paquebot.
973 3678 4081 3883 “Voilà un paſſe-port pour vous, & un
977 3879 4093 4089 “pour moi. Je pars ſur - le - champ. Je
969 4085 4089 4286 “mene avec moi un habile Chirurgien.
973 4290 4238 4486 “Je vous attends. Si vous êtes homme
969 4479 4097 4676 “d'honneur, vous ne me ferez pas
973 4672 4105 4878 “languir. Il y a trop long - temps que
965 4873 4097 5083 “ce combat eſt différé, & que l'hon-
970 5078 4251 5283 “neur nous appelle, vous & moi, ſans
961 5280 4245 5490 “que nous lui obéiſſions.“ -- „Mon-
969 5479 4242 5700 “ſieur, ai-je répondu, vous me prenez
961 5690 4250 5895 “au collet, dans un moment où j'ai
961 5891 4250 6102 “beaucoup d'embarras. Ce n'eſt pas moi
945 6097 4246 6304 “qui viens vous chercher, ni qui deſire
961 6294 4068 6508 “de me battre. J'ai quelque choſe de
3586 6500 4174 6702 “plus
