4266 8057
914 570 4207 820 ces deux vils perſonnages, ſous le joug
910 789 4006 1017 deſquels je frémis; & je vais courir,
914 1003 4199 1240 pour tuer un pauvre malheureux; car
922 1193 4183 1415 cela eſt déciſdé. Je ſens que j'ai ſa mort
832 1398 4164 1614 dans la main. Je voudrois bien pouvoir
922 1598 3991 1813 l'épargner; mais il me forcera à ne pas
628 1798 3987 2026 le ménager. Encore ſi j'en étois quitte
808 1999 3988 2415 lits ir ane jaeat
926 2403 3991 2614 ſauve en Angleterre, puiſqu'à l'entendre,
906 2606 3999 2814 nous aurons la Maréchauſſée immédiate-
934 2804 4199 3013 ment ſur nos traces; & que deviendront
946 3004 4053 3237 les chères perſonnes auxquelles je m'in-
961 3203 1627 3428 téreſſe?
1072 3514 3983 3712 Rigoureux point d'honneur qui fais que je m'eſtime,
942 3711 3775 3916 Ne peux-tu triompher ſans le ſecours du Crime?
927 4026 4015 4254 o
934 4403 3901 4658 Céſar de Perlencour, à.Dumoulin.
3272 4798 3890 5008 Calais.
1025 5177 4010 5406 Me voilà arrivé à Calais, mon cher
796 5401 4164 5610 ami. Je ſuis parti ſur - le - champ, j'ai
930 5605 4003 5810 devancé mon rival, d'une démi - heure.
922 5786 4160 6014 Il n'eſt pas arrivé; mais il eſt ſur mes
2608 5969 3096 6048 s--
781 6001 4160 6227 talons. Je ſuis parti ſans faire mes adieux.
722 6199 4007 6438 Ils euſſent été trop longs & trop déchi-
