4266 7887
1373 499 2071 748 i
360 721 3403 964 rans. Mais j'ai prévenu du moins, de
356 937 3479 1131 mon départ, toutes les chères perſonnes
360 1121 3476 1326 qui s'intéreſſent à moi. Je n'en ai pour-
364 1291 3308 1511 tant pas avoué le motif. Il eût cauſé
356 1500 3316 1701 trop d'alarmes. Je l'ai caché ſur-tout à
356 1675 3316 1884 la pétite Levrette. La pauvre enfant!
37 1880 3438 2078 dans l'état où elle eſt, ſi j'allois lui
360 2062 3312 2267 cauſer quelque révolution funeſte! Que
352 2263 3381 2459 je ſerois malheureux! Que je le ſuis! &
360 2452 3381 2651 je ne pourrai revoir ſi - tôt ces chères
356 2628 3327 2849 perſonnes! Il faut que je fuie en An-
48 2841 3373 3231 l leaniſe de e ronridaitlat l rons nts
162 3222 3346 3425 remords renaiſſent, toutes les bleſſures
364 3396 3331 3613 de mon cœur ſe rouvrent! O ma chère
364 3588 3331 3805 ſœur! Je vais t'offenſer encore, après
371 3795 3335 3994 t'avoir cauſé la mort. Ton ombre irritée
371 3988 3694 4186 va voir, du haut des cieux, ton frère,
371 4176 3347 4378 ton aſſaſſin, pourſuivre ton amant, &
269 4360 3343 4564 l'immoler ſous tes yeux. Tu vas ſollici-
83 4560 3335 4756 ter, contre moi, la vengeance céleſte.
83 4728 3346 4958 Pardonne; c'eſt lui qui m'y force, c'eſt
379 4938 3343 5137 l'honneur qui m'entraîne...... Mais mon
19 5126 3354 5331 adverſaire eſt arrivé; on vient me cher-
386 5307 3403 5526 cher. Je le rejoins.... Mon cher ami, je
371 5504 3358 5733 t'embraſſe. Je ne t'écrirai plus que de la
371 5694 2479 5919 capltale de l'Angleterre.
2534 6294 2868 6498 ki
