4266 7992
1086 1206 3865 1434 Céſar de Perlencour, à Dumoulin.
2759 1542 3834 1790 Calais.
830 1784 4169 2177 Cen eſt fait, mon cher ami. Je l'a-
810 2167 3825 2368 vois bien prévu. Je ſuis bourrelé de re-
818 2356 3818 2558 mords; mais il l'a voulu. Il m'y a forcé!
551 2550 4038 2759 pauvre jeune-homme!..... Je vais partir
810 2750 3845 3148 ou l'uu aeaeouo l m oonnent qu'on
814 3137 3647 3343 lève l'ancre; je t'écris en attendant.
1004 3338 3837 3535 Le jeune - homme eſt arrivé un peu
807 3531 4169 3725 après moi à Calais. Son domeſtique eſt
807 3725 3844 3929 accouru tout eſſoufflé, pour m'avertir
807 3918 3814 4121 qu'il m'attendoit. J'ai volé auprès de lui.
818 4115 3848 4310 „Monſieur, m'a-t-il dit, la prompti-
799 4296 3841 4498 “tude, avec laquelle vous vous trouvez
563 4482 4146 4691 “au rendez-vous, vous fait sûrement
787 4675 3871 4876 “honneur. J'ai celui de vous préſenter
779 4872 3865 5072 “M. Taillet, habile Chirurgien, qui
776 5062 3995 5268 “eſt prêt à rendre ſes ſervices à l'un
768 5263 3999 5462 “de nous deux, peut - être à tous les
764 5456 4111 5653 “deux. Nos places ſont retenues ſur le
749 5626 3829 5850 “Paquebot. Si le bleſſé ne l'étoit pas
749 5842 4099 6042 “très - conſidérablement, on pourroit
756 6039 3771 6264 “l'embarquer; mais il eſt probable que
