4266 7990
1270 520 2167 783 (i.
338 761 3353 991 “nous ne nous contenterons pas d'une
103 981 3338 1186 “légère bleſſure.“ -- „Je me contente-
334 1173 3349 1374 “rai de beaucoup moins, lui répondis-
323 1366 3361 1574 “je; ſi vous êtes altéré de mon ſang,
315 1555 3349 1756 “je ne le ſuis pas du vôtre. Je n'ai
315 1747 3349 1949 “aucune envie de vous tuer, ni même
322 1928 3349 2136 “de vous bleſſer; mais vous me forcez
318 2124 3345 2329 “de combattre contre vous; &, ſi vous
322 2325 3342 2522 “me pouſſez ſans ménagement, vous
315 2521 3334 2714 “m'obligerez de n'en pas avoir. Je ne
303 2714 3688 2909 “vous preſſerai vivement qu'à mon
303 2906 3349 3104 “corps défendant, & je vous en de-
307 3099 3334 3295 “mande pardon d'avance. Vous avez
303 3291 3330 3492 “perdu une amante, j'ai perdu une
83 3484 3334 3682 “ſœur, je vous plains, vous devez me
303 3672 3334 3871 “plaindre....... Mais vous voulez vous
295 3861 3565 4061 “battre, ſoit.“ -- „Monſieur, interrom-
299 4054 3326 4253 “pit-il, oſerois-je vous demander ſi vous
276 4248 3472 4445 “êtes en fonds? J'ai pu vous prendre
284 4439 3319 4636 “au dépourvu; pour moi je ne le ſuis
284 4627 3565 4824 “pas de ce côté-là, & il eſt très-juſte
276 4820 3322 5011 “que, ſi j'ai le malheur de ſuccomber,
280 5009 3307 5186 “ma bourſe devienne la vôtre.“ --
280 5205 3307 5417 „Monſieur, lui ai - je répondu, cette
276 5394 3303 5595 “idée eſt noble & généreuſe. J'oſe aſſurer
72 5590 3299 5792 “que, ſi j'avois été plus en argent, je
164 5783 3299 5985 “vous aurois fait une pareille propoſi-
1 5971 3295 6182 tion; cependant, pour ne pas me ſouſ-
272 6171 3353 6423 “traire à vos diſpoſitions honnêtes, je
2444 6376 2810 6572 Riij
