4266 7883
2060 406 2665 634 L.
893 627 3878 845 “crois que nous pourrions réunir enſem-
908 818 3882 1036 “ble nos deux bourſes, & que le montant
908 1027 4193 1225 “de l'une & de l'autre pourroit être
725 1219 4194 1418 “remis, après le combat, à celui des
889 1406 4175 1627 “deux qui en auroit beſoin pour ſa
896 1585 4167 1801 “fuite; pour moi, en cas que le ſuc-
881 1794 3855 2003 “cès me donnât cet avantage, je m'obli-
898 1986 4152 2186 “gerois à reſtituer la ſomme qui me
874 2170 4159 2376 “viendroit de vous, à vous même ou
642 2368 4159 2572 “à ceux qui vous repréſenteroient.“
702 2566 4156 2762 - „Rien de plus juſte, répondit mon
892 2737 4163 2957 “adverſaire; je me ſoumets à la même
904 2942 4162 3145 “condition.“ Sur-le-champ nous vui-
900 3091 4163 3339 dâmes nos deux bourſes, & des deux
892 3326 4155 3531 nous en fîmes une, que nous confiâmes
900 3520 4158 3739 au Chirurgien, en le chargeant de la
900 3709 2897 3911 remettre au vainqueur.
908 3883 4148 4103 Alors nous montâmes à cheval, pour
896 4049 4144 4288 ſortir hors de la ville & choiſir un lieu
904 4269 4125 4480 écarté, ſolitaire; propre pour le combat.
641 4441 4034 4658 Nous en avons trouve un à ſouhait. Sou-
908 4600 4110 4850 dain M. le Comte m'a offert le choix
874 4840 3893 5041 des armes. Je lui ai dit que ce choix
900 5034 3867 5234 m'étoit indifférent, que c'étoit à lui à le
900 5228 3863 5429 faire, puiſque lui ſeul vouloit ſe battre.
893 5414 3863 5627 Il s'eſt fait, prier long-temps. Enfin, il
892 5566 3859 5818 m'a dit: „Monſieur, puiſque vous vous
893 5806 3855 6018 “en remettez à mon choix, voilà ſix
896 5973 4060 6228 “piſtolets; nous allons, ſi vous voulez
