4266 7739
154 723 3199 935 “bien; en prendre chacun trois, &,
309 908 3276 1118 “pour qu'il y ait plus sûrement quel-
294 1096 3198 1299 “que choſe de déciſif, nous nous ſer-
298 1296 3202 1478 “virons d'abord de cette arme. Pour
77 1469 3202 1669 “nous diſpenſer de tirer au ſort, afin
239 1661 3202 1853 “de ſavoir qui doit tirer le premier,
294 1846 3224 2031 “nous tirerons enſemble chacun de
301 2027 3210 2221 “notre côté, en paſſant l'un devant
287 2215 3213 2408 “l'autre à cheval, poſément & ſans ca-
3 2404 3213 2601 “racoller. Quand nous aurons tiré cha-
3 2592 3209 2786 “cun nos trois coups, ſi la querelle
6 2777 3213 2969 “n'eſt pas encore décidée, nous deſ-
313 2963 3214 3145 “cendrons de cheval, & nous termi-
287 3157 3220 3339 “nerons avec notre épée. Approuvez-
317 3342 3206 3520 “vous, Monſieur, cet arrangement?“
54 3516 3250 3712 -- „Oui, Monſieur, ai - je répondu;
65 3704 3231 3893 “puiſqu'il vous plaît, je l'approuve en
76 3907 960 4055 “tout.“
337 4050 3254 4269 Alors, j'ai pris au haſard trois piſtolets,
80 4195 3235 4438 le Comte en a fait autant; ils étoient
91 4443 3235 4621 tous chargés. Nous avons reculé chacun
88 4621 3489 4809 de notre côté, à ſix pas l'un de l'autre;
91 4805 3240 4986 nous nous ſommes préſentés, ce me
313 4990 3246 5181 ſemble, de bonne grace tous deux. Nous
357 5178 3261 5375 avons paſſé l'un à côté de l'autre; car,
357 5366 3257 5561 en face, la tête de nos chevaux auroit pu
357 5556 3257 5751 nous couvrir. Nous avons tiré à- peu-près
361 5746 3261 5934 en même temps. Le coup m'a friſé un
124 5924 3257 6123 peu l'oreille, & l'a enſanglantée; mon
2260 6123 2778 6260 Riv
