4266 7892
1243 702 2099 940 .
249 935 3288 1160 ticulier, qui déconcertoit d'abord le
336 1151 3569 1349 mien, & qu'il m'a fallu étudier long-
336 1344 3296 1534 temps, en me contentant de parer avec
1 1529 3284 1727 beaucoup de peine; pendant même que
325 1715 3288 1911 je le tâtois ainſi, avec beaucoup de pré-
336 1905 3292 2103 caution, j'ai reçu une bleſſure, qui a
238 2094 3288 2313 paſſé ſous mon bras gauche, en m'en-
238 2288 3292 2482 trant un peu dans la chair. Je ſuis de-
336 2473 3296 2673 venu furieux; j'ai preſſé, à mon tour,
18 2667 3296 2862 vivement, mon vaillant adverſaire. Je
18 2859 3303 3053 le ménageois toujours cependant, & j'a-
340 3045 3303 3243 vois l'intention de ne le frapper que lé-
18 3236 3315 3629 ae mamque deus u eois ſuois de re
26 3614 3300 3811 voir percé de ſon épée, au travers du
29 3789 3300 4001 corps. Il a fallu mettre bas tout ména-
41 3989 3300 4221 gement.... J'ai vu tomber l'infortuné. J'ai
41 4186 3303 4569 bée ua viciie e le; oninſeru
44 4564 3284 4754 “lui ai je dit, vous m'y avez forcé.“
56 4747 3303 4944 -- „Monſieur, m'a-t-il répondu, d'une
41 4940 3307 5137 “voix défaillante, je vous pardonne
44 5134 3311 5330 “ma mort. Vous vous êtes comporté en
52 5324 3337 5524 “galant homme. J'ai un ſort conforme
56 5512 3330 5712 “à celui de l'idole que je voulois venger.
355 5705 3311 5899 “Mon ame va rejoindre la ſienne. Sau-
359 5903 3341 6097 “vez vous, Monſieur, car on ne va
75 6092 3565 6293 “pas tarder à vous pourſuivre. Heu-
2455 6298 2759 6427 v
