4266 7944
898 799 4021 1029 “reuſement pour vous, vous n'êtes que
898 1005 2864 1209 “légèrement bleſſé.“
932 1176 4189 1400 Je l'ai quitté, le cœur ſerré, tandis
898 1389 4193 1591 que ſon Chirurgien le ſoignoit. Mon
906 1583 4186 1786 domeſtique a reçu la bourſe qu'on lui a
902 1774 4147 1978 remiſe, & m'a donné le bras. Je ſuis
894 1970 4159 2172 bientôt arrivé au Paquebot, où un Chi-
898 2161 3879 2366 rurgien paſſager m'a ſoigné. Je n'avois
902 2352 3975 2559 preſque que des égratignures; à cela
910 2547 4185 2752 près cependant d'une balle que j'avois
913 2712 4182 2947 dans le bras. Mon état ne m'empêche
913 2934 4193 3148 pas de t'écrire, comme tu le vois. L'ame
871 3133 3378 3344 eſt plus malade que le corps.
948 3251 4189 3529 Nous allons mettre à la voile. Il eſt
676 3504 4174 3720 temps; car je vois venir la Maréchauſſée;
914 3710 4159 3944 &, ſi nous tardons encore quelques mi-
910 3902 4170 4109 nutes, probablement je ſuis arrêté. Je
611 4095 4162 4294 n'ai que le temps de fermer ma lettre
910 4268 4159 4478 & de la remettre au porteur. Je ſuis
910 4472 4147 4668 déſeſpéré de ne pas ſavoir ſi la mort à
910 4639 4132 4863 épargné ma victime. Nous quittons la
910 4850 3895 5051 terre; mon ami, je t'embraſſe; &, dans
776 5050 3898 5249 quelques heures je ſerai chez les An-
898 5241 4098 5466 glois, ſi je ne ſuis pas arrêté avant d'avoir
898 5444 2180 5664 fait le trajet.
1168 5859 3670 6135 Fin de la deuxième Partie.
