4266 8044
2003 455 2665 677 i.
870 726 4265 930 après les Romains. Les ſiècles d'igno-
628 925 4266 1148 rance, féconds en découvertes précieuſes,
882 1120 4234 1335 ne ſont pas oubliés; les Eſpagnols, eux-
882 1320 4266 1522 mêmes, ont une époque un peu ſan-
882 1508 4235 1718 glante où ils figurent. Enfin votre livre
886 1710 4235 1915 eſt une hiſtoire univerſelle de l'eſprit
890 1906 4268 2116 humain, & des nobles efforts par leſ-
886 2106 4211 2307 quels il a brillé ſur la terre. Vous re-
882 2298 4269 2500 marquez fort bien que l'Hiſtoire Poli-
851 2481 4269 2709 tique n'eſt preſque que celle des crimes
878 2695 4270 3097 oite desee l'i , , ss iemeese
882 3073 4270 3293 des Arts, offre, après les vertus, les
878 3279 4271 3487 plus beaux titres que nous ayons à la
882 3474 4271 3685 gloire. Les acteurs de l'une ſont des
882 3664 4272 3879 machines qu'entraîne, tout au plus, un
878 3861 4272 4094 aveugle inſtinct; ceux de l'autre ſont
878 4075 2898 4273 vraîment des hommes.
878 4246 4273 4458 Vous avez renfermé, dans un petit
886 4448 4273 4648 nombre de volumes, une matière ſi
882 4644 4274 4858 vaſte, & vous y avez cependant donné
882 4834 4274 5071 la juſte étendue qu'on pouvoit deſirer;
886 5030 4275 5256 vous avez tracé des tableaux immenſes,
882 5227 4275 5434 & pourtant aſſez détaillés, ou rien d'eſ-
878 5421 4275 5633 ſentiel n'eſt omis. Quoique tous les faits
886 5625 4276 5843 dont ils ſont compoſés ſoient connus,
870 5820 4272 6032 l'enſemble vous appartient, & ces ta-
878 6019 3379 6215 bleaux ſont parfaitement neufs.
1058 6210 4212 6442 Vous avez eu des ſecours ſur le fiècle
