4266 7876
1041 720 4202 920 Votre production ſera chère à tous
988 907 4201 1104 les Amateurs des Arts, des Talens &
992 1090 4198 1299 de la Vérité. Elle fera, je crois, méditer
984 1290 4190 1479 bien délicieuſement. Du moins elle m'a
981 1487 4119 1679 procuré cet avantage. On verra, peut-
981 1675 4175 1869 être, avec une douce ſurpriſe un homme,
973 1864 4167 2062 qui s'eſt amuſé dans la compoſition de
969 2053 4153 2251 pluſieurs Romans, conſacrer ſa plume
973 2248 4160 2438 à de ſi grands ſujets, & y réuſſir; mais
974 2447 4135 2621 ces Romans, eux-mêmes, ſont reconnus
965 2634 4171 2823 pour être ſouvent très - Philoſophiques;
973 2819 4183 3005 & les Noces Patriarchales & le ou-
970 3009 4184 3195 veau - Monde annoncent un Ecrivain
879 3205 4081 3425 très-ſéparé de la claſſe des ſimples Ro-
974 3398 1646 3559 manciers.
1113 3558 4081 3783 Je vous dois compte auſſi de mon
958 3767 4160 3967 ſentiment ſur vos Inviſibles ou Paſſe-
973 3963 4153 4160 Temps Littéraires. Je les ai lus avec
954 4141 4153 4519 oune ſre faine u ſeue oueage de
963 4520 3946 4701 tous ces morceaux détachés, par le
954 4704 4122 4904 cadre piquant dans lequel vous les raſ-
947 4896 4115 5089 ſemblés. Vous y prenez tous les tons;
950 5085 3907 5286 vous y réuniſſez tous les genres. Proſe,
943 5279 3926 5451 Vers, Pièces de Théâtre, morceaux
947 5474 3896 5670 Philoſophiques, Hiſtoriettes, Romans,
954 5663 3896 5855 tout s'y trouve, & l'on y pourra ſur-
924 5848 4104 6077 tout reconnoître l'Hiſtoire Littéraire du
