4266 8249
175 783 3282 1004 temps où vous écrivez. Je ne puis que
167 993 3286 1223 vous exhorter à continuer un recueil ſi
163 1191 1259 1401 intéreſſant.
179 1340 3295 1600 Votre Secret d'être Ileureux, Nou-
163 1599 3290 1799 velle Découverte, ne l'eſt pas moins. Vous
163 1790 3294 2002 avez des idées neuves ſur ce ſujet, qui
163 1990 3290 2206 doit piquer la curioſité du genre humain.
167 2194 3294 2402 J'ai ſur-tout goûté une idée que je n'a-
59 2396 3302 2606 vois encore vue nulle part. Vous voulez
171 2594 3298 2806 enſeigner aux hommes, non - ſeulement
171 2798 3298 2998 à être heureux dans le ſens naturel,
172 3001 3495 3209 c'eſt-à-dire, comme jouiſſans du bon-
167 3202 3306 3422 heur, vous comptez leur apprendre
175 3402 3318 3618 à l'être auſſi, dans le ſens que toutes
135 3598 3318 3819 leurs entrepriſes leur réuſſiront. Vous
136 3805 3310 4019 prétendez donner des règles pour cette
163 4014 3314 4214 réuſſite continuelle, qu'on croyoit, juſ-
147 4210 3318 4418 qu'ici, l'effet d'un heureux haſard, ou
171 4413 3310 4611 d'une bonne étoile, comme diſoit le
159 4609 3314 4812 pouple. Aſſurément voilà du fruit nou-
167 4811 3315 5019 veau, & cette découverte ſeroit eſſen-
171 5009 3306 5217 tielle au genre humain. Vous vous pro-
171 5209 3306 5417 poſez, à ce ſujet, d'établir une eſpèce
183 5417 3310 5617 de Club, que vous nommeriez la
175 5617 3306 5805 Sociéte des Heureux. Tous les hommes
179 5821 3306 6034 voudroient en être, & moi tout le pre-
183 6021 3298 6236 mier; mais je crains bien de ne pou-
183 6225 3298 6436 voir jouir de cet avantage, car je ſens
183 6429 3299 6666 ma fin s'approcher; &, en vous applau-
