4266 8010
1 578 3216 796 du bonheur, doivent être mes princi-
1 788 3216 987 paux motifs; mais on ne peut pas con-
1 983 3527 1181 noître ſur-le-champ ces ſortes de qualités.
1 1181 3212 1380 L'argent, le grand repréſentant de toutes
185 1375 3212 1568 les ſortes de mérites, cheztous les peuples
185 1564 3212 1764 policés, doit donc nous déterminer dans
189 1758 3216 1961 ce choix, comme dans toutes les cir-
185 1952 3208 2156 conſtances. Il faudroit donc que les
197 2146 3394 2351 aſſociés vouluſſent bien me remettre,
193 2343 3212 2547 d'abord, une certaine ſomme, pour
200 2541 3239 2743 me fournir un motif de les accepter;
197 2735 3223 2943 mais, comme je n'ai pas l'ame vénale,
196 2929 3219 3130 & que je ne veux pas être accuſé d'a-
193 3122 3219 3327 voir formé, uniquement par vue d'in-
189 3317 3402 3519 térêt, un projet dont je veux qu'on me
189 3510 3216 3739 ſache gré, les gens qui auront avancé
189 3696 3223 3907 leur argent ſeront rembourſés. Il eſt
181 3878 3537 4100 vrai qu'ils ne le ſeront qu'en ouvrages
185 4087 3212 4288 de ma façon, à meſure qu'ils paroîtront,
1 4277 3223 4488 juſqu'au rembourſement total. La ſomme
185 4471 3231 4683 doit donc être fixée & réglée ſur celle
185 4665 3212 4874 à laquelle pourra monter la totalité de
185 4862 3223 5072 mes ouvrages; & je ne prévois pas que
193 5058 3216 5269 cela puiſſe excéder trois cents livres, en
189 5258 3239 5458 ne parlant ici qué des Editions ordi-
193 5451 3215 5659 naires, où l'on ne ſe permêt pas le
189 5637 3208 5852 luxé de la Typographie & dès Planches.
204 5831 3208 6050 „Voilà, dira-t-on, un nouveau moyen
196 6029 3212 6270 “inventé par un Auteur, pour vendre
2015 7855 2651 7968 ..
