4266 7659
821 654 3938 864 “ſes Ouvrages.“ Je voudrois bien avoir
770 858 4048 1052 aſſez d'aſſociés pour en épuiſer ainſi toutes
1098 1046 3927 1237 les Editions; il m'en faudroit pluſieurs
1080 1233 3926 1423 milliers, & c'eſt à quoi je ne puis pré-
799 1418 4059 1608 tendre; ainſi l'on doit voir que leur
1083 1592 3919 1792 petit nombre ſera peu de choſe pour le
858 1780 4048 1978 débit de mes livres, & que ce débit
1057 1972 3960 2164 intéreſſé n'eſt point mon principal motif.
1094 2140 4056 2351 Il faut parler de l'Ouvrage. Il ne for-
1090 2346 3923 2536 mera qu'un petit volume. Je tâcherai
1088 2529 4096 2719 qu'il devienne le code de notre Société.
855 2709 4104 2911 J'y chercherai les moyens d'être heureux
854 2886 4104 3089 d'abord Philoſophiquement, c'eſt-à-dire
825 3078 4096 3314 de jouir du bien-être, par la ſatisfac-
832 3262 4103 3456 tion de nos deſirs modérés, & propor-
895 3439 4122 3638 tionnés, autant qu'il eſt poſſible, à nos
1087 3628 3952 3824 facultés; enſuite je traiterai du moyen
910 3812 3952 4005 d'être ce qu'on appelle heureux, ſelon
910 3969 4118 4182 l'expreſſion vulgaire, dans le ſens que
832 4170 4115 4359 le Cardinal Mazarin diſoit: „Cet homme
1083 4350 4114 4545 “eſt il hourouz?“ C'eſt-à-dire, dans
1091 4535 4115 4729 le ſens que toutes nos entrepriſes nous
1094 4708 3960 4915 réuſſiſſent. Il ſemble que cette ſorte de
1094 4903 4089 5101 bonheur dépend moins de nous que
1090 5084 4104 5288 l'autre, & qu'elle eſt l'effet d'un heureux
1090 5265 3978 5474 haſard; mais il n'y a point d'effet ſans
1098 5468 4056 5662 cauſe, & le haſard n'en eſt point une.
1098 5656 4008 5848 Il y a des raiſons très-réelles, qui font
825 5833 4137 6053 que ces ſortes d'heureux proſpèrent, &
