4266 8080
1348 375 1973 608 .
73 604 3094 816 jouiſſent du fruit de leurs travaux. Il y
77 808 3106 1005 a ſans doute des moyens de ſe procurer
81 1003 3098 1199 un bonheur pareil au leur; & ce ſera
81 1198 3105 1400 une découverte précieuſe, ſi nous pou-
73 1393 3098 1590 vons les trouver. J'indiquerai, dans mon
81 1589 3390 1792 Ouvrage, mes idées ſur ce ſujet. Ce
77 1769 3105 1984 n'eſt pas ici du Meſmériſme, du Som-
77 1980 3113 2185 nambuliſme, ni aucuné ſorte de Char-
85 2175 3145 2375 lataniſme; c'eſt du réel, & quoique
81 2371 3113 2575 l'objet de nos recherches ſoit ſouvent
85 2567 3121 2765 idéal, & qu'on ne ſoit ordinairement
85 2761 3164 2976 heureux que par ſa façon de penſer,
93 2964 3113 3165 cependant, le bonheur & la vérité fra-
85 3160 3164 3363 terniſent enſemble, & l'on peut dire,
89 3351 3160 3555 de lui, ce que Newton diſoit du repos.
77 3551 3332 3769 Porrô requies eſt res prorsis ſubſtantialis.
253 3925 3164 4144 Ceci n'eſt pas un pur badinage. Si
93 4137 3164 4332 quelqu'un me faiſoit l'honneur de m'é-
97 4332 3121 4532 crire ſur ce ſujet, comme ſur tout autre
100 4525 3164 4750 objet Littéraire, je prierois qu'on eût la
97 4715 2433 4943 bonté d'affranchir les lettres.
113 5337 3126 5591 Idée de l'Ouvrage intitulé: Les Ivisiles.
120 5672 3172 5918 A propos de M. Geſſner, annonçons
112 5900 3312 6113 ici une Tragédie que nous avons com-
104 6094 3180 6337 poſée ſur le même ſujet que ſon Poëme
