4266 8179
1588 406 2095 628 (.
284 654 3425 876 compoſée depuis plus de quinze ans, il
288 863 3473 1069 y aura une Comédie faite depuis plus de
292 1069 3433 1284 vingt ans, intitulée le Faux Mahomet,
305 1274 3433 1451 tirée du même Conte Perſan, où M. de
302 1480 3627 1685 Cailhava a puiſé, depuis, ſon Cabriolet
32 1685 3438 1882 Volant. On verra auſſi, dans notre
35 1882 3447 2087 recueil, une petite Comédie intitulée
280 2086 3449 2301 l'Enterrament de Figaro, dont on nous a
19 2295 3445 2501 volé le ſujet, pour le faire paroître ſur
27 2461 3454 2702 les tréteaux du ſieur Nicolet. Nous y join-
31 2701 3450 2916 drons, peut - être, une lettre ſur les
288 2906 3449 3325 iie omneute aes eus de plaoiie
288 3317 3454 3526 aux Etrangers, ces Théâtres ſecondaires,
23 3522 3450 3727 dont les Journaliſtes ne parlent point,
1 3731 3458 3932 & qui ont pourtant leur mérite. Nous
292 3928 3457 4133 n'indiquons ici que la moindre partie
301 4134 3463 4335 des Pièces qui compoſeront nos deux
293 4339 3475 4540 premiers volumes; il ſe trouvera, dans
297 4544 3458 4737 tous les autres, des morceaux qui ren-
300 4740 3461 4953 dront compte des ouvrages qui feront
3 4941 3453 5151 ſenſation dans la République des Lettres,
7 5146 3462 5327 des Pièces de Théâtre, des inventions
1 5351 3462 5557 utiles, des Evénemens principaux; en un
317 5556 3453 5766 mot, de tout ce qui pourra compoſer une
1 5763 1729 5972 Hiſtoire Littéraire.
1013 6225 2726 6382 Fin du Tome Second.
