4266 6400
1089 338 1436 418 .
1089 393 1751 491 I.
1061 796 3121 896 agrave (l.-8. comtesse de) Auteur du texte. Sophie de
1061 894 3125 1037 eaureoard ou te véritable amour ome par.cC
1074 1156 3116 1228 Les contenus accessibles sur le site Gallica sont pour la plupart
1074 1240 3114 1311 des reproductions numériques d'oeuvres tombées dans le
1074 1325 3114 1394 domaine public provenant des collections de la Bnf- eur
1076 1407 3116 1478 réutilisation s'inscrit dans le cadre de la loi n- du Il juillet
1076 1493 1259 1546 Oo
1076 1574 3113 1629 a réutilisation non commerciale de ces contenus ou dans le
1073 1657 3116 1728 cadre d'une publication académique ou scientifique est libre et
1073 1740 3116 1811 gratuite dans le respect de la léqislation en viqueur et notamment
1074 1825 3114 1894 du maintien de la mention de source des contenus telle que
1075 1907 3114 1978 précisée ci-après „Source gallica bnf fr ſ Bibliotheque nationale
1074 1991 2493 2061 de France ou Source qallica bnf fr Bnnn-
1074 2074 3116 2144 La réutilisation commerciale de ces contenus est payante et fait
1076 2157 3117 2228 l'objet d'une licence. Est entendue par réutilisation commerciale la
1076 2240 3114 2311 revente de contenus sous forme de produits élaborés ou de
1072 2324 3114 2379 fourniture de service ou toute autre réutilisation des contenus
1073 2407 3117 2478 générant directement des revenus publication vendue (à
1076 2490 3114 2561 l'exception des ouvrages académiques ou scientifiques) une
1074 2575 3116 2644 exposition, une production audiovisuelle, un service ou un produit
1075 2657 2617 2728 payant, un support à vocation promotionnelle etc.
1073 2814 2806 2893 QQERlCClPPOR ACCEDRRAXUXARlSS A A ACENCt
1073 3073 3114 3144 Les contenus de Gallica sont la propriété de la Bnf au sens de
1075 3156 3113 3227 l'article l.z-l du code qénéral de la propriété des personnes
1075 3241 1393 3311 publiques.
1072 3406 3112 3478 Quelques contenus sont soumis à un réqime de réutilisation
1075 3491 1712 3561 particulier. Il s'aqit
1074 3657 3115 3728 des reproductions de documents protégés par un droit d'auteur
1073 3740 3118 3811 appartenant à un tiers. Ces documents ne peuvent être réutilisés
1072 3824 3114 3894 sauf dans le cadre de la copie privée, sans l'autorisation préalable
1074 3908 1753 3963 du titulaire des droits.
1080 3990 3114 4061 des reproductions de documents conservés dans les
1075 4074 3116 4144 bibliotheques ou autres institutions partenaires. Ceux-ci sont
1072 4157 3113 4228 siqnalés par la mention Source gallica.Bnffr l Bibliothèque
1075 4240 3117 4311 municipale de (ou autre partenaire) 'utilisateur est invité à
1072 4324 3114 4394 s'informer auprès de ces bibliothèques de leurs conditions de
1076 4407 1478 4463 réutilisation.
1071 4656 3114 4722 al Gallica constitue une base de données, dont la Bnf- est le
1075 4740 3112 4811 producteur, protéqée au sens des articles -l et suivants du
1073 4824 2176 4894 code de la propriété intellectuelle.
1072 4990 3117 5061 Sl les présentes conditions d'utilisation des contenus de Gallica
1072 5074 3114 5145 sont réqies par la loi française. En cas de réutilisation prévue dans
1075 5157 3117 5228 un autre pays, il appartient à chaque utilisateur de vérifier la
1073 5240 2737 5311 conformité de son projet avec le droit de ce pays.
1073 5406 3115 5478 l l'utilisateur s'enqage à respecter les présentes conditions
1074 5490 3112 5561 d'utilisation ainsi que la législation en viqueur, notamment en
1076 5574 3114 5644 matière de propriété intellectuelle. En cas de non respect de ces
1074 5657 3115 5728 dispositions, il est notamment passible d'une amende prévue par
1076 5741 1801 5811 la loi du I juillet TO.
1073 5906 3118 5972 pour obtenir un document de Gallica en haute définition
1073 5997 1384 6046 contacter
1074 6073 2034 6141 utilisation commercialebnffr
