4266 8090
3766 32 4093 163 -
974 1080 4019 1264 ne m'avancerait pas; ça détruirait tous
980 1338 4014 1528 mes projets; car, s'il me tuait, au diable
980 1579 4019 1775 la fin de mon aventure, et si je le couchais
985 1849 4030 2028 sur le carreau, une prompte fuite serait
985 2102 4014 2291 le seul parti qu'il me resterait à prendre:
990 2360 4024 2539 donc il faut que nous vivions encore
984 2612 4034 2791 quelque temps tous les deux; moi, pour
990 2866 4030 3045 chercher un autre moyen que celui que
979 3112 4013 3333 j'ai employé, et lui, pour ſaire le guet.
1521 3253 1795 3354 A
996 3366 4035 3545 Cela lui fait du bien; ça fonette un peu
990 3614 4035 3803 son sang, et le tire de ses méditations
990 3877 4024 4061 philosophiques. Je te dirai, mon ami,
995 4123 4034 4297 que j'avais quitté Dijon, et que, sous
989 4371 4039 4555 l'habit d'un pavsan, ainsi que mon grand
1001 4620 4035 4793 Charles, nous avons été demander l'hos-
1000 4871 4034 5045 pitalité à une vieille pavsanne, en lui di-
1006 5125 4035 5310 sant que nous étions des déserteurs: je
1001 5368 4030 5552 lui ſis là-dessus une histoire si touchante,
1006 5626 4040 5800 que la vieille édentée en fondait en lar-
1006 5873 4019 6052 mes. Le premier soir, je fus reconnaître
1010 6115 4029 6304 le local: je vis avec plaisir que l'appar-
