4266 8090
1633 816 1986 996 (
290 1096 3303 1285 tement de madame de Beauregard était
290 1359 3297 1538 dans une aile du château, et qu'une
284 1612 3297 1765 allée très - sombre venait se terminer de
279 1865 3308 2065 ce côté, tout près de plusieurs petites
274 2118 3297 2312 portes de dégagement. J'en trouvai une
279 2365 3292 2555 ouverte; je me glissai, et je vis que c'é-
274 2618 3297 2802 tait une garde-robe qui donnait près de
274 2876 3287 3055 sa chambre à coucher. J'en pris la clef;
269 3118 3282 3297 je fais encore le tour; et comme je me
269 3366 3266 3550 livrais au plus doux espoir, un homme,
16 3614 3276 3793 je ne sais qui, s'approcha assez près de
11 3866 3276 4056 moi. Je pris le large: je suis leste; je
269 4124 3276 4298 franchis une haie, et l'on est sur mes ta-
269 4377 3266 4556 lons: je gagne de vîtesse, et l'on aban-
263 4630 3266 4809 donne ma poursuite. Il était alors dix
263 4883 3245 5062 heures du soir: je reviens sur les minuit:
253 5141 3245 5320 tout était dans le plus grand calme:
252 5368 3244 5567 j'examinai à mon aise la position de l'ap-
253 5641 3245 5821 partement, qui est au rez-de-chaussée, et
248 5889 3208 6073 je pensai qu'au plus profond de la nuit,
253 6131 3234 6332 je pourrais venir, avec Charles, m'intro-
