4266 7934
138 163 522 253 -
2179 831 2629 1008 o
887 1116 3895 1310 tuer le frère et l'amant de cette femme,
918 1370 3146 1530 qu'ils tremblent! ils ont vécu.
1094 1616 3899 1797 Je suis désolé de ne t'avoir pas près de
924 1877 3905 2062 moi. Charles est brave, ça a servi; mais
925 2127 3884 2318 cela n'est bon que pour un coup de main;
934 2367 3895 2563 cela n'a pas d'imagination .... Adieu.
965 2623 2592 2800 out à toi pour la vie,
1296 3031 3812 3183 Chevalier de Saint - Hilaire.
