4266 8070
1676 825 2118 998 (1
677 1581 3062 1675 LE
394 1939 3394 2081 SPie BeUrearo
483 2202 3305 2349 à Eilie d'rrincount.
389 2838 3389 3037 J'ai reçu ta lettre, mon aimable Emi-
384 3116 3405 3305 lie. Je m'empresse d'y répondre; mais
384 3373 3394 3557 mon cœur est si plein, que je ne sais par
384 3620 3400 3746 où commoncer. Tant de choses me sont
394 3867 3400 4051 arrivées depuis quelques jours, que j'ai
352 4120 3400 4303 fort peu d'ordre dans mes idées: je vais
394 4366 3384 4566 pourtant faire mes efforts pour en mettre,
342 4634 2259 4818 et me rendre intelligible.
573 4887 3394 5065 D'abord, je vais commencer par te
394 5128 3389 5312 gronder de la manière dure avec laquelle
349 5375 3384 5587 tu traites mon infortuné mari ... Mon
352 5633 3394 5811 amie, tu as un bon cœur, et je suis bien
363 5896 3394 6079 étonnée que ses malheurs ne t'aient pas
399 6143 3389 6340 touchée: je sais que tout ce que tu dis
242 7866 494 8068 L
