4266 7972
2154 810 2595 986 a
872 1085 3862 1272 n'est que relatif à ton amitié pour moi,
872 1329 3862 1516 et que la position où je me trouve te
872 1583 3867 1765 force à le juger avec plus de rigueur. --
882 1843 3872 2019 Mon Dieu, est-ce sa faute si mon triste
872 2092 3877 2273 cœur est devenu coupable, et que, si au
867 2346 3867 2528 lieu d'avoir pris une amie, comme il s'en
877 2595 3898 2772 était flatté, il n'a pris qu'une femme qui
877 2834 3893 3016 brûle d'amour pour un autre, et qui, à
877 3083 3877 3265 chaque instant, est prête de consommer
872 3332 3883 3509 tous ses crimes?.. Oui, mon amie, je
882 3582 3883 3763 n'ai plus qu'un pas à faire pour être per-
888 3831 3883 4012 due; je n'ai d'espoir que dans les vertus
888 4075 3883 4256 de mon amant. Tous les principes de la
882 4324 3883 4500 sagesse m'ont abandonné: ta Sophie n'est
893 4568 3888 4744 plus ce que tu l'as connue; elle vole au-
2699 4812 3877 4988 .Croirais - tu,
882 4812 2611 4941 devant de sa défaite...
903 5066 3888 5248 oui, je veux le dire à ma honte, que
893 5320 3892 5497 mon amant, que mon cher chevalier
898 5564 3893 5741 sait prendre sur la violence de ses desirs
908 5813 3883 5990 un empire que je ne connais plus? ....
893 6052 3888 6239 Ah! s'il pouvait lire dans mon cœur,
