4266 8041
3973 162 4264 256 -
366 1147 3529 1330 il verrait son triomphe ... Un mot, et
376 1397 3344 1575 ton indigne amie serait perdue ... Il v
377 1654 3345 1832 a quelques jours qu'il se trouva seul avec
366 1889 3351 2084 moi (ce qui n'arrive jamais): il prit ma
382 2152 3356 2330 main et la baisa; chacun de ses baisers
377 2408 3141 2581 jetait un trouble dans mon ame..
387 2659 3366 2843 Il se mit à mes genoux; je voulus le faire
393 2911 3366 3084 relever; mais au lieu de céder à ma vo-
398 3157 3377 3335 lonté, me prendre dans ses bras, et me
403 3403 3377 3586 donner le plus doux des baisers, fut toute
403 3654 3382 3837 sa réponse ... Je ne vis plus ce qui se
403 3900 3382 4078 passait autour de moi; un voile épais se
408 4141 3392 4324 répandit sur ma vue, et je tombai presque
414 4387 3387 4565 sans connaissance. Mes esprits revinrent,
419 4628 3398 4811 et je vis les efforts qu'il faisait pour vaincre
419 4869 3403 5047 sa faiblesse et la mienne. Ses yeux étin-
435 5125 3403 5303 celans d'amour osaient à peine s'arrêter
429 5366 3387 5549 sur moi ... O le plus aimé des hommes!
435 5623 3398 5806 ce trait seul suffirait pour m'attacher à
435 5879 3403 6062 vous; votre générosité ne sortira jamais
440 6136 1618 6272 de ma mémoire.
