4266 8070
2149 850 2585 1029 nee.
1018 1127 3862 1316 Il m'a écrit, mon amie; son ame est
835 1374 3846 1558 à découvert dans sa lettre: je l'ai couverte
840 1617 3852 1805 de baisers: elle ne me quittera jamais,
840 1870 3851 2060 et toujours sur mon cœur... Mon Dieu,
834 2127 3267 2311 qu'on est faible quand on aime!
1008 2379 3840 2567 Il est venu me voir depuis cet événe-
840 2634 3841 2823 ment: nos yeux n'osaient plus se ren-
1633 2883 3851 3065 .. Pourtant, à la fin, nous
840 2921 1560 3021 contrer..
835 3143 3852 3328 nous sommes regardés, et nos ames ont
829 3372 3845 3573 correspondu par un langage muet qui
751 3643 3841 3826 n'est pas sans charmes. Faut - il tant s'ai-
824 3895 3810 4070 mer et se craindre? Quelle situation!
835 4145 3841 4332 qu'elle est pénible pour deux cœurs ten-
708 4396 3841 4592 drement épris! Je ne te cache pas, mon
824 4646 3840 4834 amie, qu'il y a des momens où la vie ne
824 4901 3824 5085 me paraît qu'un fardeau insupportable...
835 5149 3835 5334 Viens donc près de moi; viens donc m'ai-
792 5400 3836 5594 der à maîtriser ma passion; viens me
840 5647 3835 5840 donner du courage: j'en ai besoin plus
840 5905 3824 6084 que jamais; les forces m'abandonnent;
840 6146 3836 6336 je sens que je m'égare, et qu'il ne faut
0 7775 1199 7929 ..
