4266 8031
4010 178 4264 270 -
1600 842 2034 1014 l
340 1135 3289 1318 qu'un moment pour consommer ma
334 1374 3293 1562 perte ... J'allais oublier de te dire que
335 1616 3299 1804 j'ai manqué être assassinée. Des voleurs
30 1872 3305 2039 s'étaient introduits dans le château, et
344 2127 3304 2305 avaient déjà forcé mon appartement,
335 2379 3310 2557 lorsque mon frère entendit du bruit: il
340 2630 3315 2808 vint armé, suivi de son laquais; ils mi-
350 2871 3320 3012 rent les scélérats en fuite. J'étais endor-
43 3116 3325 3299 mie, lorsque j'entendis un coup de pis-
361 3362 3320 3529 tolet à mon oreille: mes femmes vinrent,
356 3613 3331 3791 et dans la confusion des voix, j'entendis
43 3864 3331 4042 nommer mon frère. Je crus qu'il était
52 4120 3331 4298 assassiné; je restai sans connaissance; il
53 4361 3336 4544 revint un quart d'heure après, et remit
58 4612 3325 4790 le calme dans mes esprits, en m'assu-
371 4858 3341 5041 rant que le danger était passé. Si tu avais
376 5108 3331 5281 vu le lendemain le chevalier, la fureur
382 5349 3331 5532 étincelait dans ses yeux: je ne le croyais
382 5595 3331 5773 pas si violent: il avait l'air furieux; il
382 5835 3325 6018 parlait avec mon frère dans une pièce
99 6092 3331 6280 voisine avec une véhémence.... Mon frère
