4266 8110
3760 71 3981 169 -
2239 834 2688 1014 ea.
956 1119 3860 1304 se tuait de lui dire: Mais, plus bas ...
950 1383 3976 1579 plus bas, je vous prie .... Ce pauvre
950 1632 3982 1816 chevalier! Que je suis heureuse qu'il ne
956 1890 3971 2075 s'y soit pas trouvé! il se serait fait tuer...
950 2139 4264 2318 Pour cette chère Henriette, elle a versé
955 2396 3986 2581 tant de larmes, quand elle a appris le
956 2651 3976 2830 danger auquel mon frère s'était exposé!
961 2904 3987 3084 combien elle l'aime, et combien il y est
961 3152 3992 3337 sensible! Je t'assure que je n'aurais jamais
961 3411 3987 3596 cru mon frère capable de sentir une pas-
966 3665 3987 3844 sion si vivement; leur bonheur me fait
972 3923 3712 4108 envie: je n'en aurai jamais un pareil.
1145 4171 3986 4345 J'ai reçu une lettre de M. de Beau-
961 4430 3997 4615 regard. Il n'attendait que le dernier mo-
966 4684 3987 4863 ment de sa tante lorsqu'il m'a écrit. Il
966 4921 3987 5106 me mande que ses affaires le retiendront
977 5175 3987 5365 encore quelque temps à Paris, et qu'il
972 5439 3987 5618 ne reviendra que lorsque tout sera ter-
982 5687 1399 5819 miné.
1156 5941 3997 6120 Adieu, mon amie. Je vis dans l'es-
982 6199 4230 6384 poir de te voir incessamment, comme
