<PcGts xmlns="http://schema.primaresearch.org/PAGE/gts/pagecontent/2017-07-15" xmlns:xsi="http://www.w3.org/2001/XMLSchema-instance" xsi:schemaLocation="http://schema.primaresearch.org/PAGE/gts/pagecontent/2017-07-15 http://schema.primaresearch.org/PAGE/gts/pagecontent/2017-07-15/pagecontent.xsd"><Metadata><Creator>User123</Creator><Created>2020-10-13T09:33:47</Created><LastChange>2020-10-13T09:33:47</LastChange></Metadata><Page imageFilename="0022.png" imageHeight="8120" imageWidth="4266"><TextRegion id="r0" type="paragraph" orientation="0.125"><Coords points="1,1 4264,1 4264,8118 1,8118"/><TextLine id="r0_l001"><Coords points="3832,74 4264,73 4264,243 3832,244"/><TextEquiv index="1"><Unicode>-</Unicode></TextEquiv></TextLine><TextLine id="r0_l002"><Coords points="2252,894 2707,893 2707,1077 2252,1078"/><TextEquiv index="1"><Unicode>i</Unicode></TextEquiv></TextLine><TextLine id="r0_l003"><Coords points="956,1188 4266,1181 4267,1372 957,1379"/><TextEquiv index="1"><Unicode>nous n'avons trouvé qu'une vieille fem-</Unicode></TextEquiv></TextLine><TextLine id="r0_l004"><Coords points="-14,1147 226,1147 227,1368 -13,1368"/><TextEquiv index="1"><Unicode></Unicode></TextEquiv></TextLine><TextLine id="r0_l005"><Coords points="957,1436 4267,1429 4267,1643 957,1650"/><TextEquiv index="1"><Unicode>me, qui, après mille questions, nous a</Unicode></TextEquiv></TextLine><TextLine id="r0_l006"><Coords points="956,1674 4267,1667 4268,1893 957,1900"/><TextEquiv index="1"><Unicode>avoué qu'elle avait donné asyle pendant</Unicode></TextEquiv></TextLine><TextLine id="r0_l007"><Coords points="956,1951 4268,1944 4268,2129 956,2136"/><TextEquiv index="1"><Unicode>peu de jours à deux malheureux déser-</Unicode></TextEquiv></TextLine><TextLine id="r0_l008"><Coords points="956,2190 4268,2183 4269,2398 957,2405"/><TextEquiv index="1"><Unicode>teurs, dont l'histoire nous aurait bien</Unicode></TextEquiv></TextLine><TextLine id="r0_l009"><Coords points="-12,2217 119,2217 120,2390 -11,2390"/><TextEquiv index="1"><Unicode></Unicode></TextEquiv></TextLine><TextLine id="r0_l010"><Coords points="961,2454 4269,2447 4269,2648 961,2655"/><TextEquiv index="1"><Unicode>attendris si nous l'avions sue. Sans m'a-</Unicode></TextEquiv></TextLine><TextLine id="r0_l011"><Coords points="4264,2905 4263,2905 4263,2851 4263,2850 2194,2855 2193,2855 2193,2874 2193,2875 2189,2875 2188,2875 2188,2879 2188,2880 2184,2880 2183,2879 2183,2875 2183,2875 2178,2875 2177,2874 2177,2843 2177,2843 1930,2843 1929,2842 1528,2843 1527,2842 1137,2843 1136,2842 962,2843 961,2842 961,2769 962,2769 967,2769 967,2768 967,2764 968,2764 1532,2762 1532,2762 1532,2723 1533,2722 2124,2721 2124,2721 2124,2718 2125,2717 2838,2715 2838,2715 2838,2712 2839,2711 2854,2711 2855,2712 4263,2709 4263,2709 4263,2698 4264,2697 4269,2697 4269,2698 4269,2905 4269,2905"/><TextEquiv index="1"><Unicode>muser à entendre le récit que la bonne</Unicode></TextEquiv></TextLine><TextLine id="r0_l012"><Coords points="961,2952 4270,2945 4271,3159 962,3166"/><TextEquiv index="1"><Unicode>mère ne demandait pas mieux de nous</Unicode></TextEquiv></TextLine><TextLine id="r0_l013"><Coords points="962,3198 4271,3191 4271,3413 962,3420"/><TextEquiv index="1"><Unicode>faire, j'ai piqué des deux, et ai été droit</Unicode></TextEquiv></TextLine><TextLine id="r0_l014"><Coords points="967,3465 4271,3458 4272,3675 968,3682"/><TextEquiv index="1"><Unicode>à Dijon, bien déterminé à lui demander</Unicode></TextEquiv></TextLine><TextLine id="r0_l015"><Coords points="961,3726 4272,3719 4272,3935 961,3942"/><TextEquiv index="1"><Unicode>raison de sa conduite. Lafrance me mena</Unicode></TextEquiv></TextLine><TextLine id="r0_l016"><Coords points="3172,4176 3171,4175 3171,4169 3171,4169 1866,4172 1865,4172 1865,4175 1865,4176 1824,4176 1823,4175 1823,4171 1823,4171 1819,4171 1818,4170 1818,4165 1818,4165 1813,4165 1812,4164 1812,4123 1812,4123 1496,4123 1495,4122 991,4123 990,4122 983,4123 982,4122 982,4118 982,4118 973,4118 972,4117 972,4065 973,4065 977,4065 977,4064 977,4059 977,4059 981,4059 982,4058 982,4054 982,4054 987,4053 988,4053 988,4001 988,4000 992,4000 993,4000 993,3997 993,3996 1003,3996 1004,3997 2758,3994 2759,3993 2759,3991 2759,3991 2774,3991 2775,3992 3043,3991 3044,3992 3044,3996 3044,3996 3280,3995 3281,3996 3297,3996 3298,3997 4263,3995 4270,4002 4270,4003 4272,4005 4272,4158 4270,4160 4270,4161 4264,4167 3813,4168 3810,4171 3209,4173 3208,4173 3208,4175 3208,4176"/><TextEquiv index="1"><Unicode>à son auberge; mais il n'était plus temps.</Unicode></TextEquiv></TextLine><TextLine id="r0_l017"><Coords points="967,4241 4273,4234 4273,4451 967,4458"/><TextEquiv index="1"><Unicode>A la pointe du jour, il avoit pris des</Unicode></TextEquiv></TextLine><TextLine id="r0_l018"><Coords points="972,4497 4273,4490 4274,4699 973,4706"/><TextEquiv index="1"><Unicode>chevaux, et était parti. J'avoue que ce</Unicode></TextEquiv></TextLine><TextLine id="r0_l019"><Coords points="977,4743 4017,4736 4017,4926 977,4933"/><TextEquiv index="1"><Unicode>contre-temps me fit beaucoup de peine:</Unicode></TextEquiv></TextLine><TextLine id="r0_l020"><Coords points="978,4991 4275,4984 4275,5199 978,5206"/><TextEquiv index="1"><Unicode>j'aurais voulu terminer cela. Je sens</Unicode></TextEquiv></TextLine><TextLine id="r0_l021"><Coords points="972,5249 4275,5242 4276,5489 973,5496"/><TextEquiv index="1"><Unicode>bien que cet homme reviendra à la charge,</Unicode></TextEquiv></TextLine><TextLine id="r0_l022"><Coords points="978,5504 4276,5497 4276,5694 978,5701"/><TextEquiv index="1"><Unicode>et que nous n'en sommes pas quittes.</Unicode></TextEquiv></TextLine><TextLine id="r0_l023"><Coords points="982,5747 4265,5740 4266,5928 983,5935"/><TextEquiv index="1"><Unicode>Cela m'afflige beaucoup, je vous assure.</Unicode></TextEquiv></TextLine><TextLine id="r0_l024"><Coords points="-4,5765 152,5765 153,5984 -3,5984"/><TextEquiv index="1"><Unicode></Unicode></TextEquiv></TextLine><TextLine id="r0_l025"><Coords points="983,6000 4277,5993 4277,6182 983,6189"/><TextEquiv index="1"><Unicode>Mon cœur éprouve un mal - aise péni-</Unicode></TextEquiv></TextLine><TextLine id="r0_l026"><Coords points="4264,6457 4263,6457 4263,6395 4263,6394 2897,6397 2896,6398 2896,6439 2896,6439 2892,6439 2891,6440 2891,6444 2891,6444 2850,6444 2849,6443 2469,6444 2468,6444 2468,6440 2468,6439 2464,6439 2463,6439 2463,6396 2463,6395 2025,6396 2024,6396 2024,6392 2024,6391 1912,6391 1911,6390 1549,6391 1548,6391 1548,6387 1548,6386 1459,6386 1458,6385 1306,6386 1305,6385 1305,6381 1305,6381 996,6381 995,6380 989,6381 988,6380 988,6269 987,6269 977,6269 977,6268 977,6254 977,6254 981,6254 982,6253 982,6248 982,6248 987,6248 988,6248 988,6253 988,6254 994,6253 995,6254 1103,6254 1104,6255 1104,6266 1104,6266 2224,6264 2225,6265 2488,6264 2489,6265 3979,6262 3980,6261 3980,6259 3980,6259 4262,6258 4263,6258 4263,6245 4263,6244 4276,6244 4277,6245 4277,6457 4277,6457"/><TextEquiv index="1"><Unicode>ble ..... Tant d'objets qui me sont si</Unicode></TextEquiv></TextLine><TextLine id="r0_l027"><Coords points="-3,6289 158,6289 159,6468 -2,6468"/><TextEquiv index="1"><Unicode></Unicode></TextEquiv></TextLine><TextLine id="r0_l028"><Coords points="-2,6567 152,6567 153,6946 -1,6946"/><TextEquiv index="1"><Unicode></Unicode></TextEquiv></TextLine><TextLine id="r0_l029"><Coords points="89,7223 88,7222 -1,7223 -1,7222 -1,7067 -1,7067 141,7066 142,7067 142,7073 142,7073 146,7073 147,7074 147,7112 146,7112 142,7112 142,7113 142,7121 141,7121 131,7121 131,7122 131,7223 130,7223"/><TextEquiv index="1"><Unicode></Unicode></TextEquiv></TextLine><TextLine id="r0_l030"><Coords points="0,7365 -1,7364 -1,7223 -1,7223 56,7223 57,7224 130,7223 131,7224 131,7232 131,7232 135,7232 136,7233 136,7306 137,7306 142,7306 142,7307 142,7359 142,7359 11,7360 10,7360 10,7364 10,7365"/><TextEquiv index="1"><Unicode></Unicode></TextEquiv></TextLine><TextLine id="r0_l031"><Coords points="0,7365 143,7365 143,7509 0,7509"/><TextEquiv index="1"><Unicode></Unicode></TextEquiv></TextLine><TextLine id="r0_l032"><Coords points="0,7509 142,7509 142,7635 0,7635"/><TextEquiv index="1"><Unicode></Unicode></TextEquiv></TextLine><TextLine id="r0_l033"><Coords points="0,7635 195,7635 196,7907 1,7907"/><TextEquiv index="1"><Unicode></Unicode></TextEquiv></TextLine></TextRegion></Page></PcGts>