4266 8090
1517 948 1965 1127 r.
232 1233 3229 1417 chers, et qui sont tous intéressés dans
227 1485 3224 1670 cette affaire!.... Une sœur que j'aime
227 1733 3234 1912 tendrement, un jeune homme que j'aime
227 1991 3229 2175 aussi à plus d'un titre, le frère de mon
221 2249 3224 2428 aimable Henriette, et qui d'ailleurs ex-
227 2492 3229 2671 cite le plus vif intérêt ... ma maîtresse
227 2739 3234 2923 enfin, que je chéris plus que ma vie, et
227 2987 3234 3160 dont les alarmes ont été si vives! Quand
227 3245 3224 3424 elle a appris l'histoire des prétendus vo-
232 3470 3229 3661 leurs, elle me disait, en attachant sur
232 3740 3213 3919 moi ses beaux yeux pleins de larmes:
237 3987 3224 4167 Mais si on vous eût tué, j'en serais morte
16 4235 3229 4419 de chagrin..... Aimable et trop aima-
21 4488 3218 4620 ble enfant! votre tendresse me rend en-
26 4741 3229 4920 core la vie plus précieuse..... Pourtant
32 4994 3229 5173 je me dois à mon honneur outragé dans
1 5246 3224 5441 la porsonne de ma sœur, et l'amour ne
253 5499 3213 5684 peut me faire manquer à ce qu'un ga-
5 5742 2681 5884 lant homme se doit à lui-même.
421 5994 3218 6184 Quand je pense, mon ami, que ce
1 6237 3218 6432 chevalier de Saint-Hilaire tient le repos
4045 7738 4264 7859 -
