4266 7963
1617 840 2058 1016 a.
363 1120 3313 1301 projets de son rival.... J'ai très-peu ré-
363 1369 3624 1555 pondu à ce qu'il m'a dit à ce sujet. Je
363 1618 3328 1794 craignais que ma sœur n'entendît cette
363 1861 3333 2043 conversation. La malheureuse n'a pas
368 2115 3333 2297 besoin de nouvelles peines: elle est déjà
373 2364 3339 2546 dans une assez cruelle position. Je la
373 2603 3339 2800 vois prête à tomber en langueur, et cela
373 2872 3333 3054 m'afflige beaucoup. Elle attend une amie
285 3116 3339 3302 intime qui lui a promis de venir passer
378 3375 3349 3556 quelque temps auprès d'elle: cela lui
378 3629 3344 3805 causera un peu de distraction. Quand
378 3878 3349 4059 elle n'aurait que le plaisir de parler pen-
270 4122 3349 4308 dant vingt- quatre heures par jour de
373 4381 3344 4562 l'objet de sa tendresse! J'ai toujours en-
384 4630 3344 4811 tendu dire que ce n'était pas trop pour
384 4878 1923 5008 une femme sensible.
555 5121 3349 5304 La tante de M. de Beauregard est
384 5371 3344 5542 morte: nous en avons reçu la nouvelle
384 5609 3349 5749 ce matin. Les affaires vont encore le
384 5863 3349 6045 retenir quelque temps à Paris. C'est un
389 6097 3333 6289 homme qui aime l'argent; non par ava-
165 7709 404 7961 L
