<PcGts xmlns="http://schema.primaresearch.org/PAGE/gts/pagecontent/2017-07-15" xmlns:xsi="http://www.w3.org/2001/XMLSchema-instance" xsi:schemaLocation="http://schema.primaresearch.org/PAGE/gts/pagecontent/2017-07-15 http://schema.primaresearch.org/PAGE/gts/pagecontent/2017-07-15/pagecontent.xsd"><Metadata><Creator>User123</Creator><Created>2020-10-13T09:34:12</Created><LastChange>2020-10-13T09:34:12</LastChange></Metadata><Page imageFilename="0026.png" imageHeight="8060" imageWidth="4266"><TextRegion id="r0" type="paragraph" orientation="-0.0"><Coords points="1,1 4264,1 4264,8058 1,8058"/><TextLine id="r0_l001"><Coords points="3742,79 4041,79 4041,168 3742,168"/><TextEquiv index="1"><Unicode>-</Unicode></TextEquiv></TextLine><TextLine id="r0_l002"><Coords points="1,205 1120,205 1120,319 1,319"/><TextEquiv index="1"><Unicode></Unicode></TextEquiv></TextLine><TextLine id="r0_l003"><Coords points="2173,908 2608,908 2608,1076 2173,1076"/><TextEquiv index="1"><Unicode>aa</Unicode></TextEquiv></TextLine><TextLine id="r0_l004"><Coords points="882,1186 3884,1186 3884,1370 882,1370"/><TextEquiv index="1"><Unicode>rice, mais par un esprit de faste. Il aime</Unicode></TextEquiv></TextLine><TextLine id="r0_l005"><Coords points="882,1448 3889,1448 3889,1627 882,1627"/><TextEquiv index="1"><Unicode>une grande représentation. Je suis sûr</Unicode></TextEquiv></TextLine><TextLine id="r0_l006"><Coords points="30,1589 194,1589 194,1832 30,1832"/><TextEquiv index="1"><Unicode></Unicode></TextEquiv></TextLine><TextLine id="r0_l007"><Coords points="871,1706 3884,1706 3884,1884 871,1884"/><TextEquiv index="1"><Unicode>qu'il ne s'est marié que pour pouvoir</Unicode></TextEquiv></TextLine><TextLine id="r0_l008"><Coords points="871,1958 3878,1958 3878,2094 871,2094"/><TextEquiv index="1"><Unicode>couvrir une femme de toutes les recher-</Unicode></TextEquiv></TextLine><TextLine id="r0_l009"><Coords points="2283,2376 2282,2376 2282,2372 2282,2371 2278,2371 2277,2371 2277,2367 2277,2366 2267,2366 2266,2366 2266,2362 2266,2361 2262,2361 2261,2361 2261,2356 2261,2355 2257,2355 2256,2355 2256,2341 2256,2340 887,2340 886,2340 886,2335 886,2334 876,2334 875,2334 875,2330 875,2329 871,2329 870,2329 870,2320 870,2319 866,2319 865,2319 865,2299 866,2298 870,2298 870,2298 870,2283 871,2282 875,2282 875,2282 875,2278 876,2277 881,2277 881,2277 881,2272 882,2271 896,2271 896,2271 896,2267 897,2266 944,2266 944,2266 944,2215 945,2214 3657,2214 3657,2215 3657,2219 3658,2219 3662,2219 3662,2220 3662,2250 3663,2250 3856,2250 3856,2251 3856,2271 3857,2271 3877,2271 3877,2272 3877,2329 3877,2329 3873,2329 3872,2330 3872,2334 3872,2334 3868,2334 3867,2335 3867,2340 3867,2340 3863,2340 3862,2341 3862,2345 3862,2345 3401,2345 3400,2345 3400,2341 3400,2340 2330,2340 2329,2341 2329,2376 2329,2376"/><TextEquiv index="1"><Unicode>ches du luxe.... Quelle manie! Il ſant</Unicode></TextEquiv></TextLine><TextLine id="r0_l010"><Coords points="866,2467 3873,2467 3873,2603 866,2603"/><TextEquiv index="1"><Unicode>n'avoir autre chose dans la tête. Voilà</Unicode></TextEquiv></TextLine><TextLine id="r0_l011"><Coords points="21,2603 199,2603 199,2844 21,2844"/><TextEquiv index="1"><Unicode></Unicode></TextEquiv></TextLine><TextLine id="r0_l012"><Coords points="866,2713 3868,2713 3868,2897 866,2897"/><TextEquiv index="1"><Unicode>une succession qui va de beaucoup aug-</Unicode></TextEquiv></TextLine><TextLine id="r0_l013"><Coords points="866,2965 3868,2965 3868,3149 866,3149"/><TextEquiv index="1"><Unicode>menter sa fortune: en sera - t - il plus</Unicode></TextEquiv></TextLine><TextLine id="r0_l014"><Coords points="861,3217 3868,3217 3868,3385 861,3385"/><TextEquiv index="1"><Unicode>heureux? Et ma sœur, ma malheureuse</Unicode></TextEquiv></TextLine><TextLine id="r0_l015"><Coords points="855,3469 3868,3469 3868,3647 855,3647"/><TextEquiv index="1"><Unicode>sœur!... Mon ami, je ne puis vous dire</Unicode></TextEquiv></TextLine><TextLine id="r0_l016"><Coords points="850,3726 3863,3726 3863,3905 850,3905"/><TextEquiv index="1"><Unicode>tout l'intérêt qu'elle m'inspire. Je lui</Unicode></TextEquiv></TextLine><TextLine id="r0_l017"><Coords points="21,3812 226,3812 226,4045 21,4045"/><TextEquiv index="1"><Unicode></Unicode></TextEquiv></TextLine><TextLine id="r0_l018"><Coords points="855,3973 3863,3973 3863,4156 855,4156"/><TextEquiv index="1"><Unicode>voudrais en honneur quelquefois moins</Unicode></TextEquiv></TextLine><TextLine id="r0_l019"><Coords points="850,4225 1511,4225 1511,4351 850,4351"/><TextEquiv index="1"><Unicode>de vertu.</Unicode></TextEquiv></TextLine><TextLine id="r0_l020"><Coords points="1023,4471 3863,4471 3863,4645 1023,4645"/><TextEquiv index="1"><Unicode>Adieu, mon ami; continuez à vous</Unicode></TextEquiv></TextLine><TextLine id="r0_l021"><Coords points="850,4718 3863,4718 3863,4902 850,4902"/><TextEquiv index="1"><Unicode>bien porter, et mandez-moi si vous êtes</Unicode></TextEquiv></TextLine><TextLine id="r0_l022"><Coords points="855,4965 3857,4965 3857,5138 855,5138"/><TextEquiv index="1"><Unicode>toujours content de la terre que vous</Unicode></TextEquiv></TextLine><TextLine id="r0_l023"><Coords points="47,5052 194,5052 194,5259 47,5259"/><TextEquiv index="1"><Unicode></Unicode></TextEquiv></TextLine><TextLine id="r0_l024"><Coords points="850,5206 3852,5206 3852,5384 850,5384"/><TextEquiv index="1"><Unicode>avez achetée. Aimez-moi, et croyez à</Unicode></TextEquiv></TextLine><TextLine id="r0_l025"><Coords points="52,5296 252,5296 252,5483 52,5483"/><TextEquiv index="1"><Unicode></Unicode></TextEquiv></TextLine><TextLine id="r0_l026"><Coords points="850,5453 3852,5453 3852,5589 850,5589"/><TextEquiv index="1"><Unicode>l'inviolable attachement de votre affec-</Unicode></TextEquiv></TextLine><TextLine id="r0_l027"><Coords points="855,5710 1664,5710 1664,5846 855,5846"/><TextEquiv index="1"><Unicode>tionné ami</Unicode></TextEquiv></TextLine><TextLine id="r0_l028"><Coords points="261,5982 260,5982 260,5978 260,5977 254,5977 251,5975 251,5957 251,5956 163,5956 162,5956 162,5951 162,5950 130,5950 129,5950 129,5946 129,5945 73,5945 72,5945 72,5941 72,5940 40,5940 39,5940 39,5932 38,5930 15,5930 13,5929 13,5926 12,5925 12,5835 13,5834 13,5831 15,5829 72,5829 72,5829 72,5828 73,5827 156,5827 156,5827 156,5783 157,5782 167,5782 167,5782 167,5771 168,5770 170,5770 171,5769 173,5769 174,5768 177,5768 177,5769 177,5793 178,5793 204,5793 204,5794 204,5798 205,5798 256,5798 256,5799 256,5914 257,5914 261,5914 261,5915 261,5950 262,5950 267,5950 267,5951 267,5982 267,5982"/><TextEquiv index="1"><Unicode></Unicode></TextEquiv></TextLine><TextLine id="r0_l029"><Coords points="206,6071 205,6071 205,6051 205,6050 168,6050 167,6051 167,6055 167,6055 164,6055 163,6056 163,6066 163,6066 79,6066 78,6066 78,6061 78,6060 73,6060 72,6060 72,6046 72,6045 68,6045 67,6045 67,5983 68,5982 70,5982 70,5982 70,5971 71,5970 72,5970 72,5970 72,5949 73,5948 73,5949 73,5952 74,5952 79,5952 79,5953 79,5956 80,5957 80,5959 81,5959 163,5959 163,5960 163,5961 164,5961 209,5961 209,5962 209,5975 210,5975 252,5975 253,5977 253,6003 254,6003 256,6003 256,6004 256,6008 256,6008 210,6008 209,6009 209,6071 209,6071"/><TextEquiv index="1"><Unicode></Unicode></TextEquiv></TextLine><TextLine id="r0_l030"><Coords points="2787,5962 3847,5962 3847,6093 2787,6093"/><TextEquiv index="1"><Unicode>Darcr.</Unicode></TextEquiv></TextLine><TextLine id="r0_l031"><Coords points="35,6072 210,6072 210,6150 35,6150"/><TextEquiv index="1"><Unicode></Unicode></TextEquiv></TextLine><TextLine id="r0_l032"><Coords points="79,6276 78,6276 78,6261 78,6260 9,6260 6,6257 1,6257 1,6257 1,6160 1,6159 78,6159 78,6159 78,6150 79,6149 264,6149 264,6149 264,6130 265,6129 265,6124 266,6123 266,6119 267,6118 267,6119 267,6207 268,6207 272,6207 272,6208 272,6228 272,6228 268,6228 267,6229 267,6234 267,6234 215,6234 214,6235 214,6249 214,6249 210,6249 209,6250 209,6260 209,6260 173,6260 172,6261 172,6276 172,6276"/><TextEquiv index="1"><Unicode></Unicode></TextEquiv></TextLine><TextLine id="r0_l033"><Coords points="215,6869 214,6869 214,6858 214,6857 193,6857 189,6854 189,6853 189,6852 188,6852 175,6839 174,6839 172,6838 172,6817 172,6816 146,6816 145,6816 145,6812 144,6811 144,6786 144,6785 94,6785 93,6785 93,6765 93,6764 89,6764 88,6764 88,6728 88,6727 31,6727 30,6727 30,6723 30,6722 21,6722 20,6723 20,6815 20,6815 13,6815 12,6815 12,6814 11,6813 11,6811 10,6810 10,6806 9,6805 9,6801 10,6800 15,6800 15,6800 15,6712 16,6711 28,6711 28,6711 28,6708 29,6707 230,6707 230,6708 230,6785 231,6785 235,6785 235,6786 235,6806 235,6806 231,6806 230,6807 230,6827 230,6827 221,6827 220,6828 220,6863 219,6864 219,6869 219,6869"/><TextEquiv index="1"><Unicode></Unicode></TextEquiv></TextLine><TextLine id="r0_l034"><Coords points="13,6581 231,6581 231,6708 13,6708"/><TextEquiv index="1"><Unicode></Unicode></TextEquiv></TextLine><TextLine id="r0_l035"><Coords points="36,6943 34,6942 34,6938 33,6937 33,6936 33,6935 31,6935 30,6935 30,6826 30,6825 16,6825 15,6825 15,6817 15,6816 16,6815 20,6815 21,6816 36,6816 36,6817 36,6838 37,6838 173,6838 174,6839 175,6839 177,6842 177,6842 37,6842 36,6843 36,6853 37,6853 177,6853 177,6853 177,6843 178,6842 193,6858 193,6884 194,6884 217,6884 217,6885 216,6886 216,6890 216,6890 37,6890 36,6891 36,6895 37,6895 104,6895 104,6896 104,6921 103,6922 103,6926 103,6926 42,6926 41,6927 41,6943 41,6943"/><TextEquiv index="1"><Unicode></Unicode></TextEquiv></TextLine><TextLine id="r0_l036"><Coords points="184,7130 183,7130 183,7117 183,7116 103,7116 102,7115 37,7115 36,7115 36,7095 36,7094 24,7094 23,7093 21,7093 20,7093 20,7080 21,7079 30,7079 30,7079 30,6975 31,6974 35,6974 35,6974 35,6963 36,6962 36,6959 37,6958 93,6958 93,6958 93,6927 94,6926 94,6927 94,6932 95,6932 104,6932 104,6933 104,6958 105,6959 105,6968 106,6968 120,6968 120,6969 120,7005 121,7005 151,7005 151,7006 151,7021 152,7021 188,7021 188,7022 188,7026 189,7026 230,7026 230,7027 230,7031 231,7031 235,7031 235,7032 235,7110 235,7110 189,7110 188,7111 188,7130 188,7130"/><TextEquiv index="1"><Unicode></Unicode></TextEquiv></TextLine><TextLine id="r0_l037"><Coords points="5,7284 4,7284 4,7279 5,7278 5,7263 6,7262 9,7262 9,7262 9,7156 10,7155 15,7155 16,7154 20,7154 20,7154 20,7153 21,7152 38,7152 38,7152 38,7116 39,7115 102,7115 103,7116 104,7116 104,7117 104,7136 105,7136 146,7136 146,7137 146,7163 147,7163 154,7163 154,7164 154,7220 154,7220 149,7220 148,7220 148,7219 147,7218 147,7217 145,7215 145,7206 145,7205 121,7205 120,7205 120,7185 120,7184 94,7184 93,7184 93,7164 93,7163 21,7163 20,7163 20,7158 20,7157 16,7157 15,7158 15,7284 15,7284"/><TextEquiv index="1"><Unicode></Unicode></TextEquiv></TextLine><TextLine id="r0_l038"><Coords points="231,7528 230,7527 204,7527 203,7526 194,7526 193,7526 193,7505 193,7504 47,7504 46,7505 46,7516 46,7516 42,7516 41,7516 41,7515 41,7514 16,7514 15,7514 15,7510 15,7509 10,7509 9,7509 9,7390 10,7389 15,7389 16,7388 35,7388 35,7388 35,7300 36,7299 41,7299 41,7300 41,7315 42,7315 46,7315 46,7316 46,7336 47,7336 219,7336 219,7336 219,7314 220,7313 272,7313 273,7312 288,7312 288,7313 288,7433 289,7433 293,7433 293,7434 293,7493 293,7493 292,7493 292,7442 292,7441 241,7441 240,7442 240,7528 240,7528"/><TextEquiv index="1"><Unicode></Unicode></TextEquiv></TextLine><TextLine id="r0_l039"><Coords points="294,7871 293,7871 293,7867 293,7866 289,7866 288,7866 288,7856 288,7855 236,7855 235,7855 235,7846 235,7845 215,7845 214,7845 214,7841 214,7840 157,7840 156,7840 156,7835 156,7834 142,7834 141,7834 141,7830 141,7829 126,7829 125,7829 125,7825 125,7824 105,7824 104,7824 104,7820 104,7819 94,7819 93,7819 93,7814 93,7813 47,7813 46,7813 46,7809 46,7808 42,7808 41,7808 41,7804 41,7803 37,7803 36,7803 36,7799 36,7798 31,7798 30,7798 30,7793 30,7792 26,7792 25,7792 25,7788 25,7787 1,7787 1,7787 1,7781 1,7780 9,7780 9,7780 9,7517 10,7516 46,7516 46,7517 46,7523 47,7523 51,7523 51,7524 51,7598 52,7598 291,7598 291,7598 291,7594 292,7593 293,7593 293,7594 293,7598 294,7598 298,7598 298,7599 298,7693 299,7693 303,7693 303,7694 303,7756 304,7756 309,7756 309,7757 309,7869 310,7869 311,7869 312,7870 314,7870 314,7871 314,7871"/><TextEquiv index="1"><Unicode></Unicode></TextEquiv></TextLine><TextLine id="r0_l040"><Coords points="3805,7841 4125,7841 4125,8058 3805,8058"/><TextEquiv index="1"><Unicode></Unicode></TextEquiv></TextLine></TextRegion></Page></PcGts>