4266 8161
727 1645 2576 1721 E LL
149 1968 3183 2141 Er ilie d'AARincone
239 2264 3082 2412 à SoPiee BEBero.
89 2921 3203 3102 Je suis déterminée, mon amie, à aller
159 3165 3199 3363 passer quelque temps avec toi. Ta posi-
159 3432 3209 3624 tion m'afflige; je vois que tu as besoin
96 3682 3215 3868 d'une amie qui t'aide à supporter tous
96 3932 3204 4118 les sacrifices que tu es obligée de faire.
340 4192 3204 4368 Ma mère, qui se porte très - bien,
101 4437 3204 4623 consent à me laisser aller près de toi.
106 4681 3215 4867 Je verrai enfin l'objet qui a su trouver
106 4926 3220 5101 le chemin de ton cœur. Le destin vous
106 5181 3215 5361 sera-t-il toujours contraire? Ne rece-
112 5446 3215 5632 vrez-vous jamais le prix d'autant de cou-
112 5696 3209 5887 rage? Il n'est pas consolant pour l'hu-
181 5951 3204 6153 manité de voir le crime prospérer, pen-
117 6195 3209 6419 dant que la vertu languit sous le joug
