4266 8076
2365 830 2816 1009 t.
1077 1119 4088 1308 rigoureux des circonstances. J'ai reçu
1077 1371 4067 1513 une lettre de ma malheureuse sœur.....
1072 1624 4083 1797 elle a renouvelé toutes les plaies de mon
1061 1871 4083 2012 cœur. J'ai cru devoir la cacher à ma
1061 2123 4109 2307 mère; son grand âge ne lui permettrait
1056 2375 4078 2554 pas de supporter les aveux humilians
1051 2617 4072 2806 qu'elle renferme.... Hélas! je lui par-
1046 2869 4067 3048 donne les maux qu'elle m'a faits; l'in-
1050 3120 4066 3299 fortunée les a pavés trop cher, et les
1040 3373 4062 3557 malheurs dont elle a été la victime,
1040 3626 4067 3804 ne m'ont que trop vengée des maux
1035 3867 4046 4051 qu'elle m'a faits. Je t'envoie cette lettre;
1035 4125 4051 4303 tu verras ce que c'est que de s'abandon-
1035 4377 3069 4514 ner à de mauvais conseils.
1203 4634 4041 4813 Notre vieille gouvernante, madame
1035 4876 4046 5055 Gontier, est presque la cause de tous
1030 5128 4188 5312 nos chagrins: d'ailleurs, tu verras par
1030 5381 4030 5565 toi-même de quoi cette femme était ca-
1030 5633 1466 5806 pable.
1209 5885 4030 6058 Adieu, ma chère amie: dans huit
1040 6137 4014 6321 jours j'espère t'embrasser. En attendant,
