4266 8222
1483 958 1949 1140 a
198 1247 3266 1435 d'autres, m'étaient si souvent répétés,
202 1498 3270 1685 qu'à la fin, je fus assez hardie pour vous
203 1745 2634 1938 croire de trop dans la famille.
385 2002 3276 2200 Le penchant que j'avais à la hauteur
214 2259 3282 2452 et à l'indépendance, ne faisait que croî-
214 2516 3287 2714 tre par les conseils de cette perfide, qui
214 2773 3287 2955 ne cessait de me dire qu'un mariage
84 3019 3282 3207 fait avec un homme de mon rang,
230 3271 3287 3464 serait pour moi un joug affreux; que
230 3528 3282 3721 lorsqu'une femme pouvait faire la for-
230 3780 3287 3967 tune d'un mari qui, bien né, était au-
230 4042 3292 4224 dessous d'elle, elle pouvait toujours com-
241 4293 3298 4486 mander, et qu'il se trouvait trop heu-
246 4556 3298 4695 reux de faire sa volonté. Vous devez
230 4807 3298 4995 imaginer, ma sœur, combien cette idée
236 5070 2746 5257 devait flatter mes esprits altiers.
423 5332 3303 5514 Je ne vous voyais pas croître en grâces
246 5589 3308 5771 et en talens, sans éprouver un déplaisir
241 5846 3314 6033 mortel: la jalousie s'était emparée de
246 6108 3314 6290 mon cœur; et vous n'avez point oublié
252 6371 3330 6553 sans doute combien je vous rendis vic-
187 8035 439 8220 L
