4266 7972
1645 846 2092 1043 e
374 1142 3353 1324 haute des sottises, et qu'un mariage
369 1391 3353 1578 inégal, qu'elle me ſerait contracter avec
363 1635 3343 1827 son parent, la mettrait dans l'opulonce,
358 1895 1936 2076 ainsi que sa famille.
524 2133 3338 2331 Voilà ses prétentions, lorsque la ja-
358 2398 3338 2596 lousie que je nourrissais dans mon
42 2652 3332 2829 cœur contre vous, vint déranger tous
44 2902 3332 3083 projets. Je m'aperçus que Monrose vous
45 3151 3317 3332 aimait, et que vous-même le regardiez
35 3399 3311 3586 avec intérêt: quoiqu'il me fût réelle-
326 3648 3311 3830 ment indifférent, mon amour-propre se
327 3898 3306 4080 trouva très-blessé de la préférence qu'il
21 4147 3301 4329 osait vous donner sur moi. J'en parlai
317 4402 3291 4537 à madame Gontier avec toute l'amertume
10 4651 3291 4845 d'un cœur offensé. Elle voulut combat-
306 4890 3421 5071 tre le sentiment qui m'animait. J'entre
10 5139 3270 5326 en fureur; et la crainte de perdre son
291 5393 3270 5570 empire et ma confiance, la ramena bien
290 5641 3259 5833 vîte à approuver ce qui se passait en
280 5897 3260 6078 moi. Elle alla jusqu'à flatter mon sot
280 6146 3255 6327 orgueil, me promit de vous parler avec
3695 7678 4136 7822 l
