4266 8007
2219 917 2673 1094 S.
932 1192 3953 1380 sévérité, et d'employer tous les moyens
932 1452 3943 1635 ui seraient en son pouvoir pour vous
927 1709 3944 1886 empêcher d'être heureuse, puisque votre
922 1959 2933 2136 bonheur m'était à charge.
1098 2197 4259 2375 Effectivement, nous ne négligeâmes
927 2454 3944 2636 rien l'une et l'autre pour affliger votre
927 2688 3949 2839 cœur sur ses sentimens naissans. Mon-
922 2964 3933 3141 rose vous demanda en mariage: vous
912 3220 3944 3407 lui fûtes promise, et aussi-tôt après mon
943 3470 3730 3647 établissement il devait vous épouser.
1109 3719 3932 3901 L'année qui suivit cette époque ne
917 3965 3933 4147 fut remplie pour vous et pour votre in-
917 4215 3928 4397 fortuné amant, que de peines et de cha-
933 4465 3928 4647 grins de tous les genres, que je me plai-
922 4715 4209 4892 sais à vous faire essuyer. J'eus même
927 4970 3912 5152 avec lui plusieurs explications très-vives,
922 5220 3918 5402 où je lui dis, que tant que je serais au
927 5470 3907 5647 monde, vous ne seriez pas sa ſemme.
1099 5715 4157 5897 La haine que j'avais conçue pour vous
922 5949 4157 6142 deux remplaçait dans mon cœur toutes
927 6199 4157 6397 les frénésios d'un amour dédaigné. Ma-
