4266 8051
3842 89 4146 183 -
2243 860 2694 1038 (se
916 1157 3956 1336 d'un mensonge, que je ne crus pas alors
932 1414 3956 1592 ue les choses iraient si loin. Je ne pré-
928 1656 3952 1840 voyais que des empêchemens ordinaires,
928 1908 3963 2107 et je n'aurais jamais pensé à des suites
933 2154 3957 2296 si funestes sans horreur. J'eus donc de
928 2416 3957 2600 fréquentes conversations avec ce mons-
686 2657 3962 2840 tre de Dumont, que je ne regardais pas
938 2904 3963 3035 d'un œil favorable. Mon cœur n'était
928 3161 3957 3344 pas disposé à l'amour: je ne le consi-
932 3411 3951 3595 dérais que comme une créature tui m'é-
933 3669 4104 3842 tait entièrement dévouée, et cela flat-
928 3926 3947 4109 tait mon caractère despote. Aussi astu-
943 4178 4240 4361 cieux que sa tante, et se conduisant par
943 4429 3947 4607 ses conseils, il se fut bientôt emparé de
928 4686 2443 4812 toute ma confiance.
1021 4926 4187 5115 l feignait un air de bonté qui me
923 5179 4188 5352 charmait, et sa docilité à mes moin-
943 5436 4188 5614 dres desirs, m'était un sûr garant de
943 5682 4188 5855 mon bonheur futur. Nous n'épargnâmes
907 5934 4183 6117 rien de ce qui pouvait altérer dans le
954 6175 4235 6323 cœur de Monrose l'amour qu'il avait
