4266 8141
1654 901 2099 1087 (s
376 1193 3408 1389 rer de ma personne, bien sûrs qu'un pa-
292 1458 3408 1659 reil forfait serait promptement assoupi,
371 1707 3397 1892 puisque je paraissais tremper dedans;
370 1960 3402 2140 que les biens de mes parens m'appar-
366 2215 3397 2396 tiendraient alors sans partage, et qu'une
371 2470 3403 2655 faiblesse pour Dumont à laquelle on
371 2724 3397 2910 espérait m'amener, rendrait notre union
366 2989 1145 3117 nécessaire.
546 3238 3392 3424 D'après ce projet infernal, on cher-
371 3498 3397 3684 cha les moyens de vous surprendre en-
376 3747 3397 3922 semble, et de faire deux victimes....
366 4002 3397 4171 Mais Monrose, l'inſortuné Monrose fut
371 4256 3397 4436 la seule que l'on sacrifia; et madame
366 4510 3397 4685 Gontier et Dumont m'enlevèrent, mal-
376 4760 3392 4950 gré qu'ils n'eussent pas tout-à-fait réussi.
371 5003 3397 5205 On en avait trop fait pour reculer; il n'y
366 5268 3392 5459 avait pas un moment à perdre pour ſuir,
371 5523 3408 5714 et je me trouvai exposée à toute la noir-
366 5767 3403 5952 ceur de ces deux scélérats, qui, outrés de
366 6026 3408 6222 n'avoir pu consommer leurs crimes, me
376 6260 3413 6461 firent éprouver les traitemens les plus ri-
392 6588 1023 6721 goureux.
