<PcGts xmlns="http://schema.primaresearch.org/PAGE/gts/pagecontent/2017-07-15" xmlns:xsi="http://www.w3.org/2001/XMLSchema-instance" xsi:schemaLocation="http://schema.primaresearch.org/PAGE/gts/pagecontent/2017-07-15 http://schema.primaresearch.org/PAGE/gts/pagecontent/2017-07-15/pagecontent.xsd"><Metadata><Creator>User123</Creator><Created>2020-10-13T09:34:13</Created><LastChange>2020-10-13T09:34:13</LastChange></Metadata><Page imageFilename="0041.png" imageHeight="7972" imageWidth="4266"><TextRegion id="r0" type="paragraph" orientation="-0.0"><Coords points="1,1 4264,1 4264,7970 1,7970"/><TextLine id="r0_l001"><Coords points="218,119 426,119 426,213 218,213"/><TextEquiv index="1"><Unicode>--</Unicode></TextEquiv></TextLine><TextLine id="r0_l002"><Coords points="1682,882 2128,882 2128,1059 1682,1059"/><TextEquiv index="1"><Unicode>(</Unicode></TextEquiv></TextLine><TextLine id="r0_l003"><Coords points="410,1142 3374,1142 3374,1324 410,1324"/><TextEquiv index="1"><Unicode>des larmes que je versais. Dur comme</Unicode></TextEquiv></TextLine><TextLine id="r0_l004"><Coords points="405,1396 3364,1396 3364,1573 405,1573"/><TextEquiv index="1"><Unicode>tous les libertins, il ne pouvait croire</Unicode></TextEquiv></TextLine><TextLine id="r0_l005"><Coords points="400,1645 3353,1645 3353,1812 400,1812"/><TextEquiv index="1"><Unicode>ni à mes vertus, ni à mes remords:</Unicode></TextEquiv></TextLine><TextLine id="r0_l006"><Coords points="394,1889 3369,1889 3369,2071 394,2071"/><TextEquiv index="1"><Unicode>je fus obligée de passer plusieurs années</Unicode></TextEquiv></TextLine><TextLine id="r0_l007"><Coords points="394,2139 3353,2139 3353,2315 394,2315"/><TextEquiv index="1"><Unicode>dans cette fatale position: j'étais conti-</Unicode></TextEquiv></TextLine><TextLine id="r0_l008"><Coords points="389,2388 3348,2388 3348,2512 389,2512"/><TextEquiv index="1"><Unicode>nuellement livrée à la honte et aux ro-</Unicode></TextEquiv></TextLine><TextLine id="r0_l009"><Coords points="389,2632 3348,2632 3348,2808 389,2808"/><TextEquiv index="1"><Unicode>grets. Madame Gontier mourut (on</Unicode></TextEquiv></TextLine><TextLine id="r0_l010"><Coords points="379,2844 3343,2844 3343,3062 379,3062"/><TextEquiv index="1"><Unicode>l'avait fait passer pour ma mèie); je</Unicode></TextEquiv></TextLine><TextLine id="r0_l011"><Coords points="379,3120 3338,3120 3338,3306 379,3306"/><TextEquiv index="1"><Unicode>crus alors qu'il me serait ſacile de me</Unicode></TextEquiv></TextLine><TextLine id="r0_l012"><Coords points="379,3372 3338,3372 3338,3556 379,3556"/><TextEquiv index="1"><Unicode>soustraire à Dumont, mais je m'étais</Unicode></TextEquiv></TextLine><TextLine id="r0_l013"><Coords points="374,3623 3332,3623 3332,3800 374,3800"/><TextEquiv index="1"><Unicode>trompée; il était encore plus rigide que</Unicode></TextEquiv></TextLine><TextLine id="r0_l014"><Coords points="374,3872 3322,3872 3322,4012 374,4012"/><TextEquiv index="1"><Unicode>sa tante. Il se lassa enfin de me sur-</Unicode></TextEquiv></TextLine><TextLine id="r0_l015"><Coords points="369,4116 3327,4116 3327,4293 369,4293"/><TextEquiv index="1"><Unicode>veiller, et un jour il s'enfuit, et me</Unicode></TextEquiv></TextLine><TextLine id="r0_l016"><Coords points="369,4360 3322,4360 3322,4547 369,4547"/><TextEquiv index="1"><Unicode>laissa avec le peu de hardes que je por-</Unicode></TextEquiv></TextLine><TextLine id="r0_l017"><Coords points="374,4609 3322,4609 3322,4796 374,4796"/><TextEquiv index="1"><Unicode>tais sur moi: je me trouvai dépouillée de</Unicode></TextEquiv></TextLine><TextLine id="r0_l018"><Coords points="353,4858 3317,4858 3317,5040 353,5040"/><TextEquiv index="1"><Unicode>tout; j'en rendis graces au ciel: je me</Unicode></TextEquiv></TextLine><TextLine id="r0_l019"><Coords points="353,5102 3467,5102 3467,5284 353,5284"/><TextEquiv index="1"><Unicode>voyais libre de pouvoir renoncer à l'in-</Unicode></TextEquiv></TextLine><TextLine id="r0_l020"><Coords points="348,5352 3467,5352 3467,5533 348,5533"/><TextEquiv index="1"><Unicode>famie dans laquelle on m'avait forcée</Unicode></TextEquiv></TextLine><TextLine id="r0_l021"><Coords points="348,5590 3312,5590 3312,5782 348,5782"/><TextEquiv index="1"><Unicode>de vivre. Je fus me jeter aux pieds de</Unicode></TextEquiv></TextLine><TextLine id="r0_l022"><Coords points="348,5839 1396,5839 1396,5985 348,5985"/><TextEquiv index="1"><Unicode>madame de..</Unicode></TextEquiv></TextLine><TextLine id="r0_l023"><Coords points="1474,5855 3312,5855 3312,6031 1474,6031"/><TextEquiv index="1"><Unicode>,abbesse de ....; je</Unicode></TextEquiv></TextLine><TextLine id="r0_l024"><Coords points="348,6083 3306,6083 3306,6275 348,6275"/><TextEquiv index="1"><Unicode>lui conſiai mes malheurs, et la priai</Unicode></TextEquiv></TextLine><TextLine id="r0_l025"><Coords points="4118,7728 4117,7727 4090,7727 4089,7727 4089,7725 4090,7724 4093,7724 4095,7722 4103,7722 4104,7721 4109,7721 4109,7721 4109,7718 4110,7717 4110,7713 4111,7712 4115,7712 4115,7712 4115,7675 4115,7674 3959,7674 3954,7670 3954,7662 3955,7661 3955,7657 3956,7656 3956,7653 3957,7652 3957,7650 3958,7649 3958,7647 3959,7646 4115,7646 4115,7646 4115,7641 4116,7640 4126,7640 4126,7640 4126,7630 4127,7629 4183,7629 4183,7629 4183,7609 4184,7608 4196,7608 4196,7609 4196,7614 4197,7614 4198,7614 4198,7615 4198,7665 4199,7665 4260,7665 4261,7666 4263,7666 4263,7667 4263,7681 4263,7681 4256,7681 4255,7682 4255,7686 4255,7686 4225,7686 4224,7687 4224,7691 4224,7691 4215,7691 4214,7692 4214,7697 4214,7697 4210,7697 4209,7698 4209,7702 4209,7702 4184,7702 4183,7703 4183,7707 4183,7707 4173,7707 4172,7708 4172,7712 4172,7712 4137,7712 4136,7713 4136,7717 4136,7717 4121,7717 4120,7718 4120,7728 4120,7728"/><TextEquiv index="1"><Unicode></Unicode></TextEquiv></TextLine><TextLine id="r0_l026"><Coords points="3170,7800 3026,7800 3025,7800 3025,7796 3026,7795 3160,7795 3160,7795 3160,7671 3161,7670 3955,7670 3959,7675 3959,7681 3960,7682 3960,7727 3961,7727 4117,7727 4117,7728 4117,7728 4116,7728 4115,7729 4115,7733 4115,7733 4109,7733 4108,7734 4108,7738 4108,7738 4080,7738 4079,7739 4079,7743 4079,7743 4064,7743 4063,7744 4063,7749 4063,7749 4054,7749 4053,7750 4053,7754 4053,7754 4038,7754 4037,7755 4037,7759 4037,7759 4033,7759 4032,7760 4032,7764 4032,7764 4028,7764 4027,7765 4027,7769 4027,7769 4012,7769 4011,7770 4011,7775 4011,7775 3997,7775 3996,7776 3996,7780 3996,7780 3981,7780 3980,7781 3980,7785 3980,7785 3966,7785 3965,7786 3965,7790 3965,7790 3566,7790 3565,7791 3565,7793 3566,7793 3652,7793 3654,7795 3819,7795 3819,7796 3819,7800 3820,7800 3861,7800 3861,7801 3861,7806 3861,7806 3278,7806 3277,7807"/><TextEquiv index="1"><Unicode>-----</Unicode></TextEquiv></TextLine><TextLine id="r0_l027"><Coords points="125,7750 457,7750 457,7970 125,7970"/><TextEquiv index="1"><Unicode></Unicode></TextEquiv></TextLine></TextRegion></Page></PcGts>