4266 8080
3835 110 4139 189 -
2267 842 2709 1026 (o
1352 1573 3656 1710 LETTRE LIII.
962 1998 3992 2140 rcr u Conte De Belle-
2157 2320 2815 2410 ville.
972 2598 1146 2713 L
972 2651 3987 2840 'st dans le plus grand accablement,
957 2903 3987 3087 mon ami, que je prends la plume pour
958 3162 3993 3341 vous écrire. Les malheurs qui nous sont
952 3414 3983 3588 arrivés, et dont mon infortunée soœur
958 3667 3983 3846 sera peut-être la victime, m'ont ôté jus-
947 3909 3972 4088 qu'à ce jour la faculté de mettre de l'ordre
947 4156 3972 4340 dans mes idées. Je vais tâcher de me rap-
972 4408 3971 4587 peler les faits, pour vous apprendre l'é-
947 4661 3967 4840 vénement fâcheux qui a eu lieu ... Vous
942 4924 3956 5103 savez que madame de Beauregard atten-
947 5172 3956 5303 dait une amie intime? elle est arrivée
931 5424 4182 5603 il y a huit jours. Ce moment ſut pour
936 5677 3946 5855 ma sœur le plus beau qu'elle ait eu de-
942 5919 4182 6103 puis long-temps. Madame d'Armincourt
931 6161 4188 6355 est d'un rare mérite; comme elle est rem-
