<PcGts xmlns="http://schema.primaresearch.org/PAGE/gts/pagecontent/2017-07-15" xmlns:xsi="http://www.w3.org/2001/XMLSchema-instance" xsi:schemaLocation="http://schema.primaresearch.org/PAGE/gts/pagecontent/2017-07-15 http://schema.primaresearch.org/PAGE/gts/pagecontent/2017-07-15/pagecontent.xsd"><Metadata><Creator>User123</Creator><Created>2020-10-13T09:34:02</Created><LastChange>2020-10-13T09:34:02</LastChange></Metadata><Page imageFilename="0046.png" imageHeight="8120" imageWidth="4266"><TextRegion id="r0" type="paragraph" orientation="-0.0"><Coords points="1,1 4264,1 4264,8118 1,8118"/><TextLine id="r0_l001"><Coords points="3886,122 4203,122 4203,211 3886,211"/><TextEquiv index="1"><Unicode>-</Unicode></TextEquiv></TextLine><TextLine id="r0_l002"><Coords points="2464,1157 2463,1157 2463,1153 2463,1152 2458,1152 2457,1152 2457,1126 2457,1125 2342,1125 2341,1125 2341,1121 2341,1120 2332,1120 2331,1120 2331,1116 2331,1115 2326,1115 2325,1115 2325,1105 2325,1104 2321,1104 2320,1104 2320,1100 2320,1099 2316,1099 2315,1099 2315,1084 2315,1083 2310,1083 2309,1083 2309,1052 2309,1051 2305,1051 2304,1051 2304,1039 2305,1038 2309,1038 2309,1038 2309,1005 2310,1004 2315,1004 2315,1004 2315,989 2316,988 2320,988 2320,988 2320,968 2321,967 2325,967 2325,967 2325,962 2326,961 2331,961 2331,961 2331,957 2332,956 2344,956 2344,956 2344,952 2345,951 2724,951 2724,952 2724,956 2725,956 2727,956 2727,957 2727,961 2728,961 2732,961 2732,962 2732,972 2733,972 2738,972 2738,973 2738,977 2739,977 2743,977 2743,978 2743,988 2744,988 2748,988 2748,989 2748,1014 2749,1014 2754,1014 2754,1015 2754,1051 2754,1051 2749,1051 2748,1052 2748,1083 2748,1083 2744,1083 2743,1084 2743,1099 2743,1099 2739,1099 2738,1100 2738,1104 2738,1104 2733,1104 2732,1105 2732,1115 2732,1115 2728,1115 2727,1116 2727,1120 2727,1120 2718,1120 2717,1121 2717,1125 2717,1125 2469,1125 2468,1126 2468,1157 2468,1157"/><TextEquiv index="1"><Unicode>(éa.</Unicode></TextEquiv></TextLine><TextLine id="r0_l003"><Coords points="2765,1416 2764,1416 2764,1389 2764,1388 1724,1388 1723,1388 1723,1375 1723,1374 1195,1374 1194,1374 1194,1253 1195,1252 1199,1252 1199,1252 1199,1248 1200,1247 2109,1247 2109,1247 2109,1242 2110,1241 2119,1241 2119,1241 2119,1237 2120,1236 2124,1236 2124,1237 2124,1241 2125,1241 2130,1241 2130,1242 2130,1247 2131,1247 2579,1247 2579,1248 2579,1268 2580,1268 3996,1268 3996,1268 3996,1258 3997,1257 4001,1257 4001,1257 4001,1253 4002,1252 4017,1252 4017,1253 4017,1273 4018,1273 4022,1273 4022,1274 4022,1310 4023,1310 4044,1310 4044,1311 4044,1363 4045,1363 4049,1363 4049,1364 4049,1367 4050,1367 4054,1367 4054,1368 4054,1374 4054,1374 4042,1374 4041,1375 4041,1379 4041,1379 4039,1379 4038,1379 4038,1375 4038,1374 2797,1374 2796,1375 2796,1379 2796,1379 2792,1379 2791,1380 2791,1395 2791,1395 2786,1395 2785,1396 2785,1405 2785,1405 2781,1405 2780,1406 2780,1411 2780,1411 2776,1411 2775,1412 2775,1416 2775,1416"/><TextEquiv index="1"><Unicode>Notre premier soin, au comte et à</Unicode></TextEquiv></TextLine><TextLine id="r0_l004"><Coords points="1364,1680 1363,1680 1363,1639 1363,1638 1015,1638 1014,1638 1014,1581 1014,1580 1010,1580 1009,1580 1009,1570 1010,1569 1014,1569 1014,1569 1014,1565 1015,1564 1067,1564 1067,1564 1067,1560 1068,1559 1263,1559 1263,1559 1263,1512 1264,1511 1273,1511 1273,1511 1273,1507 1274,1506 1855,1506 1855,1507 1855,1511 1856,1511 1871,1511 1871,1512 1871,1543 1872,1543 2341,1543 2341,1544 2341,1553 2342,1553 3251,1553 3251,1553 3251,1517 3252,1516 3256,1516 3256,1516 3256,1512 3257,1511 3785,1511 3785,1512 3785,1516 3786,1516 3790,1516 3790,1517 3790,1559 3791,1559 3959,1559 3959,1560 3959,1564 3960,1564 4054,1564 4054,1565 4054,1569 4055,1569 4059,1569 4059,1570 4059,1638 4059,1638 2098,1638 2097,1639 2097,1650 2097,1650 1391,1650 1390,1651 1390,1654 1390,1654 1385,1654 1384,1655 1384,1664 1384,1664 1380,1664 1379,1665 1379,1670 1379,1670 1375,1670 1374,1671 1374,1680 1374,1680"/><TextEquiv index="1"><Unicode>moi, fut de porter secours à ces deux</Unicode></TextEquiv></TextLine><TextLine id="r0_l005"><Coords points="1010,1766 4055,1766 4055,1946 1010,1946"/><TextEquiv index="1"><Unicode>malheureux. -- Henriette remplissait l'air</Unicode></TextEquiv></TextLine><TextLine id="r0_l006"><Coords points="1015,2014 4060,2014 4060,2189 1015,2189"/><TextEquiv index="1"><Unicode>de ses cris; mademoiselle d'Armincourt</Unicode></TextEquiv></TextLine><TextLine id="r0_l007"><Coords points="1010,2268 4045,2268 4045,2443 1010,2443"/><TextEquiv index="1"><Unicode>était tombée en ſaiblesse d'un autre côté,</Unicode></TextEquiv></TextLine><TextLine id="r0_l008"><Coords points="53,2538 190,2538 190,2739 53,2739"/><TextEquiv index="1"><Unicode></Unicode></TextEquiv></TextLine><TextLine id="r0_l009"><Coords points="2966,2695 2965,2695 2965,2691 2965,2690 2955,2690 2954,2690 2954,2657 2954,2656 2591,2656 2590,2656 2590,2644 2590,2643 1106,2643 1105,2644 1105,2648 1105,2648 1042,2648 1041,2648 1041,2644 1041,2643 1026,2643 1025,2643 1025,2638 1025,2637 1020,2637 1019,2637 1019,2633 1019,2632 1015,2632 1014,2632 1014,2622 1014,2621 1010,2621 1009,2621 1009,2596 1010,2595 1014,2595 1014,2595 1014,2591 1015,2590 1019,2590 1019,2590 1019,2580 1020,2579 1025,2579 1025,2579 1025,2575 1026,2574 1093,2574 1093,2574 1093,2554 1094,2553 1099,2553 1099,2553 1099,2548 1100,2547 1109,2547 1109,2548 1109,2558 1110,2558 1115,2558 1115,2559 1115,2563 1116,2563 2161,2563 2161,2563 2161,2517 2162,2516 3785,2516 3785,2517 3785,2563 3786,2563 4028,2563 4028,2564 4028,2569 4029,2569 4033,2569 4033,2570 4033,2621 4034,2621 4038,2621 4038,2622 4038,2653 4038,2653 4034,2653 4033,2654 4033,2669 4033,2669 4029,2669 4028,2670 4028,2680 4028,2680 4023,2680 4022,2681 4022,2690 4022,2690 3400,2690 3399,2691 3399,2695 3399,2695"/><TextEquiv index="1"><Unicode>et nous ne savions quel parti prendre;</Unicode></TextEquiv></TextLine><TextLine id="r0_l010"><Coords points="1005,2770 4039,2770 4039,2950 1005,2950"/><TextEquiv index="1"><Unicode>heureusement que l'arrivée des domesti-</Unicode></TextEquiv></TextLine><TextLine id="r0_l011"><Coords points="4002,3203 4001,3203 4001,3151 4001,3150 2020,3150 2019,3151 2019,3203 2019,3203 1977,3203 1976,3203 1976,3199 1976,3198 1369,3198 1368,3198 1368,3169 1368,3168 1057,3168 1056,3168 1056,3156 1056,3155 1052,3155 1051,3155 1051,3151 1051,3150 1020,3150 1019,3150 1019,3146 1019,3145 1015,3145 1014,3145 1014,3141 1014,3140 1010,3140 1009,3140 1009,3135 1009,3134 1005,3134 1004,3134 1004,3104 1005,3103 1009,3103 1009,3103 1009,3098 1010,3097 1014,3097 1014,3097 1014,3093 1015,3092 1019,3092 1019,3092 1019,3088 1020,3087 1030,3087 1030,3087 1030,3082 1031,3081 1067,3081 1067,3081 1067,3077 1068,3076 1553,3076 1553,3076 1553,3067 1554,3066 1559,3066 1559,3066 1559,3061 1560,3060 1670,3060 1670,3060 1670,3035 1671,3034 1675,3034 1675,3034 1675,3030 1676,3029 1680,3029 1680,3029 1680,3024 1681,3023 3811,3023 3811,3024 3811,3029 3812,3029 3816,3029 3816,3030 3816,3076 3817,3076 3948,3076 3948,3077 3948,3118 3949,3118 4017,3118 4017,3119 4017,3124 4018,3124 4028,3124 4028,3125 4028,3129 4029,3129 4033,3129 4033,3130 4033,3166 4033,3166 4029,3166 4028,3167 4028,3171 4028,3171 4023,3171 4022,3172 4022,3187 4022,3187 4018,3187 4017,3188 4017,3192 4017,3192 4013,3192 4012,3193 4012,3198 4012,3198 4009,3198 4007,3200 4007,3203 4007,3203"/><TextEquiv index="1"><Unicode>ques, attirés par le bruit de l'arme à feu,</Unicode></TextEquiv></TextLine><TextLine id="r0_l012"><Coords points="999,3283 4029,3283 4029,3468 999,3468"/><TextEquiv index="1"><Unicode>nous mit à portée de multiplier nos soins:</Unicode></TextEquiv></TextLine><TextLine id="r0_l013"><Coords points="1348,3726 1347,3726 1347,3680 1347,3679 1047,3679 1046,3679 1046,3675 1046,3674 1020,3674 1019,3674 1019,3669 1019,3668 1010,3668 1009,3668 1009,3664 1009,3663 1005,3663 1004,3663 1004,3653 1004,3652 999,3652 998,3652 998,3622 999,3621 1004,3621 1004,3621 1004,3616 1005,3615 1009,3615 1009,3615 1009,3611 1010,3610 1019,3610 1019,3610 1019,3606 1020,3605 1030,3605 1030,3605 1030,3601 1031,3600 1464,3600 1464,3600 1464,3574 1465,3573 1469,3573 1469,3573 1469,3558 1470,3557 1474,3557 1474,3557 1474,3553 1475,3552 1654,3552 1654,3552 1654,3548 1655,3547 1913,3547 1913,3548 1913,3552 1914,3552 2151,3552 2151,3553 2151,3578 2152,3578 2701,3578 2701,3579 2701,3584 2702,3584 2706,3584 2706,3585 2706,3594 2707,3594 4022,3594 4022,3595 4022,3600 4023,3600 4033,3600 4033,3601 4033,3642 4034,3642 4038,3642 4038,3643 4038,3658 4038,3658 4034,3658 4033,3659 4033,3668 4033,3668 4023,3668 4022,3669 4022,3674 4022,3674 3838,3674 3837,3675 3837,3689 3837,3689 3817,3689 3816,3689 3816,3686 3816,3685 2813,3685 2812,3686 2812,3695 2812,3695 2807,3695 2806,3696 2806,3700 2806,3700 2802,3700 2801,3701 2801,3705 2801,3705 2797,3705 2796,3706 2796,3716 2796,3716 2786,3716 2785,3716 2785,3712 2785,3711 2781,3711 2780,3711 2780,3675 2780,3674 2686,3674 2685,3674 2685,3669 2685,3668 2057,3668 2056,3669 2056,3674 2056,3674 1539,3674 1538,3675 1538,3679 1538,3679 1385,3679 1384,3680 1384,3721 1384,3721 1380,3721 1379,3722 1379,3726 1379,3726"/><TextEquiv index="1"><Unicode>occupés de l'événement, on ne ponsa pas</Unicode></TextEquiv></TextLine><TextLine id="r0_l014"><Coords points="999,3801 2776,3801 2776,3934 999,3934"/><TextEquiv index="1"><Unicode>à chercher les assassins.</Unicode></TextEquiv></TextLine><TextLine id="r0_l015"><Coords points="973,4045 4029,4045 4029,4192 973,4192"/><TextEquiv index="1"><Unicode>On tenta vainement de rappeler ma-</Unicode></TextEquiv></TextLine><TextLine id="r0_l016"><Coords points="52,3801 185,3801 185,4298 52,4298"/><TextEquiv index="1"><Unicode></Unicode></TextEquiv></TextLine><TextLine id="r0_l017"><Coords points="1010,4298 4214,4298 4214,4483 1010,4483"/><TextEquiv index="1"><Unicode>dame de Beauregard à la vie; elle fut</Unicode></TextEquiv></TextLine><TextLine id="r0_l018"><Coords points="994,4542 4018,4542 4018,4732 994,4732"/><TextEquiv index="1"><Unicode>plus de quatre heures sans connaissance:</Unicode></TextEquiv></TextLine><TextLine id="r0_l019"><Coords points="999,4801 4023,4801 4023,4986 999,4986"/><TextEquiv index="1"><Unicode>on fut obligé de la transporter ainsi dans</Unicode></TextEquiv></TextLine><TextLine id="r0_l020"><Coords points="3468,5202 3467,5202 3467,5192 3467,5191 2686,5191 2685,5191 2685,5187 2685,5186 1523,5186 1522,5187 1522,5195 1522,5195 1412,5195 1411,5195 1411,5181 1411,5180 1010,5180 1009,5180 1009,5176 1009,5175 999,5175 998,5175 998,5165 998,5164 994,5164 993,5164 993,5150 994,5149 998,5149 998,5149 998,5107 999,5106 1014,5106 1014,5106 1014,5102 1015,5101 1738,5101 1738,5101 1738,5091 1739,5090 1744,5090 1744,5090 1744,5086 1745,5085 2410,5085 2410,5085 2410,5081 2411,5080 2415,5080 2415,5080 2415,5076 2416,5075 2426,5075 2426,5075 2426,5070 2427,5069 2431,5069 2431,5069 2431,5065 2432,5064 2442,5064 2442,5064 2442,5060 2443,5059 2944,5059 2944,5060 2944,5064 2945,5064 2949,5064 2949,5065 2949,5069 2950,5069 3737,5069 3737,5069 3737,5065 3738,5064 3763,5064 3763,5065 3763,5069 3764,5069 3769,5069 3769,5070 3769,5117 3770,5117 3964,5117 3964,5118 3964,5122 3965,5122 3970,5122 3970,5123 3970,5143 3971,5143 4012,5143 4012,5144 4012,5149 4013,5149 4017,5149 4017,5150 4017,5159 4017,5159 4013,5159 4012,5160 4012,5164 4012,5164 3943,5164 3942,5165 3942,5184 3942,5184 3939,5184 3938,5185 3938,5186 3938,5186 3918,5186 3917,5187 3917,5191 3917,5191 3484,5191 3483,5192 3483,5201 3483,5201 3479,5201 3478,5202"/><TextEquiv index="1"><Unicode>son appartemtent. On avait envové chor-</Unicode></TextEquiv></TextLine><TextLine id="r0_l021"><Coords points="2131,5487 2130,5487 2130,5483 2130,5482 2120,5482 2119,5482 2119,5477 2119,5476 2115,5476 2114,5476 2114,5435 2114,5434 1967,5434 1966,5434 1966,5430 1966,5429 1697,5429 1696,5430 1696,5434 1696,5434 1676,5434 1675,5434 1675,5430 1675,5429 1396,5429 1395,5429 1395,5377 1395,5376 1285,5376 1284,5377 1284,5424 1284,5424 1147,5424 1146,5425 1146,5429 1146,5429 1015,5429 1014,5429 1014,5425 1014,5424 1005,5424 1004,5424 1004,5419 1004,5418 999,5418 998,5418 998,5414 998,5413 994,5413 993,5413 993,5377 994,5376 998,5376 998,5376 998,5372 999,5371 1004,5371 1004,5371 1004,5366 1005,5365 1009,5365 1009,5365 1009,5361 1010,5360 1019,5360 1019,5360 1019,5356 1020,5355 1072,5355 1072,5355 1072,5303 1073,5302 1099,5302 1099,5303 1099,5307 1100,5307 1104,5307 1104,5308 1104,5355 1105,5355 1553,5355 1553,5356 1553,5360 1554,5360 1559,5360 1559,5361 1559,5371 1560,5371 1664,5371 1664,5371 1664,5366 1665,5365 1675,5365 1675,5365 1675,5361 1676,5360 1728,5360 1728,5360 1728,5308 1729,5307 1855,5307 1855,5308 1855,5360 1856,5360 2087,5360 2087,5360 2087,5356 2088,5355 2098,5355 2098,5356 2098,5360 2099,5360 2214,5360 2214,5360 2214,5308 2215,5307 2230,5307 2230,5308 2230,5313 2231,5313 2235,5313 2235,5314 2235,5360 2236,5360 2405,5360 2405,5361 2405,5381 2406,5381 2410,5381 2410,5382 2410,5402 2411,5402 2595,5402 2595,5402 2595,5382 2596,5381 2600,5381 2600,5381 2600,5377 2601,5376 2606,5376 2606,5376 2606,5372 2607,5371 2611,5371 2611,5371 2611,5366 2612,5365 2680,5365 2680,5365 2680,5345 2681,5344 2780,5344 2780,5344 2780,5314 2781,5313 2812,5313 2812,5314 2812,5365 2813,5365 2886,5365 2886,5366 2886,5371 2887,5371 2997,5371 2997,5371 2997,5366 2998,5365 3055,5365 3055,5365 3055,5314 3056,5313 3081,5313 3081,5314 3081,5318 3082,5318 3087,5318 3087,5319 3087,5365 3088,5365 3393,5365 3393,5365 3393,5319 3394,5318 3399,5318 3399,5318 3399,5314 3400,5313 3478,5313 3478,5314 3478,5318 3479,5318 3483,5318 3483,5319 3483,5371 3484,5371 3594,5371 3594,5371 3594,5366 3595,5365 3637,5365 3637,5366 3637,5371 3638,5371 3642,5371 3642,5372 3642,5408 3643,5408 3795,5408 3795,5408 3795,5388 3796,5387 3800,5387 3800,5387 3800,5382 3801,5381 3806,5381 3806,5381 3806,5377 3807,5376 3811,5376 3811,5376 3811,5372 3812,5371 3848,5371 3848,5371 3848,5366 3849,5365 3943,5365 3943,5365 3943,5361 3944,5360 3954,5360 3954,5361 3954,5365 3955,5365 3991,5365 3991,5365 3991,5319 3992,5318 3996,5318 3996,5318 3996,5314 3997,5313 4012,5313 4012,5314 4012,5418 4013,5418 4022,5418 4022,5419 4022,5424 4023,5424 4028,5424 4028,5425 4028,5429 4028,5429 4023,5429 4022,5430 4022,5434 4022,5434 4002,5434 4001,5435 4001,5439 4001,5439 3865,5439 3864,5440 3864,5454 3864,5454 3849,5454 3848,5454 3848,5440 3848,5439 3717,5439 3716,5440 3716,5445 3716,5445 3712,5445 3711,5446 3711,5454 3711,5454 3701,5454 3700,5454 3700,5440 3700,5439 3685,5439 3684,5439 3684,5435 3684,5434 3553,5434 3552,5435 3552,5439 3552,5439 3526,5439 3525,5439 3525,5435 3525,5434 3347,5434 3346,5435 3346,5439 3346,5439 3262,5439 3261,5439 3261,5435 3261,5434 3014,5434 3013,5435 3013,5439 3013,5439 2992,5439 2991,5439 2991,5435 2991,5434 2696,5434 2695,5435 2695,5439 2695,5439 2686,5439 2685,5439 2685,5435 2685,5434 2511,5434 2510,5435 2510,5450 2510,5450 2506,5450 2505,5451 2505,5466 2505,5466 2501,5466 2500,5467 2500,5471 2500,5471 2495,5471 2494,5472 2494,5476 2494,5476 2490,5476 2489,5477 2489,5482 2489,5482 2485,5482 2484,5482 2484,5430 2484,5429 2347,5429 2346,5430 2346,5434 2346,5434 2337,5434 2336,5434 2336,5430 2336,5429 2231,5429 2230,5430 2230,5434 2230,5434 2199,5434 2198,5435 2198,5461 2198,5461 2194,5461 2193,5462 2193,5471 2193,5471 2189,5471 2188,5472 2188,5476 2188,5476 2184,5476 2183,5477 2183,5482 2183,5482 2152,5482 2151,5483 2151,5487 2151,5487"/><TextEquiv index="1"><Unicode>cher un chirurgien, et le chevalier, qui</Unicode></TextEquiv></TextLine><TextLine id="r0_l022"><Coords points="46,5511 45,5511 45,5483 46,5482 46,5472 47,5471 47,5467 48,5466 52,5466 52,5467 52,5471 53,5471 158,5471 158,5471 158,5456 158,5455 122,5455 121,5455 121,5446 121,5445 48,5445 47,5446 47,5455 47,5455 46,5455 46,5451 45,5450 45,5388 47,5386 48,5387 84,5387 84,5388 84,5392 85,5392 166,5392 166,5392 166,5381 166,5380 164,5380 163,5380 163,5377 163,5376 125,5376 124,5376 124,5371 123,5369 53,5369 52,5370 52,5376 52,5376 48,5376 47,5376 47,5361 46,5360 46,5356 45,5355 45,5351 46,5350 46,5345 47,5344 52,5344 52,5345 52,5350 53,5350 85,5350 85,5351 85,5365 86,5365 163,5365 163,5365 163,5348 164,5347 168,5347 168,5348 168,5371 169,5372 169,5373 168,5374 168,5380 167,5381 167,5387 168,5387 168,5387 168,5382 169,5381 169,5382 169,5387 170,5387 173,5387 173,5388 173,5413 173,5413 170,5413 169,5414 169,5429 169,5429 168,5429 167,5430 167,5434 167,5434 127,5434 126,5435 126,5444 127,5444 167,5444 168,5446 168,5450 169,5451 169,5466 168,5467 168,5471 168,5471 164,5471 163,5472 163,5476 163,5476 127,5476 126,5477 126,5503 127,5503 173,5503 173,5504 173,5510 173,5510 172,5510 172,5509 172,5508 53,5508 52,5509 52,5511 52,5511"/><TextEquiv index="1"><Unicode></Unicode></TextEquiv></TextLine><TextLine id="r0_l023"><Coords points="1,5794 1,5794 1,5789 1,5788 161,5788 161,5788 161,5787 159,5787 158,5786 116,5786 115,5786 115,5765 115,5764 94,5764 93,5764 93,5763 93,5762 47,5762 46,5762 46,5758 45,5757 45,5673 45,5672 41,5672 40,5672 41,5671 44,5671 44,5671 44,5668 45,5667 45,5657 46,5656 46,5591 47,5590 124,5590 124,5590 124,5588 125,5587 125,5573 126,5572 158,5572 158,5572 158,5488 159,5487 166,5487 166,5487 166,5483 167,5482 167,5483 167,5487 168,5488 168,5498 169,5499 169,5503 170,5504 170,5513 169,5514 169,5640 168,5641 168,5789 168,5789 5,5789 4,5790 4,5794 4,5794"/><TextEquiv index="1"><Unicode></Unicode></TextEquiv></TextLine><TextLine id="r0_l024"><Coords points="3844,5746 3843,5746 3843,5694 3843,5693 3701,5693 3700,5694 3700,5698 3700,5698 3611,5698 3610,5698 3610,5694 3610,5693 3452,5693 3451,5694 3451,5698 3451,5698 3447,5698 3446,5698 3446,5694 3446,5693 3357,5693 3356,5693 3356,5689 3356,5688 3246,5688 3245,5689 3245,5693 3245,5693 3183,5693 3182,5694 3182,5698 3182,5698 3172,5698 3171,5698 3171,5694 3171,5693 2834,5693 2833,5693 2833,5689 2833,5688 2829,5688 2828,5688 2828,5684 2828,5683 2723,5683 2722,5684 2722,5688 2722,5688 2712,5688 2711,5689 2711,5693 2711,5693 2702,5693 2701,5693 2701,5689 2701,5688 2242,5688 2241,5689 2241,5702 2241,5702 2240,5701 2226,5701 2225,5701 2225,5689 2225,5688 2194,5688 2193,5688 2193,5684 2193,5683 1650,5683 1649,5684 1649,5697 1649,5697 1634,5697 1633,5697 1633,5684 1633,5683 1158,5683 1157,5683 1157,5678 1157,5677 994,5677 993,5677 993,5604 994,5603 1093,5603 1093,5603 1093,5562 1094,5561 1099,5561 1099,5561 1099,5551 1100,5550 1115,5550 1115,5551 1115,5556 1116,5556 1125,5556 1125,5557 1125,5561 1126,5561 1130,5561 1130,5562 1130,5603 1131,5603 1241,5603 1241,5604 1241,5609 1242,5609 1405,5609 1405,5609 1405,5557 1406,5556 1421,5556 1421,5557 1421,5561 1422,5561 1427,5561 1427,5562 1427,5609 1428,5609 1458,5609 1458,5609 1458,5594 1459,5593 1464,5593 1464,5593 1464,5588 1465,5587 1474,5587 1474,5588 1474,5598 1475,5598 1580,5598 1580,5598 1580,5573 1581,5572 1585,5572 1585,5572 1585,5562 1586,5561 1596,5561 1596,5562 1596,5566 1597,5566 1601,5566 1601,5567 1601,5609 1602,5609 1945,5609 1945,5610 1945,5614 1946,5614 2040,5614 2040,5615 2040,5619 2041,5619 2087,5619 2087,5619 2087,5578 2088,5577 2093,5577 2093,5577 2093,5567 2094,5566 2098,5566 2098,5566 2098,5562 2099,5561 2103,5561 2103,5562 2103,5566 2104,5566 2109,5566 2109,5567 2109,5619 2110,5619 2193,5619 2193,5619 2193,5615 2194,5614 2230,5614 2230,5614 2230,5610 2231,5609 2241,5609 2241,5610 2241,5614 2242,5614 2341,5614 2341,5615 2341,5619 2342,5619 2494,5619 2494,5619 2494,5562 2495,5561 2521,5561 2521,5562 2521,5566 2522,5566 2526,5566 2526,5567 2526,5614 2527,5614 2722,5614 2722,5615 2722,5619 2723,5619 2849,5619 2849,5619 2849,5615 2850,5614 2865,5614 2865,5615 2865,5619 2866,5619 2875,5619 2875,5620 2875,5624 2876,5624 2991,5624 2991,5624 2991,5620 2992,5619 3177,5619 3177,5619 3177,5615 3178,5614 3187,5614 3187,5615 3187,5619 3188,5619 3192,5619 3192,5620 3192,5624 3193,5624 3372,5624 3372,5624 3372,5567 3373,5566 3399,5566 3399,5567 3399,5619 3400,5619 3494,5619 3494,5620 3494,5624 3495,5624 3615,5624 3615,5624 3615,5620 3616,5619 3709,5619 3709,5620 3709,5624 3710,5624 3885,5624 3885,5624 3885,5620 3886,5619 3901,5619 3901,5620 3901,5624 3902,5624 3906,5624 3906,5625 3906,5630 3907,5630 3911,5630 3911,5631 3911,5635 3912,5635 3917,5635 3917,5636 3917,5646 3918,5646 3922,5646 3922,5647 3922,5661 3923,5661 4007,5661 4007,5662 4007,5667 4008,5667 4012,5667 4012,5668 4012,5707 4012,5707 3997,5707 3996,5707 3996,5694 3996,5693 3870,5693 3869,5694 3869,5722 3845,5746"/><TextEquiv index="1"><Unicode>n'avait éprouvé que la secousse du conp,</Unicode></TextEquiv></TextLine><TextLine id="r0_l025"><Coords points="88,6095 87,6095 87,6054 87,6053 46,6053 45,6053 45,6044 44,6043 44,5826 44,5825 41,5825 37,5822 37,5821 38,5820 45,5820 45,5820 45,5816 46,5815 47,5815 47,5815 47,5811 48,5810 115,5810 115,5810 115,5809 115,5808 12,5808 11,5808 11,5806 10,5805 11,5804 13,5804 13,5804 13,5795 14,5794 115,5794 115,5794 115,5787 116,5786 121,5786 122,5787 161,5787 162,5788 167,5788 168,5790 168,5794 169,5795 169,5942 168,5943 168,6094 168,6094 167,6094 166,6095"/><TextEquiv index="1"><Unicode></Unicode></TextEquiv></TextLine><TextLine id="r0_l026"><Coords points="1840,5984 1839,5984 1839,5974 1840,5973 1844,5973 1844,5973 1844,5969 1845,5968 1849,5968 1849,5968 1849,5932 1849,5931 1290,5931 1289,5931 1289,5927 1289,5926 989,5926 988,5926 988,5863 988,5862 983,5862 982,5862 982,5853 983,5852 988,5852 988,5852 988,5848 989,5847 1522,5847 1522,5847 1522,5811 1523,5810 1532,5810 1532,5810 1532,5805 1533,5804 1543,5804 1543,5805 1543,5810 1544,5810 2241,5810 2241,5811 2241,5815 2242,5815 2621,5815 2621,5816 2621,5820 2622,5820 3927,5820 3927,5821 3927,5868 3928,5868 3996,5868 3996,5869 3996,5873 3997,5873 4007,5873 4007,5874 4007,5878 4008,5878 4012,5878 4012,5879 4012,5921 4012,5921 4008,5921 4007,5922 4007,5931 4007,5931 3997,5931 3996,5932 3996,5936 3996,5936 3986,5936 3985,5937 3985,5942 3985,5942 3764,5942 3763,5943 3763,5947 3763,5947 3394,5947 3393,5947 3393,5943 3393,5942 2485,5942 2484,5943 2484,5953 2484,5953 1872,5953 1871,5954 1871,5963 1871,5963 1866,5963 1865,5964 1865,5968 1865,5968 1861,5968 1860,5969 1860,5979 1860,5979 1856,5979 1855,5980 1855,5984 1855,5984"/><TextEquiv index="1"><Unicode>ne voulut jamais qu'on lui donnât le</Unicode></TextEquiv></TextLine><TextLine id="r0_l027"><Coords points="2437,6204 2436,6204 2436,6203 2436,6202 2268,6202 2267,6202 2267,6186 2267,6185 1829,6185 1828,6185 1828,6181 1828,6180 1565,6180 1564,6180 1564,6175 1564,6174 1338,6174 1337,6174 1337,6170 1337,6169 989,6169 988,6169 988,6165 988,6164 983,6164 982,6164 982,6159 983,6158 988,6158 988,6158 988,6096 989,6095 1236,6095 1236,6095 1236,6054 1237,6053 1241,6053 1241,6053 1241,6048 1242,6047 1252,6047 1252,6048 1252,6053 1253,6053 1442,6053 1442,6054 1442,6058 1443,6058 1448,6058 1448,6059 1448,6106 1449,6106 1712,6106 1712,6107 1712,6111 1713,6111 2183,6111 2183,6112 2183,6116 2184,6116 3515,6116 3515,6116 3515,6080 3516,6079 3520,6079 3520,6079 3520,6075 3521,6074 3684,6074 3684,6075 3684,6079 3685,6079 3688,6079 3688,6080 3688,6084 3689,6085 3689,6090 3690,6090 3695,6090 3695,6091 3695,6100 3696,6100 3700,6100 3700,6101 3700,6106 3701,6106 3763,6106 3763,6107 3763,6121 3764,6121 3928,6121 3928,6122 3928,6127 3929,6127 3959,6127 3959,6128 3959,6132 3960,6132 3964,6132 3964,6133 3964,6143 3965,6143 4007,6143 4007,6144 4007,6148 4008,6148 4012,6148 4012,6149 4012,6164 4012,6164 3965,6164 3964,6165 3964,6174 3964,6174 3955,6174 3954,6175 3954,6185 3954,6185 3944,6185 3943,6186 3943,6190 3943,6190 3936,6190 3935,6191 3935,6195 3935,6195 3764,6195 3763,6196 3763,6201 3763,6201 3754,6201 3753,6201 3753,6196 3753,6195 2458,6195 2457,6196 2457,6204 2457,6204"/><TextEquiv index="1"><Unicode>moindre secours, ue ma sœur n'eût re-</Unicode></TextEquiv></TextLine><TextLine id="r0_l028"><Coords points="158,6431 158,6409 158,6408 125,6408 124,6407 116,6407 115,6407 115,6403 115,6402 88,6402 87,6402 87,6398 87,6397 79,6397 78,6396 47,6396 46,6396 46,6393 45,6392 45,6389 44,6388 44,6329 44,6328 41,6328 40,6328 40,6326 41,6325 44,6325 44,6325 44,6167 45,6166 45,6079 47,6077 47,6075 48,6074 50,6074 51,6073 52,6075 52,6106 53,6106 168,6106 168,6107 168,6254 169,6255 169,6259 168,6260 168,6439 169,6440 169,6441 169,6441"/><TextEquiv index="1"><Unicode></Unicode></TextEquiv></TextLine><TextLine id="r0_l029"><Coords points="989,6302 4008,6302 4008,6461 989,6461"/><TextEquiv index="1"><Unicode>couvré ses sens. L'autorité de son père</Unicode></TextEquiv></TextLine><TextLine id="r0_l030"><Coords points="48,6517 47,6517 47,6514 47,6513 46,6513 45,6513 45,6498 45,6497 11,6497 10,6497 10,6493 11,6492 45,6492 45,6492 45,6466 44,6465 44,6440 44,6439 41,6439 40,6439 40,6424 41,6423 45,6423 45,6423 45,6419 46,6418 87,6418 87,6418 87,6413 88,6412 115,6412 115,6412 115,6408 116,6407 124,6407 125,6408 126,6408 126,6409 126,6431 127,6431 159,6431 169,6442 169,6470 168,6471 168,6486 165,6489 164,6489 163,6490 162,6490 161,6491 160,6491 159,6492 122,6492 121,6493 121,6504 121,6504 119,6504 118,6505 114,6505 113,6506 90,6506 89,6507 89,6513 89,6513 85,6513 84,6514 84,6517 84,6517"/><TextEquiv index="1"><Unicode></Unicode></TextEquiv></TextLine><TextLine id="r0_l031"><Coords points="74,6703 73,6703 73,6699 73,6698 43,6698 42,6698 42,6693 41,6692 41,6625 42,6624 44,6624 44,6624 44,6619 44,6618 41,6618 40,6618 40,6609 41,6608 44,6608 44,6608 44,6561 45,6560 45,6524 46,6523 46,6519 47,6518 110,6518 110,6518 110,6507 111,6506 113,6506 114,6505 118,6505 119,6504 158,6504 158,6504 158,6493 160,6491 161,6491 162,6490 163,6490 164,6489 165,6489 166,6488 168,6488 168,6489 168,6578 167,6579 167,6597 168,6598 168,6603 167,6604 167,6608 167,6608 164,6608 163,6609 163,6613 162,6614 162,6629 161,6630 161,6634 161,6634 122,6634 121,6635 121,6703 121,6703"/><TextEquiv index="1"><Unicode></Unicode></TextEquiv></TextLine><TextLine id="r0_l032"><Coords points="158,6836 153,6836 152,6835 111,6835 110,6834 74,6834 73,6834 73,6794 73,6793 41,6793 40,6793 40,6762 41,6761 41,6736 40,6735 40,6720 41,6719 41,6709 42,6708 42,6706 43,6705 73,6705 73,6705 73,6704 74,6703 121,6703 121,6704 121,6708 121,6708 120,6708 119,6709 119,6721 120,6721 161,6721 161,6722 161,6724 162,6724 163,6724 163,6725 163,6740 162,6741 162,6761 163,6761 179,6761 179,6762 179,6766 179,6766 164,6766 162,6768 162,6830 161,6831 161,6834 161,6834 160,6834 159,6835 159,6837 159,6837"/><TextEquiv index="1"><Unicode></Unicode></TextEquiv></TextLine><TextLine id="r0_l033"><Coords points="5,7078 4,7078 4,7069 5,7068 35,7068 35,7068 35,7042 36,7041 36,7016 37,7015 46,7015 46,7015 46,6995 47,6994 147,6994 147,6994 147,6947 148,6946 152,6946 153,6947 156,6947 157,6948 159,6948 159,6949 159,7004 158,7005 158,7041 157,7042 157,7052 157,7052 153,7052 152,7053 152,7076 152,7076 116,7076 115,7077 115,7078 115,7078"/><TextEquiv index="1"><Unicode></Unicode></TextEquiv></TextLine><TextLine id="r0_l034"><Coords points="148,7358 147,7358 147,7344 147,7343 106,7343 105,7343 105,7328 105,7327 100,7327 99,7327 99,7301 99,7300 74,7300 73,7300 73,7229 73,7228 69,7228 68,7228 68,7217 68,7216 36,7216 35,7216 35,7212 35,7211 26,7211 25,7211 25,7201 25,7200 5,7200 4,7200 4,7185 4,7184 1,7184 1,7184 1,7164 1,7163 4,7163 4,7163 4,7079 5,7078 147,7078 147,7078 147,7077 148,7076 152,7076 152,7077 152,7078 153,7078 157,7078 157,7079 157,7089 158,7090 158,7295 159,7296 159,7311 160,7311 205,7311 205,7312 205,7322 205,7322 201,7322 200,7323 200,7327 200,7327 159,7327 158,7328 158,7358 158,7358"/><TextEquiv index="1"><Unicode></Unicode></TextEquiv></TextLine><TextLine id="r0_l035"><Coords points="153,7507 152,7507 152,7497 152,7496 148,7496 147,7496 147,7494 147,7493 37,7493 36,7493 36,7455 36,7454 5,7454 4,7454 4,7444 4,7443 1,7443 1,7443 1,7373 1,7372 35,7372 35,7372 35,7370 36,7369 36,7365 37,7364 147,7364 147,7364 147,7359 148,7358 158,7358 158,7359 158,7422 159,7423 159,7493 160,7493 200,7493 200,7494 200,7501 200,7501 163,7501 162,7502 162,7507 162,7507"/><TextEquiv index="1"><Unicode></Unicode></TextEquiv></TextLine><TextLine id="r0_l036"><Coords points="36,7645 35,7645 35,7630 35,7629 1,7629 1,7629 1,7598 1,7597 35,7597 35,7597 35,7501 36,7500 36,7494 37,7493 73,7493 73,7494 73,7505 74,7505 200,7505 200,7506 200,7617 200,7617 164,7617 163,7618 163,7638 163,7638 162,7638 161,7639 160,7639 159,7640 158,7640 157,7641 156,7641 154,7643 48,7643 47,7644 47,7645 47,7645"/><TextEquiv index="1"><Unicode></Unicode></TextEquiv></TextLine><TextLine id="r0_l037"><Coords points="180,7882 179,7882 179,7878 179,7877 169,7877 168,7877 168,7872 168,7871 153,7871 152,7871 152,7867 152,7866 148,7866 147,7866 147,7862 147,7861 111,7861 110,7861 110,7857 110,7856 106,7856 105,7856 105,7841 105,7840 32,7840 31,7840 31,7835 31,7834 21,7834 20,7834 20,7830 20,7829 11,7829 10,7829 10,7825 10,7824 1,7824 1,7824 1,7813 1,7812 40,7812 40,7812 40,7705 41,7704 71,7704 71,7704 71,7666 72,7665 73,7665 73,7665 73,7650 74,7649 152,7649 152,7649 152,7644 153,7643 154,7643 156,7641 157,7641 158,7640 159,7640 160,7639 161,7639 162,7638 163,7638 163,7639 163,7686 164,7686 205,7686 205,7687 205,7692 206,7692 210,7692 210,7693 210,7866 211,7866 216,7866 216,7867 216,7877 216,7877 190,7877 189,7878 189,7882 189,7882"/><TextEquiv index="1"><Unicode></Unicode></TextEquiv></TextLine><TextLine id="r0_l038"><Coords points="3722,7931 4045,7931 4045,8118 3722,8118"/><TextEquiv index="1"><Unicode></Unicode></TextEquiv></TextLine></TextRegion></Page></PcGts>