4266 8051
4026 168 4264 260 -
257 1195 3286 1379 homme d'affaire, qui me mande qu'il est
262 1447 3271 1630 très-incommodé, et qu'il desire voir ma-
938 1649 3271 1871 ..Que d'événemens fâcheux!
267 1709 875 1829 dame..
262 1945 3281 2128 quel parti prendre? Je l'ignore: je vous
257 2207 2872 2380 avoue que mon courage est à bout.
418 2457 3249 2594 L'état de ma sœur me déchire l'ame:
21 2710 3266 2893 celui où se trouve le chevalier n'est pas
257 2951 3266 3134 moins affligeant. Son père et sa sœur
252 3208 3266 3386 sont au désespoir: il ne veut ni man-
257 3459 3260 3643 ger, ni se coucher: il est impossible
20 3710 2573 3888 qu'ils ne tombent pas malades.
419 3957 3250 4130 Pour mademoiselle d'Armincourt, ses
257 4200 3250 4398 larmes ne tarissent pas: elle aime ma
36 4460 3244 4638 sœur tendrement, et le rapport qu'il v a
37 4707 3239 4843 dans l'état actuel de madame de Beaure-
1 4950 3245 5158 gard, et celui dans lequel elle s'est trou-
52 5210 3239 5394 vée elle - même, a renouvelé dans son
257 5462 3239 5663 cœur toutes les amertumes de sa vie. Le
21 5719 3277 5907 château ne présente que pleurs et gémis-
257 5965 3281 6143 semens. Malheur au chevalier de Saint-
257 6217 3276 6400 Hilaire, ou à moi! mais je jure que si
