4266 8130
95 159 244 244 L
1424 926 1869 1096 L.
127 1218 3166 1413 ployer moi-même toutes les miennes ...
143 1477 3181 1657 Mon Dieu, quel spectacle! ma sœur
143 1731 3181 1900 mourante d'un côté, son malheureux
143 1975 3171 2155 amant ayant perdu l'usage de la raison,
148 2229 3176 2414 deux femmes désolées que rien ne peut
142 2482 3170 2667 anpaiser, M. d'Auterive dans la plus
143 2737 3499 2917 noire mélancolie, et moi ... moi, mon
148 2991 3171 3176 ami, je ne puis vous dire ce qui se passe
148 3245 3171 3425 dans mon ame; elle est, pour ainsi dire,
148 3499 3160 3679 affaissée sous le poids des circonstances.
179 3747 3175 3932 'oute la maison est en deuil; chaque
16 4007 3166 4193 valet a la douleur peinte sur la figure.
26 4256 3171 4441 Ma sœur est aimée ... Dans ce moment,
26 4510 3171 4689 elle est dans le plus grand accablement;
164 4764 3181 4944 le chirurgien prétend qu'elle dort, et
1 5024 3176 5204 espère beaucoup; il tire un augure ſavo-
16 5278 2260 5471 rable de l'état de son pouls.
339 5527 3181 5707 Si elle reprenait connaissance, la vue
11 5775 3478 5955 du chevalier porterait à son mal un baume
169 6029 3187 6209 efficace; mais le pauvre malheureux est
175 6284 3176 6464 méconnaissable; ce n'est plus le même
281 7956 466 8128 L
