4266 8090
11 163 379 241 L
3945 142 4243 284 -
1111 1254 4124 1433 homme; ses yeux sont éteints; son teint
1122 1501 4109 1680 est jaune et plombé, ses joues creuses...
1122 1754 4114 1938 et un désordre de toilette... sa tête empa-
1116 2001 4113 2174 quetée, dont la guérison n'avance nul-
1111 2249 4103 2418 lement. En vérité, il ſait frémir à re-
1110 2501 4113 2680 garder: quelle vue pour ma sœur, si la
1101 2755 2576 2881 raison lui revenait!
1284 3007 4245 3186 Mais, que dites - vous, mon ami, de
1105 3254 4108 3433 . de Beauregard, qui est malade de son
1105 3507 4234 3686 côté? Ouand il apprendra que sa ſemme
1105 3749 4102 3934 est très - mal, c'est capable d'augmenter
1105 4002 4224 4181 de beaucoun sa maladie. Lorsque je lui
1110 4245 4213 4424 ai écrit, j'étais loin de prévoir l'état dans
1106 4498 2154 4678 lequel il était.
1280 4751 4203 4883 Il faut se soumettre à tout. Je me
1105 4993 4197 5182 persuade plus que jamais que toute la
1106 5252 4188 5441 prudence humaine ne peut rien contre
1106 5499 4182 5636 les événemens: il faut attendre tout du
1106 5789 1580 5936 temps.
1285 6000 4172 6174 Adieu, mon ami; cette lettre est bien
1111 6236 4172 6426 longue; mais je connais votre amitié pour
3719 6490 4172 6653 moi,
