<PcGts xmlns="http://schema.primaresearch.org/PAGE/gts/pagecontent/2017-07-15" xmlns:xsi="http://www.w3.org/2001/XMLSchema-instance" xsi:schemaLocation="http://schema.primaresearch.org/PAGE/gts/pagecontent/2017-07-15 http://schema.primaresearch.org/PAGE/gts/pagecontent/2017-07-15/pagecontent.xsd"><Metadata><Creator>User123</Creator><Created>2020-10-13T09:33:59</Created><LastChange>2020-10-13T09:33:59</LastChange></Metadata><Page imageFilename="0053.png" imageHeight="8060" imageWidth="4266"><TextRegion id="r0" type="paragraph" orientation="-0.0"><Coords points="1,1 4264,1 4264,8058 1,8058"/><TextLine id="r0_l001"><Coords points="178,96 378,96 378,189 178,189"/><TextEquiv index="1"><Unicode></Unicode></TextEquiv></TextLine><TextLine id="r0_l002"><Coords points="1616,908 2062,908 2062,1086 1616,1086"/><TextEquiv index="1"><Unicode>o</Unicode></TextEquiv></TextLine><TextLine id="r0_l003"><Coords points="16,1191 3359,1191 3359,1370 16,1370"/><TextEquiv index="1"><Unicode>moi, et je sais d'avance qu'elle ne vous</Unicode></TextEquiv></TextLine><TextLine id="r0_l004"><Coords points="15,1448 3354,1448 3354,1627 15,1627"/><TextEquiv index="1"><Unicode>paraîtra pas telle. Je ne vous laisserai</Unicode></TextEquiv></TextLine><TextLine id="r0_l005"><Coords points="336,1700 3359,1700 3359,1889 336,1889"/><TextEquiv index="1"><Unicode>rien ignorer de tout ce qui arrivera. Je</Unicode></TextEquiv></TextLine><TextLine id="r0_l006"><Coords points="336,1952 3023,1952 3023,2131 336,2131"/><TextEquiv index="1"><Unicode>suis toujours votre plus sincère ami</Unicode></TextEquiv></TextLine><TextLine id="r0_l007"><Coords points="2682,2246 3348,2246 3348,2372 2682,2372"/><TextEquiv index="1"><Unicode>Darcr.</Unicode></TextEquiv></TextLine><TextLine id="r0_l008"><Coords points="352,2614 1139,2614 1139,2687 352,2687"/><TextEquiv index="1"><Unicode></Unicode></TextEquiv></TextLine><TextLine id="r0_l009"><Coords points="1527,3023 1526,3022 1281,3022 1280,3022 1280,3020 1280,3019 792,3019 791,3019 791,2965 791,2964 766,2964 765,2964 765,2955 766,2954 1054,2954 1054,2954 1054,2949 1055,2948 2849,2948 2849,2948 2849,2944 2850,2943 2859,2943 2859,2944 2859,2948 2860,2948 2864,2948 2864,2949 2864,2959 2864,2959 2860,2959 2859,2960 2859,2964 2859,2964 2834,2964 2833,2965 2833,2975 2833,2975 2829,2975 2828,2976 2828,2996 2828,2996 2823,2996 2822,2997 2822,3006 2822,3006 2818,3006 2817,3007 2817,3013 2817,3013 2767,3013 2766,3014 2593,3014 2592,3015 2584,3015 2583,3016 2367,3016 2366,3017 2052,3017 2051,3018 2051,3020 2051,3020 2046,3020 2045,3021 1553,3021 1552,3022 1552,3023 1552,3023"/><TextEquiv index="1"><Unicode></Unicode></TextEquiv></TextLine><TextLine id="r0_l010"><Coords points="861,3095 860,3095 860,3086 860,3085 766,3085 765,3085 765,3081 765,3080 761,3080 760,3080 760,3075 761,3074 765,3074 765,3074 765,3070 766,3069 791,3069 791,3069 791,3020 792,3019 1022,3019 1023,3018 1085,3018 1085,3019 1085,3022 1086,3022 1306,3022 1307,3023 1747,3023 1747,3023 1747,3022 1748,3021 2023,3021 2024,3020 2340,3020 2340,3020 2340,3018 2341,3017 2571,3017 2572,3016 2583,3016 2584,3015 2754,3015 2755,3014 2766,3014 2767,3013 2817,3013 2817,3014 2817,3053 2818,3053 2912,3053 2912,3054 2912,3059 2913,3059 2917,3059 2917,3060 2917,3074 2917,3074 2913,3074 2912,3075 2912,3080 2912,3080 2907,3080 2906,3081 2906,3085 2906,3085 1574,3085 1573,3086 1573,3090 1573,3090 1559,3090 1558,3090 1558,3086 1558,3085 871,3085 870,3086 870,3095 870,3095"/><TextEquiv index="1"><Unicode>LLE</Unicode></TextEquiv></TextLine><TextLine id="r0_l011"><Coords points="341,3312 3364,3312 3364,3464 341,3464"/><TextEquiv index="1"><Unicode>Le Chevalier De Sarnt-Hilrre</Unicode></TextEquiv></TextLine><TextLine id="r0_l012"><Coords points="997,3584 2697,3584 2697,3726 997,3726"/><TextEquiv index="1"><Unicode>au Comte Hecton.</Unicode></TextEquiv></TextLine><TextLine id="r0_l013"><Coords points="409,3985 408,3985 408,3920 408,3919 146,3919 145,3919 145,3915 146,3914 377,3914 377,3914 377,3905 378,3904 482,3904 482,3905 482,3914 482,3914 478,3914 477,3915 477,3919 477,3919 446,3919 445,3920 445,3984 445,3984 433,3984 432,3985"/><TextEquiv index="1"><Unicode></Unicode></TextEquiv></TextLine><TextLine id="r0_l014"><Coords points="2162,4150 2161,4150 2161,4104 2161,4103 2041,4103 2040,4103 2040,4099 2040,4098 1627,4098 1626,4099 1626,4103 1626,4103 415,4103 414,4104 414,4108 414,4108 394,4108 393,4109 393,4113 393,4113 383,4113 382,4113 382,4109 382,4108 362,4108 361,4108 361,4104 361,4103 352,4103 351,4103 351,4093 351,4092 346,4092 345,4092 345,4088 345,4087 341,4087 340,4087 340,4057 341,4056 345,4056 345,4056 345,4051 346,4050 351,4050 351,4050 351,4046 352,4045 408,4045 408,4045 408,3986 409,3985 432,3985 433,3984 445,3984 445,3985 445,4030 446,4030 671,4030 671,4030 671,4025 672,4024 702,4024 702,4025 702,4030 703,4030 828,4030 828,4030 828,3978 829,3977 833,3977 833,3977 833,3973 834,3972 839,3972 839,3973 839,3977 840,3977 844,3977 844,3978 844,3982 845,3982 849,3982 849,3983 849,4024 850,4024 1222,4024 1222,4025 1222,4030 1223,4030 1416,4030 1416,4030 1416,4025 1417,4024 1899,4024 1899,4024 1899,3999 1900,3998 1904,3998 1904,3998 1904,3983 1905,3982 1909,3982 1909,3982 1909,3978 1910,3977 1915,3977 1915,3977 1915,3973 1916,3972 1925,3972 1925,3972 1925,3968 1926,3967 1936,3967 1936,3968 1936,3972 1937,3972 1951,3972 1951,3973 1951,4024 1952,4024 2098,4024 2098,4025 2098,4030 2099,4030 2103,4030 2103,4031 2103,4071 2104,4071 2308,4071 2308,4071 2308,4031 2309,4030 2366,4030 2366,4030 2366,4025 2367,4024 2502,4024 2502,4025 2502,4030 2503,4030 2964,4030 2964,4030 2964,3978 2965,3977 2985,3977 2985,3978 2985,4030 2986,4030 3122,4030 3122,4031 3122,4035 3123,4035 3248,4035 3248,4035 3248,3978 3249,3977 3316,3977 3316,3977 3316,3973 3317,3972 3321,3972 3321,3973 3321,4087 3322,4087 3337,4087 3337,4088 3337,4108 3337,4108 3333,4108 3332,4108 3332,4104 3332,4103 2188,4103 2187,4104 2187,4119 2187,4119 2183,4119 2182,4120 2182,4129 2182,4129 2178,4129 2177,4130 2177,4140 2177,4140 2173,4140 2172,4141 2172,4145 2172,4145 2167,4145 2166,4146 2166,4150 2166,4150"/><TextEquiv index="1"><Unicode>Je suis comme un ſou, mon ami: il</Unicode></TextEquiv></TextLine><TextLine id="r0_l015"><Coords points="8,4225 3338,4225 3338,4408 8,4408"/><TextEquiv index="1"><Unicode>est arrivé un événement qui me fait grin-</Unicode></TextEquiv></TextLine><TextLine id="r0_l016"><Coords points="4072,4435 4256,4435 4256,4592 4072,4592"/><TextEquiv index="1"><Unicode>L</Unicode></TextEquiv></TextLine><TextLine id="r0_l017"><Coords points="341,4482 3354,4482 3354,4660 341,4660"/><TextEquiv index="1"><Unicode>cer les dents de rage ... Je veux bien me</Unicode></TextEquiv></TextLine><TextLine id="r0_l018"><Coords points="336,4739 3348,4739 3348,4917 336,4917"/><TextEquiv index="1"><Unicode>battre avec toute la terre pour madame de</Unicode></TextEquiv></TextLine><TextLine id="r0_l019"><Coords points="336,4996 3359,4996 3359,5169 336,5169"/><TextEquiv index="1"><Unicode>Beauregard; je veux bien l'enlever et la</Unicode></TextEquiv></TextLine><TextLine id="r0_l020"><Coords points="20,5243 3354,5243 3354,5426 20,5426"/><TextEquiv index="1"><Unicode>posséder à tous les prix, mais je ne veux</Unicode></TextEquiv></TextLine><TextLine id="r0_l021"><Coords points="336,5500 3354,5500 3354,5684 336,5684"/><TextEquiv index="1"><Unicode>pas être un assassin.... Je suis un roué,</Unicode></TextEquiv></TextLine><TextLine id="r0_l022"><Coords points="331,5727 3364,5727 3364,5925 331,5925"/><TextEquiv index="1"><Unicode>j'en conviens; je dirai même plus, je</Unicode></TextEquiv></TextLine><TextLine id="r0_l023"><Coords points="16,5988 3374,5988 3374,6130 16,6130"/><TextEquiv index="1"><Unicode>m'en fais honneur. Je trouve très-naturel</Unicode></TextEquiv></TextLine><TextLine id="r0_l024"><Coords points="10,6240 3374,6240 3374,6424 10,6424"/><TextEquiv index="1"><Unicode>d'employer toutes les ruses et tous les</Unicode></TextEquiv></TextLine><TextLine id="r0_l025"><Coords points="614,6539 777,6539 777,6618 614,6618"/><TextEquiv index="1"><Unicode>I.</Unicode></TextEquiv></TextLine><TextLine id="r0_l026"><Coords points="2797,7716 4264,7716 4264,7883 2797,7883"/><TextEquiv index="1"><Unicode>--- ------</Unicode></TextEquiv></TextLine><TextLine id="r0_l027"><Coords points="168,7856 430,7856 430,8058 168,8058"/><TextEquiv index="1"><Unicode></Unicode></TextEquiv></TextLine></TextRegion></Page></PcGts>