4266 7992
1705 886 2154 1061 (s)
920 1639 2856 1742 E
394 1961 3387 2134 Le Chevalier 'AuterirE
571 2229 3175 2418 au Chevalier de aleelle.
374 2947 3366 3147 e suis perdu .... Ma tête égarée ne
362 3190 3367 3397 peut rassembler deux idées. Je ne pensais
358 3443 3340 3645 pas à t'écrire; mon père le veut: que te
368 3683 3351 3896 dirai-je? ma Sophie... ah! ma Sophie se
357 3934 3352 4142 meurt: elle croit que je n'existe plus; sou
362 4166 3347 4385 délire l'empêche de reconaître son fidèle
379 4434 3330 4641 amant... Ne me pas reconnaître... moi!..
342 4682 3346 4894 On m'a tiré un coup de pistolet; mais je
348 4942 3330 5149 vis encore, et je vis pour souffrir, et pour
331 5198 3321 5402 compter les instans qui ontraînent ma
331 5433 3310 5633 Sophie au tombeau. Je vois la mort bar-
321 5677 3310 5886 bare planer sur le lit de cette céleste
322 5928 3304 6135 créature, qui avait trop de perfections
20 6173 3299 6379 pour vivre sur la terre. Le séjour des
3121 7707 4131 7845 - -----
