<PcGts xmlns="http://schema.primaresearch.org/PAGE/gts/pagecontent/2017-07-15" xmlns:xsi="http://www.w3.org/2001/XMLSchema-instance" xsi:schemaLocation="http://schema.primaresearch.org/PAGE/gts/pagecontent/2017-07-15 http://schema.primaresearch.org/PAGE/gts/pagecontent/2017-07-15/pagecontent.xsd"><Metadata><Creator>User123</Creator><Created>2020-10-13T09:33:50</Created><LastChange>2020-10-13T09:33:50</LastChange></Metadata><Page imageFilename="0061.png" imageHeight="7982" imageWidth="4266"><TextRegion id="r0" type="paragraph" orientation="-0.0"><Coords points="1,1 4264,1 4264,7980 1,7980"/><TextLine id="r0_l001"><Coords points="1575,790 2022,790 2022,967 1575,967"/><TextEquiv index="1"><Unicode>.</Unicode></TextEquiv></TextLine><TextLine id="r0_l002"><Coords points="499,1081 3290,1081 3290,1279 499,1279"/><TextEquiv index="1"><Unicode>Pendant cet entretien, c'est tout ce</Unicode></TextEquiv></TextLine><TextLine id="r0_l003"><Coords points="327,1325 3290,1325 3290,1507 327,1507"/><TextEquiv index="1"><Unicode>que nous pouvions faire, M. d'Auterive</Unicode></TextEquiv></TextLine><TextLine id="r0_l004"><Coords points="333,1575 3518,1575 3518,1751 333,1751"/><TextEquiv index="1"><Unicode>et moi, de retenir son ſils. Il faisait les</Unicode></TextEquiv></TextLine><TextLine id="r0_l005"><Coords points="733,2015 732,2015 732,2011 732,2010 717,2010 716,2010 716,2006 716,2005 712,2005 711,2005 711,1959 711,1958 374,1958 373,1959 373,2005 373,2005 333,2005 332,2005 332,1897 332,1896 327,1896 326,1896 326,1886 327,1885 420,1885 420,1885 420,1840 421,1839 425,1839 425,1839 425,1835 426,1834 451,1834 451,1835 451,1839 452,1839 456,1839 456,1840 456,1885 457,1885 597,1885 597,1885 597,1883 598,1882 601,1882 602,1881 602,1882 602,1885 603,1885 623,1885 623,1886 623,1891 624,1891 628,1891 628,1892 628,1896 629,1896 732,1896 732,1896 732,1892 733,1891 1080,1891 1080,1891 1080,1840 1081,1839 1116,1839 1116,1840 1116,1885 1117,1885 1179,1885 1179,1886 1179,1891 1180,1891 1283,1891 1283,1891 1283,1886 1284,1885 1345,1885 1345,1885 1345,1860 1346,1859 1350,1859 1350,1859 1350,1855 1351,1854 1355,1854 1355,1854 1355,1845 1356,1844 1361,1844 1361,1844 1361,1840 1362,1839 1371,1839 1371,1839 1371,1835 1372,1834 1449,1834 1449,1835 1449,1839 1450,1839 1454,1839 1454,1840 1454,1885 1455,1885 1600,1885 1600,1885 1600,1866 1601,1865 1620,1865 1620,1866 1620,1885 1621,1885 2327,1885 2327,1885 2327,1881 2328,1880 2338,1880 2338,1881 2338,1885 2339,1885 2494,1885 2494,1885 2494,1881 2495,1880 2525,1880 2525,1881 2525,1885 2526,1885 2629,1885 2629,1885 2629,1840 2630,1839 2634,1839 2634,1839 2634,1835 2635,1834 2774,1834 2774,1835 2774,1880 2775,1880 2944,1880 2944,1881 2944,1885 2945,1885 3055,1885 3055,1885 3055,1881 3056,1880 3231,1880 3231,1881 3231,1885 3232,1885 3237,1885 3237,1886 3237,1922 3238,1922 3273,1922 3273,1923 3273,1927 3274,1927 3283,1927 3283,1928 3283,1943 3283,1943 3279,1943 3278,1944 3278,1948 3278,1948 3274,1948 3273,1949 3273,1953 3273,1953 3045,1953 3044,1954 3044,1967 3044,1967 2957,1967 2956,1968 2956,1972 2956,1972 2955,1972 2953,1974 2952,1974 2941,1985 2940,1985 2940,1954 2940,1953 2932,1953 2931,1954 2931,1996 2931,1996 2930,1996 2930,1954 2930,1953 2708,1953 2707,1954 2707,1958 2707,1958 2697,1958 2696,1958 2696,1954 2696,1953 2515,1953 2514,1954 2514,1958 2514,1958 2318,1958 2317,1958 2317,1954 2317,1953 2240,1953 2203,1953 2202,1954 2202,1958 2202,1958 2198,1958 2197,1958 2197,1954 2197,1953 2124,1953 2063,1953 2062,1954 2062,1958 2062,1958 1824,1958 1823,1959 1823,2005 1823,2005 1788,2005 1787,2006 1787,2010 1787,2010 1783,2010 1782,2010 1782,2006 1782,2005 1777,2005 1776,2005 1776,1954 1776,1953 1689,1953 1688,1954 1688,1958 1688,1958 1175,1958 1174,1959 1174,1963 1174,1963 1159,1963 1158,1963 1158,1959 1158,1958 977,1958 976,1959 976,1963 976,1963 790,1963 789,1964 789,1995 789,1995 785,1995 784,1996 784,2000 784,2000 780,2000 779,2001 779,2005 779,2005 774,2005 773,2006 773,2010 773,2010 743,2010 742,2011 742,2015 742,2015"/><TextEquiv index="1"><Unicode>plus grands efforts pour nous échapoor.</Unicode></TextEquiv></TextLine><TextLine id="r0_l006"><Coords points="327,2079 3295,2079 3295,2266 327,2266"/><TextEquiv index="1"><Unicode>Il a été jusqu'à nous menacer de se jeter</Unicode></TextEquiv></TextLine><TextLine id="r0_l007"><Coords points="327,2323 3295,2323 3295,2505 327,2505"/><TextEquiv index="1"><Unicode>par la fenêtre, si nous persistions à l'em-</Unicode></TextEquiv></TextLine><TextLine id="r0_l008"><Coords points="338,2572 3300,2572 3300,2754 338,2754"/><TextEquiv index="1"><Unicode>pêcher de voler auprès de sa Sophie</Unicode></TextEquiv></TextLine><TextLine id="r0_l009"><Coords points="333,2817 3300,2817 3300,2993 333,2993"/><TextEquiv index="1"><Unicode>(voilà le nom qu'il lui donne.) Il a fallu</Unicode></TextEquiv></TextLine><TextLine id="r0_l010"><Coords points="327,3056 3295,3056 3295,3238 327,3238"/><TextEquiv index="1"><Unicode>lâcher ce furieux, qui a couru, comme</Unicode></TextEquiv></TextLine><TextLine id="r0_l011"><Coords points="327,3300 3295,3300 3295,3482 327,3482"/><TextEquiv index="1"><Unicode>un extravagant, se jeter à genoux près</Unicode></TextEquiv></TextLine><TextLine id="r0_l012"><Coords points="333,3555 3295,3555 3295,3726 333,3726"/><TextEquiv index="1"><Unicode>du lit de ma sœur. Les cris, les folies de</Unicode></TextEquiv></TextLine><TextLine id="r0_l013"><Coords points="338,3799 3290,3799 3290,3976 338,3976"/><TextEquiv index="1"><Unicode>ce jeune homme me faisaient trembler;</Unicode></TextEquiv></TextLine><TextLine id="r0_l014"><Coords points="4033,3925 4256,3925 4256,4197 4033,4197"/><TextEquiv index="1"><Unicode></Unicode></TextEquiv></TextLine><TextLine id="r0_l015"><Coords points="338,4054 3300,4054 3300,4230 338,4230"/><TextEquiv index="1"><Unicode>je craignais que cela ne produisît sur elle</Unicode></TextEquiv></TextLine><TextLine id="r0_l016"><Coords points="338,4303 3295,4303 3295,4485 338,4485"/><TextEquiv index="1"><Unicode>un effet dangereux, en secouant trop son</Unicode></TextEquiv></TextLine><TextLine id="r0_l017"><Coords points="348,4563 3305,4563 3305,4734 348,4734"/><TextEquiv index="1"><Unicode>ame: mais non; elle a soutenu les trans-</Unicode></TextEquiv></TextLine><TextLine id="r0_l018"><Coords points="4038,4630 4230,4630 4230,4818 4038,4818"/><TextEquiv index="1"><Unicode></Unicode></TextEquiv></TextLine><TextLine id="r0_l019"><Coords points="57,4802 3284,4802 3284,4979 57,4979"/><TextEquiv index="1"><Unicode>ports de son amant avec une joie calme;</Unicode></TextEquiv></TextLine><TextLine id="r0_l020"><Coords points="21,5057 3284,5057 3284,5233 21,5233"/><TextEquiv index="1"><Unicode>ses joues se sont teintes d'un léger in-</Unicode></TextEquiv></TextLine><TextLine id="r0_l021"><Coords points="94,5290 3295,5290 3295,5483 94,5483"/><TextEquiv index="1"><Unicode>carnat, et j'ai vu avec plaisir le baume</Unicode></TextEquiv></TextLine><TextLine id="r0_l022"><Coords points="99,5555 2089,5555 2089,5692 99,5692"/><TextEquiv index="1"><Unicode>circuler dans ses veines.</Unicode></TextEquiv></TextLine><TextLine id="r0_l023"><Coords points="514,5795 3305,5795 3305,5971 514,5971"/><TextEquiv index="1"><Unicode>Elle a trouvé le chevalier très-changé,</Unicode></TextEquiv></TextLine><TextLine id="r0_l024"><Coords points="369,6044 3310,6044 3310,6234 369,6234"/><TextEquiv index="1"><Unicode>et a témoigné la crainte qu'il ne tombât</Unicode></TextEquiv></TextLine><TextLine id="r0_l025"><Coords points="2609,6234 2765,6234 2765,6423 2609,6423"/><TextEquiv index="1"><Unicode>s</Unicode></TextEquiv></TextLine><TextLine id="r0_l026"><Coords points="4033,7610 4264,7610 4264,7754 4033,7754"/><TextEquiv index="1"><Unicode></Unicode></TextEquiv></TextLine><TextLine id="r0_l027"><Coords points="239,7790 540,7790 540,7980 239,7980"/><TextEquiv index="1"><Unicode></Unicode></TextEquiv></TextLine></TextRegion></Page></PcGts>