4266 8070
1720 800 2177 998 S.
428 1056 3459 1315 mente: la paralysie s'est déclarée: il me
423 1318 3460 1567 semble, d'après ce que l'on m'en dit,
418 1570 3454 1820 qu'il n'est pas bien. J'ai voulu voir à ce
408 1828 3453 2079 sujet jusqu'à quel point la délicatesse de
402 2076 3449 2332 notre chevalier pourrait aller, en parlant
403 2332 3443 2534 entre nous de l'état fâcheux de M. de
389 2589 3444 2845 Beauregard; j'ai laissé entendre qu'il lais-
387 2847 3433 3098 serait peut-être une veuve avant peu. En
387 3092 3424 3347 disant ces mots, je le ſixais: il a rougi,
382 3357 3407 3607 soupiré, et est venu se jeter dans mes
373 3607 3465 3858 bras, en versant des larmes. Ah! dit-il,
371 3862 3599 4124 cela pourrait me laisser l'espoir d'un jour
370 4116 1244 4283 heureux..
1241 4140 3401 4328 .Mais le ciel lit dans le
361 4365 3395 4615 fond de mon cœur; il est témoin si je
360 4617 3387 4883 suis capable de faire le moindre vœu
353 4870 3374 5136 pour établir mon bonheur sur la perte de
1790 5154 3365 5363 .Intéressant jeune
354 5141 1699 5353 qui que ce soit..
364 5380 3365 5625 homme! ... il m'avait ému jusqu'au
344 5623 3354 5888 plus profond de mon cœur; je l'ai serré
345 5882 3344 6138 dans mes bras, et malgré moi, une
338 6130 2845 6378 larme vint mouiller ma paupière.
