4266 8056
2118 802 2568 980 i
996 1090 3879 1279 A présent, mon ami, nous n'avons
812 1342 3874 1531 plus rien à attendre que du temps, qui
807 1604 3853 1782 seul peut rétablir les forces de ma sœur.
991 1856 3868 2034 Je ne vous rendrai pas combien j'ai
812 2112 3863 2291 été sensible à l'intérêt que vous prenez
807 2369 3858 2547 à ce qui nous touche. Je reconnais votre
807 2621 3858 2804 cœur aux expressions dont votre lettre
812 2878 3858 3061 est remplie. Croyez que le mien ne reste
807 3134 3853 3328 point en arrière, et que vous êtes et se-
807 3391 3853 3570 rez toujours le meilleur de mes amis.
807 3648 3853 3826 Adieu. Recevez l'assurance de mon plus
818 3900 3853 4083 sincère attachement. Tout à vous pour
812 4162 1326 4340 la vie,
2998 4335 3659 4471 Darcx.
