4266 8070
3841 130 4165 236 -
2223 883 2669 1067 aa.
941 1161 3972 1345 mais votre amant ne pourra s'acquitter
935 1424 3967 1592 avec vous... Si tu savais, mon ami, ce
935 1676 3962 1860 qui se passe en moi! je ne suis plus le
935 1939 1787 2060 même être.
1109 2181 3962 2365 Il semble que chaque place que j'oc-
941 2433 3962 2617 cupe soit trop petite pour me contenir.
934 2679 3966 2863 Je me trouve un géant, de pvomée que
930 2937 3967 3116 j'étais il y a quelques jours: alors toutes
930 3184 3962 3368 mes facultés étaient reployées les unes
935 3447 3957 3626 sur les autres, et mon cœur comprimé
930 3694 3946 3878 pouvait à peine battre dans mon sein.
1103 3946 3957 4125 Mais aujourd'hui ce cœur éprouve des
925 4198 4245 4330 secousses d'une violence.... Mon ame
925 4445 4172 4624 a pris un essor.... O amour, amour!
925 4703 4246 4881 si souvent on est accablé sous le poids
930 4955 4214 5134 de tes chaînes, que de jouissances n'ac-
930 5202 1997 5381 cordes-tu pas!
1103 5438 4204 5617 Que je suis heureux, mon ami! je la
925 5691 3946 5875 vois tous les jours; à chaque instant
925 5938 3941 6121 mes yeux attendris peuvent se fixer sur
935 6190 4146 6379 elle; à chaque instant elle peut lire dans
