4266 8041
1 162 225 249 -- --
989 1157 4026 1293 à moi. Mon aimable Henriette ne dit
989 1413 4031 1597 rien; mais je crois qu'elle ne serait pas
989 1665 3555 1863 fâchée que notre union se décidât.
1173 1921 4031 2105 J'ai la promesse de son père, à la vé-
1016 2167 4042 2356 rité, et sûrement je n'aurais qu'à dire
989 2429 4042 2612 un mot à M. d'Auterive, pour que le
995 2686 4042 2869 jour fût fixé. Il sait les raisons qui m'ont
1010 2937 4042 3115 empêché de terminer, et sa fille ne les
995 3188 4042 3371 ignore pas; mais la position de madame
1005 3429 4036 3623 de Beauregard, l'éloignement de son
995 3686 4157 3864 mari, les tentatives de M. de Saint - Hi-
1005 3937 4157 4110 laire, tout cela a reculé mon bonheur. Je
1005 4193 4031 4377 crois que je serai heureux avec mademoi-
1010 4455 4036 4628 selle d'Auterive; elle est bonne, sen-
1016 4712 4042 4890 sible, gaie avec décence; ce caractère
1021 4947 4036 5130 cadre parfaitement avec le mien: je me
1021 5204 4036 5382 trouverai bien d'avoir une femme qui me
1021 5450 4036 5638 tire quelquefois de mon sérieux: elle
1026 5701 4042 5890 m'aime, et je vois qu'elle aura mille
1042 5963 4136 6141 égards pour moi: de mon côté, je vous
1036 6203 4025 6391 réponds qu'elle n'aura point à se plaindre.
41 7789 909 7862 ----- --
