4266 8171
1484 936 1942 1117 é.
192 1229 3261 1415 Je veux chercher tous les moyens de lui
201 1478 3260 1654 plaire, et de la rendre heureuse: mais
181 1724 3267 1921 quand? Les obstacles se multiplient, et
181 1990 3251 2176 cela fâche Henriette autant que moi;
186 2245 3267 2431 mais il faut de la patience, un jour
186 2511 2320 2687 heureux viendra peut - être.
362 2761 3256 2947 Adieu, mon ami: joignez vos vœux
192 3016 3256 3197 aux miens, pour que je sois bientôt l'é-
180 3266 3244 3445 poux fortuné de ma chère Henriette.
32 3527 3261 3713 Donnez-moi promptement de vos nou-
32 3783 3261 3974 velles, et croyez que je suis pour la vie
213 4033 2272 4182 votre affectionné camarade
2320 4474 2979 4618 Darv.
