<PcGts xmlns="http://schema.primaresearch.org/PAGE/gts/pagecontent/2017-07-15" xmlns:xsi="http://www.w3.org/2001/XMLSchema-instance" xsi:schemaLocation="http://schema.primaresearch.org/PAGE/gts/pagecontent/2017-07-15 http://schema.primaresearch.org/PAGE/gts/pagecontent/2017-07-15/pagecontent.xsd"><Metadata><Creator>User123</Creator><Created>2020-10-13T09:34:12</Created><LastChange>2020-10-13T09:34:12</LastChange></Metadata><Page imageFilename="0072.png" imageHeight="8110" imageWidth="4266"><TextRegion id="r0" type="paragraph" orientation="-0.0"><Coords points="1,1 4264,1 4264,8108 1,8108"/><TextLine id="r0_l001"><Coords points="2318,908 2772,908 2772,1093 2318,1093"/><TextEquiv index="1"><Unicode>(8)</Unicode></TextEquiv></TextLine><TextLine id="r0_l002"><Coords points="1383,1669 3686,1669 3686,1811 1383,1811"/><TextEquiv index="1"><Unicode>LETTRE LVIII.</Unicode></TextEquiv></TextLine><TextLine id="r0_l003"><Coords points="1019,2075 4061,2075 4061,2228 1019,2228"/><TextEquiv index="1"><Unicode>Le Chevalirire</Unicode></TextEquiv></TextLine><TextLine id="r0_l004"><Coords points="1119,2313 3955,2313 3955,2461 1119,2461"/><TextEquiv index="1"><Unicode>au Chevalier DE Vleelle.</Unicode></TextEquiv></TextLine><TextLine id="r0_l005"><Coords points="2022,2956 2021,2956 2021,2910 2021,2909 1051,2909 1050,2909 1050,2904 1050,2903 1040,2903 1039,2903 1039,2899 1039,2898 1035,2898 1034,2898 1034,2894 1034,2893 1024,2893 1023,2893 1023,2888 1023,2887 1019,2887 1018,2887 1018,2865 1019,2864 1023,2864 1023,2864 1023,2846 1024,2845 1092,2845 1092,2845 1092,2786 1093,2785 1105,2785 1106,2784 1425,2784 1425,2784 1425,2778 1426,2777 1435,2777 1435,2777 1435,2772 1436,2771 1441,2771 1441,2772 1441,2777 1442,2777 3283,2777 3283,2777 3283,2772 3284,2771 3294,2771 3294,2772 3294,2777 3295,2777 3305,2777 3305,2778 3305,2787 3306,2787 3310,2787 3310,2788 3310,2824 3311,2824 4012,2824 4012,2825 4012,2866 4013,2866 4048,2866 4048,2867 4048,2872 4049,2872 4054,2872 4054,2873 4054,2877 4055,2877 4060,2877 4060,2878 4060,2914 4060,2914 4055,2914 4054,2915 4054,2919 4054,2919 4050,2919 4049,2920 4049,2930 4049,2930 4045,2930 4044,2931 4044,2935 4044,2935 4041,2935 4040,2936 4040,2940 4040,2940 4039,2940 4038,2941 4038,2946 4038,2946 4029,2946 4028,2946 4028,2904 4028,2903 2070,2903 2069,2904 2069,2956 2069,2956"/><TextEquiv index="1"><Unicode>Je n'ai rien que d'heureux à t'annoncer,</Unicode></TextEquiv></TextLine><TextLine id="r0_l006"><Coords points="1019,3020 4071,3020 4071,3200 1019,3200"/><TextEquiv index="1"><Unicode>mon ami: ma chère Soplie continue de</Unicode></TextEquiv></TextLine><TextLine id="r0_l007"><Coords points="1019,3274 4066,3274 4066,3459 1019,3459"/><TextEquiv index="1"><Unicode>se bien porter, et mon ame goûte en paix</Unicode></TextEquiv></TextLine><TextLine id="r0_l008"><Coords points="1019,3527 4182,3527 4182,3712 1019,3712"/><TextEquiv index="1"><Unicode>la plus douce des satisfactions. Mon père</Unicode></TextEquiv></TextLine><TextLine id="r0_l009"><Coords points="1019,3781 4246,3781 4246,3982 1019,3982"/><TextEquiv index="1"><Unicode>est toujours étonné de me voir quelquefois</Unicode></TextEquiv></TextLine><TextLine id="r0_l010"><Coords points="2355,4223 2354,4223 2354,4215 2354,4214 2350,4214 2349,4214 2349,4177 2349,4176 1072,4176 1071,4177 1071,4181 1071,4181 1061,4181 1060,4181 1060,4177 1060,4176 1051,4176 1050,4176 1050,4172 1050,4171 1046,4171 1045,4171 1045,4119 1045,4118 1040,4118 1039,4118 1039,4114 1039,4113 1035,4113 1034,4113 1034,4098 1035,4097 1039,4097 1039,4097 1039,4087 1040,4086 1045,4086 1045,4086 1045,4082 1046,4081 1335,4081 1335,4081 1335,4055 1336,4054 1340,4054 1340,4054 1340,4050 1341,4049 2507,4049 2507,4049 2507,4045 2508,4044 3426,4044 3426,4044 3426,4040 3427,4039 3452,4039 3452,4040 3452,4044 3453,4044 3970,4044 3970,4045 3970,4049 3971,4049 3975,4049 3975,4050 3975,4065 3976,4065 3981,4065 3981,4066 3981,4086 3982,4086 4065,4086 4065,4087 4065,4139 4066,4139 4070,4139 4070,4140 4070,4144 4070,4144 4066,4144 4065,4145 4065,4155 4065,4155 4061,4155 4060,4156 4060,4160 4060,4160 4050,4160 4049,4161 4049,4165 4049,4165 2968,4165 2967,4166 2967,4179 2967,4179 2403,4179 2402,4180 2402,4218 2402,4218 2397,4218 2396,4219 2396,4223 2396,4223"/><TextEquiv index="1"><Unicode>tomber dans ce qu'il appelle des accès</Unicode></TextEquiv></TextLine><TextLine id="r0_l011"><Coords points="1046,4288 4071,4288 4071,4473 1046,4473"/><TextEquiv index="1"><Unicode>d'amour. Tu connais ses principes? Il</Unicode></TextEquiv></TextLine><TextLine id="r0_l012"><Coords points="1442,4736 1441,4736 1441,4689 1441,4688 1040,4688 1039,4688 1039,4620 1040,4619 1045,4619 1045,4619 1045,4617 1046,4616 1055,4616 1055,4616 1055,4578 1056,4577 1060,4577 1060,4577 1060,4568 1061,4567 1066,4567 1066,4567 1066,4562 1067,4561 1076,4561 1076,4561 1076,4557 1077,4556 1736,4556 1736,4557 1736,4561 1737,4561 1747,4561 1747,4562 1747,4588 1748,4588 2618,4588 2618,4588 2618,4583 2619,4582 2629,4582 2629,4583 2629,4598 2630,4598 3611,4598 3611,4598 3611,4594 3612,4593 3796,4593 3796,4593 3796,4575 3797,4574 3801,4574 3801,4574 3801,4573 3802,4572 3854,4572 3854,4572 3854,4541 3855,4540 4250,4540 4250,4541 4250,4546 4251,4546 4255,4546 4255,4547 4255,4551 4255,4551 3876,4551 3875,4552 3875,4588 3876,4588 4197,4588 4197,4589 4197,4593 4197,4593 4055,4593 4054,4594 4054,4646 4055,4646 4062,4646 4062,4647 4062,4649 4063,4649 4065,4649 4065,4650 4065,4662 4065,4662 3987,4662 3986,4663 3986,4667 3986,4667 3448,4667 3447,4668 3447,4672 3447,4672 2846,4672 2845,4673 2845,4678 2845,4678 2382,4678 2381,4679 2381,4693 2381,4693 2377,4693 2376,4694 2278,4694 2277,4695 1748,4695 1747,4696 1747,4704 1747,4704 1743,4704 1742,4705 1742,4720 1742,4720 1737,4720 1736,4721 1736,4725 1736,4725 1732,4725 1731,4726 1731,4730 1731,4730 1727,4730 1726,4731 1726,4736 1726,4736"/><TextEquiv index="1"><Unicode>faut que je te rapporte une conversation</Unicode></TextEquiv></TextLine><TextLine id="r0_l013"><Coords points="1107,4984 1104,4982 1104,4981 1085,4961 1084,4961 1082,4960 1082,4937 1082,4936 1056,4936 1055,4936 1055,4932 1055,4931 1046,4931 1045,4931 1045,4927 1045,4926 1040,4926 1039,4926 1039,4921 1039,4920 1035,4920 1034,4920 1034,4879 1035,4878 1039,4878 1039,4878 1039,4874 1040,4873 1050,4873 1050,4873 1050,4869 1051,4868 1060,4868 1060,4868 1060,4863 1061,4862 1493,4862 1493,4862 1493,4858 1494,4857 1504,4857 1504,4858 1504,4862 1505,4862 1657,4862 1657,4862 1657,4858 1658,4857 2534,4857 2534,4857 2534,4853 2535,4852 2967,4852 2967,4852 2967,4800 2968,4799 3056,4799 3056,4799 3056,4795 3057,4794 3083,4794 3083,4795 3083,4804 3084,4804 3088,4804 3088,4805 3088,4847 3089,4847 3141,4847 3141,4848 3141,4852 3142,4852 3283,4852 3283,4852 3283,4805 3284,4804 3289,4804 3289,4804 3289,4800 3290,4799 3299,4799 3299,4800 3299,4804 3300,4804 3305,4804 3305,4805 3305,4820 3306,4820 3310,4820 3310,4821 3310,4847 3311,4847 3658,4847 3658,4847 3658,4842 3659,4841 3685,4841 3685,4842 3685,4847 3686,4847 3812,4847 3812,4847 3812,4795 3813,4794 3833,4794 3833,4795 3833,4847 3834,4847 3938,4847 3938,4847 3938,4842 3939,4841 3944,4841 3944,4841 3944,4826 3945,4825 3949,4825 3949,4825 3949,4821 3950,4820 3959,4820 3959,4821 3959,4836 3960,4836 4039,4836 4039,4837 4039,4841 4040,4841 4044,4841 4044,4842 4044,4899 4045,4899 4049,4899 4049,4900 4049,4926 4049,4926 4045,4926 4044,4927 4044,4936 4044,4936 4040,4936 4039,4937 4039,4947 4039,4947 4034,4947 4033,4948 4033,4952 4033,4952 4029,4952 4028,4953 4028,4957 4028,4957 4024,4957 4023,4957 4023,4916 4023,4915 3834,4915 3833,4916 3833,4936 3833,4936 3828,4936 3827,4937 3827,4952 3827,4952 3823,4952 3822,4953 3822,4957 3822,4957 3818,4957 3817,4958 3817,4963 3817,4963 3813,4963 3812,4964 3812,4968 3812,4968 3802,4968 3801,4968 3801,4921 3801,4920 2778,4920 2777,4921 2777,4926 2777,4926 2371,4926 2370,4927 2370,4931 2370,4931 1901,4931 1900,4932 1900,4936 1900,4936 1119,4936 1118,4937 1118,4984 1118,4984"/><TextEquiv index="1"><Unicode>que nous avons eu ensemble à ce sujet;</Unicode></TextEquiv></TextLine><TextLine id="r0_l014"><Coords points="1035,5053 4066,5053 4066,5228 1035,5228"/><TextEquiv index="1"><Unicode>comme elle est récente, je m'en ressou-</Unicode></TextEquiv></TextLine><TextLine id="r0_l015"><Coords points="1030,5296 4193,5296 4193,5476 1030,5476"/><TextEquiv index="1"><Unicode>viens mot à mot .... Mon amie prenait</Unicode></TextEquiv></TextLine><TextLine id="r0_l016"><Coords points="62,5535 61,5535 61,5465 61,5464 58,5464 57,5464 57,5428 57,5427 26,5427 25,5427 25,5338 26,5337 105,5337 105,5338 105,5348 106,5348 109,5348 109,5349 109,5353 110,5353 147,5353 147,5354 147,5406 148,5406 184,5406 184,5407 184,5474 184,5474 180,5474 179,5475 111,5475 110,5476 110,5491 110,5491 69,5491 68,5492 68,5535 68,5535"/><TextEquiv index="1"><Unicode></Unicode></TextEquiv></TextLine><TextLine id="r0_l017"><Coords points="1035,5550 4061,5550 4061,5750 1035,5750"/><TextEquiv index="1"><Unicode>un peu de repos, et je profitai de ce mo-</Unicode></TextEquiv></TextLine><TextLine id="r0_l018"><Coords points="68,5851 67,5850 1,5850 1,5850 1,5840 1,5839 105,5839 105,5839 105,5824 105,5823 63,5823 62,5823 62,5808 66,5804 67,5804 67,5804 67,5793 67,5792 1,5792 1,5792 1,5782 1,5781 105,5781 105,5781 105,5729 105,5728 1,5728 1,5728 1,5724 1,5723 99,5723 99,5723 99,5708 99,5707 32,5707 31,5707 31,5698 31,5697 26,5697 25,5697 25,5691 26,5690 30,5690 30,5690 30,5689 31,5688 31,5687 32,5686 32,5684 33,5683 62,5683 62,5683 62,5671 63,5670 66,5670 66,5670 66,5645 66,5644 63,5644 62,5644 62,5621 63,5620 63,5618 64,5617 105,5617 105,5617 105,5592 105,5591 100,5591 99,5591 99,5566 99,5565 68,5565 67,5565 67,5564 68,5563 99,5563 99,5563 99,5513 100,5512 110,5512 110,5513 110,5522 111,5523 111,5538 110,5539 110,5629 110,5638 111,5639 111,5660 110,5661 110,5702 111,5703 111,5718 112,5718 184,5718 184,5719 184,5734 184,5734 111,5734 110,5735 110,5765 111,5765 113,5765 113,5766 113,5781 114,5781 184,5781 184,5782 184,5802 185,5802 189,5802 189,5803 189,5808 189,5808 185,5808 184,5809 184,5839 185,5839 189,5839 189,5840 189,5844 189,5844 185,5844 184,5845 184,5850 184,5850 111,5850 110,5851"/><TextEquiv index="1"><Unicode></Unicode></TextEquiv></TextLine><TextLine id="r0_l019"><Coords points="1035,5803 4066,5803 4066,5999 1035,5999"/><TextEquiv index="1"><Unicode>ment là pour aller prendre l'air; ma rê-</Unicode></TextEquiv></TextLine><TextLine id="r0_l020"><Coords points="1,5852 190,5852 190,6122 1,6122"/><TextEquiv index="1"><Unicode></Unicode></TextEquiv></TextLine><TextLine id="r0_l021"><Coords points="1046,6057 4066,6057 4066,6257 1046,6257"/><TextEquiv index="1"><Unicode>verie me porta machinalement dans le</Unicode></TextEquiv></TextLine><TextLine id="r0_l022"><Coords points="1030,6315 4061,6315 4061,6524 1030,6524"/><TextEquiv index="1"><Unicode>pavillon du parc où j'ai été blessé. De-</Unicode></TextEquiv></TextLine><TextLine id="r0_l023"><Coords points="111,6658 110,6658 110,6614 110,6613 42,6613 41,6613 41,6590 41,6589 1,6589 1,6589 1,6386 1,6385 45,6385 45,6385 45,6384 46,6383 110,6383 110,6383 110,6262 111,6261 114,6261 114,6261 114,6260 115,6259 115,6260 115,6267 116,6267 119,6267 119,6268 119,6272 120,6273 120,6361 121,6362 121,6388 122,6388 194,6388 194,6389 194,6462 195,6462 200,6462 200,6463 200,6610 200,6610 195,6610 194,6611 194,6615 194,6615 122,6615 121,6616 121,6622 120,6623 120,6657 119,6658"/><TextEquiv index="1"><Unicode></Unicode></TextEquiv></TextLine><TextLine id="r0_l024"><Coords points="193,6906 193,6875 193,6874 190,6874 189,6875 189,6885 189,6885 121,6885 120,6886 120,6890 120,6890 116,6890 115,6891 115,6895 115,6895 79,6895 78,6896 78,6904 78,6904 74,6904 73,6904 73,6902 73,6901 44,6901 43,6900 42,6900 41,6900 41,6875 41,6874 40,6874 39,6874 39,6870 39,6869 38,6869 36,6868 36,6764 36,6763 5,6763 4,6763 4,6759 4,6758 1,6758 1,6758 1,6749 1,6748 8,6748 8,6748 8,6673 9,6672 39,6672 39,6672 39,6638 40,6637 47,6637 47,6638 47,6674 48,6674 52,6674 52,6675 52,6679 53,6679 120,6679 120,6680 120,6684 121,6684 192,6684 192,6684 192,6672 193,6671 193,6670 194,6669 194,6670 194,6906 194,6906"/><TextEquiv index="1"><Unicode></Unicode></TextEquiv></TextLine><TextLine id="r0_l025"><Coords points="79,7365 78,7365 78,7361 78,7360 74,7360 73,7360 73,7324 73,7323 48,7323 47,7323 47,7303 47,7302 43,7302 42,7302 42,7300 41,7299 41,7256 40,7255 41,7254 41,7187 41,7186 40,7186 39,7186 39,7166 39,7165 1,7165 1,7165 1,7150 1,7149 41,7149 42,7148 196,7148 197,7149 200,7149 200,7150 200,7150 122,7150 121,7151 121,7175 122,7175 125,7175 125,7176 125,7179 126,7180 126,7181 125,7182 125,7186 125,7186 122,7186 121,7187 121,7222 122,7223 122,7224 123,7224 125,7224 125,7225 125,7244 126,7245 126,7286 127,7286 200,7286 200,7287 200,7307 200,7307 128,7307 127,7308 127,7334 126,7335 126,7355 126,7355 84,7355 83,7356 83,7365 83,7365"/><TextEquiv index="1"><Unicode></Unicode></TextEquiv></TextLine><TextLine id="r0_l026"><Coords points="48,7546 47,7546 47,7530 47,7529 42,7529 41,7529 41,7519 41,7518 16,7518 15,7518 15,7488 15,7487 14,7487 13,7487 13,7482 12,7481 12,7454 12,7453 11,7453 10,7453 10,7446 9,7445 9,7398 10,7397 73,7397 73,7397 73,7393 74,7392 110,7392 110,7392 110,7367 111,7366 115,7366 115,7366 115,7356 116,7355 122,7355 122,7356 122,7364 124,7366 124,7369 125,7370 125,7373 126,7374 126,7392 127,7393 127,7429 128,7430 128,7445 129,7445 200,7445 200,7446 200,7536 200,7536 131,7536 130,7537 130,7540 130,7540 84,7540 83,7541 83,7546 83,7546"/><TextEquiv index="1"><Unicode></Unicode></TextEquiv></TextLine><TextLine id="r0_l027"><Coords points="1,7556 217,7556 217,7878 1,7878"/><TextEquiv index="1"><Unicode></Unicode></TextEquiv></TextLine><TextLine id="r0_l028"><Coords points="3733,7910 4029,7910 4029,8108 3733,8108"/><TextEquiv index="1"><Unicode></Unicode></TextEquiv></TextLine></TextRegion></Page></PcGts>