4266 8090
3930 158 4240 247 ---
1391 959 1833 1138 (6
110 1232 3112 1416 puis ce moment, il n'a pas été beaucoup
111 1496 3129 1675 fréquenté. J'entrai, et me jetai sur un
116 1743 3113 1928 siége où j'ai vu plusieurs fois ma Sophie.
111 1996 3134 2175 Un ruban qui lui a servi se présente à ma
116 2244 3134 2423 vue; je le prends avec précipitation, le
55 2477 3398 2665 couvre de baisers, et le cache dans mon
121 2744 3139 2923 sein. Je parcourus après d'un œil curieux
63 2997 3134 3182 la pièce où j'étais, pour voir si je ne dé-
70 3249 3123 3433 couvrirais rien qui lui ait appartenu:
74 3503 3139 3687 mais que vois - je? mon père qui, sur un
126 3750 3334 3940 siége, les bras croisés, me fixoit avec une
137 4003 3145 4188 attention particulière. Je lui demandai
136 4250 3144 4429 s'il v avait long - temps qu'il était là?
16 4504 3145 4683 -- J'y étais quand vous êtes entré, et je
142 4751 3139 4936 suis resté pour vous admirer. Vous avez
146 5003 3138 5182 perdu l'esprit; vous voilà dans un état
152 5244 3133 5430 de folie qui vous met au rang des in-
153 5494 3139 5668 sensés. Si vous eussiez suivi mes conseils,
25 5746 3149 5935 vous seriez un homme: qui êtes - vous
32 5994 3145 6184 à présent? De quoi êtes-vous capable?
168 6241 3154 6394 'out ce qui n'est pas votre amour est
3165 7684 4263 7885 L
