4266 8100
1477 833 1925 1013 La.
185 1113 3217 1308 vous la première impression? -- Non,
185 1371 3507 1561 à la vérité. -- Chevalier, si elle eût été
181 1572 3412 1820 une femme sans principes, qu'en serait-il
179 1883 3238 2062 résulté? Elle vous aurait égaré de toutes
179 2136 3233 2321 manières, d'après la connaissance qu'elle
53 2400 3238 2584 aurait acquise de l'empire qu'elle avait
179 2653 3233 2827 sur votre ame. Vous auriez porté le trou-
53 2911 3228 3043 ble et le déshonneur dans la maison de
53 3159 3222 3338 mon ami: et qui sait si vous n'auriez
127 3407 3222 3592 pas fini par quelque action révoltante?
53 3665 3217 3845 -- Ah, mon père! pouvez-vous me dire
179 3919 3212 4108 des choses comme celles-là? -- Mon ami,
137 4172 3217 4351 je vous dis la vérité. La raison est notre
137 4414 3207 4599 sauve-garde; mais il faut savoir l'em-
136 4677 3211 4856 ployer à propos. Tenez, je vais vous faire
37 4921 3212 5105 quelques comparaisons qui ne devront
47 5174 3212 5358 pas vous paraître choquantes, car toutes
174 5422 3201 5606 les passions se ressemblent...... Vous
142 5680 3212 5854 vous mettoz à table, on vous sert d'ex-
179 5933 3228 6118 collent vin; il flatte votre goût, et vous
32 6186 3217 6388 en usez avec plaisir; mais si vous sentez
443 6487 607 6571 TI.
2273 6492 2674 6577 D
