4266 8090
3793 58 4114 158 L
2276 843 2729 1017 .
984 1126 4034 1311 qu'il peut vous incommoder, votre rai-
980 1371 4040 1554 son vous dit de cesser, ou bien vous vous
985 1633 4040 1823 enivrez. Un homme raisonnable peut-il
3626 1896 4040 2023 Le
980 1891 3561 2075 tomber dans un pareil excès? ...
980 2144 4045 2328 jeu vous amuse et vous plaît; mais si
805 2396 4263 2580 vous cédez au plaisir que vous v prenez,
690 2655 4045 2839 et que vous risquiez plus que votre for-
985 2908 4246 3092 tune ne vous le permet, vous vous rui-
716 3166 4051 3350 nez, et tombez dans la misère et l'igno-
985 3408 4214 3592 minie; car la misère avilit l'homme qui
996 3666 4061 3856 n'est pas né pour s'y trouver, ou il faut
1005 3929 4050 4113 qu'il ait des principes bien robustes.
1011 4182 4214 4367 Quand la raison est le guide de nos ac-
1001 4441 4061 4620 tions, on n'a point à craindre de pareilles
1006 4683 4072 4876 erreurs. Pourquoi voit-on tant de gens,
1001 4936 4246 5125 même d'esprit, passer leur vie entre le
1006 5199 4256 5373 vin et les cartes, et entretenir un com-
1011 5447 4246 5594 merce scandaleux avec des femmes mé-
1011 5705 4061 5889 prisables, parce qu'ils ont donné l'essor
1017 5936 4061 6142 à leurs passions, et qu'ils n'ont pas eu
1001 6195 4056 6405 le courage d'y mettre un frein salutaire?
1 7766 252 7859 l..
3782 7880 3961 8088 L
