4266 8100
1584 948 2037 1137 e
14 1197 3317 1450 pas: est-il heureux d'avoir pu les suivre?
292 1460 3314 1696 C'est ce qu'il ne faudra pas donner à
282 1711 3308 1943 résoudre à celui qui connaîtra madamé
277 1958 3144 2193 de Beauregard, et qui en sera aimé.
446 2210 3304 2443 Adieu. Je vole près d'elle: je ne suis
266 2461 3308 2698 bien que là. Pardonne, mon ami, tous
262 2717 3303 2954 mes rabachages. Je ne suis plus capable
263 2974 3280 3195 que de deux choses, la voir ou en parler.
436 3219 3287 3462 Aime - moi, et compte sur l'attache-
267 3476 1669 3636 ment de ton ami.
1547 3932 3266 4143 Félix d'Auterive.
