4266 8202
1510 959 1964 1137 i
-2 1227 3252 1443 soumis, on voit la peine que cela lui
-2 1454 513 1701 fait.
232 1750 3252 1942 J'ai fort approuvé ma sœur: les en-
-3 1973 3268 2197 virons ont eu les yeux ouverts sur leur
-4 2230 3268 2461 mutuel sentiment; et dans les premiers
-4 2489 3279 2724 momens du veuvage, il ne serait pas
-5 2766 2007 2975 décent qu'elle le reçût.
389 3037 3272 3219 Vous ne vous douteriez jamais, mon
-7 3270 3262 3493 ami, qui est-ce qui s'est donné la peine
-7 3536 3279 3743 de venir nous annoncer la mort de M. de
-8 3735 3278 4006 Beauregard? (que nous savions, puis-
-8 4029 3278 4234 que l'on nous avait envoyé un exprès
-9 4288 3417 4548 jour et nuit) vous ne devinez pas? Le
-9 4543 2482 4761 chevalier de Saint-Hilaire....
406 4805 3273 5004 La foudre serait tombée à mes pieds,
-10 5059 3288 5254 que j'en aurais été moins étonné. Je
-11 5309 3272 5515 me sentis rougir et pâlir. Il s'en aperçut
-11 5516 3272 5782 fort bien, et sa hardiesse parut un ins-
-12 5797 3284 6041 tant chanceler. Pour madame de Beau-
-12 6061 3278 6292 regard, elle se leva avec un mouvement
-13 6325 3272 6597 prompt, et lui dit d'un ton ferme:
