<PcGts xmlns="http://schema.primaresearch.org/PAGE/gts/pagecontent/2017-07-15" xmlns:xsi="http://www.w3.org/2001/XMLSchema-instance" xsi:schemaLocation="http://schema.primaresearch.org/PAGE/gts/pagecontent/2017-07-15 http://schema.primaresearch.org/PAGE/gts/pagecontent/2017-07-15/pagecontent.xsd"><Metadata><Creator>User123</Creator><Created>2020-10-13T09:33:47</Created><LastChange>2020-10-13T09:33:47</LastChange></Metadata><Page imageFilename="0088.png" imageHeight="8141" imageWidth="4266"><TextRegion id="r0" type="paragraph" orientation="-0.0"><Coords points="1,1 4264,1 4264,8139 1,8139"/><TextLine id="r0_l001"><Coords points="3821,37 4086,37 4086,175 3821,175"/><TextEquiv index="1"><Unicode></Unicode></TextEquiv></TextLine><TextLine id="r0_l002"><Coords points="1,164 191,164 191,255 1,255"/><TextEquiv index="1"><Unicode>-</Unicode></TextEquiv></TextLine><TextLine id="r0_l003"><Coords points="2215,869 2671,869 2671,1049 2215,1049"/><TextEquiv index="1"><Unicode></Unicode></TextEquiv></TextLine><TextLine id="r0_l004"><Coords points="890,1155 3986,1155 3986,1304 890,1304"/><TextEquiv index="1"><Unicode>soutiendrai ces mêmes droits de liberté</Unicode></TextEquiv></TextLine><TextLine id="r0_l005"><Coords points="917,1420 3980,1420 3980,1606 917,1606"/><TextEquiv index="1"><Unicode>de tout mon pouvoir, contre quiconque</Unicode></TextEquiv></TextLine><TextLine id="r0_l006"><Coords points="912,1675 3986,1675 3986,1866 912,1866"/><TextEquiv index="1"><Unicode>voudrait les contraindre. Voilà ce que</Unicode></TextEquiv></TextLine><TextLine id="r0_l007"><Coords points="917,1935 3980,1935 3980,2120 917,2120"/><TextEquiv index="1"><Unicode>je pense; dans tout autre lieu je pour-</Unicode></TextEquiv></TextLine><TextLine id="r0_l008"><Coords points="16,2284 15,2284 15,2237 15,2236 11,2236 10,2236 10,2114 11,2113 84,2113 84,2113 84,2041 85,2040 172,2040 172,2040 172,2035 173,2034 173,2033 174,2032 174,2033 174,2218 175,2218 179,2218 179,2219 179,2278 179,2278 21,2278 20,2279 20,2284 20,2284"/><TextEquiv index="1"><Unicode></Unicode></TextEquiv></TextLine><TextLine id="r0_l009"><Coords points="938,2184 3986,2184 3986,2374 938,2374"/><TextEquiv index="1"><Unicode>rais en dire davantage; mais ici, cela</Unicode></TextEquiv></TextLine><TextLine id="r0_l010"><Coords points="917,2449 3975,2449 3975,2629 917,2629"/><TextEquiv index="1"><Unicode>m'est impossible. -- Eh bieu, monsienr,</Unicode></TextEquiv></TextLine><TextLine id="r0_l011"><Coords points="168,2868 168,2864 167,2863 167,2834 166,2833 166,2626 166,2625 16,2625 15,2625 15,2454 15,2453 11,2453 10,2453 10,2449 11,2448 79,2448 79,2448 79,2433 80,2432 84,2432 84,2432 84,2431 85,2430 86,2430 86,2430 86,2427 87,2426 166,2426 166,2426 166,2359 167,2358 167,2263 168,2262 172,2262 172,2262 172,2258 173,2257 173,2253 174,2252 174,2253 174,2469 175,2469 179,2469 179,2470 179,2474 179,2474 175,2474 174,2475 174,2829 174,2829 170,2829 169,2830 169,2868 169,2868"/><TextEquiv index="1"><Unicode></Unicode></TextEquiv></TextLine><TextLine id="r0_l012"><Coords points="922,2698 4256,2698 4256,2883 922,2883"/><TextEquiv index="1"><Unicode>sortons? -- Je ne le puis pour le mo-</Unicode></TextEquiv></TextLine><TextLine id="r0_l013"><Coords points="922,2943 4247,2943 4247,3138 922,3138"/><TextEquiv index="1"><Unicode>ment; mais dans une heure je vous re-</Unicode></TextEquiv></TextLine><TextLine id="r0_l014"><Coords points="928,3212 3980,3212 3980,3397 928,3397"/><TextEquiv index="1"><Unicode>joindrai où il vous plaira. -- Mais, pour</Unicode></TextEquiv></TextLine><TextLine id="r0_l015"><Coords points="917,3461 4239,3461 4239,3657 917,3657"/><TextEquiv index="1"><Unicode>parler, dit-il... Je l'interrompis. -- Je rre</Unicode></TextEquiv></TextLine><TextLine id="r0_l016"><Coords points="922,3715 3970,3715 3970,3901 922,3901"/><TextEquiv index="1"><Unicode>parle pas sans armes aux gens qui se</Unicode></TextEquiv></TextLine><TextLine id="r0_l017"><Coords points="3307,4149 3306,4149 3306,4145 3306,4144 2703,4144 2702,4144 2702,4102 2702,4101 933,4101 932,4101 932,4044 932,4043 928,4043 927,4043 927,4028 928,4027 932,4027 932,4027 932,4023 933,4022 1170,4022 1170,4022 1170,4007 1171,4006 2087,4006 2087,4006 2087,3975 2088,3974 2543,3974 2543,3974 2543,3970 2544,3969 3216,3969 3216,3970 3216,3974 3217,3974 3222,3974 3222,3975 3222,3995 3223,3995 3953,3995 3953,3996 3953,4001 3954,4001 3958,4001 3958,4002 3958,4022 3959,4022 3974,4022 3974,4023 3974,4032 3974,4032 3970,4032 3969,4033 3969,4085 3969,4085 3959,4085 3958,4086 3958,4091 3958,4091 3949,4091 3948,4092 3948,4096 3948,4096 3350,4096 3349,4097 3349,4149 3349,4149"/><TextEquiv index="1"><Unicode>mettent en embuscade, et qui prennent</Unicode></TextEquiv></TextLine><TextLine id="r0_l018"><Coords points="173,4258 171,4256 170,4256 167,4253 166,4253 163,4251 163,4221 163,4220 47,4220 45,4219 45,4092 44,4091 44,4090 44,4089 39,4089 38,4089 39,4088 40,4088 40,4088 40,4087 41,4086 41,4059 42,4058 42,4057 45,4054 45,4010 46,4009 46,4007 47,4006 79,4006 79,4006 79,3859 80,3858 84,3858 84,3859 84,3884 85,3884 87,3884 87,3885 87,3888 88,3889 88,3969 89,3970 89,3999 90,3999 167,3999 168,4000 170,4000 171,4001 174,4001 174,4002 174,4258 174,4258"/><TextEquiv index="1"><Unicode></Unicode></TextEquiv></TextLine><TextLine id="r0_l019"><Coords points="922,4212 3965,4212 3965,4410 922,4410"/><TextEquiv index="1"><Unicode>les hommes au gîte, comme les lièvres.</Unicode></TextEquiv></TextLine><TextLine id="r0_l020"><Coords points="42,4336 41,4336 41,4283 41,4282 11,4282 10,4282 10,4277 11,4276 41,4276 41,4276 41,4245 41,4244 16,4244 15,4244 15,4240 16,4239 45,4239 45,4239 45,4224 46,4223 47,4223 47,4224 47,4239 48,4239 87,4239 87,4240 87,4251 88,4251 164,4251 166,4253 167,4253 170,4256 171,4256 173,4258 174,4258 174,4259 174,4273 174,4273 170,4273 169,4274 169,4304 168,4305 168,4306 168,4306 89,4306 88,4307 88,4313 88,4313 85,4313 84,4314 84,4324 84,4324 48,4324 47,4325 47,4336 47,4336"/><TextEquiv index="1"><Unicode></Unicode></TextEquiv></TextLine><TextLine id="r0_l021"><Coords points="928,4479 3980,4479 3980,4622 928,4622"/><TextEquiv index="1"><Unicode>Vous devez m'entendre? .... -- Mon-</Unicode></TextEquiv></TextLine><TextLine id="r0_l022"><Coords points="922,4733 3970,4733 3970,4919 922,4919"/><TextEquiv index="1"><Unicode>sieur, je suis homme d'honneur. -- Je</Unicode></TextEquiv></TextLine><TextLine id="r0_l023"><Coords points="11,4732 175,4732 175,5044 11,5044"/><TextEquiv index="1"><Unicode></Unicode></TextEquiv></TextLine><TextLine id="r0_l024"><Coords points="859,4972 3970,4972 3970,5168 859,5168"/><TextEquiv index="1"><Unicode>le desire, et dans une heure je le saurai.</Unicode></TextEquiv></TextLine><TextLine id="r0_l025"><Coords points="3323,5426 3322,5426 3322,5422 3322,5421 3318,5421 3317,5421 3317,5374 3317,5373 1670,5373 1669,5374 1669,5384 1669,5384 1664,5384 1663,5384 1663,5380 1663,5379 1659,5379 1658,5379 1658,5374 1658,5373 959,5373 958,5373 958,5369 958,5368 954,5368 953,5368 953,5364 954,5363 958,5363 958,5363 958,5359 959,5358 985,5358 985,5358 985,5306 986,5305 990,5305 990,5305 990,5299 991,5298 992,5298 993,5297 995,5297 997,5295 998,5295 999,5294 1000,5294 1007,5287 1008,5287 1008,5287 1008,5286 1011,5283 1033,5283 1033,5283 1033,5259 1036,5256 1036,5255 1045,5246 3487,5246 3487,5246 3487,5242 3488,5241 3492,5241 3492,5242 3492,5246 3493,5246 3752,5246 3752,5247 3752,5252 3753,5252 3757,5252 3757,5253 3757,5267 3758,5267 3762,5267 3762,5268 3762,5289 3763,5289 3942,5289 3942,5290 3942,5294 3943,5294 3953,5294 3953,5295 3953,5299 3954,5299 3964,5299 3964,5300 3964,5310 3965,5310 3969,5310 3969,5311 3969,5347 3969,5347 3965,5347 3964,5348 3964,5358 3964,5358 3959,5358 3958,5359 3958,5363 3958,5363 3943,5363 3942,5364 3942,5368 3942,5368 3371,5368 3370,5369 3370,5421 3370,5421 3366,5421 3365,5422 3365,5426 3365,5426"/><TextEquiv index="1"><Unicode>'rouvez-vous dans le chemin qui mène</Unicode></TextEquiv></TextLine><TextLine id="r0_l026"><Coords points="20,5559 19,5559 19,5555 20,5554 47,5554 47,5554 47,5498 47,5497 20,5497 19,5497 19,5491 20,5490 47,5490 47,5490 47,5475 47,5474 46,5474 45,5474 45,5471 45,5470 20,5470 19,5470 19,5464 20,5463 41,5463 41,5463 41,5459 42,5458 44,5458 45,5457 46,5457 46,5457 46,5454 47,5453 47,5379 48,5378 84,5378 84,5378 84,5343 84,5342 80,5342 79,5342 79,5337 80,5336 84,5336 84,5336 84,5268 85,5267 89,5267 89,5267 89,5253 89,5252 85,5252 84,5252 84,5226 85,5225 89,5225 89,5225 89,5221 90,5220 94,5220 94,5221 94,5336 95,5337 95,5352 96,5352 163,5352 164,5351 164,5332 163,5331 163,5321 164,5320 164,5307 163,5306 163,5267 164,5266 174,5266 174,5267 174,5305 174,5305 170,5305 169,5306 169,5320 170,5320 174,5320 174,5321 174,5384 174,5384 170,5384 169,5385 169,5400 170,5400 174,5400 174,5401 174,5537 173,5538 172,5538 170,5540 169,5540 167,5542 166,5542 166,5521 165,5520 165,5515 164,5514 164,5502 163,5501 163,5491 164,5490 165,5490 165,5490 165,5480 164,5479 164,5475 163,5474 163,5452 163,5449 164,5448 166,5448 166,5448 166,5427 166,5426 165,5426 164,5426 164,5422 163,5421 163,5417 164,5416 164,5406 165,5405 166,5405 166,5405 166,5401 167,5400 167,5385 167,5384 165,5384 164,5384 164,5380 163,5379 163,5364 163,5363 96,5363 95,5364 95,5373 94,5374 94,5432 95,5433 95,5442 94,5443 94,5453 93,5454 93,5469 94,5470 94,5495 94,5495 53,5495 52,5496 52,5511 53,5511 94,5511 94,5512 94,5554 94,5554 53,5554 52,5555 52,5559 52,5559"/><TextEquiv index="1"><Unicode></Unicode></TextEquiv></TextLine><TextLine id="r0_l027"><Coords points="2587,5681 2586,5681 2586,5677 2586,5676 2486,5676 2485,5676 2485,5634 2485,5633 949,5633 948,5633 948,5629 948,5628 943,5628 942,5628 942,5624 942,5623 938,5623 937,5623 937,5618 937,5617 933,5617 932,5617 932,5565 932,5564 928,5564 927,5564 927,5555 928,5554 942,5554 942,5554 942,5507 943,5506 2283,5506 2283,5506 2283,5502 2284,5501 2612,5501 2612,5502 2612,5506 2613,5506 3434,5506 3434,5506 3434,5502 3435,5501 3895,5501 3895,5502 3895,5548 3896,5548 3948,5548 3948,5549 3948,5554 3949,5554 3964,5554 3964,5555 3964,5559 3965,5559 3969,5559 3969,5560 3969,5585 3970,5585 4176,5585 4176,5586 4176,5591 4177,5591 4181,5591 4181,5592 4181,5596 4181,5596 4177,5596 4176,5597 4176,5604 4176,5604 3970,5604 3969,5605 3969,5607 3969,5607 3965,5607 3964,5608 3964,5612 3964,5612 3959,5612 3958,5613 3958,5623 3958,5623 3853,5623 3852,5624 3852,5628 3852,5628 3021,5628 3020,5629 3020,5638 3020,5638 3016,5638 3015,5639 3015,5645 3015,5645 2618,5645 2617,5646 2617,5654 2617,5654 2613,5654 2612,5655 2612,5670 2612,5670 2608,5670 2607,5671 2607,5676 2607,5676 2602,5676 2601,5677 2601,5681 2601,5681"/><TextEquiv index="1"><Unicode>à la croix des Haies; je m'y rendrai. Je</Unicode></TextEquiv></TextLine><TextLine id="r0_l028"><Coords points="16,5881 15,5881 15,5867 16,5866 20,5866 20,5866 20,5708 20,5707 16,5707 15,5707 15,5682 16,5681 17,5681 17,5681 17,5670 18,5669 47,5669 47,5669 47,5597 48,5596 50,5596 50,5596 50,5575 51,5574 84,5574 84,5574 84,5555 85,5554 93,5554 93,5555 93,5564 94,5565 94,5647 95,5648 95,5824 96,5825 96,5826 97,5826 99,5826 99,5827 99,5848 100,5848 163,5848 163,5848 163,5703 164,5702 166,5702 166,5702 166,5586 166,5585 165,5585 164,5585 164,5581 163,5580 163,5576 164,5575 164,5554 165,5553 165,5550 166,5549 166,5543 169,5540 170,5540 172,5538 173,5538 174,5537 174,5538 174,5850 174,5850 94,5850 93,5851 93,5881 93,5881"/><TextEquiv index="1"><Unicode></Unicode></TextEquiv></TextLine><TextLine id="r0_l029"><Coords points="928,5761 2443,5761 2443,5936 928,5936"/><TextEquiv index="1"><Unicode>le saluai, et sortis.</Unicode></TextEquiv></TextLine><TextLine id="r0_l030"><Coords points="16,5882 180,5882 180,6081 16,6081"/><TextEquiv index="1"><Unicode></Unicode></TextEquiv></TextLine><TextLine id="r0_l031"><Coords points="1118,6010 4182,6010 4182,6196 1118,6196"/><TextEquiv index="1"><Unicode>Je trouvai ma sœur qui m'attendait.</Unicode></TextEquiv></TextLine><TextLine id="r0_l032"><Coords points="26,6294 25,6294 25,6281 25,6280 24,6280 23,6280 23,6276 23,6275 22,6275 20,6274 20,6101 21,6100 54,6100 54,6100 54,6095 55,6094 88,6094 88,6094 88,6090 89,6089 167,6089 167,6089 167,6081 168,6080 174,6080 174,6081 174,6289 173,6290 101,6290 100,6291 100,6294 100,6294"/><TextEquiv index="1"><Unicode></Unicode></TextEquiv></TextLine><TextLine id="r0_l033"><Coords points="922,6260 4182,6260 4182,6450 922,6450"/><TextEquiv index="1"><Unicode>Elle me prit la main, et me conduisit</Unicode></TextEquiv></TextLine><TextLine id="r0_l034"><Coords points="27,6518 26,6518 26,6514 26,6513 21,6513 20,6513 20,6297 21,6296 25,6296 25,6296 25,6295 26,6294 167,6294 167,6294 167,6293 168,6292 174,6292 174,6293 174,6359 175,6359 179,6359 179,6360 179,6444 179,6444 175,6444 174,6445 174,6515 174,6515 32,6515 31,6516 31,6518 31,6518"/><TextEquiv index="1"><Unicode></Unicode></TextEquiv></TextLine><TextLine id="r0_l035"><Coords points="167,6712 166,6711 21,6711 20,6711 20,6530 21,6529 52,6529 52,6529 52,6514 53,6513 101,6513 101,6514 101,6515 102,6515 174,6515 174,6516 174,6683 174,6683 170,6683 169,6684 169,6712 169,6712"/><TextEquiv index="1"><Unicode></Unicode></TextEquiv></TextLine><TextLine id="r0_l036"><Coords points="173,6907 173,6904 173,6903 168,6903 166,6902 166,6901 166,6900 164,6900 163,6900 163,6892 163,6891 21,6891 20,6891 20,6864 20,6863 16,6863 15,6863 15,6839 16,6838 20,6838 20,6838 20,6712 21,6711 94,6711 95,6712 169,6712 169,6713 169,6762 170,6762 174,6762 174,6763 174,6907 174,6907"/><TextEquiv index="1"><Unicode></Unicode></TextEquiv></TextLine><TextLine id="r0_l037"><Coords points="51,7083 50,7083 50,7065 50,7064 48,7064 47,7064 47,7049 48,7048 52,7048 52,7048 52,6943 51,6942 51,6938 50,6937 50,6917 50,6916 27,6916 26,6916 26,6896 26,6895 21,6895 20,6895 20,6893 20,6892 21,6891 95,6891 95,6892 95,6902 96,6902 167,6902 168,6903 169,6903 169,6904 169,6907 170,6907 174,6907 174,6908 174,7059 173,7060 173,7061 167,7067 166,7067 164,7069 96,7069 95,7070 95,7080 94,7081 94,7083 94,7083"/><TextEquiv index="1"><Unicode></Unicode></TextEquiv></TextLine><TextLine id="r0_l038"><Coords points="16,7097 432,7097 432,7383 16,7383"/><TextEquiv index="1"><Unicode></Unicode></TextEquiv></TextLine><TextLine id="r0_l039"><Coords points="21,7383 175,7383 175,7501 21,7501"/><TextEquiv index="1"><Unicode></Unicode></TextEquiv></TextLine><TextLine id="r0_l040"><Coords points="31,7789 30,7788 1,7788 1,7788 1,7669 1,7668 26,7668 26,7668 26,7664 27,7663 94,7663 94,7663 94,7652 95,7651 166,7651 166,7651 166,7532 167,7531 167,7526 168,7525 172,7525 172,7525 172,7521 173,7520 174,7520 174,7521 174,7531 175,7531 179,7531 179,7532 179,7642 180,7642 185,7642 185,7643 185,7774 186,7774 275,7774 275,7774 275,7483 276,7482 276,7483 276,7774 277,7774 397,7774 397,7775 397,7785 397,7785 112,7785 111,7786 111,7789 111,7789"/><TextEquiv index="1"><Unicode></Unicode></TextEquiv></TextLine><TextLine id="r0_l041"><Coords points="182,7868 181,7868 181,7866 180,7865 180,7863 179,7862 179,7861 178,7860 178,7856 177,7855 177,7854 177,7853 176,7853 175,7853 175,7850 175,7849 69,7849 68,7850 68,7867 68,7867 1,7867 1,7867 1,7789 1,7788 4,7788 5,7789 111,7789 111,7790 111,7827 112,7827 185,7827 185,7828 185,7849 186,7849 190,7849 190,7850 190,7868 190,7868"/><TextEquiv index="1"><Unicode></Unicode></TextEquiv></TextLine><TextLine id="r0_l042"><Coords points="64,7934 63,7933 63,7932 62,7931 62,7930 61,7929 61,7928 60,7927 60,7926 59,7925 59,7924 58,7923 58,7922 57,7921 57,7920 55,7918 55,7917 54,7916 54,7915 53,7914 53,7913 52,7912 52,7911 51,7910 51,7909 50,7908 50,7907 49,7906 49,7905 48,7904 48,7903 47,7902 47,7901 46,7900 46,7899 44,7897 44,7896 43,7895 43,7894 42,7893 42,7892 41,7891 41,7890 40,7889 40,7888 39,7887 39,7886 38,7885 38,7884 37,7883 37,7882 36,7881 36,7880 35,7879 35,7878 34,7877 34,7876 32,7874 32,7873 31,7872 31,7871 31,7870 1,7870 1,7870 1,7869 1,7868 1,7867 75,7867 76,7868 190,7868 190,7869 190,7929 192,7930 195,7930 195,7931 195,7938 196,7938 227,7938 228,7939 465,7939 465,7940 465,7944 466,7944 476,7944 476,7945 476,7949 476,7949 129,7949 128,7950"/><TextEquiv index="1"><Unicode></Unicode></TextEquiv></TextLine><TextLine id="r0_l043"><Coords points="3737,7956 3935,7956 3935,8139 3737,8139"/><TextEquiv index="1"><Unicode></Unicode></TextEquiv></TextLine></TextRegion></Page></PcGts>