4266 7992
1577 859 2014 1035 S
21 1134 3262 1280 terminer notre combat. J'avais été dis
10 1400 3273 1577 trait par le bruit, et je reçus un coup
5 1639 3273 1826 d'épée dans le bras. Pour M. de Saint-
1 1889 3278 2066 Hilaire, sauter sur son cheval, et s'en-
312 2144 3273 2321 fuir ventre à terre, fut l'affaire d'un mo-
317 2394 3288 2576 ment. Je me vis sur - le - champ entouré
317 2643 3288 2825 de tous les domestiques du château, que
317 2898 3294 3075 ma sœur m'avait dépêchés. Elle avait
323 3143 3283 3325 chargé une de ses femmes de m'observer,
323 3403 3450 3580 et par le rapport de plusieurs paysans
327 3646 3293 3834 qui travaillaient dans la campagne, on
333 3892 3294 4033 fut aisément sur mes traces. Je suis très-
333 4147 3299 4334 fâché que l'on m'ait empêché de tuer cet
7 4397 3299 4579 homme, qui peut encore donner de la
328 4641 2503 4829 suite à ses détestables projets.
510 4891 3320 5073 Je fus obligé de retourner au château;
338 5130 3434 5318 mais j'avais de l'humeur, car, dans
338 5391 3299 5557 toute autre circonstance, mon escorte
343 5646 3299 5822 m'aurait paru risible. Figurez - vous une
349 5871 3288 6062 douzaine d'hommes à cheval, armés,
349 6129 3294 6317 chacun selon son emploi, de fourches,
