4266 8070
2217 888 2664 1067 .
941 1161 3957 1340 de bâtons, de balais, de vieux ſusils tout
940 1428 3950 1623 rouillés, et, je crois, non chargés. Il v
941 1681 4256 1860 avait jusqu'à un marmiton, qui, monté
673 1934 4225 2112 sur un âne de la fermte, et une broche à
988 2181 3946 2354 a main, jouait très - bien son rôle. Enfin,
925 2428 3951 2606 j'enfilai l'avenue au milieu de cette plai-
935 2669 3951 2848 sante cavalcade. J'y trouvai madame de
930 2916 3941 3095 Beauregard qui courait sans savoir où,
935 3168 3946 3300 suivie de mademoiselle d'Armincourt et
941 3421 4261 3599 de ses femmes. Quel bruit! quel esclan-
935 3673 3951 3857 dre! que les femmes sont crnelles avec
941 3930 3936 4109 leurs maudites craintes! On ne peut rien
935 4183 4048 4361 faire avec elles; elles font de la chose la
930 4435 3930 4613 plus simple, une affaire très-importante.
940 4691 4208 4865 Quand ma sœur vit que j'étais blessé,
941 4934 3936 5107 elle jeta des cris ... mais des cris ....
934 5185 3929 5364 'étais, en honneur, prêt à sortir de
862 5433 3936 5612 mon caractère; d'ailleurs, c'est que la
767 5696 3930 5869 blessure était très - légère: elle ne m'a
941 5938 4204 6121 semblé cruelle, mon ami, que parce
945 6189 4218 6367 u'elle m'a ôté le plaisir de vous écrire,
