4266 8110
1595 972 2038 1146 .
301 1251 3316 1389 et de vous renouveler les assurances de
296 1505 1209 1637 mon amitié.
465 1758 3316 1933 La maison d'Auterive, vous devez le
301 2017 3348 2197 croire, a été promptement instruite de
306 2265 3321 2397 cet événement. Ma chère Henriette m'a
296 2514 3321 2698 fait des reproches très-amers, et a beau-
300 2766 3315 2946 coun pleuré. Depuis ce temps-là, elle est
306 3026 3496 3211 d'un sombre qui m'afflige, et que je n'ai
301 3284 1188 3464 pu dissiper.
475 3533 3316 3723 Le comte, en preux et vaillant che-
301 3786 3512 3982 valier, s'est trouvé très-offensé de ce que
301 4034 3316 4219 je ne l'avais pas fait avertir pour me ser-
306 4277 3316 4478 vir de témoin. Pour le jeune d'Auterive,
306 4541 3316 4741 une fureur concentrée en disait plus que
306 4789 3311 4969 tout au monde. Il marchait à grands pas,
306 5032 3311 5217 se rongeait les ongles, et avait l'air d'é-
1 5286 3311 5481 touffer de fureur. A la fin, il vint me
312 5534 3311 5719 prendre la main, et me dit: Je suis fâché
317 5787 3311 5967 du peu de confiance que vous avez en
317 6041 3321 6210 moi; une affaire comme celle - là me
322 6294 3327 6474 regardait seul: je ne souffrirai jamais
