4266 7953
1 161 537 264 -
2195 953 2848 1144 Coo
926 1226 3893 1413 qu'un autre s'expose, quand il s'agit de
911 1481 3883 1657 la sûreté et de la tranquillité de madame
917 1724 3889 1906 de Beauregard. Il a raison, dit M. d'Au-
911 1973 3883 2154 terive... Pendant ce combat de généro-
615 2221 3883 2412 sité, ma sœur fondait en larmes; elle
911 2465 3883 2646 nous a fait promettre, au chevalier et à
906 2713 3883 2895 moi, de ne jamais avoir d'affaire avec
906 2967 3873 3148 M. de Saint - Hilaire. Nous lui avons
901 3216 2874 3397 promis; cela ne coûte rion.
1082 3469 3863 3645 Je me porte à présent très-bien, c'est-
906 3713 3863 3894 à-dire, mon bras est guéri, et mon pre-
901 3961 3873 4142 mier soin, aussi-tôt que j'ai pu toucher
901 4215 3863 4391 ma plume, a été, mon ami, de vous
906 4463 3858 4634 donner de mes nouvelles, et de vous faire
901 4707 3852 4883 part de cet événement. J'ai mis du monde
901 4955 3889 5131 à la poursuite de notre brave. Je vou-
901 5194 3847 5385 drais pour beaucoup le retrouver, et évi-
896 5447 3847 5634 ter au chevalier d'Auterive de se charger
896 5691 3842 5872 de cette affaire; car deux furieux ensem-
891 5939 3827 6141 ble s'enferrent quelquefois l'un et l'autre.
896 6177 3832 6369 Mais il n'est point à Dijon: je ne le
