4266 8110
28 134 201 227 -
136 1246 3152 1437 était planté devant moi comme un
131 1495 3158 1694 spectre, me tira de mon égarement. Je
136 1751 3164 1956 lui adressai quelques paroles, auxquelles
136 2005 3168 2214 le digne personnage no se donna pas la
136 2254 3167 2450 peine de répondre. A la fin, il s'expli-
142 2505 3168 2699 qua de ſaçon à me faire entendre qu'il
142 2757 3168 2953 desirait un entretien plus particulier: de
147 3003 3163 3204 mon côté, je ne demandais pas mieux;
152 3259 3179 3457 car il fallait que le dépit qui ne pouvait
152 3515 3179 3700 retomber sur cette femme, retombât sur
157 3780 949 3954 quelqu'un.
326 4016 3184 4168 Nous nous rendîmes dans un chemin
105 4264 3196 4472 désert à peu de distance du château: il
110 4519 3189 4709 me lâcha quelques mots très - piquans
17 4771 3184 4970 avec son air froid, qui ne faisait que
163 5020 3184 5218 doubler ma colère; et assurément il al-
162 5273 3195 5487 lait payer cher ses froides plaisanteries,
168 5527 3189 5736 quand un tumulte affreux qui se fit en-
179 5781 3195 5982 tendre, nous força de remettre nos épées
173 6035 3189 6233 dans le fourreau. Je me suis éloigné très-
179 6287 3195 6495 promptement, et me suis retiré au-delà
