4266 8151
3763 170 4264 269 ---
1512 907 1964 1088 e
455 1687 2981 1814 I.
202 2022 3258 2170 Le Chevalir'D'eie
393 2287 3051 2441 au Chevalier De Vlnelle.
217 2897 434 2996 L
211 2960 3432 3146 'ivresse de mes esprits, ô mon cher
207 3221 3423 3407 de Valbelle, m'a empêché depuis quel-
49 3465 3264 3662 que temps de t'écrire. Enſin, l'aurore
207 3731 3274 3911 d'un beau jour s'est levé pour moi: ma
218 3985 3269 4171 divine Sophie, cette femme tant aimée,
218 4245 3264 4426 est libre.... Quel mot, grands dieux!
223 4495 3274 4681 oui, mon ami, elle est veuve depuis
16 4755 3280 4935 quelque temps. Je plains M. de Beau-
202 5010 3269 5195 regard d'avoir perdu la vie, puisqu'elle
48 5259 3269 5439 était sa femme: mais en reportant les
52 5513 3268 5699 veux sur moi, quelle perspective s'offre
212 5768 3269 5954 à mes regards!... Sophie! vous pourrez
223 6013 3280 6204 lonc un jour combler les vœux du plus
175 6278 3274 6469 passionné des hommes; un jour.... Mes
