4266 8120
988 1150 4044 1320 ſorces m'abandonnent à cette idée. Je
982 1405 4055 1609 me sens dévoré du feu qui circule dans
988 1663 4050 1880 mes veines. Si jamais je puis atteindre
988 1918 4050 2123 au faîte du bonheur.... Mon ami, je
987 2175 4055 2381 n'ai qu'une crainte; c'est de n'avoir pas
988 2432 4055 2634 la force d'y résister.... Je crains que la
988 2687 4045 2883 mort ne vienne mettre un terme.....
982 2949 4049 3140 Non, les facultés d'un mortel sont tron
988 3198 4044 3404 fragiles pour supporter l'excès d'une ſé-
982 3470 2390 3612 licité tant desirée.
997 3709 4246 3913 Que ma position est changée! Cette
988 3969 4045 4176 femme que je n'osais envisager sans fré-
982 4225 4261 4427 mir; cette femme séparée de moi par
982 4476 4209 4681 un obstacle impossible à surmonter, eh
977 4741 4235 4940 bien, mon ami, un moment l'applanit;
988 4996 4039 5198 un seul moment change mon sort: je
982 5249 4255 5445 puis arriver jusqu'à elle .... ie puis as-
982 5494 4039 5702 pirer au bonheur de la posséder pour
982 5751 4034 5971 jamais.... Mon ame s'affaisse sous le
993 6017 2627 6207 poids de ma félicité.
1173 6259 4018 6468 Je ne puis te rendre ce qui s'est passé
3695 6511 4022 6642 daits
