4266 7992
999 1171 3991 1358 Sais-tu bien que sa femme pourra faire
999 1420 3996 1603 le bonheur de quelque honnête homme?
988 1680 3985 1857 Elle est jeune, aimable, et sûrement se
989 1936 3986 2071 remariera. Si elle veut suivre mon con-
989 2196 3866 2373 seil, ce sera plutôt que plus tard...
989 2440 3980 2628 Mais réponds-moi donc quelque chose?
957 2690 3970 2872 --Mon père, je vous prie de m'épar-
982 2944 4240 3121 gner: vous savez..... que.... Je ne pus
978 3184 3970 3361 achever; l'air de mon père m'avait tout-
978 3445 3965 3621 à-fait mis hors de moi. Il vit que je souf-
968 3689 3965 3888 frais, et finit les railleries que, je
968 3944 4217 4126 t'assure, je n'étais pas en état d'enten-
968 4194 3954 4376 dre: mon cœur était dans une agita-
963 4444 3954 4626 tion .... Je ne sais, mon ami, ce qui
957 4693 3949 4865 se décidera sur mon sort; je ſlotte entre
952 4943 4152 5125 la crainte et l'espoir: ma tête est fati-
1655 5193 3939 5380 ..Sophie est dans la retraite
957 5219 1566 5396 guée...
957 5448 4147 5646 depuis la mort de son mari. Sa présence
947 5703 3928 5885 m'est interdite; les jours me paraissent
942 5953 3923 6140 des siècles, et les nuits sont d'une lon-
947 6192 3913 6410 gueur.... Je m'étais fait une si douce
