4266 7997
1623 852 2060 1030 oo
342 1117 3330 1306 habitude de la voir! Je n'ose diriger mes
342 1374 3325 1560 pas vers Ormilly; je crains qu'un mou-
342 1630 3419 1811 vement involontaire ne m'entraîne jus-
337 1877 3324 2065 qu'à ses pieds. Je ne veux point enfrein-
342 2138 3324 2320 dre ses ordres, malgré qu'il m'en coûte.
514 2385 3339 2560 Adieu, mon ami. Je suis reconnaissant
343 2631 3335 2823 de l'intérêt que tu prends à ce qui me
248 2885 3335 3089 regarde: je te connais sensible; le lan-
349 3130 3340 3324 gage de mes lettres n'est point étranger
348 3395 1253 3529 à ton cœur.
531 3636 3329 3825 Compte à jamais sur le mien. Ton
348 3885 1603 4034 ami et camarade
1399 4272 3142 4421 Félit d'Auterive.
