4266 8041
1529 911 2057 1089 ià
304 1199 3309 1387 entendre (quelques jours après) qu'elle
293 1450 3303 1628 pouvait recevoir du monde: elle a com-
288 1701 3303 1890 pris ce que je voulais lui dire, et a paru
283 1958 1063 2089 fort émue.
461 2220 3288 2398 J'ai été hier chez le comte d'Auterive;
272 2466 3293 2654 je lui ai dit que je croyais prudent de
272 2722 3282 2918 hâter le mariage de nos jeunes amans,
267 2974 3288 3152 tant pour leur bonhour, que pour ôter à
267 3230 3262 3413 ce Saint - Hilaire toute espèce d'espoir.
262 3481 3282 3625 Il m'a très - fort approuvé. Voilà trois
257 3722 3282 3916 mois que ma sœur est veuve; on est
251 3989 3272 4167 moins sur l'étiquette dans la province;
251 4235 3272 4413 d'ailleurs, personne n'ignore l'état dans
246 4481 3267 4665 lequel était M. de Beauregard, et l'on
241 4738 3246 4916 s'attend à une prompte union. Qui est-ce
246 4984 3256 5167 qui ne sait pas l'amour du chevalier?
268 5234 3245 5370 ſout le monde desire de voir cet aimable
246 5486 3272 5675 couple réuni; ils inspirent le plus vif
241 5748 770 5879 intérêt.
194 5984 3251 6183 M. d'Auterive a fait appeler son fils,
241 6251 3235 6434 et lui a demandé s'il voulait épouser ma-
