4266 8041
1539 796 2089 974 io3o
298 1078 3309 1267 auprès de la mienne, ne put l'empêcher
288 1335 3303 1513 de se jeter à ses pieds en entrant dans
277 1586 3303 1764 l'appartement, de couvrir ses mains de
288 1838 3298 2010 baisers et de larmes, et de dire ... de
288 2094 3298 2277 dire ... ce que ni lui, ni personne ne
282 2345 3288 2534 pouvait comprendre; c'était le langago
277 2602 3272 2785 de la déraison ... Quand nous entrâmes,
272 2853 3272 3026 nous vîmes trois femmes déconcertées,
272 3104 3267 3282 madame de Beauregard, particulière-
267 3356 3256 3554 ment, dans un trouble inexprimable.
262 3607 3256 3785 M. d'Auterive lui demanda sa main pour
262 3864 3256 4047 son fils; j'ajoutai qu'il fallait que cela
185 4115 3256 4301 fût conclu incessamment. Elle voulut
257 4361 3241 4544 obtenir du temps; mais le chevalier n'en-
251 4617 3241 4795 tendait pas raison; il la pressa avec un
257 4869 3369 5047 feu: quelle tête! ... Madame de Beau-
162 5115 3230 5298 regard était d'un embarras; elle me fai-
241 5371 3214 5555 sait réellement peine. Je profitai de ce
35 5617 3214 5811 moment pour prier le comte de vouloir
220 5874 3214 6062 bien permettre que le même jour qui
4010 5981 4204 6216 L
220 6125 3209 6303 unirait son fils à ma sœur, fût celui où
