4266 7972
1656 721 2190 898 i.
415 1002 3410 1189 partage, et le trop heureux d'Anterive
415 1256 3405 1433 sera son seul et unique époux. Ma satis-
415 1510 3405 1687 faction est si grande, que je ne pose pas
414 1759 3404 1935 à terre; je passe mes jours à lui répéter
415 2004 3400 2185 mes continuelles protestations d'amour;
426 2268 3415 2445 elle y répond avec sensibilité; mais sa
415 2495 3410 2684 modestie lui impose la loi de me cacher
420 2767 3410 2943 une partie de tout ce qu'elle éprouve; ses
419 3020 3399 3196 veux seuls m'expriment ce qu'elle pense.
431 3270 3415 3452 Quelle volupté pour moi de pouvoir lire
426 3530 3421 3706 dans ses regards vifs et tendres l'expres-
431 3779 3426 3955 sion d'un sentiment qui fait tout mon
426 3986 3426 4210 bonheur! Pourras-tu jamais te faire une
426 4277 3421 4459 idée des sensations que j'éprouve? Non,
426 4537 3410 4732 je ne le crois pas; mon cœur nage dans
426 4781 3415 4957 un torrent de délices.... Dans quinze
431 5030 3436 5211 jours, tout le bien qui peut arriver à un
431 5274 3421 5455 mortel, ton ami l'aura éprouvé. C'est
431 5523 3405 5715 encore bien long; mais il a été impossible
436 5782 3431 5938 de hâter ce bienheureux moment. Mon
440 6020 3425 6207 père a fixé à cette époque mon mariage
2626 6270 2844 6395 6
