4266 7992
1915 760 2643 937 ro.
859 1046 3845 1228 avec Sophie, et le même jour ma sœur
853 1301 3850 1483 épouse M. Darcy. Ils sont très - satisfaits,
853 1545 3856 1722 car ils s'aiment tendrement; mais quelle
853 1795 3856 1925 différence d'eux à moi! Personne n'est
848 2045 3850 2227 capable de sentir ce que j'éprouve; c'est
682 2300 3845 2477 un feu dévorant que vous seule, mon
848 2544 3830 2721 adorable Sophie, êtes capable d'allumer...
838 2794 3840 2971 Que nous serons heureux! Lorsque j'en-
838 3049 3835 3231 visage la félicité à laquelle je suis près
838 3304 3824 3486 d'atteindre, je crois que c'est un songe;
827 3554 3824 3736 je n'ose me livrer à l'espoir que cela réus-
833 3804 3809 3986 sira; il me prend quelquefois des craintes...
838 4059 3819 4230 mon cœur se resserre... Hier encore je
833 4314 3809 4485 me suis endormi avec cette idée, et mon
833 4553 3809 4735 sommeil fut d'une agitation! Je me
827 4803 3804 4985 voyais près d'un précipice avec ma So-
817 5047 3804 5234 phie: un monstre passait, la pousse; elle
822 5297 3793 5479 tombe: je veux la retenir; je me sens
817 5552 3788 5724 entraîné avec elle; je jette des cris hor-
812 5791 3783 5979 ribles; je me réveille comme un furieux,
807 6057 3783 6234 el cours par ma chambre. Elle est peu
