4266 7992
1 182 187 273 --
2123 754 2648 942 (1o)
879 1056 3871 1238 amené de si grand matin. Elle avait beau
879 1306 3866 1488 me demander ce qu'il y avait de nouveau,
869 1561 3876 1748 je ne me ressouvenais plus de rien; je ne
874 1821 3876 1998 pus que la regarder; mon ame toute en-
874 2071 3876 2253 tière la contemplait, et planait, si j'ose
874 2326 3861 2503 m'exprimer ainsi, sur tous ses charmes.
879 2565 3882 2747 Le fen de mes regards la jeta dans un
900 2825 3887 3002 embarras... Elle sonna, et me pria de
874 3075 3882 3270 passer chez son frère, pendant qu'elle
879 3330 3871 3502 allait se lever. Je suivis ses ordres; mais
885 3580 3887 3721 que ce moment fut cruel! comme elle
879 3830 3897 4007 m'arrachait avec inhumanité à la plus
890 4085 2217 4215 délicieuse extase!
1066 4333 3881 4515 Ce ne fut qu'à t'heure du déjeûner,
890 4579 3892 4756 où, tous réunis, je lui contai le rêve
890 4829 3892 5006 cruel qui m'avait amené si matin. Elle
879 5073 3887 5250 sourit; mais d'un sourire si tendre, en
895 5333 3892 5510 disant: Mon Dieu, chevalier, que l'on
889 5577 3881 5754 a de peine à savoir ce que vous avez!
900 5828 3892 5968 Jamais ce matin vous n'avez voulu me
885 6067 3876 6249 le dire: je suis fâchée contre vous. -- Ah,
