4266 7848
4045 188 4250 285 -
1654 760 2178 945 i.
412 1030 3348 1246 Sophie! ce matin je n'avais de facul-
402 1281 3357 1495 tés que pour vous regarder. En disant
408 1530 3347 1744 ces mots, je pris une de ses mains, que
386 1777 3353 1984 je couvris de mille baisers. Elle serra
382 2021 3343 2233 la mienne, et jeta sur moi un regard...
398 2264 3343 2478 Quel regard! ... il pénétra tout mon
387 2508 3338 2722 être. ... Elle ne m'aurait pas regardé
371 2750 3337 2964 ainsi une heure plutôt..... Que quinze
367 2998 2152 3197 jours sont longs!!!!!
532 3246 3327 3448 Adieu, mon ami: fais donc tes efforts
366 3497 3312 3711 pour venir me voir dans ce temps: que
362 3743 3317 3954 j'aurais de plaisir à t'avoir pour témoin
367 3988 3322 4211 de mon bonheur! Compte à jamais sur
362 4236 2796 4395 l'amitié de ton camarade et ami
1379 4612 3098 4780 Félix o'Auterive.
3417 7565 4169 7679 --
