4266 7958
1507 880 2066 1093 (3s
289 1200 3282 1382 gent, buvant long-temps sans qu'il v
280 1450 3293 1631 paraisse, et ſaisant jaser à volonté ceux
280 1709 3278 1890 avec qui il se trouve; rancuneux comme
31 1957 3283 2139 tous les paysans, sur-tout avec leur sei-
280 2195 3272 2377 gneur. Il a été vassal de Beauregard,
280 2439 3490 2620 et a eu des différends avec lui; ce qui
41 2651 3278 2869 lui a fait quitter la terre d'Ormilly. Je
280 2941 3272 3128 me suis emparé facilement de l'esprit de
290 3195 3278 3371 cet homme: je lui ai fait voir les choses
285 3443 3283 3625 sous le jour qu'il m'a plu de les lui
274 3687 3272 3858 présenter; et il s'est rendu très-volon-
274 3925 3262 4111 tiers l'espion de ce qui se passait au
78 4179 3257 4360 château, dont il connaît plusieurs va-
72 4432 3262 4614 lets. Il m'a appris que, sous huit ou dix
264 4681 3262 4862 jours, par une double alliance, madame
274 4935 3252 5116 de Beauregard et son frère finissaient,
269 5183 3506 5364 l'une au petit chevalier, et l'autre à la
269 5427 1778 5618 jeune d'Auterive...
1778 5432 3262 5626 .Quel charmant
274 5680 3247 5861 quatnor! Tu sens bien que le mariage
274 5918 3252 6110 de l'insipide Darcy avec la petite fille
274 6167 3252 6353 m'est d'une parfaite indifférence. Mais
