4266 7905
2198 896 2717 1076 l
962 1179 4251 1364 me touchent guères. Si les hommes re-
957 1436 3922 1616 venaient assez vîte pour me faire crain-
957 1688 3932 1873 dre de manquer ma proie, nous serons
957 1930 3927 2105 plusieurs armés, de façon à ne rien
962 2172 4170 2352 craindre. Tout est prévu, tout est ar-
957 2419 3927 2599 rangé. Je sens que je prends un parti
957 2666 4189 2841 violent; que ce sera un coup d'éclat;
968 2918 3922 3098 mais il me faut la possession de cette
952 3165 3922 3345 femme, ou la mort. Mes passions sont
968 3417 3927 3592 tellement enflammées, qu'il ſaut triom-
962 3659 3927 3834 pher ou périr. Je ne négligerai rien pour
962 3901 3912 4076 réussir. Je t'écrirai; si je ne t'écris pas,
957 4153 3912 4328 c'est que je n'écrirai plus. J'ignore le
968 4390 3912 4570 sort qui m'attend; mais cela m'est égal.
968 4637 2362 4812 Adieu: tout à toi,
1580 5003 3814 5136 Chev. De Saint-Hilaire.
