4266 8051
3868 147 4210 252 -
2352 942 2877 1115 (18
1106 1232 4120 1415 aura quatre nouvelles unions. Pour avoir
1095 1483 4109 1672 part à ce bienfait, il faut que les filles
1095 1735 4094 1918 soient pauvres, et qu'elles soient sages;
1090 1992 4094 2170 elles ne seront dotées qu'à ces conditions.
1090 2243 4099 2422 Ma sœur a mandé sur - le - champ le pas-
1080 2500 4094 2684 teur, et lui a communiqué son projet,
1085 2752 4094 2883 en lui demandant de l'éclairer sur le
1084 2997 4263 3175 choix qu'elle devait faire. Il a beaucoun
1079 3249 4087 3427 applaudi, et lui a dit que, dans la jour-
1085 3496 4264 3680 née, il ferait assembler les pères et mères
1085 3748 4209 3946 dont les filles se trouvaient dans le cas
1085 3994 4235 4172 d'avoir part à ses bontés. Nous étions
1085 4246 4088 4429 tous occupés de cette agréable idée, lors-
1084 4491 4255 4675 qu'un vieillard fit demander la permis-
970 4744 4193 4927 sion de parler à madame de Beauregard.
1080 4990 4214 5168 Elle le fit entrer; il pleurait, et lui de-
1080 5231 4083 5409 manda, en versant des larmes, d'avoir
1085 5483 4078 5682 pitié de lui; qu'il avait un fils, seul sou-
1090 5740 4178 5918 tien de sa vieillesse; qu'il s'était éloigné
1090 5991 4073 6175 du village depuis plusieurs jours, parce
1084 6242 4061 6415 qu'il était amoureux de Claudine, ſille
