4266 8100
1471 849 2009 1034 (1)
210 1138 3253 1333 du meûnier; qu'elle était riche, et que
94 1403 3249 1587 le père ne voulait pas qu'ils se mariassent
195 1661 3249 1841 ensemble; que, si elle voulait avoir la
37 1920 3254 2094 bonté de doter son fils, cela leverait
1 2173 3254 2363 peut - être les difficultés; qu'il n'aurait
93 2430 3253 2615 pas alors le malheur de perdre son cher
200 2690 3238 2827 enfant. Où est - il? dit madame de Beau-
94 2948 3249 3127 regard. -- A Dijon. Madame, il ne veut
94 3201 3238 3391 pas revenir..... Elle jeta un coup-d'œil
21 3454 3238 3634 sur le chevalier, qui, les yeux fixés sur
94 3702 3228 3882 elle, avait l'air de la dévorer de ses re-
190 3961 3460 4145 gards. Il se leva: Que faut-il faire? Elle
185 4219 3228 4399 lui tendit la main avec un air reconnais-
179 4478 3217 4615 sant d'avoir été devinée. Il faut l'aller
174 4736 3212 4921 chercher, dit - elle; il faut que tout le
169 4989 3196 5126 monde soit heureux de notre bonheur.
21 5242 3201 5427 Soyez tranquille, digne homme, en s'a-
174 5485 3201 5670 dressant au vieillard; vous ne vous re-
110 5748 3190 5932 pentirez pas d'avoir mis votre confiance
111 6002 3307 6211 en moi. Le chevalier partit comme un
111 6255 3185 6450 trait. Le pauvre Mathurin (c'est le nom
