4266 8070
2254 830 2790 1009 lo
993 1114 4009 1303 de ce bon père) nous dit que le meûnier
916 1382 4030 1561 était ſier; qu'il ne savait pas s'ilvoudrait
983 1634 4014 1818 y consentir. -- Je lui parlerai, lui dit ma
988 1886 4009 2076 sœur; il faudra bien qu'il y consente.
983 2144 4246 2317 Effectivement, elle fit dire au moûnier
988 2391 4030 2522 et à sa fille de venir au château sur les
993 2643 4025 2827 six heures. Elle prit le père en particu-
988 2900 4025 3084 lier, et lui persuada sans peine de con-
993 3147 4025 3342 sentir au mariage de sa fille; qu'elle levait
988 3400 4035 3578 la difficulté de la fortune, puisque c'était
988 3652 4183 3831 la seule objection qu'il y eût à ſaire contre
988 3904 4183 4088 le jeune garçon. Elle annonça cette nou-
993 4151 4230 4330 velle à la jolie Claudine, et la garda
998 4403 4020 4587 près d'elle pour être témoin de l'entrovue
1004 4661 4025 4792 des deux amans. Le chevalier ramena le
998 4913 4025 5097 pauvre garçon: il n'avait pas voulu le
1009 5160 4030 5344 mettre au fait de ce qui se passait, pour
998 5407 4167 5591 laisser à madame de Beauregard le plaisir
1004 5664 4219 5796 de lui annoncer cette bonne nouvelle.
1014 5917 4020 6095 Quand il entra, et qu'il vit sa maîtresse,
1019 6153 4167 6337 il manqua tomber de l'autre côté. On
3831 6358 4025 6500 lu
