4266 8070
3835 114 3978 206 -
2300 887 2832 1072 )
1050 1166 4072 1372 l'œil fixé sur son amie, respirait à peine.
1050 1425 4072 1615 Des sons entrecoupés se faisaient enten-
1045 1675 3983 1874 dre quelqueſois, et on distinguait....
992 1927 4066 2096 Ou'elle est belle!... qu'elle est bonne!...
1034 2185 4073 2379 A chaque exclamnation, ma pauvre main
1045 2437 4072 2622 était pressée par des mouvemons convul-
1034 2692 4072 2888 sifs. Je fis de vaines tentatives pour la re-
1034 2952 4083 3150 tirer. On a raison de dire qu'un fou a
1046 3204 2848 3350 des forces suraturelles.
1218 3460 4067 3653 Madame de Beauregard a atteint dans
1050 3711 4078 3906 ce moment un degré de bonheur qu'il est
1055 3958 4067 4154 difficile de décrire: elle jouit quand elle
1055 4206 4252 4405 fait des heureux; et puis le motif qui la
1060 4456 3295 4650 conduit est si pur, si délicat!
1234 4700 4247 4920 Depuis que le jour du mariage est fixé,
1060 4965 4062 5172 et qu'elle peut donner à son ame tout
1038 5223 4239 5423 l'essor qui lui est propre, c'est toute
1050 5457 4188 5667 une autre femme. Il semble qu'un rayon
1023 5721 4225 5883 émané de la divinité soit venu se fixer
1055 5960 4188 6174 dans ses yeux; plus elle approche du
1013 6215 4051 6381 moment où elle doit faire le bonheur
