4266 7943
3729 78 3868 176 -
2203 765 2901 998 iir.
962 1102 3931 1288 calme: on voit qu'elle marche d'un pas
962 1355 3941 1545 ferme dans le sentier qu'elle a su se
951 1602 3940 1783 frayer: plus il a été pénible, plus elle a
957 1857 3931 2038 de gloire d'en avoir vaincu les obstacles.
1133 2115 3941 2291 Je ne vous parle point, mon ami, du
957 2363 3925 2539 chevalier; ma plume est novice pour un
957 2607 3920 2793 pareil sujet; c'est, pour tout dire en un
859 2860 3915 3036 mot, le délire de la passion. Vous pouvez
952 3098 3920 3279 vous figurer ce qui peut en résulter,
957 3351 3920 3532 quand on a vingt-deux ans, qu'on a une
946 3594 3915 3765 tête bouillante, un cœur brûlant ....
982 3842 3914 4017 Toutes ses actions, ses paroles, ses dé-
957 4091 3920 4225 marches sont celles d'un homme dont
946 4344 2260 4525 l'esprit est aliéné.
1127 4598 3899 4789 Je le plains réellement; il doit souffrir:
946 4846 3910 5027 il est changé; sa figure a perdu un peu
957 5089 3910 5270 de cette aimable fraîcheur qui lui seyait
957 5342 3905 5513 si bien: j'espère que la conclusion du
952 5575 3894 5756 mariage rétablira l'équilibre dans ses
952 5875 1552 5999 organes.
873 6065 3888 6265 Sans l'événement qui le rapproche de
