4266 7895
1567 862 2092 1037 r.
10 1145 3300 1333 ma sœur, je crois que ce malheureux
-2 1386 2663 1572 aurait perdu la raison ou la vie.
508 1624 3275 1808 J'espère que cette lettre ne m'attirera
319 1870 3269 2056 pas le reproche que quelquefois j'abrége
-4 2082 3259 2309 les détails; ceux - ci sont amples. Trop
-4 2320 3249 2558 heureux si cela porte quelque distrac-
-5 2598 3227 2824 tion à la solitude dans laquelle vous vivez.
-6 2824 3233 3063 Adieu, mon ami: continuez à vous bien
-7 3099 3227 3341 porter, et croyez -moi pour la vie votre
-7 3340 1495 3550 ami et camarade
2221 3624 2853 3809 Darcy.
