4266 8001
1 1120 3292 1302 ſemme et moi.... Ma femme! que ce
292 1375 3287 1511 nom est doux à mon cœur! Nous nom-
292 1625 3287 1813 merons le premier né de ces mariages.
281 1881 3298 2063 Un des jeunes garçons qui doit avoir
297 2131 3298 2313 part à ce bienfait, s'était éloigné du
318 2390 3298 2568 canton, ne pouvant, par la médio-
281 2636 3292 2818 crité de ses moyens, épouser la fille
270 2885 3291 3067 qu'il aimait. J'ai pressenti que ma chère
260 3141 3287 3319 Sophie desirait que je me chargeasse de
271 3397 3292 3574 ramener ce pauvre malheureux. Je l'ai
271 3642 3292 3819 été chercher à Dijon, et l'ai conduit
260 3892 3287 4069 aux pieds de sa bienfaitrice. Il a été si
260 4136 3287 4324 reconnaissant de ce qu'on faisait pour
260 4392 3277 4574 lui, qu'il est venu ce matin me deman-
260 4642 3287 4819 der de s'attacher à moi, et d'entrer à
260 4897 3282 5027 mon service. Mais madame de Beaure-
292 5142 3277 5329 gard ne le veut pas. Comment! dit-elle,
255 5397 3266 5585 un homme qui ne dépend de personne,
260 5647 3282 5835 qui peut gagner sa vie honorablement
266 5892 3266 6080 du travail de ses bras, voudrait se ren-
260 6137 3272 6293 dre l'esclave des fantaisies d'un maître?
