4266 7987
1476 956 1996 1133 i.
249 1232 3222 1419 sentir qu'il se dégraderait, et que vous
255 1481 3227 1663 ne pouvez l'avilir au point d'accepter ses
260 1725 702 1860 offres.
431 1959 3238 2157 M. Darcy, à ces mots, lui serra la
265 2219 3243 2385 main avec une douce satisfaction. Qu'elle
265 2469 3243 2604 a de délicatesse dans ses sentimens! elle
265 2718 3243 2895 commande la vertu à tous ceux qui l'en-
270 2967 3248 3149 tourent. O Sophie, Sophie! que je suis
270 3207 3248 3399 loin de vous! Mon ami, elle a eu la
1 3461 3253 3653 bonté de me donner son portrait, mais
281 3721 3258 3898 avec une grâce qu'elle seule possède. Il
14 3960 3258 4142 tient à un brasselet de cheveux; elle l'a
19 4215 3264 4391 elle-même attaché à mon bras. Depuis
291 4464 3258 4636 ce bienheureux moment, mon ame a
301 4714 3258 4890 été se réfugier sous ce divin brasselet:
31 4953 3258 5140 c'est là où j'existe, jusqu'à l'instant où,
301 5213 3269 5394 plus heureux qu'aucun mortel de la terre,
311 5451 3273 5632 ie pourrai posséder son charmant ori-
317 5701 3284 5893 ginal, et mourir du bonheur de pouvoir
2491 5950 3295 6080 ..Grands
317 5961 2491 6138 la presser dans mes bras....
333 6190 3300 6340 dieux! cette idée me met hors de moi...
