4266 7987
1528 855 2162 1035 i.
716 1631 3050 1709 EL
399 1973 3398 2114 . au Comte De Belle-
1559 2295 2235 2385 lle.
399 2634 3393 2816 Il ne faut compter sur rien dans ce
394 2879 3398 3061 monde, mon cher ami. Les plus grands
395 3127 3399 3322 obstac es s'applanissent quelquefois, con-
384 3386 3399 3576 tre toute espèce de probabilité, et au
384 3641 3388 3815 moment où l'on se croit arrivé au but,
389 3884 3394 4079 on en est repoussé par des événemens
394 4119 3387 4328 que l'on ne peut ni prévoir ni surmon-
394 4384 3388 4567 ter. Tout l'édifice de notre bonheur est
389 4629 3387 4818 écroulé; un seul moment a suffi pour
378 4883 3388 5073 nous plonger dans un abîme de maux
373 5127 3377 5314 dont nous ne savons par où sortir. C'est
374 5376 3518 5578 ce scélérat de Saint-Hilaire qui est seul
373 5622 3160 5831 cause du malheur qui nous accable.
546 5866 3368 6053 Il avait fait le détestable projet d'en-
373 6124 3362 6317 lever ma sœur; et quoique nous ayons
