4266 8001
2120 888 2813 1125 S
886 1235 3866 1370 combat. Ils s'élancèrent l'un vers l'autre
891 1485 3860 1667 avec une même fureur: d'Auterive ne se
688 1735 3860 1917 possédait pas. Saint-Hilaire, aussi fu-
891 1985 3866 2167 rieux, s'abandonnait sans règle ni me-
891 2235 3866 2365 sure. Le comte se tuait de crier à son
891 2469 2756 2662 fils: Du sang - froid!..
2813 2485 3871 2657 .. Pour moi,
891 2735 3866 2917 mon esprit était dans une perplexité dif-
896 2975 3871 3170 ficile à décrire; je tremblais pour les
886 3230 3866 3412 jours de l'amant de ma sœur, quand je
891 3485 3855 3662 vis Saint-Hilaire tomber mort à ses pieds.
921 3739 3865 3917 oujours bouillant, toujours emporté,
896 3991 3866 4168 sans se donner la peine de nous dire une
896 4235 3867 4413 parole, il remonte à cheval, part comme
901 4480 3866 4663 le vent, et nous laisse, son père et moi,
901 4730 3860 4907 sur la route avec le corps de Saint-Hilaire.
901 4980 3871 5158 Nous fûmes sur-le-champ à Dijon faire
901 5230 3871 5408 notre déposition de l'enlèvement de ma-
901 5475 3871 5652 dame de Beauregard. Le lendemain, le
901 5725 3871 5902 comte d'Auterive est parti pour, de son
906 5970 3860 6147 côté, faire quelques démarches, et voir
895 6219 3859 6402 s'il n'apprendra rien sur le compte de
