4266 7992
1107 1221 4267 1384 Un moment a détruit toute l'harmo-
936 1469 4267 1657 nie qui existait ici. Si près d'un beau
936 1664 4268 1913 jour, nous voilà tous dispersés!... Quand
936 1975 3943 2158 nous rejoindrons-nous? quand et com-
947 2223 4269 2413 ment? Mon ame est fatiguée. Adieu,
956 2475 4270 2667 mon ami: aussi-tôt qu'il y aura quelque
957 2725 3949 2917 chose de nouveau, je vous le ferai savoir.
962 2975 3814 3165 Je suis pour la vie votre dévoué ami
3038 3412 3688 3548 Darci.
