4266 7867
1583 845 2100 1019 (19
767 1616 2893 1689 LEL
451 1936 3247 2085 Le Comte ''vterire à
1192 2237 2452 2345 .Rc.
363 2596 3318 2775 e m'empresse, monsieur, de vous faire
27 2848 3324 3273 e a u a quue, ue e e
364 3340 3319 3514 adressé à un des chefs de la justice, avec
359 3580 3324 3765 lequel je suis entré dans les plus grands
364 3831 3314 3964 détails sur toutes les menées de ce co-
369 4072 3314 4262 quin de Saint-Hilaire. Pardonnez - moi
369 4318 3309 4507 ce terme, mais il échappe à toute l'in-
364 4564 3314 4753 dignation que le souvenir de cet homme
369 4820 3309 4989 excite dans mon cœur. Par le moyen
364 5050 3309 5240 de quelques gens habiles que l'on a en-
364 5296 3304 5475 voyés par la ville, on a découvert un
359 5532 3309 5721 homme qui lui a appartenu; on l'a fait
364 5765 3314 5962 venir, et on l'a fortement menacé, pour
368 6016 3287 6217 qu'il nous dît ce qu'il pouvait savoir:
