4266 7914
3750 89 3986 181 -
2184 884 2710 1058 ion.
947 1148 3927 1347 il nous a juré qu'il ne savait rien des
947 1405 3921 1598 projets de Saint-Hilaire, au service du-
942 1653 3921 1833 quel il avait seulement resté huit jours;
938 1899 3932 2092 mais que, pendant ce temps, il avait
932 2144 3992 2341 porté deux fois des lettres à la poste pour
932 2396 3916 2578 un comte Hector, dont il avait entendu
927 2644 3916 2829 souvent parler entre son maître et le do-
927 2894 3921 3087 mestique qui était plus avant dans sa
916 3137 3910 3333 confidence; qu'il n'avait été pris que
921 3389 3906 3578 pour avoir soin des chevaux, pendant
916 3637 3900 3818 que l'autre était toujours à la suite du
916 3879 3901 4030 chevalier de Saint-Hilaire. Cet aveu nous
911 4137 3889 4327 a paru naturel: je vais sur - le - champ
916 4376 3890 4566 prendre la poste: je connais le comte
916 4616 3886 4824 Hector; c'est le fils d'un de mes anciens
911 4872 3885 5068 camarades; la terre de son père n'est
911 5116 3879 5317 qu'à vingt lieues d'ici; il faudra qu'il
907 5357 3875 5544 me fasse l'aveu de tout, ou mon inten-
905 5600 3870 5807 tion est de ne le pas plus ménager, que
911 5837 3870 6000 mon fils n'a fait de son ami. Je vous de-
906 6089 3854 6288 mande pour toute grace, monsieur, de
