4266 7943
1569 865 2097 1058 ea.
0 1068 3297 1339 ne point abandonner ma fille; songez
325 1349 3293 1571 que vous lui restez seul au monde, jus-
-1 1566 3293 1835 qu'au moment où la fortune lui ramenera
-21 1813 3286 2088 un père et un frère dont le sort est dans
-36 2055 3277 2331 ce moment-ci très-incertain: je sais que
-42 2237 3278 2584 l'on peut la confier à votre loyauté: sa
-39 2516 3262 2791 tante est si avancée en âge, que l'on
-48 2768 3256 3117 peut la regarder comme seule. Je ne
-53 3023 3240 3366 puis vous rendre l'inquiétude où je suis
-57 3273 3235 3571 sur le sort de mon fils; je tremble que
-70 3519 3226 3823 sa tête ne le mène plus loin qu'il ne faut;
-70 3762 3412 4028 plus de sang-froid seconderait mieux ses
-57 4024 3226 4286 vues. Le seul espoir qui me reste, c'est
-78 4270 3220 4567 qu'à quelqu'endroit que l'on ait conduit
-89 4506 3209 4819 madame de Beauregard, elle ne sera pas
-86 4761 3200 5029 prisonnière, et elle donnera sans doute
-110 5027 3190 5279 de ses nouvelles; à moins que l'incer-
-103 5251 3194 5567 titude où l'on sera sur le sort de son ra-
-89 5510 3185 5812 visseur ne la fasse garder avec plus de
-115 5764 3304 6061 soins par ceux à qui il se sera confié.
-120 5965 3185 6319 Dans tous les cas, cela ne peut pas être
