4266 8021
1464 823 1998 1015 l
215 1073 3215 1332 reſusa de m'ouvrir. Je ſus à une autre;
211 1321 3324 1586 même refus. Je pris le parti de me jeter
207 1559 3204 1830 sur un banc de terre qui se trouvait là.
195 1818 3208 2080 Exténué de besoin, de fatigue, et le cœur
16 2062 3204 2327 déchiré par la plus amère douleur, je me
182 2317 3195 2558 déterminai d'v attendre le jour. Qu'il
97 2583 3185 2809 m'a somblé long à paraître! J'ai cru cette
165 2823 3177 3082 nuit éternelle: enfin l'aurore se fit aper-
890 3096 3200 3354 .J'essayai de me lever de la
171 3077 823 3224 cevoir..
90 3319 3152 3582 terre humide sur laquelle j'étais assis,
107 3570 3151 3830 et cela me fut impossible. La grande
11 3802 3147 4083 chaleur que j'avais eue, et le froid qui
107 4061 3135 4326 m'avait saisi, m'avaient donné une cour-
109 4318 3128 4563 bature. Un ſvsan ouvrit sa porte, et
123 4558 3136 4836 me demanda ce que je faisais là? Je lui
122 4815 3116 5086 contai la perte de mon cheval, et m'in-
121 5072 3137 5329 ſormai du lieu où j'étais. Il me dit le
116 5320 3104 5590 nom du village, et je vis que j'avais fait
99 5573 3094 5837 dix lieues en fort peu de tomps. J'ai laissé
109 5832 3080 6046 Dijon sur la gauche à six liaues de l'en-
119 6073 3070 6339 droit où je suis. Ce bon homme vit bien,
359 6384 519 6471 .
3242 7711 4199 7853 -
