4266 8001
3803 97 4168 188 L
2204 854 2725 1026 O
959 1141 3954 1323 rer: je me suis laissé prendre aux belles
943 1391 3954 1579 paroles d'un homme bien méchant. Diou
943 1641 3991 1776 vouille avoir son ame: mais il m'a fait
943 1891 3959 2063 accroire de vilaines choses, dont je vois
938 2136 3954 2313 bien le contraire aujourd'hui. Madame
943 2386 3954 2568 ne méritait pas qu'on lui fît tant de
948 2636 3959 2824 peine, elle qui est si bonne et qui fait
959 2897 3959 3074 tant de bien, ainsi que monsieur le che-
959 3115 1480 3246 valier!
1146 3360 3965 3532 Je vous dirai donc, monsieur, avec
968 3609 3964 3792 tout le respect que je vous dois, qu'elle
973 3865 3953 4068 est peut-être bien, comme je le crois,
974 4121 4178 4298 à seize lienes de chez elle par-delà Châ-
974 4360 3970 4532 lons, chez un nommé le chevalier d'A-
978 4615 3979 4775 vrignv, qui demeure dans sa terre. C'est
973 4860 3979 5042 moi, malheureux que je suis! qui ai
974 5116 4168 5293 porté la lettre par laquelle le méchant
985 5361 4162 5543 homme dont je vous parle, lui faisait
990 5606 3974 5746 savoir qu'il conduirait madame de Beau-
985 5856 3970 6038 regard chez lui. Ce n'est pas l'embar-
979 6111 3970 6283 ras; ce monsieur le chevalier a l'air
