4266 7920
1581 792 2108 971 (
670 1513 2999 1669 LETTRE LXXIII.
355 1910 3333 2065 u. au Comte De Belle-
1550 2226 2113 2322 ville.
360 2529 3318 2751 Jue d'événemens se sont passés, mon
349 2812 3257 3013 cher camarade, depuis la lettre par la
344 3064 3319 3259 quelle je vous ai mandé l'enlèvement
325 3307 3314 3512 de madame de Beauregard! Je vous ai
344 3549 3293 3748 dit que le chevalier nous avait laissés,
339 3803 3303 4000 son père et moi, et était parti sans sa-
334 4048 3308 4245 voir où il allait. Il m'a écrit: je vous en-
334 4296 3313 4496 voie sa lettre, ainsi que celle que j'ai
329 4546 3304 4749 reçue du comte; vous prendrez, par ce
-1 4784 3288 4983 moyen, connaissance de ce qui se passe.
-6 5029 3303 5229 J'étais toujours livré à la plus affreuse in-
329 5276 3297 5461 quiétude, lorsque le jeune pavsan dont
318 5524 3293 5728 je vous ai parlé, et qui doit épouser la
-8 5743 3289 5967 fille du meûnier, est venu, tout hors
-15 6009 3288 6219 d'haleine, me dire qu'il allait partir avec
