4266 7834
3711 32 4017 127 --
2161 775 2676 948 (a
938 1060 3895 1239 ses trois camarades, et qu'ils juraient
942 1304 3888 1482 qu'ils ne reverraient pas le village d'Or-
947 1549 3894 1702 milly qu'ils n'eussent retrouvé madame
948 1794 3915 1978 de Beauregard et le chevalier..... Ils
953 2044 3900 2223 sont partis sur-le-champ avec une ardeur
948 2284 3895 2425 qui m'a touché sensiblement. Le lende-
953 2533 3895 2707 main soir, je reçus une lettre d'un homme
962 2772 3899 2950 qui ne s'est pas nommé, mais dont le
958 3018 3900 3196 style annonce la proſession: il me don-
969 3273 4226 3446 nait avis que ma sœur était sûrement
978 3511 3899 3647 chez un nommé le chevalier d'Avrignv.
958 3752 3910 3930 Malgré que je ne pusse le croire (car
963 3996 3905 4175 vous devez vous rappeler que lorsque
963 4241 3905 4414 notre régiment était à Strasbourg, nous
963 4486 3900 4664 l'y avons vu, et qu'il a l'air d'un très-
969 4731 3910 4899 honnête homme), j'étais résolu d'aller
978 4969 3909 5142 chez lui, et j'avais fait préparer une voi-
979 5210 3900 5383 ture à cet effet. J'allais monter dedans,
974 5465 3910 5638 lorsque j'entendis des cris et des clameurs
978 5703 3909 5896 qui me jetèrent dans le plus grand éton-
984 5944 3914 6132 nement; je sortis pour voir d'où venait
