4266 7943
1655 760 2177 936 l
424 1045 3393 1231 portez des provisions, je paierai tout:
434 1298 3393 1474 que chacun s'empresse, et s'occupe de
445 1536 3398 1712 cette fête; je dînerai avec vous. La joie
424 1784 3372 1965 la plus vive éclata sur tous les visages.
429 2032 3382 2230 Chacun court, et s'empresse pour satis-
424 2281 3377 2420 faire la volonté d'une femme si chérie....
419 2539 3387 2679 Nous entrâmes: ma sœur fit asseoir ces
424 2793 3387 2969 bons vieillards à côté d'elle; nous l'acca-
424 3041 3377 3217 blions de question: Je vous dirai tout,
419 3294 3387 3470 nous dit - elle; mais avant, contez - moi
419 3543 3403 3718 ce qui s'est passé. Où est le chevalier?
414 3786 3372 3967 A cette demande, nous nous regardâmes.
414 4034 3377 4229 Frappés du plaisir de la revoir, nous
414 4277 1929 4453 n'avions rien prévu.
590 4525 3367 4655 Mademoiselle d'Armincourt me dit:
409 4779 3377 4955 Il n'y a rien à dissimuler; il faut lui
414 5022 3356 5203 dire la vérité; elle n'a rien d'affligeant.
403 5270 3362 5451 Elle lui conta sur - le - champ l'histoire du
403 5523 3362 5710 chevalier et de Saint - Hilaire. Au mo-
398 5761 3362 5953 ment où elle parla du combat, madame
403 6020 3356 6201 de Beauregard porta les mains à ses yeux
217 7752 465 7941 L
