4266 7867
1567 804 2085 983 e
292 1091 3293 1270 guirlandes de ſeuillages, suspendues aux
364 1337 3283 1511 arbres, lui formaient une espèce de dais,
364 1578 3283 1757 d'où pendait une couronne. Un ſauteuil
364 1818 3288 1987 élevé, et dont la forme était dérobée sous
369 2064 3288 2238 d'autres guirlandes, avait l'air d'un
369 2305 3293 2484 trône de quelques nymphes des bois. L'as-
369 2551 3565 2725 pect de cette petite fête était des plus
369 2797 3293 2971 agréables, et portait à l'ame cent fois
369 3037 3293 3217 plus de charmes que toutes celles où l'on
369 3288 3299 3463 ne voit que la prodigalité de l'argent, et
374 3539 2735 3708 où le sentiment n'a aucune part.
538 3780 3293 3959 La joie tumultueuse et bruyante de
394 4026 3299 4200 toutes ces bonnes gens, le plaisir pur et
195 4256 3299 4446 naïf qu'ils témoignaient à la vue d'une
374 4518 3304 4692 femme qui les avait comblés de mille
338 4753 3293 4943 bontés, depuis le temps qu'elle habite
384 4999 3299 5178 dans le canton; on était pénétré d'une
384 5219 3601 5368 émotion douce et flatteuse ... C'est dans
394 5469 3304 5655 ces momens-là, momens bien rares dans
389 5721 3304 5901 la vie, où l'on sent tout le charme de
384 5977 3299 6146 son existence, où l'on peut compter, pour
