4266 7882
1667 728 2185 923 i
446 1026 3385 1210 Son regard attendri et caressant se pro-
451 1277 3395 1446 mena sur toute l'assemblée; et ce silence
445 1522 3394 1702 sentimental en dit plus mille fois que
451 1769 3390 1949 toutes les phrases d'un grand rhétoricien.
446 2021 3400 2200 Aussi -tôt qu'elle fut assise, la couronne
445 2266 3399 2440 qui était suspendue, et qui tenait à un
456 2508 3405 2692 fille, tomba doucement, et vint se poser
456 2759 3405 2928 sur sa tête. Dans ce moment, des cris
456 3000 3405 3174 mille fois répétés de vive notre bonne
462 3246 3410 3426 dame! éclatèrent de toutes parts. A ce
467 3487 3405 3667 dernier trait, ma sœur ne put résister à
262 3738 3405 3918 l'émotion qui vint s'emparer d'elle: elle
462 3985 3415 4159 se leva, et tendant les bras aux bonnes
472 4231 3415 4410 gens qui l'entouraient, elle leur dit: Mes
467 4469 3415 4656 amis, mes chers enfans, vous ne me mé-
467 4733 3400 4913 nagez pas; mon cœur ne peut plus résis-
467 4979 3395 5149 aux douceurs dont vous l'enivrez: je
462 5226 3415 5400 n'y tiens plus ... En disant ces derniers
472 5472 3174 5651 mots, son visage s'inonda de larmes.
651 5708 3410 5897 J'étais près d'elle: O mon Dieu! que
467 5964 3405 6138 je suis attendrie! me dit - elle; que ce
