4266 7807
2097 729 2610 905 Co
889 1013 3982 1153 moment a de charmes! Le chevalier n'est
2297 1257 3814 1398 .Cette idée étendit
888 1257 2297 1433 pourtant pas ici..
878 1498 3815 1681 un nuage de mélancolie sur sa figure, et
878 1740 3903 1923 empoisonna tout le plaisir qu'elle aurait
873 1984 3804 2167 pu prendre à l'expression des sentimens
869 2230 3810 2417 de tendresse que chacun s'empressait à
868 2478 1910 2657 lui témoigner.
1036 2726 3845 2903 Sa santé fut portée mille et mille fois
857 2969 3794 3152 avec cette franche gaieté que les gens
863 3205 3799 3392 de la campagne possèdent seuls. Elles
857 3458 3793 3647 avaient placé avec distinction le digne
751 3651 3779 3877 homme et la digne femme qui l'ont ra-
852 3932 3783 4111 menée. Ils ont eu leur part de toutes les
-9 4134 167 4347 L
853 4184 3779 4352 attentions, et on n'a cessé de leur té-
842 4423 3773 4607 moigner la reconnaissance qu'ils inspi-
827 4674 3764 4856 raient pour les services qu'ils ont ren-
832 4912 3768 5097 dus à madame de Beauregard. J'oubliais
837 5161 3764 5337 de vous dire qu'au moment du repas, on
842 5400 3749 5582 n'a pas trouvé nos quatre jeunes garçons;
837 5643 3754 5825 ils ont dit qu'ils ne pouvaient que tra-
842 5891 3753 6074 vailler à la fête, mais qu'ils n'v partici-
