4266 7972
3779 125 4116 197 -
2201 862 2725 1038 6.
981 1142 3960 1324 de vos nouvelles, et croyez à l'attache-
997 1396 2907 1526 ment sincère de votre ami
3104 1651 3955 1837 Darcv.
997 2414 3981 2569 Détails de ce qui est arrivé à Ma-
1194 2684 3981 2836 dame De Beaveearo après
996 2937 3970 3119 son enlèvement, écrits par elle.
1007 3556 3986 3815 Apeine avais - je eu le temps de m'a
1012 3883 3986 4075 percevoir que nous étions environnés
1012 4132 3992 4319 d'inconnus, que je me sentis saisir par
1017 4376 4241 4568 un bras vigoureux, et que l'on m'enleva
1023 4630 4241 4817 par - dessus la portière du phaéton dans
1023 4874 4241 5066 lequel j'étais avec mes amies. L'effroi
1038 5128 4225 5315 que j'eus m'ôta la faculté de jeter
1033 5372 4225 5554 le moindre cri: je reconnns l'odieux
1033 5606 4210 5803 Saint - Hilaire, aux paroles hardies qu'il
1033 5860 3992 6052 osa proférer en me portant à la voiture
1038 6104 4199 6296 qui m'attendait. Je n'y fus pas placée,
