4266 8001
1422 886 1948 1058 i
193 1172 3214 1354 où il me menait? il ne m'entendait pas:
177 1417 3188 1610 il pressait les chevaux du fouet et de
182 1662 3214 1844 l'éperon. La voiture volait, malgré les
188 1917 3199 2094 sillons, qui, pris en travers, me fai-
188 2172 3188 2350 saient éprouver les plus rudes secousses.
193 2417 3199 2594 Je m'étais cramponnée, et j'attendais,
135 2667 3209 2850 non sans impatience, qu'un chemin plus
198 2917 3204 3095 uni se présentât. Il y avait une heure
203 3167 3204 3350 à-peu-près que nous allions ce train-là,
203 3412 3214 3595 lorsque je vis le postillon diriger ses che-
208 3662 3199 3839 vaux vers un bouquet de bois assez touffu.
72 3902 3214 4084 Il ne l'ent pas atteint, qu'il fit claquer
224 4147 3214 4324 son fouet à plusieurs reprises avec une
224 4397 3386 4574 joie extrême. Il se retourna de mon
229 4647 3225 4824 côté en parlant; mais je ne pus distin-
240 4887 3225 5069 guer ce qu'il disait. Je crus m'aperce-
234 5131 3251 5309 voir que sa ſigure annonçait de la satis-
229 5382 3220 5564 faction. Après deux ou trois détours, il
234 5632 3220 5819 prit une allée assez sombre qui descen-
240 5882 3261 6064 dait avec roideur à un bourg. Le jour
254 6125 3380 6318 qui commençait à poindre, me permit
