4266 7992
3861 130 4159 213 -
2253 864 2779 1041 io.
1015 1155 4012 1332 de voir les maisons cà et là. Je ne puis
1015 1394 4012 1571 rendre le confus de mes idées: je n'en
1009 1649 4001 1832 avais pas une de stable: je ſlottais de
1015 1899 2596 2087 la crainte à l'espoir.
921 2149 4007 2321 Enfin, nous arrivâmes à une chau-
1009 2388 4001 2570 mière assez isolée: mon postillon saute
1009 2643 3996 2773 à bas de son cheval avec un air de
1004 2882 3996 3075 triomphe, et se met à crier: Ho, mon
1004 3143 3996 3330 père! alerte: holà! père Mathieu; dépê-
895 3398 3980 3569 chons-nous. Il avait ramassé une pierre,
999 3647 3970 3824 et frappait à la porte à coups redoublés.
999 3897 3986 4069 Il se retourna de mon côté, et me dit
1004 4142 3975 4314 d'un air content: Ils seront bien malins,
999 4392 3970 4563 s'ils viennent nous chercher ici! Allez,
1004 4636 3975 4813 madame, je réponds de vous à présent
999 4886 3965 5063 sur ma tête, ou que je sois débaptisé....
999 5136 4261 5323 La porte s'ouvrit, et je vis sortir de cet
999 5391 4246 5573 humble asyle un vieillard respectable
1004 5640 4230 5822 qui se frottait les yeux: Quoi! c'est toi,
994 5885 3965 6062 Philbert? -- Oui, mon père; mais dépê-
998 6128 3953 6316 chons-nous, et je vous dirai de quoi il
