4266 7920
1541 824 2066 1000 i.
330 1092 3293 1299 gea de m'y faire revenir sans danger. Il
330 1350 3282 1541 emprunta une petite charrette d'osier.
319 1603 3303 1773 Son cousin nous devait mener, et le len-
86 1850 3308 2030 demain je me suis mise en route avec
289 2046 3293 2283 le bon Mathieu et la bonne Cateau, qui
335 2350 3303 2530 n'a cessé d'avoir pour moi des soins que
330 2597 3303 2777 je n'oublierai jamais. Comme le cheval
102 2850 3303 3030 qui nous menait avait besoin de se ra-
340 3097 3308 3272 fraîchir, on s'arrêta dans un village à
335 3339 3298 3544 deux lienes de chez moi. Je m'étais ré-
112 3597 3303 3798 ſugiée dans le fond de notre petite voi-
112 3829 3313 4030 ture, et j'étais très - inquiète d'entendre
345 4097 3628 4300 des hommes parler très - haut, et me
340 4339 3303 4543 nommer. Je fis appeler le conducteur,
345 4586 3365 4772 et lui demandai ce que c'était: Ce sont
340 4833 3303 5014 quatre drôles, dit - il, qui boivent là-
345 5076 3319 5261 dedans, et qui demandent si l'on ne vous
340 5302 3303 5514 a pas vue? ils ſont un tas de questions:
345 5560 3313 5751 dame, c'est que je leur ai rabattu leur
345 5823 3324 6012 caquet; mais c'est que je ne les crains
340 6075 3339 6256 pas, voyez - vous, quoiqu'ils soient
