4266 7783
3719 111 4117 217 -
2157 851 2665 1030 .
971 1117 3871 1314 à son secours ... Mon ami, je me jette
967 1368 3866 1564 à vos pieds, à ceux de mon père; partez
966 1607 3866 1801 tous les deux, que tout le monde la cher-
927 1844 3871 2054 che. Ah! rendez - moi mon bien: c'est
972 2090 3871 2273 ma femme, c'est mon amante. On veut
967 2340 3860 2512 m'ôter ma plume, mon papier. Les bar-
769 2574 3294 2726 bares! ah! ils me feront mourir.
