4266 7807
3693 91 4003 188 -
2103 858 2621 1031 o
914 1133 3810 1280 ue lumière sur le sort du chevalier.
909 1387 3815 1559 Avant-hier, pendant que j'étais à Aute-
909 1630 3820 1798 rive, un homme vint me demander. Ma
899 1874 3815 2052 sœur, toujours inquiète, veut savoir ce
904 2118 3810 2296 que c'est; on lui remet une lettre: elle
904 2367 3799 2535 la décachète; c'était du chevalier: mais,
904 2606 3810 2778 quelle lettre! Elle annonçait qu'il était
894 2855 3799 3037 tombé malade à vingt lieues d'Omilly;
903 3092 3798 3270 et d'après le rapport de l'exprès envoyé
899 3337 3794 3525 par les personnes chez lesquelles il est,
894 3576 3794 3754 madame de Beauregard le crut à son der-
20 3698 157 3893 i
889 3820 3789 3992 nier moment: elle s'est trouvée très-mal;
889 4069 3789 4236 on m'a envoyé chercher: elle m'a conté,
894 4312 3794 4485 en fondant en larmes, l'état dans lequel
894 4551 3799 4719 était ce pauvre chevalier. Je me suis
884 4785 3850 4957 offert pour partir sur-le - champ, et aller
889 5029 3779 5201 près de lui, mais elle n'a pas voulu:
884 5257 3789 5440 tout ce qu'elle a pu m'accorder, c'était
884 5491 3789 5684 de l'accompagner. On a envoyé chercher
894 5755 3784 5928 des chevaux de poste, et nous nous som-
889 5989 2159 6126 mes mis en route.
3642 7622 4023 7805 -
