4266 7982
1497 925 2016 1102 .
473 1206 3232 1341 Si vous l'aviez vue dans la voiture faire
296 1450 3310 1627 des mouvemens précipités pour accélérer
20 1694 3243 1876 le train des chevaux! vous l'auriez prise
24 1944 3238 2162 pour une folle; la tête tantôt à une por-
286 2188 3227 2359 tière, tantôt à une autre, en criant:
281 2432 3238 2609 Mais allons donc, nous n'arriverons ja-
286 2687 3232 2863 mais! Ah! que ces gens-là sont terribles!
286 2941 3238 3113 rien ne les touche. Mon ami, je donne
50 3181 3232 3362 un écu de guide; allons, plus vîte....
55 3429 3242 3606 J'aurais défié à tous les potentats de l'u-
66 3674 3238 3856 nivers d'aller un plus grand train: il lui
281 3924 2702 4100 semblait qu'on n'allait qu'au pas.
296 4168 3238 4324 Elle retombait dans le ſond de la voi-
281 4423 3243 4599 ture anéantie. -- Non, mon frère, je
274 4666 3231 4843 ne le verrai pas; nous arriverons trop
270 4916 3238 5093 tard; mais si nous allions à pied? il me
275 5150 3232 5337 semble que j'irais plus vîte .... Elle
275 5405 3238 5592 croyait que ses jambes iraient comme son
270 5644 3388 5844 imagination. Je lui laissai dire patiem-
151 5898 3222 6080 ment tout ce qui lui passait par la tête.
286 6148 3232 6335 Enfin, mon ami, nous sommes arrivés.
182 7811 385 7980 L
