4266 7783
3717 46 4268 245 --
2126 866 2647 1095 i
676 1084 3866 1332 Elle saute à bas de la voiture: les maîtres
930 1392 3857 1620 de la maison viennent pour la recevoir;
941 1630 3989 1854 elle ne voit, n'entend rien; elle entre,
941 1878 3863 2116 manque se briser les jambes sur une
893 2118 3862 2356 chaise, un enſant, un chien qui étaient
946 2362 3883 2586 sur son passage; elle passe à travers
947 2607 4055 2839 tout cela, trébuche, se rattrape. Où est-
946 2825 3868 3082 il? où est - il? Je me précipite moi-même
949 3099 3867 3327 pour l'arrêter, et lui faire comprendre ce
956 3374 3870 3562 que peut avoir de dangereux une appa-
951 3585 3872 3817 rition si subite. Je ne pus l'atteindre; un
955 3833 3877 4066 instinct aveugle la conduit droit à la
970 4077 3872 4303 chambre du chevalier: le voir, et se pré-
967 4324 3877 4553 cipiter sur lui, fut si rapide, que per-
970 4568 3822 4796 sonne n'eut le temps d'y mettre obstacle.
1147 4811 3884 5041 Il prenait un peu de repos; il ouvre
955 5057 3884 5294 les yeux, se sent inondé de larmes, et
806 5287 3888 5526 couvert de mille caresses: il jette un
867 5536 3898 5777 cri: „Sophie! ah, Sophie!“ et tombe
985 5789 3893 6018 sans connaissance; elle - même avait per-
996 6030 3893 6270 du le sentiment; on l'éloigna, et on leur
