4266 7737
1647 942 2156 1108 ii
458 1219 3340 1390 mais, dit - il ... Ils se regardèrent, et
448 1461 3330 1582 restèrent dans le silence... Le médecin
448 1698 3325 1869 vint à propos pour faire cesser une scène
348 1939 3330 2111 trop fatigante pour tous deux, et je dirai
448 2181 3335 2352 même plus, pour les spectateurs: il or-
453 2423 3330 2594 donna du repos au malade, et on se
239 2647 937 2836 sépara.
615 2896 3325 3073 Pendant qu'ils dorment, ou ne dor-
164 3138 3330 3310 ment pas, je vous écris cette lettre; je la
165 3375 3330 3546 finirai demain, et vous donnerai des nou-
165 3627 3325 3788 velles de notre chevalier. Adieu, mon
368 3864 3068 4040 respectable ami; adieu pour ce soir.
902 4206 2871 4398 Suite de la précédente.
615 4579 3325 4725 On est venu de très-bonne heure me
438 4821 3310 4992 réveiller de la part de notre malade.
428 5058 3320 5234 Je me suis empressé, comme vous le
438 5299 3320 5471 pouvez croire, mon ami, de me rendre
438 5541 3320 5677 à son invitation. Je lui ai trouvé un
433 5788 3466 5978 très-bon visage, et le pouls très-calme.
433 6025 3325 6221 Il a fallu lui conter ce qui était arrivé
160 7556 338 7735 L
