4266 7792
1613 837 2207 1015 a
421 1111 3343 1289 forte se faisait voir dans ses yeux, qui
421 1360 3333 1552 étaient baignés de larmes; ma sœur en
426 1588 3348 1771 parut pénétrée. Que vous m'affligez! lui
421 1842 3323 2014 dit-elle, mon ami: que vous êtes exigeant!
421 2080 3348 2258 Hier, j'étais trop inconsidérée; je crains
421 2324 3643 2501 même d'avoir choqué la bienséance: les
421 2562 3343 2745 personnes qui étaient près de vous ont dû
421 2816 3323 2993 prendre de moi une très - mauvaise idée.
140 3059 3328 3235 -- Mais non, mon adorable amie, dit
140 3240 3328 3480 le chevalier; ils savent nos malheurs:
136 3546 3343 3724 j'ai tout dit; n'êtes - vous pas ma femme?
416 3800 3333 3972 ne la seriez - vous pas déjà sans le sort
420 4037 3322 4215 qui nous a séparés? N'êtes - vous pas à
416 4282 3323 4454 moi? -- Ah! oui, dit-elle, pour la vie. Il
421 4525 3328 4698 se pencha sur son lit, la prit dans ses
416 4759 3318 4926 bras, et l'embrassa avec une vivacité
420 4996 3317 5179 qu'elle ne put réprimer. Je fus obligé
421 5236 3323 5423 d'employer toute ma raison pour la faire
426 5479 3313 5647 entendre à cet aimable étourdi; enfin,
421 5738 3328 5910 je vins à bout de me faire écouter, et nous
426 5971 3313 6159 parlâmes de notre départ. Le docteur
