4266 7891
3789 61 4175 183 -
990 1093 3924 1310 vint, qui, connaissant la cause du mal,
969 1349 3924 1559 et voyant dans madame de Beauregard
958 1595 3913 1807 le remède, nous assura que la fièvre
958 1844 3898 2054 ayant cessé, il pouvait, sans danger, se
954 2073 3898 2298 mettre en route. Nous partons demain.
949 2338 3903 2544 Adieu, mon ami: j'espère trouver une
947 2566 3893 2792 lettre de vous à Ormilly: en attendant ce
943 2829 3882 3036 plaisir, recevez l'assurance d'une amitié
943 3068 3903 3282 qui ne finira qu'avec ma vie. Je suis votre
938 3308 2341 3500 ami le plus sincère
2571 3574 3544 3712 Darcs.
