4266 7858
481 1499 3039 1698 LETTRE LXXVI.
105 1938 3217 2086 Le Chevalir D'Aerire
466 2200 3018 2348 au Chevalier De Vloelle.
271 2747 3213 3018 Q'rl y a long-temps que je ne t'ai
266 3090 3208 3264 écrit, mon cher chevalier! et que j'ai de
271 3330 3203 3504 choses à te dire! Tu verras que j'ai man-
261 3576 3269 3760 qué perdre mon adorable amie: enfin, le
251 3822 3192 3996 ciel nous a rejoints dans un moment où
246 4052 3182 4241 fatigué de corps et d'esprit, j'étais tombé
15 4313 1432 4482 malade ().
235 5029 3162 5213 Je suis à présent habitant sous le même
358 5459 3157 5597 () Le chevalier d'Autcrive conte à son ami
220 5653 3151 5791 ce que nous avons vu dans les lettres précédentes,
215 5832 3146 5991 relativement à l'enlèvement de madame de Beau-
215 6052 3136 6200 regard, et son combat avec Saint-Hilaire, etc. etc.
