4266 7876
1026 733 1933 1015 .
200 1128 3159 1303 sera que plus grand. Le ciel t'a réservé
71 1364 3159 1538 une femme comme peut - être il n'en
195 1610 3451 1790 existe pas; aime-la toujours: elle mérite
200 1856 3154 2047 vraiment l'amour d'un honnête homme.
195 2097 3144 2277 Il avait l'air pénétré en me disant cela:
26 2344 3164 2526 je me suis jeté dans ses bras, et l'ai tant
86 2585 3169 2764 baisé, mon bon père..... Ah! qu'il est
214 2830 3168 3009 doux pour moi de lui voir approuver
96 3077 3159 3251 tous les sentimens que j'éprouve! Com-
36 3318 3159 3497 bien il faut que cette femme soit méri-
102 3569 3164 3749 tante, puisque mon père lui-même......
221 3810 3164 3985 Je suis trop heureux, mon ami; ma
40 4050 3332 4220 félicité est trou grande. Adieu, adieu.
36 4297 3149 4477 Prends part à mon bonheur, et aime
236 4544 1456 4718 toujours ton ami
1277 4882 2990 5037 Félix d'Auterive.
3231 7530 4123 7672 --
