4266 7982
3378 156 4054 249 -----
1372 837 1892 1013 oi
146 1123 3139 1304 nait pas; comment était le pouls; s'il
140 1367 3123 1549 n'avait point trop chaud ou trop froid;
150 1610 3143 1797 que vous dirai - je? tous les soins et
135 1860 3321 2048 toutes les attentions ont été prodigués
140 2115 3139 2292 au chevalier, qui était dans un état de
135 2365 3144 2546 ravissement que je ne pourrais vous
36 2619 733 2760 peindre.
317 2858 3134 3051 Nous sommes enfin arrivés à Ormilly;
146 3113 3149 3295 la joie a été des plus vives. Mademoi
24 3362 3149 3539 selle d'Armincourt ne pouvait se lasser
30 3612 3165 3747 de serrer ma sœur dans ses bras: cette
146 3851 3352 4033 intéressante fille ne peut plus être heu-
151 4100 3139 4282 reuse que du bonheur de son amie.
150 4349 3148 4531 . d'Auterive le père, qui se porte assez
151 4568 3149 4792 bien, a fait à son fils l'accueil le plus
161 4854 3160 5031 tendre. J'ai vu avec plaisir que la
166 5088 3160 5280 double union qui se prépare ſait goûter
171 5342 3181 5530 à son cœur paternel la plus douce satis-
187 5597 3155 5779 faction; pour mon aimable Henriette,
171 5847 3165 6034 elle était si contente de voir tout ce
176 6095 3164 6272 qu'elle aime réuni, elle a tant embrassé
