4266 7801
3493 168 4130 263 ---
1528 825 2306 1015 r.
314 1101 3331 1299 l'état du chevalier; il ne mange pas,
2671 1261 2965 1345 L
313 1348 3242 1548 ne parle pas, et ne dort guères; il passe
242 1592 3505 1798 les trois quarts de la nuit dans le parc;
304 1832 3225 2035 il prend quelquefois la main de ma sœur,
298 2076 3236 2267 la serre dans les deux siennes, et, les
299 2317 3230 2524 yeux attachés sur elle, il reste ainsi des
293 2555 3225 2756 heures entières. Je crains qu'il ne puisse
294 2808 3387 2991 aller jusqu'à demain: plus le moment
289 3062 3219 3245 approche, plus son agitation se mani-
278 3297 3404 3505 feste. Je ne sais comment il soutiendra
278 3544 3209 3732 la cérémonie qui se prépare. Ma sœur
24 3768 3210 3999 n'est point à son aise: elle a passé la
9 4026 3210 4236 journée enfermée avec mademoiselle
268 4272 3200 4481 d'Armincourt: le chevalier, pendant ce
272 4526 3206 4733 temps, se promenait à grands pas dans
13 4767 3201 4974 le parc. M. d'Auterive s'est chargé de faire
262 5016 3196 5216 tous les préparatifs de la fête, que son
35 5254 3190 5455 fils trouve très-ridicules: Tant de monde,
258 5504 3185 5717 dit-il, ne peut que gêner, au lieu d'être
28 5729 3195 5947 libres un jour comme celui-là! Mon père
258 5986 3190 6199 a des idées bien singulières! Moi, j'ai
517 6283 682 6359 I.
2910 7540 4033 7643 -- ---- -
