4266 7807
3793 96 4175 198 --
2213 784 2739 968 ie
989 1039 3954 1522 e aaue puinuan e lu au
999 1545 3957 1762 dont nous jouirions; elle m'écoutait
994 1788 3953 2014 les yeux baissés; et plus d'un soupir
1005 2033 3958 2257 qui lui sont échappés, m'ont prouvé que
1008 2285 3963 2510 son cœur répondait parfaitement au
1653 2526 3967 2728 .. Adieu, mon ami. Je vous
1015 2563 1655 2697 mien....
881 2769 3968 2997 ſerai part incessamment de tout ce qui se
1024 3023 4257 3247 sera passé. Je suis pour toujours, et à
1027 3285 3419 3497 jamais, le meilleur de vos amis,
3316 3702 3951 3840 Darcy.
