4266 7839
2092 836 2608 1012 ip.
913 1101 3843 1292 pareil laps de temps, avant que d'arriver
914 1349 3828 1541 au bonheur? J'ai avancé toutes les pen-
913 1592 3838 1770 dules, et j'ai donné un louis au sonneur
898 1845 3940 2028 pour avancer l'horloge de la paroisse;
913 2092 3832 2273 mais qu'est-ce que c'est qu'une heure?
908 2329 3833 2502 On nous mariera à onze heures, au liou
913 2575 3837 2756 d'être mariés à midi: je voulais que cela
914 2817 3823 2995 fût sur les huit heures du matin;
902 3066 3832 3245 mais mon père veut qu'il v ait grand
913 3307 3823 3486 monde: il a invité tout l'univers: quelle
918 3556 3827 3730 extravagance! que nous allons être
923 3802 3838 3992 gênés! quelle contrainte! Je suis ce soir
913 4046 3818 4227 d'une humeur affreuse. Imagine - toi,
902 4279 3812 4470 mon ami, que je n'ai pas vu aujourd'hui
887 4529 3818 4711 ma Sophie de la journée. Aussi-tôt après
897 4758 3812 4949 le dîner, elle s'est enfermée avec son
893 5001 3812 5187 amie, et n'en est sortie qu'à huit heures
902 5249 3838 5432 du soir: elle avait les yeux fort rouges;
893 5482 3818 5671 je suis sûr qu'elle a pleuré; et de quoi?
887 5730 3806 5909 Mon père dit que je la chagrine, parce
897 5970 3786 6149 que je ne mange pas: ce soir j'ai un
