4266 7728
1660 865 2169 1036 .
458 1137 3351 1318 peu soupé, et j'étouſſe. Que je trouve
458 1379 3346 1560 la journée de demain longue à venir!
145 1625 3346 1801 Je vais compter les heures: qu'elles vont
2233 1871 3501 2037 .. Et demain,
457 1871 2241 1986 se traîner lentement!..
448 2108 3341 2279 elles s'envoleront avec une rapidité ....
2506 2355 3356 2475 .Mais eu
144 2350 2425 2516 c'est-à-dire, demain soir ..
145 2586 3346 2757 attendant, que je vais être contrarié,
144 2828 3351 3004 mon ami! Mon père a fait des préparatiſs
144 3074 3346 3260 de ſeux d'artifice, de bals, de concerts,
144 3316 3386 3487 des repas qui vont être d'une longueur...
145 3533 3356 3723 Ah! si Sophie veut me croire, nous les
443 3799 3356 3970 laisserons; car je crois que cela sera
422 4044 3355 4220 fort ennuyeux..... Voilà une heure qui
443 4287 3341 4458 sonne: jamais le jour ne viendra.....
448 4528 3356 4694 Je viens d'ouvrir ma fenêtre; le ciel est
453 4770 3356 4941 beau; le temps s'est éclairci: je vais aller,
443 5001 3351 5172 mon ami, prendre l'air; je sens que j'en
443 5243 3396 5419 ai besoin. Adieu. Si je survis au bonheur
437 5478 3360 5649 ui m'attend, je te donnerai de mes nou-
453 5721 3351 5892 velles. Tout à toi pour la vie, ton ami
1514 5997 3341 6133 Fdlix d'Auterive.
