4266 7665
3663 30 4047 145 --
2061 863 2575 1038 io
1177 1586 3752 1682 L
892 1955 3777 2145 . an Comte oe Belle-
2031 2261 2650 2350 villE.
902 2549 3767 2724 Je suis enſin, mon respectable ami,
898 2790 3773 2964 l'heureux époux de mon aimable Hen-
893 3034 3783 3204 riette. Voilà huit jours que nous sommes
898 3269 3768 3443 unis, et je ne doute pas que ce ne soit
898 3513 3773 3693 pour notre bonheur à tous. Madame
903 3758 3768 3937 Darcy est extrêmement douce et com-
898 3997 3773 4182 plaisante; j'ai de mon côté l'humeur fort
907 4241 3772 4421 égale; je crois que notre sort sera doux:
903 4481 3778 4626 ma sœur sera très-heureuse aussi. Le
913 4721 3783 4895 chevalier a du mérite, des vertus; mais
903 4965 3768 5150 pour le moment sa passion le domine,
903 5205 3768 5394 et je le crois enclin à une grande jalousie;
908 5449 3773 5629 cela se calmera; pour le moment, cela
908 5689 3778 5874 lui est pardonnable: il possède, et il
893 5923 3773 6118 possède avec enthousiasme, un objet
