4266 7934
1503 813 2149 1049 aſ
1 1162 3249 1368 je remarquai que ma sœur était très-pâle;
284 1410 3244 1591 je craignais qu'elle ne se trouvât mal:
14 1653 3259 1834 elle se recueillit un moment, et reprit
14 1890 3321 2098 plus d'empire sur son ame. Madomoi-
19 2122 3243 2332 selle d'Armincourt était à côté de M.
24 2386 3265 2575 d'Auterive, et leurs yeux attachés sur
305 2629 3259 2810 nous avec attendrissement, prouvaient
34 2882 3259 3070 combien ils prenaient de part à cette
40 3141 3151 3332 chaîne indissoluble que nous formions.
480 3389 3254 3574 Si chaque être qui contracte cet enga-
320 3636 3254 3817 gement aux pieds des autels était péné-
310 3879 3259 4060 nétré des devoirs qu'il impose, peu de
315 4127 3254 4308 gens peut - être oseraient se marier. Je ne
315 4380 3254 4561 fus pas exempt d'un serrement de cœur;
310 4633 3259 4814 l'étendue des devoirs auxquels je m'enga-
325 4881 3270 5070 geais se déroula aux yeux de mon imagi-
325 5134 3270 5310 nation: je me chargeais dans ce moment
331 5385 3280 5563 du bonheur d'un être faible, qui n'avait
325 5625 3280 5806 d'espoir qu'en moi, et du sort des enfans
331 5873 3275 6054 qui peuvent naître de cette union. Quelle
331 6116 3280 6302 tâche à remplir pour un honnête homme!
