4266 7829
1580 963 2085 1137 (2os)
372 1239 3288 1417 ser: son père les embrassa tous deux, et
300 1493 3277 1666 les reconduisit jusqu'à leur appartement.
142 1738 3273 1927 Je me retirai aussi de très-bonne heure;
137 1978 3283 2100 et mademnoiselle d'Armincourt resta avec
199 2182 3288 2391 le comte pour faire les honneurs. Ainsi
362 2452 3278 2630 finit pour nous une journée commencée
137 2692 3278 2885 sous les plus heureux auspices: les fêtes
136 2936 3273 3124 continuèrent pendant quelques jours, et
135 3171 3268 3368 ce qui me fit soupçonner que le chevalier
135 3410 3268 3617 n'était pas exempt de jalousie, c'est qu'à
136 3660 3262 3838 différens bals qu'il y eut, il eut l'air fort
136 3900 3257 4083 triste, parce qu'un jeune officier, qui de-
362 4155 3252 4328 meure à Dijon, affecta de prier plusieurs
347 4399 3242 4527 fois madame d'Auterive. Je le ſis remar-
342 4639 3415 4812 quer à ma sœur, pour qu'elle évitât de
136 4878 3242 5052 faire de la peine à son mari. Depuis ce
137 5123 3237 5296 temps, elle n'a plus dansé, et j'ai vu
137 5358 3380 5551 combien cela lui avait redonné de gaieté.
136 5602 3227 5781 Il ne peut la quitter une seconde: on lit
326 5842 3232 6025 dans leurs regards tout le bonheur dont
321 6081 3319 6280 ils jouissent: le chevalier a repris sa fraî-
