4266 7779
3750 64 4115 157 -
2207 931 2718 1098 c
987 1200 3902 1377 cheur, et a l'air d'une joie .... Il em-
992 1453 3912 1625 brasse sa femme des milliers de fois par
1002 1696 3912 1868 heure. Il a été décidé, mon ami, que je
997 1938 4226 2116 ne quitterais pas M. d'Auterive; il m'a
1002 2181 3917 2318 demandé avec instance de m'établir dans
1006 2418 3921 2601 sa terre, et de vivre près de lui: j'v ai
1007 2672 4221 2855 consenti de tout mon cœur. Nous menons
1007 2905 4226 3082 la vie la plus heureuse. Mademoiselle
1012 3143 3917 3320 d'Armincourt a promis à ma sœur que,
1012 3386 3917 3563 lorsque le ciel aurait disposé des jours de
1017 3639 4223 3812 sa mère, elle viendrait ſinir ses jours à
1017 3877 1655 4049 Ormilly.
1189 4115 4211 4292 Le seul chagrin que nous ayons tous,
1027 4358 3938 4530 d'après l'estime et l'amitié qu'elles nous
1027 4596 3928 4768 inspirent, c'est de ne pouvoir éclair-
1033 4834 3922 5006 cir les nuages qui obscurcissent sa vie.
1033 5071 4246 5254 Adieu, mon ami. Madame Darcy me
1038 5319 4165 5492 charge de vous dire qu'elle vous aime
1 5405 196 5661 L
1038 5567 4160 5745 déjà de tout son cœur, parce que vous
1043 5815 3077 5947 êtes l'ami de son bien - aimé.
1210 6053 3938 6185 Recevez l'assurance de ma sincère ami-
