4266 8046
256 1313 3245 1522 DE BEauAn,
1586 1827 1885 1921 OU
339 2187 3151 2344 LEDLE AMun.
392 3032 3109 3109 LETEL.
236 3382 3241 3534 Le Chevalier oe Sarnt-Hrlaire
749 3659 2769 3806 au Vicomte Hector.
240 4344 3261 4522 'at été découvert, mon ami; j'ai été
246 4602 3262 4785 dépisté. Ce M. Darcy, avec son sang-
241 4853 3256 5036 froid, n'est pas si engourdi que je l'ai
251 5104 3262 5288 cru! il m'a fait surveiller, parce que mon
241 5356 3256 5539 séjour dans ce pays lui a sans doute paru
246 5607 3251 5790 suspect. S'il ne s'agissait que de me mesu-
241 5853 3256 6041 rer avec lui pour emporter la victoire que
246 6104 3262 6287 je desire, ça serait bientôt fait, mais cela
2466 6355 2712 6486 X.
508 6413 670 6486 .
57 7826 460 7923 ---
