4266 8051
917 1153 3947 1337 duire pendant qu'il ferait le guet, la sur-
912 1415 3942 1599 prendre dans son premier sommeil, en
907 1667 3950 1863 jouir ... lui dire que c'est moi, obtenir
917 1913 3952 2097 mon pardon (car il n'y a que le premier
917 2165 3957 2348 pas qui coûte avec les femmes); me voir
928 2416 3957 2600 enfin auprès de cette enchanteresse avec
923 2668 3957 2851 tous les droits que depuis long - temps je
923 2920 3947 3098 desire avoir sur son cœur; profiter pen-
923 3171 3963 3355 dant quelque temps de mon bonheur, et
928 3423 3957 3606 la laisser après au petit bonhomme, qui
923 3659 3984 3858 sera encore trop heureux de l'avoir après
923 3931 3947 4115 moi... Voilà un beau rêve, n'est-ce pas,
928 4183 3947 4356 mon ami? Mais j'en suis bien loin. Le
928 4434 3947 4613 lendemain, je devais mettre mes projets
928 4686 3952 4822 à exécution. -- J'arrive à deux heures de
818 4932 3952 5116 la nuit, rempli du plus brillant espoir:
928 5184 3968 5362 je me trompe de porte; je mets la clef
933 5430 3947 5624 dans une autre; cela fait un peu de bruit...
938 5682 3952 5871 J'écoute; j'attends pour voir si personne
949 5928 3952 6075 n'est éveillé: aucun mouvement ne se
949 6164 4209 6369 fait entendre... je reviens à la véritable;
3722 7883 4088 8049 -
