4266 7982
369 1097 3352 1278 j'ouvre ... A peine ai-je mis le pied dans
369 1336 3347 1528 le petit corridor qui conduit à la garde-
369 1601 3342 1772 robe, que je me sens vivement heurté:
364 1845 3347 2027 on tire un coup de pistolet sur moi; il
31 2105 3347 2281 rate, et je m'enfuis à toutes jambes. Deux
364 2349 3347 2526 énormes chiens étaient déjà aux trousses
352 2603 3341 2779 de mon grand Charles, qui lâcha un coun
25 2843 3331 3019 de pistolet qui en mit un hors de combat.
353 3097 3331 3274 A poine sauvé de la dent de ce féroce
317 3336 3316 3524 animal, un homme lui saute au collet;
348 3591 3326 3773 mais il le terrasse, et nous gagnons notre
359 3830 3331 4022 chaumière, pas pour long-temps, comme
348 4080 3321 4256 tu le penses bien: revenir à Dijon, prendre
42 4324 3321 4506 ma voiture, et partir, fut l'affaire de très-
27 4578 1356 4755 peu de temps.
520 4823 3326 5005 J'ai été plus loin: j'ai changé de nom,
343 5077 3310 5259 et je vais m'occuper de quelqu'autre pro-
338 5316 3321 5498 jet, puisque celui - là a manqué. Je te fais
31 5561 3326 5743 grace des imprécations que j'ai distribuées
47 5815 3305 5992 au ciel, à la terre, etc. etc. etc. J'ai juré,
21 6065 3316 6252 dans ma fureur, que, s'il ne fallait que
