4266 8253
1521 924 1977 1107 I
-14 1192 3272 1427 tu me le fais espérer. Toute à toi pour
-14 1426 730 1698 la vie,
644 1837 3255 1977 a Beaurecaro.
875 2707 2616 2783 LL
-10 3083 3266 3305 M. Darer au Comte De Belle-
1407 3416 2073 3508 ville.
-8 3666 3272 4009 esr inutilement, mon très-cher ca-
-8 4038 3267 4264 marade, que j'ai cherché à rejoindre
-7 4257 3261 4518 M. de Saint - Hilaire pendant que La-
-7 4511 3267 4793 france prenait un moment de repos. Je
-6 4801 3266 5026 vous ai instruit de ce qui nous était ar-
-5 5058 3267 5296 rivé dans la nuit. Aussi-tôt que je crus
-5 5316 3267 5590 pouvoir m'éloigner du château sans don-
-4 5583 3267 5788 ner de soupçon, je montai à cheval, et
-4 5781 3267 6059 Lafrance me suivit. Je m'étais muni
-3 6092 3266 6302 d'armes propres à mon projet. Nous
-3 6336 3251 6573 avons été droit à la maison du paysan;
