4266 8021
1 165 319 251 ----
3844 132 4141 235 --
2251 919 2695 1097 .
987 1201 3969 1384 et peut-être la vie de quatre individus
982 1447 3974 1619 dans ses mains, cela me donne un noir
866 1696 3968 1879 que je ne puis vaincre.... Tant que je
982 1943 3969 2125 l'ai vu à ma portée, que j'ai pu soup-
982 2199 3969 2376 çonner ses projets et les contrebalancer,
982 2444 3969 2627 je n'étais pas fort inquiet; mais à pré-
987 2695 3969 2878 sent, où est-il? que fera-t-il? Je l'ignore,
987 2951 3974 3128 et voilà ce qui me désole; pour comble
982 3201 3974 3379 de malheur, ce n'est plus un mystère
982 3442 3969 3624 pour le chevalier. L'abord froid que l'on
982 3697 3964 3880 a fait à Saint-Hilaire a éveillé ses soup-
982 3953 3969 4131 çons. Il a envoyé à Dijon, et a su qu'il
982 4204 3974 4387 n'y était plus; mais heureusement il
982 4455 3953 4637 ignorait qu'il fût notre voisin si proche.
982 4695 3969 4872 Ma réserve à répondre à ses questions
987 4946 3969 5123 a augmenté ses doutes. Il n'a pas été
987 5186 3959 5363 dupe un instant de l'histoire des voleurs:
987 5431 3964 5614 il m'en a parlé sans contrainte, et avec
987 5687 4136 5870 ne chaleur qui m'a confirmé dans la
992 5927 4241 6115 forte présomption où j'étais que sa tête
992 6178 3964 6324 le menerait loin s'il était instruit des
