4266 8110
1542 892 1996 1067 (e)
253 1167 3295 1362 je te renouvelle l'assurance de toute ma
259 1431 3110 1611 tendresse, et suis à toi pour la vie,
1130 1716 3284 1848 Emilien'Arrincourt.
691 2439 2782 2592 RE LII.
2 2820 3295 2983 AGéQe E D'icoOT
1267 3079 2255 3221 à sa Sœur.
1901 3448 3226 3549 Du Couvent do*
279 3716 3289 3912 'est au lit de la mort, ô ma sœur!
275 3992 3321 4177 (permettez-moi encore ce nom) que je
5 4245 3295 4425 vous écris; c'est au moment de rendre
275 4499 3290 4673 compte à l'auteur de mon être des for-
269 4742 3290 4937 faits dont je me suis rendue coupable,
275 4990 3284 5191 et dont je vous demande mille pardons,
275 5249 2915 5428 que j'ose vous adresser cette lettre.
391 5502 3290 5692 Je sens qu'elle va rouvrir les plaies
275 5756 3279 5951 mal fermées de votre cœur; mais je
280 6009 3274 6210 vous dois l'aveu de toutes mes fautes;
285 6268 3284 6458 et cette expiation est trop légère pour
549 6521 708 6606 II.
3739 7593 4264 7952 L
164 7900 412 8108 L
