4266 8051
2212 870 2652 1048 L.
917 1169 3931 1358 compenser les chagrins que je vous ai
912 1420 3942 1560 causés. Vous allez apprendre des choses
912 1677 3947 1866 que vous ignorez, et qui vous ſeront
912 1939 1431 2070 frémir.
1085 2191 3942 2369 Vous devez vous rappeler la dame
907 2448 3952 2631 Gontier, notre gouvernante: elle s'était
912 2694 3952 2883 particulièrement attachée à moi, m'ayant
917 2951 3952 3129 eu à soigner bien avant vous, puisque
912 3197 3947 3381 j'étais votre aînée. La confiance que
912 3449 3952 3632 notre respectable mère avait en elle, fit
917 3706 3942 3889 qu'elle se reposa entièrement sur cette
907 3957 3936 4141 femme des soins de notre première édu-
917 4214 1415 4351 cation.
1080 4466 3936 4644 Lorsque vous vîntes au monde, cela
907 4707 3942 4890 lui fit beaucoup de peine; et quoiqu'a-
902 4964 3942 5142 lors je ſusse fort jeune, elle ne cessait
902 5215 3936 5399 de me répéter dans son style: „Voyez
901 5471 3941 5660 quel malheur que ma fille ne soit pas uni-
902 5734 3931 5907 que! elle aurait été seule héritière: nous
891 5975 3931 6169 avions bien besoin de cette petite mor-
890 6231 3925 6415 veuse!“ Ces sots propos, et beaucoup
