4266 8130
1 154 599 247 -
2282 958 2732 1133 S
995 1244 4023 1438 time de mes caprices, et avec quelle
990 1498 4028 1678 douleur vous avez toujours souffert mes
990 1752 1726 1932 injustices.
1159 2006 4013 2144 La dame Gontier m'avait souvent
974 2260 4013 2440 parlé d'un de ses neveux qu'elle disait
973 2519 4006 2693 un garçon charmant. Elle avait ſait
969 2763 3997 2949 naître en moi le plus grand desir de le
969 3017 3986 3155 voir. Ma tête était facile à s'enſlam-
963 3277 3991 3457 mer; la violence de mon caractère me
974 3520 3981 3706 portait à tout saisir avec enthousiasme:
969 3780 3991 3970 c'est ce qui m'a perdue, et ce qui a été
799 4039 3086 4177 cause de tous vos malheurs.
1143 4298 3986 4441 Alors Monrose venait souvent au châ-
963 4547 3970 4727 teau: il m'avait toujours été indiſférent.
969 4801 3981 4981 Notre gouvernante savait si bien se
963 5050 3976 5241 rendre maîtresse de mes idées, qu'elle
963 5310 3976 5500 les avait toutes tournées vers un objet
963 5553 3965 5696 inconnu. Son ambition et la facilité
995 5807 4208 5998 qu'elle trouvait à guider un esprit dont
979 6061 3976 6241 elle s'était rendue maîtresse, lui faisait
978 6314 3980 6500 croire facilement que je ferais la plus
3658 7946 4044 8128 -
