4266 7811
300 74 448 147 L
3321 142 4264 242 LE------
1678 772 2258 1012 La.
422 1124 3372 1312 dame Gontier crut qu'il était temps de
417 1373 3372 1568 me faire connaître l'objet qu'elle s'était
417 1622 3367 1800 toujours proposé d'attacher à mon sort,
417 1871 3351 2004 et dont elle avait nourri mes idées de-
407 2121 2039 2315 puis plusieurs années.
574 2354 3355 2537 Elle parla à ma mère de réparations
412 2604 3351 2782 à faire à un pavillon, et tourna si bien
407 2853 3351 3031 sa volonté, qu'elle parvint à introduire
412 3102 3351 3280 dans le château son neveu, qui était
397 3351 946 3524 peintre.
570 3595 3341 3773 Elle me dit qui il était, et m'assura
401 3838 3325 4016 que c'était l'homme qu'il me fallait;
402 4079 3341 4262 qu'il m'adorait depuis long-temps; qu'il
397 4323 3336 4501 m'avait vu à la ville, et qu'il me serait
397 4567 3326 4760 dévoué jusqu'à la mort; qu'il se char-
397 4811 3407 5009 geait de mettre à votre union tous les
397 5050 3331 5248 obstacles possibles, et qu'il s'engagerait
397 5309 3321 5502 à périr, ou à satisfaire mes moindres
392 5579 1032 5701 volontés.
564 5792 3316 5991 Je vous jure, ma sœur, et à l'heure de
396 6041 3316 6240 ma mort je ne voudrais pas me souiller
3992 7504 4264 7648 -
82 7633 544 7809 --
