4266 8070
389 1167 3405 1350 pour vous. Les lettres anonymes, les
383 1418 3404 1602 rapports les plus désavantageux, tout
384 1666 3400 1850 fut employé, et tout ſut inutile. Un
378 1918 3384 2102 jour il me parla de ce qui se passait;
384 2165 3405 2349 il me dit franchement qu'il savait d'où
378 2422 3394 2606 partaient ces lâches intrigues; qu'il était
378 2669 3389 2853 fâché de parler ainsi à la sœur de celle
378 2927 3389 3111 qu'il aimait; mais qu'il m'annonçait
377 3183 3383 3362 que je pouvais renoncer à tous ces vils
373 3436 3373 3620 stratagêmes, parce que rien au monde
373 3694 3379 3873 ne pouvait l'empêcher de devenir votre
373 3946 3373 4125 époux; que la mort seule pouvait y
368 4198 1566 4330 mettre obstacle.
536 4451 3363 4624 A ces mots, ma colère ne connut
362 4560 4228 4880 plus de frein. Je me rendis près de mes
363 4955 3358 5139 deux complices, et il fallut chercher
357 5207 3352 5386 de plus grands moyens: je m'arrêtai à
357 5454 3342 5633 un qui me parut remplir tous mes pro-
351 5695 3341 5884 jets. J'engageai Dumont à vous enlever,
363 5948 3342 6137 et à vous mener dans quelques pays éloi-
363 6200 3342 6395 gnés, pour que Monrose, croyant que
112 7887 541 8068 -
