4266 7992
852 1154 3876 1349 vous le quittiez pour un autre, se déci-
858 1404 3875 1592 dât à renoncer à vous. Je m'engageai à
858 1663 3876 1849 lui fournir l'argent nécessaire pour se
852 1910 3865 2101 procurer voiture, chevaux, etc. etc.
859 2167 3866 2352 Il parut très-mécontent de cet arrange-
863 2414 3875 2600 ment, et s'y reſusa long-temps avec une
864 2661 3876 2843 sorte de volonté; mais j'insistai à mon
858 2914 3876 3105 tour avec un ton qui ne lui permettait
869 3173 3876 3375 pas la moindre objection. Il céda, et
873 3416 3876 3604 c'est Monrose et moi qui furent victimes
873 3667 3876 3851 d'un projet qui ne devait tomber que sur
878 3919 3871 4108 vous. Je me trouvai prise dans mes pro-
873 4177 1607 4359 pres ſilets.
1050 4419 3876 4603 Dumont et son indigne tante ne s'ar-
889 4672 3886 4860 rangeaient point de votre enlèvement, et
890 4926 3554 5119 ils prirent tous deux un autre parti.
1071 5178 3881 5369 La voiture fut achetée, et tout fut
905 5437 3887 5624 arrangé selon mon desir; mais l'issue
894 5682 3164 5870 n'en devait pas être le même.
1082 5926 3876 6072 Ces deux monstres voulaient se dé-
894 6158 3991 6374 faire de vous et de Monrose, et s'empa-
