4266 8060
2182 896 2628 1075 o.
1081 1191 3905 1375 Ah! c'est alors que le bandeau que
897 1438 3905 1639 j'avais sur les yeux se détacha, et qu'en
897 1695 3905 1879 jetant un coup-d'œil en arrière, je vis
897 1947 3905 2125 le précipice que la plus perverse des
892 2188 3479 2367 femmes avait creusé sous ses pas.
1071 2440 3889 2619 Je voulus lui faire des reproches;
892 2697 3899 2829 mais elle me ferma la bouche avec un
892 2944 3899 3128 ton impérieux, bien différent de l'air
887 3183 3894 3380 doux et patelin qu'elle avait toujours
892 3443 3889 3626 eu avec moi quand elle flattait mes
887 3689 3884 3821 vices. Je vis toute l'horreur de ma si-
882 3936 3878 4114 tuation, et ne pus l'envisager sans fré-
882 4188 3878 4319 mir .... Ils me menèrent en Allema-
882 4440 3878 4624 gne, et me forcèrent à prendre le parti
870 4686 3867 4869 du théâtre; et, le poignard sur la gorge,
866 4944 3863 5122 ils me livrèrent à un seigneur qui m'a-
866 5190 3873 5374 vait achetée. Je ſis de vains efforts pour
871 5442 3868 5626 me soustraire à leur tyrannie: je cher-
871 5689 3863 5878 chai à toucher l'homme auquel on m'a-
667 5936 3868 6119 vait vendue; je lui ſis le récit de ma
866 6177 3863 6382 déplorable aventure; il ne fit que rire
