4266 8001
901 1130 3902 1266 de me recevoir au nombre des sœurs
896 1386 3907 1568 servantes de sa maison. Comme je lui
901 1636 3902 1808 avais déclaré mon nom, elle eut de la
896 1891 3897 2073 peine à acquiescer à ce que j'entrasse
901 2141 3897 2323 dans un état si humiliant: je lui de-
901 2396 3892 2574 mandai cette grace, pour pouvoir expier,
896 2641 3902 2824 le plus que je pourrais, tous les crimes
901 2891 3892 3074 dont j'étais coupable. Voilà six ans que
896 3141 3892 3324 j'y suis, et chaque jour j'ai demandé
901 3391 3897 3522 au ciel de me retirer d'un monde au-
900 3641 3885 3818 quel je dois faire horreur. Il exauce
901 3892 3886 4074 enfin mes vœux: je touche à ma der-
896 4147 3886 4329 nière heure; j'emploie le peu de temps
900 4401 3891 4578 qui me reste pour vous écrire, ô ma
891 4647 3886 4824 sœur! vous demander pardon, et vous
890 4891 3885 5073 prier d'engager ma mère à m'accorder
895 5141 3880 5323 sa bénédiction: qu'elle ne refuse pas
891 5392 3881 5574 une malheurense qui va descendre au
896 5652 1568 5777 tombeau.
1073 5908 3876 6080 Pardonnez-moi, ô ma mère! ô ma
912 6158 3871 6340 sœur! J'implore ma grace du fond de
3720 7799 3876 7999 L
