4266 8161
1583 930 2035 1105 .
292 1211 3353 1403 plie de talens, on a fait beaucoup de
292 1466 3342 1652 musique au château: ma sœur pince de
287 1711 3347 1897 la harpe, son ami joue du forté; le che
287 1966 3347 2104 valier et sa sœur ont aussi des talens dans
292 2221 3347 2412 ce genre, et je voyais avec plaisir que cette
298 2471 3353 2657 distraction faisait un peu diversion aux
292 2731 3332 2912 peines de l'ame de nos pauvres amans...
298 2981 3347 3161 Comme la saison est encore belle, il prit
292 3231 3342 3417 fantaisie à madame de Beauregard de
287 3491 3342 3677 faire transporter les instrumens dans un
292 3751 3337 3937 pavillon superbe qui est dans le parc;
292 4006 3353 4192 et depuis quelque temps, chaque journée
292 4272 3342 4447 se terminait par un concert. Il y a quatre
292 4511 3337 4697 jours que nous venions de nous livrer à
292 4771 3337 4963 cet amusement, et que nous étions à
1 5016 3326 5207 jaser paisiblement, lorsqu'une balle di-
165 5271 3316 5462 rigée contre d'Auterive, lui rasa le crâne,
282 5521 3326 5717 enleva la peau, et lui couvrit le visage
282 5776 3507 5972 de sang. La commotion le fit tomber;
276 6020 3321 6222 madame de Beauregard poussa un cri
275 6285 3325 6471 perçant, se jeta dans ses bras, et v
276 6546 1817 6732 perdit connaissance.
