4266 8202
230 1223 3321 1420 n'a pu rien gagner sur lui; le désespoir
240 1490 3327 1671 s'était emparé de tous ses esprits; il avait
230 1741 1276 1874 l'air d'un fou.
411 1981 3316 2173 Mais, à force de lui représenter l'efſet
235 2243 3316 2424 que produirait sur madame de Beaure-
235 2499 3316 2686 gard la vue de son visage couvert de
235 2747 3311 2948 sang, il se laissa panser. Pour Henriette
235 3028 3311 3204 et mademoiselle d'Armincourt, elles fon-
246 3279 3332 3466 daient en larmes. La rage étincelait dans
240 3540 3295 3722 les yeux de M. d'Auterive et dans les
235 3797 3311 3978 miens. Nous sentions d'où le coup était
235 4048 3311 4235 parti, et notre vengeance ne pouvait trou-
235 4304 3305 4486 ver l'objet sur lequel nous aurions desiré
16 4566 1004 4699 l'assouvir.
417 4827 3321 5014 Après mille secours prodigués à ma
246 5084 3321 5260 malheureuse sœur, elle a rouvert les
234 5339 3283 5521 veux, mais elle n'a reconnu personne;
240 5602 3316 5783 la fièvre et le délire s'étaient emparés
246 5853 3300 6029 d'elle: elle voit d'Auterive mort, elle
239 6113 3304 6306 l'appelle à grands cris; il est près de son
235 6360 3295 6552 lit, et elle ne le reconnaît pas. On n'a
