4266 8202
3984 128 4281 300 -
1030 1229 4279 1451 jamais pu l'éloigner de ce tableau déchi-
1024 1497 4278 1729 rant. Quoique fort incommodé lui-même,
1019 1752 4278 1968 et avec de la fièvre, il est impossible de
1014 2005 4277 2231 l'arracher d'auprès de ma sœur: il a
1014 2262 4276 2481 voulu la veiller, malgré toutes les repré-
1014 2510 4276 2732 sentations qu'on lui a faites. Le chirurgien
1019 2769 4275 2979 qui est le plus habile du canton, et qui
1003 3021 4274 3258 ne paraît pas très-ignorant, prétend que,
1014 3266 4274 3483 s'il n'y a pas de mieux d'ici à quelques
1014 3526 4274 3746 jours, elle pourrait bien n'en pas re-
1008 3775 4273 3991 venir. Elle éprouve quelques momens de
966 4033 4273 4249 calme; mais alors elle est dans un acca-
998 4284 4272 4497 blement si grand, que l'on croirait qu'elle
1003 4543 4271 4769 dort. En s'approchant très - près d'elle,
1004 4783 4271 4996 on l'entend parler à voix basse; elle
998 5046 4270 5247 nomme d'Auterive: il a essayé de lui par-
998 5289 4270 5503 ler dans ces momens-là, mais elle n'en-
773 5562 2317 5694 tend rien du tout.
1168 5800 4269 6015 J'ai écrit à M. de Beauregard que sa
992 6033 4268 6260 femme était très-malade: ma lettre était
950 6304 4267 6515 à peine partie, que j'en reçus une de son
