4266 8056
2259 907 2705 1085 o
959 1190 3994 1379 jamais nous nous rencontrons, il faudra
932 1446 3972 1624 que l'un des deux reste sur la place: cette
932 1697 4250 1885 nécessité me fait pousser plus d'un soupir
938 1955 3082 2097 vers mon aimable Henriette.
1116 2212 3999 2390 Le bonheur n'est donc pas ſait plus
933 2464 3984 2647 pour nous que pour les autres. Mon ami,
943 2720 3543 2899 je fais des réflexions bien sombres.
1122 2972 3994 3155 Je ne vous dis pas adieu: le courier ne
954 3229 3994 3418 part que demain, et j'aurai le temps de
949 3486 2972 3617 vous écrire encore un mot.
1053 3846 3883 4001 Suite de la Lettre de . Darcv.
1132 4193 4199 4377 A peine avais-je quitté la plume, que
953 4449 4182 4646 des cris perçans qui partaient de l'appar-
959 4696 4183 4880 tement de ma sœur, me firent y accourir
970 4948 4183 5137 au plus vîte. Elle éprouvait une crise ter-
959 5205 3984 5383 rible, qui faisait trembler pour sa vie...
975 5457 3994 5640 Le chevalier était dans un désespoir si
765 5708 4183 5892 violent, que les forces de son père ne
975 5954 3984 6138 pouvaient suffire pour le retenir et l'em-
970 6211 3988 6395 pêcher de se tuer .... Je fus obligé d'em-
