4266 8070
2191 872 2633 1053 o
892 1162 3936 1355 moyens pour obtenir les ſaveurs d'une
887 1418 3936 1617 femme: celle qui résiste le plus, est celle
877 1670 3929 1865 qui desire davantage sa défaite; car, avec
871 1930 3724 2122 toutes leurs vertus, plaisez -leur ....
877 2185 3931 2380 c'est une aſſaire finie; voilà une vérité
877 2436 3930 2635 incontestable. Or donc, il faut plaire; et
888 2697 3930 2893 quand on ne plaît pas, il faut aider à la
881 2941 3971 3146 lettre: voilà l'art essentiel auquel je me
877 3215 1792 3350 suis attaché.
1050 3462 3915 3653 Je m'étais retiré, comme tu dois te le
866 3719 4218 3903 rappeler, à une plus grande distance du
871 3964 4218 4161 château, lorsque je me vis découvert dans
871 4229 3908 4418 ma retraite. J'envoyai, il y a quelque
871 4475 3915 4682 temps, Charles, ce grand coquin de va-
866 4724 3914 4929 let, pour tâcher de voir ce qui se passait
867 4979 3899 5178 au château: il prit un cheval pour éviter
854 5231 3904 5440 la poursuite; je voulais qu'il tâchât de
855 5488 3899 5676 s'informer si la surveillance est toujours
855 5740 3888 5940 la même, et si je pouvais tenter quelque
866 5994 3888 6196 entreprise. Les jours commencent à être
861 6240 4162 6408 courts. -- Ce scélérat s'était introduit
4 7316 172 7540 L
