4266 8060
1590 834 2036 1018 i
294 1118 3327 1302 dans le parc: il voit dans un pavillon
289 1375 3312 1559 madame de Beauregard, son frère et la
283 1627 3317 1758 famille d'Auterive. Il s'était muni de
289 1884 3301 2057 pistolets, en cas de mauvaise rencontre...
289 2136 3317 2314 Est- ce qu'il n'a pas eu l'infernale idée
289 2377 3333 2566 d'en tirer un coup au chevalier d'Aute-
294 2635 3322 2823 rive? Il l'ajuste par une fenêtre, et le
299 2897 3317 3065 voit tomber sous la balle meurtrière.
304 3154 3327 3343 Dans le tumulte que cela cause, il re-
304 3411 3322 3595 gagne son cheval, et vient au grand ga-
304 3658 3327 3836 lop me conter cette infamie, avec la joie
320 3905 3338 4093 féroce d'un coquin ... Je ne puis te dire
320 4167 3333 4351 l'horreur qu'il m'inspira. Mon remercî-
325 4419 3338 4603 ment fut de lui sauter à la gorge, de le
331 4666 3333 4844 jeter par terre, et de le fouler à mes pieds.
514 4923 3343 5118 J'ai chassé ce drôle, et je ne puis te
341 5175 3354 5358 dissimuler que, depuis ce moment, mon
346 5421 3343 5600 cœur est bourrelé. Que j'aie avec le che-
346 5668 3348 5857 valier un combat singulier, à la bonne
352 5915 3359 6103 heure; mais être un lâche assassin!...
362 6166 3380 6355 jamais. Cela dérange infiniment mes
157 7851 420 8058 L
