4266 8070
2173 892 2628 1077 .
882 1176 3908 1376 projets: je ne puis te dire à quel point
885 1448 1529 1634 j'onrage.
1065 1676 3925 1888 Est - ce que je ne pourrais pas venir à
888 1922 3926 2144 bout de cette entreprise? Les obstacles
886 2183 3925 2396 grandissent; mon esprit ordinairement si
8 2236 191 2510 L
886 2448 2922 2605 inventif me fait ſaux bond.
1065 2693 3905 2907 Adieu, mon ami: il faut que je me
892 2957 3919 3168 plonge dans mes réflexions; peut - être
898 3204 3914 3421 quelque chose d'heureux se présentera-t-il.
902 3462 2858 3657 Adieu encore. Tout à toi,
2116 3801 3915 3978 De Sait-Hilaire.
