4266 8046
858 1208 3910 1393 anges est son domaine: pure et chaste
868 1461 3895 1658 comme eux, elle est faite pour y habiter.
858 1714 3890 1903 Attends - moi, ô mon amie! ne laisse
852 1959 3900 2170 pas sur la terre ton infortuné amant!
868 2229 3911 2412 Qu'elle ouvre son sein, et nous reçoive
869 2484 3911 2632 dans le même cercueil. Unis alors étroi-
863 2748 3911 2938 tement, les siècles passeront, et nous
868 3007 2738 3145 serons encore ensemble.
1057 3262 3911 3460 Ciel! j'entends du bruit. Adieu, mon
790 3511 3921 3711 ami; j'y vole: si je meurs, mon père te
879 3757 3497 3958 le dira. Je t'aime, et suis ton ami
2549 4144 3712 4276 D'Auterive.
