4266 7953
859 1593 2956 1671 EL
408 1941 3411 2081 .rcy au Comte De Belle-
1569 2258 2242 2351 vill.
413 2588 3396 2790 on cœur enfin se dégage de l'op-
404 2838 3293 3035 pression sous laquelle il gémissait ...
409 3091 3407 3267 Ma sœur, mon anti, mon aimable sœur
399 3335 3402 3516 n'est plus en danger. La sombre tristesse
403 3582 3406 3763 qui habitait Ormilly, a fait place à une
399 3833 2687 4018 joie qui tient presqu'à l'ivresse.
580 4080 3702 4267 Je n'entreprendrai pas de vous rendre
399 4329 3407 4510 l'état du chevalier; il n'a fait que chan-
399 4577 3402 4759 ger d'extravagance: il court, il rit, et
404 4831 3402 5007 parle, tout cela à - la - fois; il répète sans
404 5074 3402 5266 cosse la même chose; il a encore l'air
399 5333 3159 5515 d'un ſou, mais d'un autre genre ...
394 5577 3392 5763 Pour reprendre les choses de plus haut,
394 5830 3392 6012 je vous dirai que madame de Beauregard,
409 6089 3402 6265 après plusieurs crises très - alarmantes,
3645 7691 4096 7798 L
