4266 7992
1951 770 2539 942 S.
833 1051 3830 1238 a repris sa pleine connaissance ... Pour
848 1296 3835 1478 épargner à ses organes affaiblis la pré-
838 1551 3840 1741 sence subite du chevalier, nous l'avons
843 1795 3830 1972 fait tetirer, et Henriette et mademoi-
833 2045 3830 2227 selle d'Armincourt se sont chargées de
821 2299 3823 2486 lui apprendre avec ménagement qu'il se
833 2544 3830 2727 porte bien, et qu'il n'avait de peines que
833 2794 3559 2971 celles que lui avait causé sa maladie.
1009 3049 3830 3226 Vous savez que les femmes ont une
843 3299 3830 3481 délicatesse exquise pour ces sortes de
713 3554 3819 3726 conversations; leurs ames douces et sen-
827 3804 3835 3986 sibles savent ménager à des sens trop dé-
833 4053 2997 4235 licats de trop rudes secousses.
973 4303 3824 4494 Madame de Beauregard ne se ressou-
832 4552 3818 4718 venait de rien; il a fallu lui ranpeler,
833 4787 3830 4980 mais avec ménagement... Enfin, quand
843 5042 3824 5214 elle commencé à classer ses idées, elle
720 5291 3829 5468 a appris avec une joie si vive que son
833 5541 3830 5718 cher chevalier se portait bien, que cela
827 5781 3824 5963 lui a été plus salutaire que tous les se-
838 6036 1847 6166 cours de l'art.
