4266 8130
2292 831 2737 1016 S
979 1122 4028 1315 malade. Je réponds bien à présent qu'il
979 1398 4028 1577 n'y a pas de danger pour lui. -- Vous ne
974 1646 4023 1837 pouvez même, mon ami, vous ſaire une
979 1906 4028 2086 idée du changement qui s'est opéré en
973 2159 4027 2339 lui. Doux fois vingt- quatre heures en
979 2419 4039 2604 ont fait un autre homme; il est rayon-
974 2684 4039 2869 nant; sa figure, animée par la joie la plus
974 2943 4018 3123 vive, a repris tout son éclat accoutumé.
979 3192 4034 3377 Comme les passions violentes produisent
979 3451 4018 3631 des effets contraires en peu de temps,
974 3695 4235 3880 il faut en être témoin, pour juger ce
978 3948 4022 4123 qu'est la machine humaine; elle se monte
995 4198 4023 4383 et se démonte à vue chez les gons forte-
985 4457 4219 4643 ment agités... Ma sœur m'a demandé des
1006 4711 4028 4897 nouvelles de M. de Beauregard; j'ai cru
990 4960 4039 5145 devoir lui cacher qu'il était malade. J'ai
884 5225 4208 5423 reçu encore une lettre de son intendant; il
979 5474 4023 5654 me mande qu'il a été très-affecté de l'état
989 5721 4027 5901 de sa femme; qu'il la recommande à
974 5976 4198 6162 mes soins plus que jamais; qu'il compte
984 6235 4197 6410 sur mon amitié; que sa maladie aug-
1 7860 905 7935 ---
