4266 8080
1589 873 2025 1052 ()
647 1578 2941 1726 LETTRE LVII.
289 1973 3314 2125 Le Cheralier d'Avtenrve au
642 2246 3004 2410 Chevalier de Vlselle.
305 2878 459 2987 A
304 2940 3308 3145 ue le ciel soit à jamais glorifié,
299 3192 3313 3387 ô mon cher chevalier! Ma Sophie, ma
295 3456 3325 3641 très - aimée et très - adorable Sophie est
295 3714 3314 3898 hors de danger: elle a enfin reconnu,
305 3962 3572 4151 entendu son fidèle amant, qui, à deux
305 4219 3314 4403 genoux près de son lit, en mouillant
300 4472 3320 4651 des larmes de la joie et du délire une
305 4714 3325 4893 de ses mains, lui a dit combien il était
300 4966 3309 5151 heureux de la voir rappelée à la vie.
316 5229 3320 5408 Quand je pense que c'est par amour pour
310 5471 3314 5666 moi qu'elle a manqué la perdre!... Ciel!
316 5724 3325 5913 sera-t-il jamais en mon pouvoir de lui
316 5976 3325 6119 faire connaître toute l'étendue de ma
326 6229 3330 6413 reconnaissance? Non, Sophie; non, ja-
200 7913 500 8078 L
