4266 8060
1637 771 2078 950 .
362 1060 3369 1244 mes regards l'expression de mes senti
367 1364 798 1443 mens.
541 1559 3374 1742 Il me semble que je n'ai plus rien à
367 1811 3380 1994 desirer. J'ai le plaisir de la voir revenir
361 2067 3373 2250 par degrés: je puis calculer à chaque
362 2325 3374 2509 minute le mieux qui s'opère en elle:
250 2577 3385 2755 je vois ses joues et ses lèvres décolorées
367 2829 3385 3012 prendre imperceptiblement une teinte
367 3081 3380 3264 légère de carmin. Quel spectacle en-
373 3333 3385 3511 chanteur!... Je ne croyais pas, mon
373 3584 3374 3768 ami, que mon amour pût augmenter:
373 3836 3385 4020 je me trompais; ce que je sens pour
377 4087 3384 4271 elle est au-delà de tout ce que je nuis
378 4345 3380 4524 dire. Lorsque je t'écrivais, je trouvais
373 4582 3385 4781 des expressions; mais aujourd'hui elles
382 4853 3384 5037 m'échappent; rien ne me paraît propre
383 5096 3390 5290 à peindre mes idées; tout ce que je dis
383 5353 3385 5542 me paraît faible. ... Ah! si cela con-
383 5600 3395 5794 tinue, je jeterai là ma plume, et je pen-
1034 5857 3390 6046 ..ou, pour mieux dire, je
394 5878 950 5999 serai..
394 6109 3395 6298 sentirai. Adieu, mon ami; prends part
3690 7688 4264 7872 l
