4266 7939
3758 66 3994 165 --
2210 732 2645 916 6.
934 957 3905 1157 à mon bonheur: aime-moi, et crois à
930 1203 3121 1360 l'amitié de ton sincère ami
2111 1554 3890 1695 Félixd'Auterive.
1245 2400 3514 2557 LETTRE LVIII.
913 2847 3899 2995 ..acr au Comte De Belle-
1875 3163 2681 3316 ville.
965 3496 3883 3672 out va fort bien, mon ami; ma
913 3737 3879 3939 sœur est dans une parfaite convales-
908 3983 3879 4186 cence, et chaque jour elle reprend de
908 4235 3874 4389 nouvelles forces. -- Il s'en faut de beau-
903 4489 3879 4692 coup que M. de Beauregard soit aussi
717 4735 3869 4932 heureux: voilà deux lettres que je re-
629 4989 3868 5164 çois, et elles sont l'une et l'autre très-
903 5245 3869 5435 peu consolantes; la dernière même an-
897 5492 3864 5694 nonce qu'il y a du danger. Je ne puis
893 5742 4132 5945 quitter ma sœur; la position où elle se
686 5992 3859 6196 trouve me force impérieusement de res-
-48 7219 207 7432 L
