4266 8031
1291 796 2027 1030 s
284 1073 3317 1353 ter près d'elle. Il m'est impossible de
268 1328 3301 1609 faire le voyage de Paris, et elle-même
268 1587 3297 1858 est hors d'état de l'entreprendre: la
246 1840 3282 2114 saison commence à être très-rigoureuse,
5 2085 3287 2336 et elle est extrêmement faible. Je n'ai
237 2348 3276 2620 pu lui cacher plus long-temps que son
228 2587 3257 2865 mari est très-malade. A cette nouvelle,
14 2841 3251 3117 la bonté de son cœur s'est fait connaître;
48 3098 3254 3376 elle a regretté sincèrement de se trouver
217 3351 3253 3630 dans l'impossibilité d'aller lui donner
2 3593 3245 3823 ses soins: elle lui a écrit relativement
35 3847 3233 4127 à cela la lettre la plus aimable. Le che-
166 4114 3220 4375 valier a approuvé cela avec une sorte
128 4357 3208 4624 de joie, comme flatté de voir dans celle
190 4604 3207 4874 qu'il aime des sentimens délicats. Si ja-
120 4858 3191 5127 mais le sort les unit, ce sera deux
118 5105 3187 5385 belles ames ensemble. Cela ne me pa-
116 5359 3176 5636 raît pas impossible: je le desire; mais je
157 5610 3150 5887 ne me permettrai pas de le souhaiter.
316 5868 3161 6140 J'attends avec impatience la fin de tout
113 6122 3141 6390 ceci: je crois qu'il est temps que je pense
