4266 8110
2329 914 2778 1098 o.
1014 1209 4059 1394 disparu à vos yeux; voilà votre vie per-
1014 1468 4061 1653 due. Votre passion a absorbé toutes vos
1009 1721 4050 1906 facultés; vous n'êtes plus qu'un enfant,
1014 1975 4230 2160 qu'un rien fait rire ou pleurer; enfin,
1019 2228 4045 2360 vous voilà un être nul dans le monde.
1014 2477 4055 2661 -- Mais, mon père, ai - je volé au - de-
1014 2725 4055 2915 vant de ma défaite? N'est - ce pas un sen-
1024 2978 4055 3168 timent involontaire auquel je n'ai pu
1023 3173 4060 3421 résister? J'avais promis de ne point
1024 3496 4050 3675 aimer; je le desirais, je croyais alors
770 3748 4044 3928 que l'on pouvait commander à son cœur;
1029 4002 4213 4186 mais je vois trop que cela est impossible.
1030 4251 4193 4441 Le premier coup - d'œil de madame de
1030 4504 4182 4689 Beauregard ne m'a-t-il pas blessé au mo-
1030 4758 4055 4937 ment où je le prévoyais le moins? Vous
1035 5011 4177 5185 le savez vous - même; ai - je été le maître
1040 5259 4172 5397 de résister? Vous avez lu dans mon cœur
1040 5513 4166 5698 plus vîte que moi - même; vous avez vu
1040 5766 4040 5956 l'impression violente qu'elle m'a faite...
1046 6025 4172 6157 Où sont mes torts? -- Ils sont de ne vous
1040 6268 4040 6453 être pas éloigné d'elle sur - le - champ.
41 7826 722 7904 ----
