4266 8041
1387 932 1832 1105 e
140 1214 3119 1397 Vous savez que je vous avais conseillé de
114 1465 3124 1653 partir pour votre régiment: je ne l'ai
119 1716 3130 1894 point exigé, je le pouvais; je n'aime
72 1962 3130 2114 point à user de mon autorité. Je voulais
125 2224 3119 2407 que les conseils d'un père, d'un ami,
89 2481 3125 2665 soient suffisans pour éclairer votre rai-
126 2733 3282 2906 son. Vous avez résisté, et vous voilà dans
94 2979 3282 3183 l'abîme. Je vois bien que le mal est au-
125 3229 3213 3408 jourd'hui sans remède. -- Eh bien, mon
135 3486 3140 3669 père, j'en mourrai, mais je sens que
31 3738 3152 3874 mon amour sera éternel. -- Je vous l'ai
42 3984 3146 4167 dit, il fallait que la raison vînt à votre
21 4235 3157 4413 secours. -- La raison, la raison ne peut
5 4476 3235 4649 rien contre un sentiment violent. -- Non,
25 4732 3145 4910 mon cher chevalier, quand il a pris tron
147 4979 3157 5162 d'empire sur notre ame; je sais tout cela
31 5230 3167 5408 comme vous; mais c'est précis ément ce
62 5475 3166 5663 qu'il fallait empêcher. La vertu ne serait
182 5726 3172 5904 qu'un vain nom, si la raison ne soute-
188 5963 3167 6146 nait l'homme au milieu des orages des
187 6208 3166 6412 passions. Quel est celui qui peut se flatter
