4266 8141
1055 1251 4108 1431 de n'avoir pas été fortement tenté de faire
1055 1511 4102 1691 des choses contraires à tous les principes?
1049 1765 4108 1945 Qui est - ce qui l'a soutenu dans ce mo-
1049 1988 4108 2206 ment-là? La raison. S'il ſallait toujours
1055 2268 4108 2465 céder à de certains penchans qui, invo-
875 2523 4102 2703 lontairement, se font sentir au fond de
1044 2783 4102 2963 notre cœur, que deviendrait la société?
901 3037 4097 3217 cela serait un chaos. L'homme est porté
1039 3286 4198 3461 naturellement à toutes les erreurs; mais
1039 3546 4245 3726 les principes d'honneur et l'éducation
1048 3794 4234 3979 qu'il reçoit le mettent en garde contre les
1044 4049 4182 4235 faiblesses, et l'empêchent de faire des
1044 4309 4182 4489 choses déshonnêtes.... -- Quelle compa-
1044 4558 4086 4744 raison, mon père! vous allez me parler
1044 4807 4081 4993 de passions viles et déshonorantes! mais
986 5062 4171 5194 l'amour mène à toutes les vertus. -- Et
1054 5299 4075 5485 à tous les vices: c'est selon l'objet qui
1049 5560 4224 5740 l'inspire. -- Mais madame de Beaure-
1055 5814 4256 6000 gard est remplie de qualités estimables;
1055 6069 4253 6201 sa vertu ... -- Heureusement: le saviez-
1055 6323 4166 6509 vous, mon fils, lorsqu'elle a fait sur
3753 6604 4055 6699 Olt
