4266 7982
1585 837 2027 1013 Cn.
36 1123 3290 1299 Il ſaut savoir s'arrêter au bord du pré-
312 1360 3383 1543 cipice: si l'on avance un pied téméraire,
307 1616 3305 1798 on ne peut plus calculer les suites; on
31 1866 3737 2042 est entraîné presque malgré soi. -- Vous
307 2110 3300 2310 n'avez donc jamais aimé, mon père?
312 2365 3305 2536 -- Mais j'aurais aimé tout comme un
1 2609 3295 2786 autre, si j'avais voulu croire mon cœur.
1 2858 3290 3035 J'ai su fuir le danger; voilà tout mon
5 3113 3300 3284 mérite, et je m'en suis bien trouvé. Je
35 3357 3295 3539 n'ai jamais fait verser de larmes de re-
10 3601 3300 3789 gret à personne; je n'ai jamais porté
307 3851 3305 4054 le trouble au sein d'une famille. J'ai
16 4100 3300 4287 été jeune comme un autre; j'ai vu de
291 4345 3518 4532 ces femmes que l'on prend sans plaisir
307 4599 3295 4792 et que l'on quitte sans regret: elles sont
307 4854 3290 5036 à-peu-près toutes comme cela. Pour vous,
301 5103 3300 5280 mon ami, le ciel seul sait où vous me-
301 5348 3295 5530 nera le délire de votre imagination. Vous
312 5597 3295 5784 vous êtes attaché, par le plus grand mi-
317 5847 3300 6028 racle, à une femme vertueuse, ce qui est
307 6091 3290 6293 très-rare. Les chagrins que vous avez
