4266 8110
2233 817 2672 1020 L.
939 1126 4279 1354 déjà éprouvés l'un et l'autre, et ceux
939 1389 4278 1606 qui vous sont réservés, ne peuvent plus
939 1650 4278 1870 être prévus. Il faut suivre le torrent qui
939 1900 4277 2124 vous entraîne; vous vous arrêterez où
934 2155 4277 2364 vous pourrez. Je ne vous cache pas que
940 2400 4276 2624 cela m'afflige beaucoup. Soyez toujours
949 2673 4275 2880 vertueux; je vous y engage. Alors il se
945 2933 2054 3111 leva, et sortit.
1134 3182 4274 3381 O Sophie! que tous ces vains raison-
949 3402 4274 3640 nemens sont faibles! Votre empire est
955 3671 4273 3885 cent ſois au-dessus de celui de la raison:
934 3884 4272 4149 régnez à jamais sur mon ame; et quand
960 4161 4272 4398 tous les malheurs de l'univers devraient
960 4436 4272 4627 m'accabler, j'en bénirais la cause, puis-
966 4668 4271 4890 qu'elle viendrait de l'amour que vous
955 4940 4271 5132 m'avez inspiré. Ne serais-je pas suffi-
949 5180 4270 5401 samment pavé de mes peines, puisque
971 5452 2354 5594 vous m'aimez?...
1166 5683 4268 5896 Tu vois, mon ami, par ce que je
960 5933 4268 6149 viens de te rapporter de mon père, que
955 6166 4268 6415 la sévérité de ses principes ne se dément
