4266 8161
3868 95 4166 191 -
1471 1785 3516 1922 L
993 2124 4043 2278 Le Chevalier de Sr-Hiliaz
1642 2402 3390 2582 au Comte Hector.
987 2810 4048 2985 e reçois à l'instant une lettre de Paris,
982 3060 4043 3251 qui m'annonce que M. de Beauregard
978 3321 2646 3454 est à toute extrémité.
1153 3571 4044 3730 Il va donc laisser sa femme libre de
978 3820 4038 3964 combler les vœux du chevalier d'Aute-
967 4075 4038 4261 rive; et je le souffrirais!... Non, mon
972 4325 4049 4516 ami; je suis plus déterminé que jamais
967 4580 4214 4766 à mettre les plus grands obstacles à cette
972 4841 1488 4973 nnion.
1152 5084 4037 5275 'aurai beaucoup moins de considéra-
983 5335 4022 5531 tion à garder. Madame de Beauregard,
978 5590 4028 5770 veuve et sans enfans, me devient tout-
978 5834 4022 6036 à-fait étrangère: enfin, elle n'est plus
978 6089 4017 6286 la femme de mon parent, et je puis me
967 6344 4012 6541 mettre sur les rangs. Rien ne peut m'em-
