4266 8060
1585 876 2031 1071 .
304 1170 3333 1359 pêcher de lui présenter mes hommages.
299 1427 3333 1606 Je puis marcher à découvert: alors si
294 1679 3317 1874 le petit d'Auterive veut me barrer le
294 1926 3327 2099 chemin, nous serons deux. Il n'est rien
16 2147 3611 2356 tel que de voir son ennemi en face. Je
294 2414 3322 2603 vais être à l'affût des événemens; et de
288 2670 2450 2854 Beauregard mort, je parais.
472 2928 3317 3112 Je verrai alors de quelle manière on
294 3186 3312 3322 me recevra. Si le frère montre la moin-
294 3437 3322 3621 dre humeur, je lui parlerai de manière
289 3689 3333 3873 à me faire entendre. De quel droit s'est-il
299 3936 3333 4114 rendu le tuteur de sa sœur? M. Darcy,
294 4193 3317 4377 vous n'êtes pas si dangereux; on peut
294 4450 1433 4582 vous tenir tête.
466 4691 3410 4874 D'ailleurs, je verrai quelle marche je
294 4954 3317 5133 prendrai: les circonstances seront ma
294 5187 3317 5379 loi. Adieu, mon ami. Je retourne à
299 5453 3322 5636 Paris; et d'après ce qui se passera, je
310 5715 3322 5888 dresserai mes batteries. Tout à toi, ton
299 5972 572 6114 ami
1302 6151 3123 6287 De Saint-Hilaire.
