4266 8151
3800 73 4116 170 -
2229 897 2675 1083 (oà
1353 1634 3524 1783 LETTRE LXI.
912 2042 3979 2201 . aner au Comte de Belle-
2165 2372 2738 2468 ill.
975 2748 3984 2934 ous devez être étonné, mon ami,
923 3004 3985 3195 de n'avoir pas reçu de lettres de moi
923 3264 3980 3444 depuis long-temps: celle-ci sera longue,
923 3524 3985 3699 car j'ai infiniment de choses à vous
918 3768 1348 3959 dire.
1103 4020 3990 4175 Je vous apprendrai la mort de M. de
685 4288 3980 4474 Beauregard, arrivée depuis trois semai-
923 4543 3980 4675 es. Ma sœur en a été vivement affec-
928 4796 4207 4977 tée: malgré cela, je ne la crois pas
934 5047 3975 5222 inconsolable ..... Elle a cru devoir,
923 5307 4102 5487 par bienséance, éloigner le chevalier
923 5556 3975 5747 d'Auterive, et m'a chargé de le prier
929 5800 3975 5986 de s'abstenir de venir au château pen-
929 6050 3964 6241 dant quelque temps. Il a reçu cela avec
928 6309 4234 6500 résignation; et malgré qu'il s'y soit
