4266 8212
3853 87 4267 260 -
2244 954 2701 1150 aie.
587 1224 4282 1444 „Monsieur, j'ignore ce que M. de
923 1473 4269 1727 Beauregard aura décidé sur mon sort;
919 1726 4289 1985 mais en attendant que je remette cette
923 1976 4293 2239 terre à sa famille, je suis encore chez
913 2250 4296 2501 moi; et à ce titre, je suis étonnée de
928 2519 4299 2748 vous y voir venir sans m'en avoir de-
928 2760 4303 3011 mandé la permission. Je vous prie de
929 3009 4306 3281 vouloir bien m'épargner le désagrément
939 3277 4310 3528 de vous faire sentir une seconde ſois que
939 3525 4313 3784 votre présence ici ne convient point à
960 3779 4316 4029 la veuve de votre cousin, à moins que
951 4031 4320 4289 votre intention ne soit de me forcer à
955 4287 4323 4545 vous céder la place.“ Elle lui fit une
956 4537 4326 4796 profonde révérence, et se retira dans un
838 4779 4329 5052 autre appartement. Pendant ce petit
966 5042 4333 5296 compliment, elle avait pris un air de
967 5299 4336 5536 dignité que je ne lui connaissais pas en-
972 5654 1443 5786 core.
1164 5813 4343 6072 Je restai seul avec cet homme qui
992 6066 4346 6322 cherchait à vaincre une rage violente
992 6332 4301 6618 qui s'était emparée de lui. Mon sang-
