4266 8041
360 1130 3371 1338 froid me servit mieux que jamais. J'a-
350 1387 3367 1583 vais mille choses à dire; mais je crus
350 1639 3361 1838 à sa place de le laisser commencer. Je
338 1884 3356 2088 me doutais bien qu'il parlerait. Il ne
334 2135 3362 2337 s'était point assis, et l'agitation qu'il
329 2387 3356 2587 éprouvait le força à faire quelques pas
328 2637 3340 2837 dans la pièce où nous étions. Pour moi,
324 2886 3597 3095 debout contre la cheminée, les yeux fixé-
324 3146 3340 3351 ment arrêtés sur lui, je pouvais juger
329 3391 3331 3596 de tout ce qui se passait dans son ame.
318 3647 3367 3864 Enfin il me regarda, et me dit: „Eh
307 3894 3324 4098 bien, monsieur, que pensez - vous de
317 4147 3404 4356 cette réception? (Je ne lui répondis
303 4399 3319 4599 pas un mot; je le regardais de façon
308 4653 3308 4836 que cela finit par le gêner.) Mais, mon-
303 4894 3303 5098 sieur Darcy, d'où vient ce silence? --
297 5148 3288 5347 Monsieur de Saint-Hilaire, de ce que je
296 5400 3293 5598 suis ici chez ma sœur, chez madame
292 5643 3293 5851 de Beauregard; qu'il ne me convient pas
282 5881 3272 6099 de me mêler de ce qu'elle fait chez elle;
287 6145 3339 6363 qu'elle est libre, et très-libre; que je
