4266 8126
1533 920 1988 1100 .
258 1199 3298 1395 en silence dans l'appartement onposé à
259 1470 3283 1671 celui où était resté M. de Saint-Hilaire.
78 1724 3289 1922 Elle pleurait beaucoup, et me demanda
259 1977 3299 2175 ce qui s'était passé? Rien du tout, lui
84 2226 3304 2425 dis-je; cela ne me regarde pas. -- Ah,
87 2464 3315 2682 mon frère! s'il faut que vous ayez une
1 2716 3320 2940 affaire avec cet homme-là, vous me met-
94 2965 3310 3167 trez au désespoir. Prenons plutôt une
1 3241 3320 3421 voiture; allons à Dijon, et laissons-le
104 3495 1962 3680 ici, s'il veut y rester.
381 3717 3320 3939 J'eus, mon ami, la plus grande peine
109 3928 3314 4181 à remettre le calme dans ses esprits;
11 4261 3320 4441 enfin, j'en vins à bout, et la laissai avec
1 4510 3310 4695 mademoiselle d'Armincourt. Je passai
7 4769 3320 4954 chez moi m'habiller pour monter à che-
11 5017 3310 5202 val, et je partis, suivi de mon fidèle La-
26 5276 3315 5414 france. Je suivis mon homme au lieu du
21 5536 3299 5726 rendez-vous. Il était seul. Vous êtes deux,
296 5784 3526 5964 dit-il? -- Oui, c'est mon valet; mais il
301 6038 3320 6241 est ici pour vous comme pour moi; car
63 6292 3310 6477 je n'ai pas l'usage d'armer mes gens pour
