4266 8130
3827 79 4161 196 -
1 175 217 265 -
2223 911 2668 1101 o)
921 1207 3960 1403 ma cause. Un regard expressif le mit
598 1461 3954 1646 dans le cas de juger que j'étais fort bien
916 1720 3954 1900 instruit. Je lui demandai quelles étaient
916 1968 3949 2160 les armes qu'il préſérait? -- L'épée, me
916 2234 3944 2414 dit-il... -- L'épée? Je vous croyais, mon-
911 2483 4264 2668 sieur, plus familier avec le pistolet? Un
911 2742 3938 2922 second regard le mit hors de lui - même.
911 2996 3954 3176 Monsieur, me dit - il avec ſureur, vous
842 3245 4261 3436 me prenez pour un scélérat? Je vous
911 3510 4251 3690 prouverai.... -- Vous ne me prouverez
910 3757 3948 3937 rien, monsieur. L'honneur n'a qu'un
911 4013 4235 4193 sentier très - éclairé; quiconque prend
911 4267 3933 4441 dans les ténèbres des chemins détournés,
852 4521 3944 4759 peut être violemment soupçonné, et n'a
911 4764 4240 4955 pas le droit de s'en plaindre. En finis-
911 5018 3933 5204 sant ces paroles, je me mis en garde. Il
911 5272 4193 5452 tomba sur moi comme un furieux; mais
911 5521 3917 5707 je parai avec ſacilité: il n'y était plus.
911 5765 4240 5966 Alors des cris d'hommes qui venaient
905 6008 3928 6194 vers nous, montés sur des chevaux qui
916 6246 3933 6442 allaient à toute bride, nous ſorcèrent de
1 6665 191 6986 L
64 7856 466 7930 --
