4266 8060
3778 47 4026 199 -
2262 892 2708 1071 oaà
1332 1711 3652 1794 ETLL.
996 2040 4014 2193 Le Chevalier De Srn-Hrlaire
1517 2320 3868 2467 au Vicomte Hector.
1022 2985 4030 3169 e crois, mon ami, que tous les démons
1023 3249 4020 3395 de l'enfer sont déchaînés contre moi:
1023 3495 4036 3674 rien ne me réussit. Je croyais pouvoir
1029 3752 4036 3936 profiter de la mort de Beauregard pour
1039 3999 4256 4172 aller à la terre où sa femme est restée,
1044 4256 4041 4440 en me chargeant de lui annoncer cette
1044 4498 4246 4676 nouvelle; mais j'ai été trompé dans mon
1055 4744 4046 4933 espoir. Madame m'a reçu avec un air
1055 4986 4046 5164 de fierté.... et m'a dit sans façon qu'elle
1050 5238 4057 5426 me priait de ne pas rester chez elle. La
1060 5489 4057 5684 honte et le dépit se sont fait violem-
1060 5747 4057 5925 ment sentir dans le fond de mon cœur.
1065 5988 4062 6182 La rage s'était emparée de mes esprits,
1064 6223 4239 6444 lorsque la vue de ce M. Darcy, qui
114 7830 881 7898 -- -- --
