4266 8141
2297 921 2742 1111 fe
1008 1171 4061 1434 de Dijon; mais je jure sur ce qu'il y a
1009 1431 4056 1685 de plus sacré, que cette affaire ne res-
1005 1689 4050 1943 tera pas là. Ma ſureur est à son comble.
1014 1947 4067 2194 Je sens que mon heure est venue; je
1015 2203 4061 2406 suis déterminé à tout: il en arrivera ce
1020 2456 4067 2709 qu'il pourra: je ne serai point impuné-
1015 2707 4251 2975 ment la dupe du frère, de la sœur et
1020 2966 4067 3220 du petit amant, qui ne se montre pas
1015 3217 4065 3473 souvent, mais que je saurai joindre. Il
1025 3480 4073 3730 faut qu'un de nous trois périsse: si c'est
1019 3738 4073 3990 moi, mon parti est pris. Je me trouve
1031 3984 4263 4238 dans une position où je ne puis plus re-
1033 4260 4250 4473 culer; il faut que je sois vengé, ou que
1024 4547 1745 4744 je meure.
1210 4738 4257 4995 Adieu: porte-toi bien. Si, d'ici à quinze
1032 4998 4239 5253 jours, tu ne reçois pas de mes nouvelles,
1041 5256 4078 5512 c'est que ton ami Saint-Hilaire ne sera
1037 5526 3611 5768 plus de ce monde. Adieu encore.
