4266 8011
3894 203 4255 307 ---
1584 848 2025 1032 (
286 1106 3327 1303 dans mon cœur en apprenant la mort
295 1346 3293 1595 de M. de Beauregard. J'avoue que mon
289 1595 3288 1847 premier mouvement fut un élan de mon
285 1847 3278 2087 ame vers le jour fortuné où je pourrais...
285 2098 3283 2345 Mais la réſlexion m'a fait rougir: je me
285 2347 3282 2600 suis repenti de ce que ma première pen-
281 2602 3281 2805 sée était si peu délicate. Lorsque M. Darcy
279 2841 3283 3081 vint nous faire part de cet accident, il
274 3093 3282 3332 ne dit rien de ce qui aurait pu donner
279 3350 3272 3591 de l'espoir à mon amour; mais mon
269 3593 3273 3840 père me regardait avec une affectation
269 3834 3272 4085 qui, deux ou trois fois, me ſit perdre
269 4087 3267 4328 contenance. Le soir, quand les domes-
263 4345 3257 4589 tiques furent retirés, il me dit: Che-
263 4603 3262 4844 valier, que penses - tu de la mort de
257 4853 3252 5098 Beauregard? .... -- Rien, mon père.
258 5099 3252 5347 -- Ce pauvre diable! j'en suis fâché,
253 5345 3262 5587 parce que je l'aimais. Je crois que tout
159 5594 3257 5838 le monde ne doit pas voir cela du même
260 5841 878 5977 œil?..
870 5877 3259 6086 u ne dis rien? Je vois que
263 6086 3511 6336 tu le regrettes du fond de ton ame.
541 6355 716 6442 1I.
