4266 8110
1 185 185 280 -
2191 855 2719 1030 (1o0)
1235 1578 2280 1647 T
1229 1573 3648 1715 E
717 2000 3954 2169 M. Darer au Comte De Bellc-
2102 2329 2762 2424 VllE.
923 2592 1155 2683 L
918 2671 3949 2856 ous avons enfin reçu, mon ami, les
903 2931 3945 3116 papiers par lesquels M. de Beauregard
908 3189 3945 3374 explique ses dernières volontés. Il joint
908 3443 4214 3622 au douaire de sa femme, qui est de dix
898 3696 3923 3881 mille livres de rente, la terre d'Ormilly.
590 3917 4034 4145 Il l'engage, dans son testament, à se re-
898 4214 3929 4416 marier promptement: il la remercie du
892 4467 3923 4652 bonheur qu'elle lui a procuré, et espère
891 4699 3922 4889 qu'elle ne se refusera pas à faire la félicité
887 4964 3918 5159 d'un homme plus digne que lui de la
887 5228 2223 5413 posséder, etc. etc.
1056 5471 4172 5655 Ma sœur n'a pu entendre l'expression
882 5729 3902 5904 des sentimens de son époux sans verser
877 5983 3897 6157 un torrent de larmes. Je crois, sans peine,
887 6226 3897 6382 qu'elles se tariront.... Je lui ai fait
