4266 8041
3785 90 4068 183 -
1 183 183 277 -
2199 911 2738 1089 (1oa)
953 1204 3958 1382 demoiselle Darcy? ... Comment, mon
948 1450 3953 1639 père, mademoiselle Darcy!.... -- Oui:
958 1712 3973 1895 est-ce que tu ne la connais pas? Il nous
963 1953 3968 2157 a regardé l'un et l'autre avec un air fort
953 2220 3973 2403 étonné, et ne paraissait pas comprendre
963 2458 3984 2654 ce qu'on lui disait; enfin, on lui a
963 2722 3973 2911 expliqué cette énigme. Si vous aviez vu
963 2974 4249 3162 les folies dans lesquelles il est tombé! je
958 3235 3963 3413 craignais, en honneur, pour sa raison.
963 3481 3968 3649 Quand il a eu débité toutes les extrava-
969 3733 4256 3916 gances qui peuvent se passer dans une
963 3989 4246 4178 tête exaltée, il nous quitta, et se mit à
962 4234 3957 4414 courir comme un fou du côté d'Ormillv.
962 4491 3967 4674 Son père le rappela; mais il n'y eut pas
969 4743 3968 4926 moyen de se faire entendre; nous n'eûmes
969 5000 4240 5183 d'autre parti que de le suivre le plus près
974 5256 2387 5439 que nous pouvions.
1147 5507 4256 5685 Nous arrivâmes trop tard pour l'em-
974 5764 4230 5937 pêcher de se livrer à toutes les démences
974 6015 3953 6193 de l'amour. La présence de mademoiselle
979 6261 4235 6455 d'Armincourt et de sa sœur, qui étaient
