4266 7958
3733 36 4003 155 -
2159 818 2687 984 o
927 1056 3904 1238 je recevrais la main de mon aimable
922 1305 3909 1476 Henriette. A ces mots, la belle fille sou-
922 1553 3915 1729 pira, rougit, et baissa les yeux. Il m'as-
922 1802 3920 1983 sura avec intérêt que ce jour serait le plus
922 2050 4194 2232 beau de savie: alors je m'approchai d'elle,
922 2299 3920 2434 et lui demandai si elle consentait à mon
927 2548 3915 2718 bonheur, et si elle serait encore triste?
932 2796 3909 2967 -- Non, me dit-elle d'une voix tremblante,
922 3050 3920 3231 si vous me promettez de ne jamais vous
932 3304 4189 3438 battre.... -- Aimable et tendre enfant!
937 3552 3904 3733 croyez que je ménagerai une vie à laquelle
932 3811 3904 3987 vous prenez intérêt; je ferai mon bon-
932 4060 3894 4189 heur de vous la consacrer toute entière.
932 4308 3899 4484 Elle m'abandonna alors sa jolie main,
937 4551 3915 4733 que je baisai tendrement. Sans être aussi
937 4810 3915 4986 exalté que mon futur beau-frère, je sens
932 5054 3904 5230 tout le prix d'un attachement récipro-
937 5302 3904 5473 que: je desire ardemment l'union de
937 5556 3899 5732 quatre êtres qui, sûrement, trouveront
942 5794 3899 5981 dans les doux nœuds de l'hymen la féli-
932 6048 3889 6245 cité que l'on peut espérer d'un lien formé
