4266 7968
1555 804 2074 975 (ob
315 1077 3472 1254 sous les auspices de l'amour. M. d'Anto-
316 1327 3292 1509 rive a été dans les environs faire part de
311 1571 3282 1752 l'alliance de sa ſamille avec la nôtre;
311 1825 3287 2006 tout le monde y a pris la plus grande
311 2079 3292 2260 part. Depuis quinze jours, nous recevons
26 2333 3292 2514 les visites de félicitation. On ne peut
311 2587 3292 2722 arrracher le chevalier une seule minute
316 2836 3292 3012 d'auprès de sa chère Sophie: il est amou-
306 3085 3292 3266 reux jusqu'au délire. Il répète avec un
311 3333 3292 3515 plaisir si bien exprimé qu'elle n'est pas
311 3588 3297 3764 madame de Beauregard! on voit aisément
16 3831 3292 4007 combien il est flatté d'être le premier
316 4075 3276 4256 objet qui ait triomphé de ses charmes.
316 4329 3297 4495 Ils seront heureux et le méritent; ils sont
316 4578 3292 4759 dignes l'un de l'autre: c'est beaucoup
316 4816 3302 5008 dire. Je compte que les premiers jours du
316 5070 3297 5246 mois de mai sera l'époque heureuse que
316 5304 3292 5490 nous attendons tous avec impatience.
321 5547 3302 5734 Adieu, mon cher et respectable cama-
321 5791 3297 5988 rade: donnez - moi plus souvent de vos
