4266 7905
2120 762 2645 932 io6
911 1050 4179 1235 nouvelles, et croyez à l'éternelle amitié
798 1297 2368 1431 de votre affectionné
3206 1477 3865 1601 Daret.
1265 2202 3447 2341 LE
905 2593 3875 2742 Le Chevaliar d'Auterive
1029 2856 3783 3011 au Chevalielle.
911 3505 3881 3757 Prns part à ma joie, ô mon cher
911 3829 3876 4004 de Valbelle! mon bonheur est assuré;
612 4061 4195 4262 tous les arrangemens sont pris, et avant
906 4328 4189 4509 peu de jours, je serai le plus fortuné des
906 4581 3881 4756 hommes. Oui, mon ami, je vais épouser
921 4828 4202 5008 l'adorable, l'incomparable Sophie; ma
911 5075 4195 5255 félicité est encore plus grande que tu ne
906 5322 4205 5502 le peux croire. Madame de Beauregard
911 5569 3881 5749 est encore mademoiselle Darcy, circons-
911 5826 3876 5960 tance très - extraordinaire. Ma divine
916 6068 4197 6238 amie sera à moi .... toute à moi, sans
