4266 7972
1651 820 2175 1002 (1o)
415 1106 3384 1287 éloignée de celle de mon père. Il arrive
400 1360 3374 1536 au bruit, son épée d'une main, et une
400 1604 3374 1786 bougie de l'autre. Il me demande ce que
389 1848 3379 2019 j'ai? Je lui conte mon rêve... Graces
394 2102 3369 2273 au ciel, dit - il en s'en allant, vous êtes
394 2351 3353 2533 aussi fou en dormant qu'en veillant; je
389 2600 3364 2782 croyais que l'on vous assassinait .... Je
389 2844 3374 3026 me remis au lit; mais je ne pus trouver
384 3094 3369 3280 une minute de repos. J'ai été de grand
389 3353 3369 3540 matin chez mon amie; il ne faisait pas
384 3607 3364 3784 encore jour chez elle; enfin ses beaux
393 3861 3383 4010 veux se sont ouverts à la lumière. J'ai
379 4101 3332 4282 fait demander la permission d'entrer,
379 4350 3343 4531 ayant à lui dire quelque chose de très-
374 4594 3343 4770 pressée: cela me fut accordé. Pour la pre-
374 4832 3332 5014 mière fois, depuis son retour à la santé,
280 5082 3322 5258 je la voyais au lit. Qu'elle était belle!
373 5319 3337 5496 quelle fraîcheur! La rose qui s'épanouit
374 5575 3332 5756 aux premiers rayons de l'aurore, a mille
374 5813 3332 5954 ſois moins d'éclat. Sa vue me fit oublier
374 6068 3332 6249 toutes les inquiétudes qui m'avaient
175 7775 393 7863 -
