4266 8041
2166 799 2696 976 M)
1214 1669 3627 1758 LI
899 2020 1030 2098 L
915 2041 3920 2199 Le Cheralirr D Srn--rHrire
1533 2317 3251 2470 au Comte rron.
920 2669 3931 2957 Qur j'ai de choses à t'auprendre, mon
910 3025 3931 3224 cher comte! que de lumière j'ai acquis
905 3276 2283 3467 depuis huit jours!
978 3564 3922 3713 Je m'étais retiré de ma dernière aven-
910 3815 3920 3999 ture avec M. Darcy assez mécontent,
916 4060 3923 4250 et ne sachant comment je sortirais vic-
905 4312 3926 4507 torieux de mon entreprise sur madame
910 4562 3926 4760 de Beauregard. Mais, par le plus grand
904 4805 3921 4999 hasard du monde, j'ai découvert un
910 5048 3926 5249 homme qui m'a servi avec une intelli-
910 5318 4203 5496 gence rare. C'est une espèce de paysan
905 5547 3916 5752 renforcé, qui fait un petit commerce de
905 5804 3916 6002 bestiaux, et qui va dans toutes les ſermes
905 6055 3905 6248 pour cet objet; fin matois, aimant l'ar-
