<PcGts xmlns="http://schema.primaresearch.org/PAGE/gts/pagecontent/2017-07-15" xmlns:xsi="http://www.w3.org/2001/XMLSchema-instance" xsi:schemaLocation="http://schema.primaresearch.org/PAGE/gts/pagecontent/2017-07-15 http://schema.primaresearch.org/PAGE/gts/pagecontent/2017-07-15/pagecontent.xsd"><Metadata><Creator>User123</Creator><Created>2020-10-13T09:33:41</Created><LastChange>2020-10-13T09:33:41</LastChange></Metadata><Page imageFilename="0118.png" imageHeight="8056" imageWidth="4266"><TextRegion id="r0" type="paragraph" orientation="-0.0"><Coords points="1,1 4264,1 4264,8054 1,8054"/><TextLine id="r0_l001"><Coords points="2264,865 2804,865 2804,1054 2264,1054"/><TextEquiv index="1"><Unicode>ii.</Unicode></TextEquiv></TextLine><TextLine id="r0_l002"><Coords points="996,1158 4036,1158 4036,1347 996,1347"/><TextEquiv index="1"><Unicode>à coup sûr l'autre ne se fera pas, dus-</Unicode></TextEquiv></TextLine><TextLine id="r0_l003"><Coords points="839,1410 4036,1410 4036,1593 839,1593"/><TextEquiv index="1"><Unicode>sé-je mettre le feu au château. Je ne</Unicode></TextEquiv></TextLine><TextLine id="r0_l004"><Coords points="991,1667 4036,1667 4036,1850 991,1850"/><TextEquiv index="1"><Unicode>souffrirai pas que ma belle cousine fasse</Unicode></TextEquiv></TextLine><TextLine id="r0_l005"><Coords points="980,1918 4041,1918 4041,2055 980,2055"/><TextEquiv index="1"><Unicode>le bonheur d'un autre... Je suis très-</Unicode></TextEquiv></TextLine><TextLine id="r0_l006"><Coords points="985,2181 4036,2181 4036,2359 985,2359"/><TextEquiv index="1"><Unicode>sûr qu'ils n'ont point anticipé sur le</Unicode></TextEquiv></TextLine><TextLine id="r0_l007"><Coords points="985,2432 4041,2432 4041,2616 985,2616"/><TextEquiv index="1"><Unicode>respectable nœud qu'ils vont former. La</Unicode></TextEquiv></TextLine><TextLine id="r0_l008"><Coords points="676,2684 4031,2684 4031,2872 676,2872"/><TextEquiv index="1"><Unicode>première raison, c'est que le jeune amant</Unicode></TextEquiv></TextLine><TextLine id="r0_l009"><Coords points="985,2935 4026,2935 4026,3124 985,3124"/><TextEquiv index="1"><Unicode>est timide, et la seconde, c'est que la</Unicode></TextEquiv></TextLine><TextLine id="r0_l010"><Coords points="985,3187 4020,3187 4020,3370 985,3370"/><TextEquiv index="1"><Unicode>femme qui veut du mariage, ne s'avi-</Unicode></TextEquiv></TextLine><TextLine id="r0_l011"><Coords points="985,3444 4199,3444 4199,3617 985,3617"/><TextEquiv index="1"><Unicode>sera pas de donner mauvaise idée d'elle</Unicode></TextEquiv></TextLine><TextLine id="r0_l012"><Coords points="750,3690 4254,3690 4254,3879 750,3879"/><TextEquiv index="1"><Unicode>à son futur époux. Je connais les fem-</Unicode></TextEquiv></TextLine><TextLine id="r0_l013"><Coords points="1572,3947 4005,3947 4005,4130 1572,4130"/><TextEquiv index="1"><Unicode>tout est calcul chez elles;</Unicode></TextEquiv></TextLine><TextLine id="r0_l014"><Coords points="975,3989 1489,3989 1489,4067 975,4067"/><TextEquiv index="1"><Unicode>mes..</Unicode></TextEquiv></TextLine><TextLine id="r0_l015"><Coords points="21,4121 157,4121 157,4257 21,4257"/><TextEquiv index="1"><Unicode></Unicode></TextEquiv></TextLine><TextLine id="r0_l016"><Coords points="975,4183 4193,4183 4193,4383 975,4383"/><TextEquiv index="1"><Unicode>celle qui cède à ses projets, et celle qui</Unicode></TextEquiv></TextLine><TextLine id="r0_l017"><Coords points="970,4434 4188,4434 4188,4618 970,4618"/><TextEquiv index="1"><Unicode>résiste à ses projets encore. Celle - ci</Unicode></TextEquiv></TextLine><TextLine id="r0_l018"><Coords points="13,4639 152,4639 152,4908 13,4908"/><TextEquiv index="1"><Unicode></Unicode></TextEquiv></TextLine><TextLine id="r0_l019"><Coords points="980,4691 4183,4691 4183,4875 980,4875"/><TextEquiv index="1"><Unicode>d'ailleurs est une prude ſieffée, qui meurt</Unicode></TextEquiv></TextLine><TextLine id="r0_l020"><Coords points="970,4943 4178,4943 4178,5121 970,5121"/><TextEquiv index="1"><Unicode>d'envie que l'on lui sauve la honte d'une</Unicode></TextEquiv></TextLine><TextLine id="r0_l021"><Coords points="14,5096 152,5096 152,5393 14,5393"/><TextEquiv index="1"><Unicode></Unicode></TextEquiv></TextLine><TextLine id="r0_l022"><Coords points="980,5194 3989,5194 3989,5378 980,5378"/><TextEquiv index="1"><Unicode>faiblesse. Elle s'est attachée à un sot;</Unicode></TextEquiv></TextLine><TextLine id="r0_l023"><Coords points="10,5393 157,5393 157,5781 10,5781"/><TextEquiv index="1"><Unicode></Unicode></TextEquiv></TextLine><TextLine id="r0_l024"><Coords points="975,5446 3999,5446 3999,5629 975,5629"/><TextEquiv index="1"><Unicode>ce n'est pas ma faute. Si elle avait</Unicode></TextEquiv></TextLine><TextLine id="r0_l025"><Coords points="970,5703 3989,5703 3989,5886 970,5886"/><TextEquiv index="1"><Unicode>voulu m'accorder la préférence, il y a</Unicode></TextEquiv></TextLine><TextLine id="r0_l026"><Coords points="10,5783 147,5783 147,6056 10,6056"/><TextEquiv index="1"><Unicode></Unicode></TextEquiv></TextLine><TextLine id="r0_l027"><Coords points="1268,6142 1267,6142 1267,6138 1267,6137 1248,6137 1247,6137 1247,6133 1247,6132 1237,6132 1236,6132 1236,6127 1236,6126 1232,6126 1231,6126 1231,6085 1231,6084 975,6084 974,6084 974,5965 975,5964 979,5964 979,5964 979,5960 980,5959 1011,5959 1011,5960 1011,5964 1012,5964 1016,5964 1016,5965 1016,5995 1017,5995 1482,5995 1482,5996 1482,6011 1483,6011 2321,6011 2321,6011 2321,5970 2322,5969 2326,5969 2326,5969 2326,5965 2327,5964 3726,5964 3726,5964 3726,5960 3727,5959 3935,5959 3935,5959 3935,5954 3936,5953 3941,5953 3941,5954 3941,5959 3942,5959 3951,5959 3951,5960 3951,5990 3952,5990 3956,5990 3956,5991 3956,6001 3957,6001 3972,6001 3972,6002 3972,6006 3973,6006 3977,6006 3977,6007 3977,6053 3978,6053 3983,6053 3983,6054 3983,6069 3983,6069 3978,6069 3977,6070 3977,6074 3977,6074 3805,6074 3804,6075 3804,6079 3804,6079 3580,6079 3579,6080 3579,6098 3579,6098 3486,6098 3485,6099 3470,6099 3469,6099 3469,6091 3469,6090 2348,6090 2347,6091 2347,6100 2347,6100 2343,6100 2342,6101 2342,6116 2342,6116 2338,6116 2337,6117 2337,6126 2337,6126 2333,6126 2332,6127 2332,6132 2332,6132 2327,6132 2326,6133 2326,6137 2326,6137 2322,6137 2321,6138 2321,6142 2321,6142"/><TextEquiv index="1"><Unicode>long - temps que je lui aurais appris à</Unicode></TextEquiv></TextLine><TextLine id="r0_l028"><Coords points="10,6478 9,6478 9,6243 10,6242 10,6237 11,6236 13,6236 13,6236 13,6232 14,6231 14,6216 15,6215 41,6215 41,6215 41,6164 42,6163 56,6163 56,6164 56,6221 57,6221 146,6221 146,6222 146,6394 146,6394 21,6394 20,6395 20,6441 20,6441 16,6441 15,6442 15,6478 15,6478"/><TextEquiv index="1"><Unicode></Unicode></TextEquiv></TextLine><TextLine id="r0_l029"><Coords points="970,6211 4172,6211 4172,6395 970,6395"/><TextEquiv index="1"><Unicode>être heureuse, et à secouer tous les sots</Unicode></TextEquiv></TextLine><TextLine id="r0_l030"><Coords points="42,6790 41,6790 41,6777 41,6776 9,6776 8,6776 8,6746 8,6745 5,6745 4,6745 4,6743 4,6735 5,6734 7,6734 7,6734 7,6730 8,6729 8,6725 9,6724 41,6724 41,6724 41,6594 41,6593 10,6593 9,6593 9,6500 10,6499 41,6499 41,6499 41,6452 42,6451 46,6451 46,6451 46,6448 47,6447 54,6447 55,6448 141,6448 141,6449 141,6582 141,6582 136,6582 135,6583 135,6740 135,6740 54,6740 53,6741 53,6755 52,6756 52,6790 52,6790"/><TextEquiv index="1"><Unicode></Unicode></TextEquiv></TextLine><TextLine id="r0_l031"><Coords points="140,7641 139,7641 139,7632 139,7631 135,7631 134,7631 134,7627 134,7626 131,7626 130,7626 130,7616 129,7615 129,7506 128,7505 128,7479 127,7477 126,7477 125,7477 125,7475 126,7474 128,7474 128,7474 128,7473 128,7472 9,7472 7,7471 7,7469 8,7468 128,7468 128,7468 128,7464 128,7463 52,7463 51,7463 51,7454 51,7453 42,7453 41,7453 41,7438 41,7437 37,7437 36,7437 36,7349 36,7348 9,7348 8,7348 8,7338 8,7337 1,7337 1,7337 1,7333 1,7332 36,7332 36,7332 36,7292 37,7291 125,7291 125,7291 125,7244 124,7243 124,7223 123,7222 123,7218 122,7217 122,7212 123,7211 123,7175 124,7174 124,7171 125,7170 125,7092 126,7091 128,7091 128,7091 128,7087 129,7086 130,7086 130,7087 130,7112 131,7112 135,7112 135,7113 135,7128 135,7128 131,7128 130,7129 130,7248 131,7248 135,7248 135,7249 135,7463 136,7463 141,7463 141,7464 141,7641 141,7641"/><TextEquiv index="1"><Unicode></Unicode></TextEquiv></TextLine><TextLine id="r0_l032"><Coords points="134,7769 134,7768 134,7767 131,7767 130,7767 130,7757 130,7756 16,7756 15,7757 10,7757 9,7757 9,7716 9,7715 5,7715 4,7715 4,7611 5,7610 36,7610 36,7610 36,7475 37,7474 41,7474 41,7474 41,7469 42,7468 52,7468 52,7469 52,7547 53,7548 53,7581 54,7582 54,7620 55,7620 56,7620 56,7621 56,7641 57,7642 57,7667 58,7667 141,7667 141,7668 141,7762 141,7762 136,7762 135,7763 135,7769 135,7769"/><TextEquiv index="1"><Unicode></Unicode></TextEquiv></TextLine><TextLine id="r0_l033"><Coords points="3669,7889 4031,7889 4031,8054 3669,8054"/><TextEquiv index="1"><Unicode></Unicode></TextEquiv></TextLine></TextRegion></Page></PcGts>