<PcGts xmlns="http://schema.primaresearch.org/PAGE/gts/pagecontent/2017-07-15" xmlns:xsi="http://www.w3.org/2001/XMLSchema-instance" xsi:schemaLocation="http://schema.primaresearch.org/PAGE/gts/pagecontent/2017-07-15 http://schema.primaresearch.org/PAGE/gts/pagecontent/2017-07-15/pagecontent.xsd"><Metadata><Creator>User123</Creator><Created>2020-10-13T09:33:39</Created><LastChange>2020-10-13T09:33:39</LastChange></Metadata><Page imageFilename="0119.png" imageHeight="7867" imageWidth="4266"><TextRegion id="r0" type="paragraph" orientation="-0.0"><Coords points="1,1 4264,1 4264,7865 1,7865"/><TextLine id="r0_l001"><Coords points="1531,866 2054,866 2054,1040 1531,1040"/><TextEquiv index="1"><Unicode></Unicode></TextEquiv></TextLine><TextLine id="r0_l002"><Coords points="36,1147 3288,1147 3288,1383 36,1383"/><TextEquiv index="1"><Unicode>préjugés dont on nous emmaillotte l'es-</Unicode></TextEquiv></TextLine><TextLine id="r0_l003"><Coords points="328,1398 3283,1398 3283,1583 328,1583"/><TextEquiv index="1"><Unicode>prit: mais ce qui est diſſéré n'est pas</Unicode></TextEquiv></TextLine><TextLine id="r0_l004"><Coords points="323,1654 3278,1654 3278,1834 323,1834"/><TextEquiv index="1"><Unicode>perdu; sous un maître tel que moi, elle</Unicode></TextEquiv></TextLine><TextLine id="r0_l005"><Coords points="318,1887 2464,1887 2464,2080 318,2080"/><TextEquiv index="1"><Unicode>fera des progrès surprenans.</Unicode></TextEquiv></TextLine><TextLine id="r0_l006"><Coords points="497,2151 3273,2151 3273,2325 497,2325"/><TextEquiv index="1"><Unicode>J'ai roulé mille projets dans ma tête,</Unicode></TextEquiv></TextLine><TextLine id="r0_l007"><Coords points="26,2402 3278,2402 3278,2576 26,2576"/><TextEquiv index="1"><Unicode>et je me suis arrêté à un qui me paraît</Unicode></TextEquiv></TextLine><TextLine id="r0_l008"><Coords points="318,2648 3278,2648 3278,2786 318,2786"/><TextEquiv index="1"><Unicode>le meilleur. Je l'enleverai dans une de</Unicode></TextEquiv></TextLine><TextLine id="r0_l009"><Coords points="323,2894 3278,2894 3278,3073 323,3073"/><TextEquiv index="1"><Unicode>ses promenades. Comme elle ne va, dans</Unicode></TextEquiv></TextLine><TextLine id="r0_l010"><Coords points="318,3140 3273,3140 3273,3319 318,3319"/><TextEquiv index="1"><Unicode>les environs, qu'en voiture, je me met-</Unicode></TextEquiv></TextLine><TextLine id="r0_l011"><Coords points="318,3391 3273,3391 3273,3565 318,3565"/><TextEquiv index="1"><Unicode>trai en embuscade avec quelques hommes</Unicode></TextEquiv></TextLine><TextLine id="r0_l012"><Coords points="318,3632 3524,3632 3524,3811 318,3811"/><TextEquiv index="1"><Unicode>déterminés. J'aurai une chaise de poste</Unicode></TextEquiv></TextLine><TextLine id="r0_l013"><Coords points="312,3877 3273,3877 3273,4057 312,4057"/><TextEquiv index="1"><Unicode>toute prête: comme on ne peut arriver</Unicode></TextEquiv></TextLine><TextLine id="r0_l014"><Coords points="10,4128 3263,4128 3263,4308 10,4308"/><TextEquiv index="1"><Unicode>chez elle sans passer par des bois, j'ap-</Unicode></TextEquiv></TextLine><TextLine id="r0_l015"><Coords points="318,4374 3258,4374 3258,4559 318,4559"/><TextEquiv index="1"><Unicode>posterai des gens qui feront du bruit,</Unicode></TextEquiv></TextLine><TextLine id="r0_l016"><Coords points="241,4625 3258,4625 3258,4753 241,4753"/><TextEquiv index="1"><Unicode>des cris. On volera à leur secours en</Unicode></TextEquiv></TextLine><TextLine id="r0_l017"><Coords points="1,4866 3253,4866 3253,5050 1,5050"/><TextEquiv index="1"><Unicode>preux chevalier; et alors je m'empare</Unicode></TextEquiv></TextLine><TextLine id="r0_l018"><Coords points="164,5102 3253,5102 3253,5291 164,5291"/><TextEquiv index="1"><Unicode>de sa personne. Mes gens contiendront</Unicode></TextEquiv></TextLine><TextLine id="r0_l019"><Coords points="3997,5326 3997,5325 3997,5324 3995,5324 3994,5324 3994,5163 3995,5162 4025,5162 4025,5162 4025,5153 4026,5152 4030,5152 4030,5153 4030,5162 4031,5162 4225,5162 4225,5163 4225,5223 4226,5223 4230,5223 4230,5224 4230,5229 4231,5229 4255,5229 4255,5230 4255,5290 4255,5290 4251,5290 4250,5291 4250,5295 4250,5295 4246,5295 4245,5296 4245,5305 4245,5305 4000,5305 3999,5306 3999,5318 3998,5319 3998,5326 3998,5326"/><TextEquiv index="1"><Unicode></Unicode></TextEquiv></TextLine><TextLine id="r0_l020"><Coords points="312,5353 3258,5353 3258,5537 312,5537"/><TextEquiv index="1"><Unicode>ceux qui seront restés près d'elle, et</Unicode></TextEquiv></TextLine><TextLine id="r0_l021"><Coords points="292,5598 3242,5598 3242,5783 292,5783"/><TextEquiv index="1"><Unicode>j'emmène ma très - chère cousine sans</Unicode></TextEquiv></TextLine><TextLine id="r0_l022"><Coords points="4144,6055 4143,6055 4143,5977 4143,5976 4118,5976 4117,5976 4117,5969 4117,5968 3975,5968 3974,5968 3974,5967 3975,5966 3979,5966 3979,5966 3979,5808 3980,5807 3984,5807 3984,5807 3984,5735 3985,5734 4004,5734 4004,5734 4004,5732 4005,5731 4015,5731 4015,5731 4015,5726 4016,5725 4162,5725 4162,5725 4162,5716 4163,5715 4189,5715 4189,5715 4189,5670 4190,5669 4209,5669 4209,5669 4209,5655 4210,5654 4223,5654 4223,5654 4223,5650 4224,5649 4240,5649 4240,5650 4240,5669 4241,5669 4245,5669 4245,5670 4245,5751 4245,5751 4241,5751 4240,5752 4240,6055 4240,6055"/><TextEquiv index="1"><Unicode></Unicode></TextEquiv></TextLine><TextLine id="r0_l023"><Coords points="292,5839 3258,5839 3258,6013 292,6013"/><TextEquiv index="1"><Unicode>résistance. Ses éternelles compagnes pleu-</Unicode></TextEquiv></TextLine><TextLine id="r0_l024"><Coords points="297,6080 3237,6080 3237,6269 297,6269"/><TextEquiv index="1"><Unicode>reront; mais les larmes des femmes ne</Unicode></TextEquiv></TextLine><TextLine id="r0_l025"><Coords points="4057,7022 4056,7022 4056,7021 4056,7020 3971,7020 3970,7020 3970,6997 3969,6996 3969,6986 3969,6985 3964,6985 3963,6985 3963,6971 3964,6970 3969,6970 3969,6970 3969,6720 3970,6719 3974,6719 3974,6719 3974,6705 3975,6704 4061,6704 4061,6704 4061,6700 4062,6699 4066,6699 4066,6700 4066,6709 4067,6709 4071,6709 4071,6710 4071,6767 4072,6767 4240,6767 4240,6768 4240,6965 4240,6965 4236,6965 4235,6966 4235,7018 4235,7018 4200,7018 4199,7019 4154,7019 4153,7020 4062,7020 4061,7021 4061,7022 4061,7022"/><TextEquiv index="1"><Unicode></Unicode></TextEquiv></TextLine><TextLine id="r0_l026"><Coords points="3980,7205 3979,7205 3979,7202 3980,7201 4051,7201 4051,7201 4051,7187 4051,7186 3964,7186 3963,7186 3963,7038 3964,7037 4056,7037 4056,7037 4056,7023 4057,7022 4147,7022 4149,7020 4194,7020 4195,7019 4227,7019 4228,7018 4235,7018 4235,7019 4235,7144 4235,7144 4231,7144 4230,7145 4230,7195 4229,7196 4228,7196 4227,7197 4225,7197 4224,7198 4222,7198 4221,7199 4144,7199 4143,7200 4143,7201 4143,7201 4141,7201 4140,7202 4140,7204 4140,7204 4057,7204 4056,7205"/><TextEquiv index="1"><Unicode></Unicode></TextEquiv></TextLine><TextLine id="r0_l027"><Coords points="3975,7436 3974,7436 3974,7350 3974,7349 3970,7349 3969,7349 3969,7319 3969,7318 3954,7318 3953,7318 3953,7314 3954,7313 3958,7313 3958,7313 3958,7274 3959,7273 3959,7274 3959,7278 3960,7278 4056,7278 4056,7279 4056,7288 4057,7288 4138,7288 4138,7289 4138,7295 4139,7295 4180,7295 4182,7297 4183,7297 4183,7298 4183,7313 4184,7313 4194,7313 4194,7314 4194,7331 4194,7331 4190,7331 4189,7332 4189,7344 4189,7344 4169,7344 4168,7345 4168,7431 4168,7431 4164,7431 4163,7431 4163,7427 4163,7426 4159,7426 4158,7426 4158,7412 4158,7411 3980,7411 3979,7412 3979,7436 3979,7436"/><TextEquiv index="1"><Unicode></Unicode></TextEquiv></TextLine><TextLine id="r0_l028"><Coords points="4206,7603 4206,7601 4206,7600 4204,7600 4202,7598 4201,7598 4198,7595 4154,7595 4153,7595 4153,7575 4153,7574 4045,7574 4043,7572 4041,7572 4040,7572 4040,7504 4040,7503 3970,7503 3969,7503 3969,7458 3970,7457 4121,7457 4122,7456 4158,7456 4158,7456 4158,7453 4159,7452 4173,7452 4173,7452 4173,7391 4174,7390 4179,7390 4179,7390 4179,7371 4180,7370 4184,7370 4184,7370 4184,7356 4185,7355 4189,7355 4189,7356 4189,7419 4190,7420 4190,7421 4191,7421 4194,7421 4195,7422 4220,7422 4220,7423 4220,7580 4220,7580 4215,7580 4214,7581 4214,7590 4214,7590 4210,7590 4209,7591 4209,7605 4209,7605"/><TextEquiv index="1"><Unicode></Unicode></TextEquiv></TextLine><TextLine id="r0_l029"><Coords points="3688,7708 3687,7708 3687,7704 3687,7703 3683,7703 3682,7703 3683,7702 3687,7702 3687,7702 3687,7701 3688,7700 3938,7700 3938,7700 3938,7668 3939,7667 3943,7667 3943,7667 3943,7606 3944,7605 3958,7605 3958,7605 3958,7601 3959,7600 3963,7600 3963,7600 3963,7596 3964,7595 3969,7595 3969,7595 3969,7591 3970,7590 4035,7590 4035,7590 4035,7576 4036,7575 4043,7575 4044,7574 4045,7574 4046,7575 4056,7575 4056,7576 4056,7585 4057,7585 4186,7585 4188,7587 4189,7587 4193,7591 4194,7591 4201,7598 4202,7598 4204,7601 4204,7603 4205,7603 4207,7603 4208,7605 4208,7605 4200,7605 4199,7606 4199,7610 4199,7610 4190,7610 4189,7611 4189,7615 4189,7615 4180,7615 4179,7616 4179,7621 4179,7621 4164,7621 4163,7622 4163,7626 4163,7626 4144,7626 4143,7627 4143,7631 4143,7631 4133,7631 4132,7632 4132,7636 4132,7636 4128,7636 4127,7637 4127,7641 4127,7641 4113,7641 4112,7642 4112,7646 4112,7646 4087,7646 4086,7647 4086,7651 4086,7651 4072,7651 4071,7652 4071,7656 4071,7656 4067,7656 4066,7657 4066,7662 4066,7662 4041,7662 4040,7663 4040,7667 4040,7667 4031,7667 4030,7668 4030,7672 4030,7672 4005,7672 4004,7673 4004,7677 4004,7677 3985,7677 3984,7678 3984,7682 3984,7682 3980,7682 3979,7683 3979,7687 3979,7687 3964,7687 3963,7688 3963,7697 3963,7697 3949,7697 3948,7698 3948,7700 3948,7700 3944,7700 3943,7701 3943,7703 3943,7703 3693,7703 3692,7704 3692,7706 3693,7706 3774,7706 3774,7707 3774,7708 3774,7708"/><TextEquiv index="1"><Unicode></Unicode></TextEquiv></TextLine><TextLine id="r0_l030"><Coords points="113,7673 369,7673 369,7865 113,7865"/><TextEquiv index="1"><Unicode>L</Unicode></TextEquiv></TextLine></TextRegion></Page></PcGts>