4266 8041
1398 874 1927 1047 (i
424 1738 2853 1885 LETTRE LXVII.
146 2182 3156 2334 . au Comte De elln-
1335 2508 1984 2602 ville.
55 2920 3161 3098 Je comptais, mon ami, ne vous écrire
156 3177 3166 3360 qu'après le jour qui doit faire quatre heu-
152 3429 3167 3623 reux à - la - fois. Il approche à grands
156 3674 3172 3852 pas; dans huit jours, nous serons tous
157 3926 3152 4104 récompensés de notre longue attente.
162 4172 3178 4366 Il faut que je vous fasse part du projet
16 4413 3173 4623 de madame de Beauregard, qui prouve
173 4680 3183 4848 combien cette femme est aimante, et
173 4932 3167 5073 combien elle aime à faire des heureux.
16 5183 3178 5382 Elle a fait une fondation suffisante pour
21 5439 3178 5617 marier quatre filles du village aux gar-
188 5680 3481 5874 çons qu'elles aiment. Ces mariages se fe-
188 5942 3188 6120 ront le même jour que les nôtres, et
18 6178 3182 6428 chaque année, à pareille époque, il y
