4266 8100
222 1113 3296 1297 lui dit qu'il allait l'épouser. A ces mots,
227 1371 3291 1551 il se jeta aux pieds de ma sœur, et lui
227 1624 3270 1809 témoigna une si vive reconnaissance,
232 1878 3270 2062 qu'elle en fut attendrie jusqu'aux larmes;
232 2136 3275 2315 pour la pauvre fille, rouge et confuse, le
232 2389 3275 2574 coin de son tablier lui servait à essuyer
232 2642 3265 2827 ses beaux yeux; mais elle n'osait parler.
406 2901 3275 3038 Le curé arriva avec les autres filles et
232 3159 3275 3344 les autres garçons. Ma sœur leur fit un
227 3412 3275 3602 petit discours sentimental; elle leur fit
227 3660 3270 3845 envisager le bonheur dont ils allaient
21 3913 3254 4098 jouir dans l'union qu'ils allaient con-
232 4166 3254 4351 tracter; que le jour qui s'approchait serait
227 4414 3233 4604 doublement heureux pour elle, puisque,
232 4662 3233 4842 en faisant la félicité de plusieurs, ce
232 4915 3244 5100 serait l'époque où elle allait elle - même
232 5163 3244 5343 devenir l'heureuse compagne du cheva-
227 5416 3238 5585 lier d'Auterive. A ces mots, sa voix s'al-
232 5664 3249 5844 téra, et elle porta son mouchoir à ses
221 5911 3232 6096 veux, pendant le temps que le chevalier,
232 6165 3254 6355 près de moi, me tenait une main, et
506 6466 675 6550 I.
