4266 7972
327 1126 3296 1329 d'un être qu'elle adore, plus elle prend
311 1386 3286 1568 un air de fierté; il semble qu'elle se dise
322 1635 3286 1812 à elle-même: J'ai vaincu par des efforts
311 1884 3275 2014 surnaturels les faiblesses attachées au
296 2133 3265 2310 plus violent amour; j'ai eu le courage
311 2372 3260 2564 de résister à sa passion et à la mienne.
301 2632 3270 2813 J'arrive au but sans reproche; je suis
306 2870 3265 3047 contente de moi... je suis digne de lui...
306 3114 3260 3301 Que cette idée est douce pour une ame
280 3364 3249 3545 vertueuse! Effectivement, peu de femmes
296 3618 3260 3794 se sont trouvées dans une position plus
285 3862 3255 4043 pénible: aussi était-elle contrainte; ses re-
296 4116 3255 4293 gards mal assurés laissaient voir l'anxiété
280 4360 3239 4542 de son esprit; tout la faisait trembler;
280 4609 3244 4781 réduite à se craindre elle-même, elle
275 4848 3234 5030 n'osait se livrer à la chose la plus inno-
280 5123 701 5222 cente.
452 5341 3234 5523 Mais à présent, plus sûre d'elle, elle
280 5590 3234 5772 a repris toute la sérénité qui convient à
270 5834 3229 6016 une ame pure. Fière de sa victoire, elle
275 6078 3229 6260 est avec son amant plus libre et plus
