4266 8120
3881 143 4166 238 --
2279 931 2823 1110 i
1279 1613 3780 1761 LETTRE LXVIII.
1015 2014 4055 2173 Le Chevalier d'Averive au
1375 2295 3690 2458 Chevalier De Vllelle.
1025 3018 4059 3203 e terme approche, mon ami; encore
1015 3273 4060 3452 huit jours, et je serai l'époux de ma
1015 3516 4060 3706 Sophie. Cette femme acquiert à chaque
999 3780 4050 3960 instant un nouvel empire sur mon ame.
1015 4023 4060 4209 Mon père a fini par convenir avec moi
1009 4282 4054 4434 u'elle mérite tous les sentimens et tous
999 4526 4055 4716 les hommages: cet aveu dans sa bouche
1010 4785 4045 4965 est le plus bel éloge que l'on puisse faire
1005 5033 3146 5218 de madame de Beauregard.
1179 5287 4264 5477 Elle vient de faire une fondation; qua-
1005 5541 4023 5715 tre mariages chaque année renouvelle-
1005 5779 4013 5959 ront le jour heureux de notre union:
1005 6027 4018 6218 dans huit jours, quatre couples fortunés
1004 6291 4007 6465 nous accompagneront à l'autel, ma
21 7803 761 7915 ---
