4266 7972
3706 73 4029 176 --
2149 924 2684 1106 ia
914 1215 3898 1396 Sa reconnaissance l'égare, et je ne le
908 1464 3898 1645 souffrirai pas. Je n'ai jamais pu com-
903 1718 3898 1895 prendre comment tant de paysans quit-
908 1967 3898 2144 tent les champs pour venir remplir l'an-
913 2205 3902 2376 tichambre des citadins, v puiser tous
913 2454 3902 2636 les vices, et v vivre dans une paresse
597 2704 3903 2886 qui dégrade l'homme. Je ne méprise pas
934 2907 3919 3130 les domestiques à un certain point; il
923 3202 3913 3378 v a des gens qui, sans talent et sans
939 3452 3919 3628 moyen, sont obligés de servir leurs sem-
955 3701 2953 3836 blables: c'est un malheur.
1100 3950 3909 4137 Mais quand on a de l'énergie, et que
913 4203 3918 4390 l'on peut l'employer à gagner le pain
934 4443 3914 4625 dont on a besoin, si on ne le fait pas,
934 4692 3914 4869 on est vil. Il n'y a que la paresse ou
934 4936 3919 5118 la bassesse qui puisse conduire à l'état
928 5184 4237 5366 de domesticité. Un paysan qui cultive
924 5435 3909 5601 la terre mérite toute ma considération;
929 5679 3914 5855 sa profession est libre et honorable; s'il
934 5928 3249 6109 la quitte, je ne puis l'estimer.
1116 6166 3914 6364 Je vous prie, chevalier, de lui faire
150 7738 539 7817 -
