4266 7905
3737 1 4102 154 -
2084 911 2831 1117 i
860 1194 3834 1374 perdu les traces de cette infortunée, nous
860 1441 3839 1570 avons au moins la consolation de savoir
869 1687 3838 1867 qu'elle n'est point au pouvoir de ce
854 1966 1503 2059 monstre.
1029 2187 3845 2362 Il y a quatre jours que nous revenions
854 2434 3834 2604 de voir un vieux militaire, ami intime
869 2677 3828 2814 de M. d'Auterive. Mademoiselle d'Ar-
870 2929 3845 3103 mincourt, Henriette d'Auterive et ma
885 3176 3860 3356 sœur, étaient dans un phaéton, mené par
875 3423 3839 3592 cette dernière, et nous autres hommes,
870 3675 3850 3845 nous étions à cheval; deux seuls valets
870 3932 3834 4112 nous accompagnaient. Nous étions dis-
880 4174 3850 4354 tans d'Ormilly d'une demi-lieue; le jour
885 4421 3839 4591 commençait à baisser, et nous nous trou-
875 4658 3834 4838 vions dans un bois assez touſſu, quand,
818 4910 3839 5085 tout - à - coup, des cris perçans se firent
896 5157 3839 5332 entendre. Nous nous arrêtâmes pour
896 5399 3839 5579 écouter ce que ce pouvait être. Madame
890 5641 3845 5821 de Beauregard, toujours sensible, nous
906 5888 3845 6068 engagea à voler au secours des malheu-
911 6135 3839 6315 reux dont les gémissemens lui ſaisaient
