4266 7948
1552 952 2074 1127 n.
326 1231 3284 1417 la plus grande peine. Comme depuis
331 1479 3279 1665 long - temps nous ne marchions qu'ar-
321 1738 3279 1919 més, et que j'en ai fait prendre l'habi-
305 1960 3284 2162 tude au chevalier, toujours en cas de
331 2234 3284 2405 rencontre de ce Saint - Hilaire, nous
331 2477 3279 2648 cédâmes au desir de ma sœur, et sur-le-
326 2725 3284 2901 champ nous dirigeâmes nos chevaux du
331 2974 3284 3155 côté d'où le bruit était venu. Elle envoya
331 3217 3284 3398 les domestiques très-imprudemment à
331 3470 3274 3641 notre suite, et attendait dans la route le
321 3718 3284 3894 résultat de sa générosité, quand elle voit
331 3962 3289 4137 sa voiture entourée de quatre inconnus à
16 4205 3284 4386 cheval, dont un s'approche de la por-
11 4463 3289 4639 tière, et d'un bras vigoureux l'enlève
341 4701 3289 4877 par - dessus, et la jette dans une chaise
36 4949 3279 5125 de poste qui s'était présentée tout-à-coup;
341 5192 3284 5368 les trois autres hommes étaient occupés
347 5430 3294 5611 à empêcher Henriette et mademoiselle
352 5673 3289 5860 d'Armincourt de jeter le moindre cri.
352 5922 3300 6103 Mais cette dernière, très-courageuse, en
67 6180 3294 6356 poussa de très - violens, malgré les hor-
3600 7594 4264 7732 -
