4266 8001
3871 151 4153 250 -
2250 958 2781 1129 o
1016 1235 4006 1422 ribles menaces que l'on lui faisait. La
1016 1490 3996 1667 chaise s'éloignait d'une vîtesse extrême,
1016 1735 3996 1917 et les coquins qui avaient fait le rapt
1005 1990 3996 2162 attendirent un moment pour donner le
1004 2234 3990 2411 temps à la voiture de gagner chemin. Le
1000 2480 3991 2662 bruit que firent nos chevaux, comme
1000 2730 3996 2897 nous revenions à toute bride, ramenés
1005 2975 3991 3157 par les cris de mademoiselle d'Armin
1005 3220 3980 3402 court, les firent s'éloigner. Quel spec-
1005 3470 3980 3600 tacle! Henriette évanouie! ma sœur dis-
995 3720 3980 3897 parue, et son amie dans un désespoir
995 3959 3970 4147 violent, pouvant à peine proférer une pa-
990 4220 3965 4397 role, et nous indiquant du geste le côté
990 4475 3959 4647 qu'avaient pris les ravisseurs. Le cheva-
985 4720 3965 4902 lier partit comme un furieux, son père
891 4923 3959 5147 le suivit de près: je donnai des ordres
985 5215 3954 5392 pour ramener ces deux malheureuses
979 5454 3949 5632 femmes à Ormilly, et j'eus bientôt re-
979 5710 3933 5882 joint messieurs d'Anterive. Le bruit des
979 5960 3938 6142 chevaux qui étaient devant nous, nous
979 6205 3923 6387 guida. La nuit commençait à s'épaissir,
