4266 7958
1605 937 2123 1124 a
388 1227 3355 1403 et la lune, dans les nuages, ne nous lais-
383 1481 3340 1657 sait que par intervalle distinguer les objets.
378 1724 3355 1911 A peine eûmes - nous fait un quart de
285 1978 3345 2178 lieue, que nous trouvâmes la route bar-
388 2221 3361 2397 rée par quatre hommes à cheval. Le che-
394 2475 3371 2651 valier d'Auterive veut passer outre: une
399 2718 3376 2895 voix se fait entendre, et dit: Si vous
399 2949 3376 3138 avancez, vous êtes mort. -- Le chevalier
394 3216 3366 3392 de Saint - Hilaire! m'écriai-je. -- Saint-
399 3469 3645 3640 Hilaire? dit d'Auterive. -- A moi, co-
404 3713 3376 3894 quin; il y a long-temps que je desire t'ex-
394 3961 3371 4132 terminer. En disant ces mots, il saute
404 4210 3381 4381 à bas de son cheval. -- Un moment, dit
404 4458 3371 4639 M. d'Auterive, aussi prompt que son
419 4707 3371 4879 ſils: Monsieur, si vous êtes homme d'hon-
414 4955 3376 5142 neur, éloignez vos gens, et videz votre
413 5203 3391 5384 querelle. Saint-Hilaire fit un geste pour
425 5452 3386 5634 éloigner son monde, et s'avança sur
419 5691 3711 5877 d'Auterive. Son père lui dit d'un ton
425 5929 3386 6110 ferme: Chevalier, du sang - froid. En
399 6177 3392 6364 disant cela, il se plaça pour voir le
