4266 8110
1505 987 2049 1167 i.
259 1262 3274 1447 mon infortunée sœur. Moi, je suis resté
253 1510 3284 1690 près de deux ſemmes désolées. J'at-
243 1764 3284 1943 tends quelques nouvelles, pour voir le
248 2017 3279 2197 parti qui me reste à prendre. Ce malheu-
259 2271 3279 2450 reux chevalier, qui court les champs,
259 2519 3284 2698 sans savoir où il va! J'espère qu'il nous
259 2772 3274 2971 donnera de ses nouvelles. Que le sort de
259 3031 3274 3211 ma sœur m'inquiète! qu'est - elle deve-
248 3264 3274 3459 nue? Que de larmes elle doit verser, si
253 3538 3274 3717 près d'un bonheur si bien mérité et
259 3791 3269 3976 acheté par tant de sacrifices!.... Mon
248 4050 3263 4177 cœur est accablé. Henriette ne cesse de
238 4304 3258 4436 fondre en larmes. Le sort de madame de
227 4562 3253 4742 Beauregard, celui de son frère, l'éloi-
238 4805 3253 4990 gnement de son père, le mien qu'elle
238 5064 3258 5244 craint; toutes ces peines réunies remplis-
232 5312 3258 5492 sent d'amertume cette ame neuve qui n'est
238 5566 3253 5750 point accoutumée à de violentes secous-
243 5819 3258 6009 ses. Pour mademoiselle d'Armincourt,
243 6073 3242 6257 morne et pensive, on ne peut la tirer de
253 6321 3237 6500 l'abattement dans lequel elle est tombée.
