4266 8011
599 1660 2972 1772 LEL.
318 1993 3296 2180 Le à
1183 2263 2419 2404 .Dce.
328 2544 536 2637 L
133 2623 3290 2800 eeuis le moment où je me suis éloi-
323 2879 3296 3067 gné de vous et de mon père, en sortant
318 3124 3302 3302 de laver dans le sang du plus odieux des
318 3370 3296 3552 hommes l'outrage fait à la plus respec-
318 3625 3302 3802 table des femmes, je ne me suis livré à
323 3870 3307 4048 aucun repos, et je n'ai pris de nourri-
329 4121 3302 4298 ture que ce qu'il fallait pour soutenir
329 4366 3302 4543 ma pénible existence. Après vous avoir
322 4605 3332 4782 quitté, j'ai (les deux éperons dans les
329 4856 3307 5033 flancs de mon cheval) continué la route
323 5112 3302 5284 sur laquelle nous étions. A une certaine
334 5352 3307 5539 distance, un chemin fourchu s'est pré-
334 5607 3296 5774 senté, et mon embarras a été extrême.
339 5852 3307 6040 Je me suis arrêté un moment; j'ai prêté
78 6097 3312 6280 l'oreille; un roulement éloigné que j'ai
3780 7645 4264 7808 L
235 7829 433 8009 L
