4266 8051
3811 84 4032 194 -
2259 823 2789 1012 .
1033 1104 4036 1300 cru entendre, m'a ſait prendre celui qui
1033 1368 4026 1546 était à droite. Mon cheval volait; mais
1027 1620 4028 1798 à quoi m'a servi sa vîtesse? Sur les mi-
1012 1871 4020 2055 nuit, j'ai atteint une voiture; je me
1027 2118 4026 2296 croyais au moment de rejoindre votre
1012 2369 4020 2547 malheureuse sœur; mon espoir a été
1012 2616 4010 2799 trompé ... Je n'ai vu qu'une méchante
1012 2867 4005 3065 cariole qui renfermait un bon curé avec
1001 3108 4010 3245 son valet. Je leur demandai s'ils avaiont
996 3365 4005 3543 vu une chaise de poste? Ils me dirent
1908 3611 4005 3790 .Où aller? de quel côté di-
990 3668 1828 3789 que oI...
985 3863 3999 4047 riger mes pas? Je pris le parti de quitter
985 4115 4240 4298 la grande route, et je me jetai dans une
807 4361 4240 4544 route de traverse qui se présentait. Je
991 4618 4204 4809 fis encore à - peu - près deux lieues, et à
985 4856 3994 5048 quatre portées de fusil d'un village qui
991 5121 3989 5294 s'offrit à ma vue, mon cheval fondit
732 5367 3978 5560 sous moi, et mourut sur la place. Je le
991 5619 3973 5802 gagnai à pied, non sans peine; ma fa-
990 5875 3972 6053 tigue était extrême. Je frappai à la pre-
990 6011 4182 6305 mière porteque j'aperçus; mais on
3543 6369 3968 6500 reſusa
