4266 7953
2273 849 2796 1025 ie
1046 1134 4018 1315 à mon uniforme, que je n'étais pas un
1041 1388 4018 1553 aventurier: il m'aida à entrer chez lui,
1041 1631 4028 1812 alluma un grand feu de sarment, me fit
1036 1885 4023 2071 prendre un petit verre de liqueur forte,
1041 2133 4023 2315 et cela me remit un peu. Je fis demander
1041 2387 4264 2563 au pasteur du lieu de vouloir bien me
1041 2636 4034 2765 recevoir. Il eut l'honnêteté de venir au-
1046 2884 4034 3060 devant de moi; je me nommai; mon
1041 3138 4264 3319 père lui est très - connu. Il me fit bassiner
1046 3392 4205 3573 un lit; mais je ne pus trouver une mi-
1046 3640 4194 3837 nute de repos: il n'en est pas pour moi,
1051 3894 4194 4075 tant que je serai séparé de mon infor-
1056 4148 4264 4329 tunée amie: je ne puis me livrer qu'à la
1056 4396 4039 4572 douleur et au désespoir: je jure malheur
1056 4639 4189 4821 à ceux qui la retiennent. Le curé m'a fait
1072 4888 4039 5069 avoir un bidet de ſermier, que l'on dit
1072 5142 4044 5271 excellent. Je me remets demain sur les
1072 5385 4236 5566 traces de ma chère Sophie: il faut que jo
1077 5634 4236 5815 la retrouve, ou que je meure. Je descen-
1087 5867 4034 6053 drais aux enfers, comme un second
1093 6120 1652 6302 Orphée.
