4266 7953
433 1103 3242 1335 Je vous envoie cette lettre par un ex-
256 1339 3253 1580 près. Vous aurez la bonté, ô le meilleur
247 1588 3243 1820 de mes amis, de lui remettre dix louis
246 1842 3248 2083 que le curé m'a prêté. Je ne vous dis
242 2090 3243 2328 rien pour personne; ils connaissent tous
246 2329 2902 2560 mon cœur. Je suis pour la vie votre
1380 2732 3217 2906 Félix d'Auterive.
543 3499 2917 3697 LETTRE LXXII.
429 3945 2992 4152 Un Anonyme à . Lrct.
563 4856 817 4949 L
553 4941 1667 5125 onsieur,
355 5338 3176 5575 Pardonnez à la liberté que je prends
189 5581 3171 5825 de vous écrire ces lignes. Vous saurez
183 5841 3156 6081 que j'ai de grands reproches à me faire;
180 6088 3147 6328 mais, grace au ciel, je puis les répa-
