4266 7972
1526 882 2061 1059 ii
291 1163 3280 1339 d'une bonne personne. Madame sera
291 1412 3291 1594 bien; il ne lui manquera de rien. Mais
291 1661 3280 1843 sûrement qu'on lui a fait accroire, comme
285 1910 3280 2087 à moi, que les étoiles brillaient dans le
280 2149 3270 2325 plein cœur du midi: car il faut dire tout;
291 2393 3280 2585 ce M. Saint-Hilaire (je n'ose pas à peine
280 2652 3270 2829 dire son nom) était un fin monsieur,
280 2907 3265 3083 voyez-vous! Cet homme-là parlait com-
280 3156 3265 3332 me un prédicateur; rien que de l'en-
280 3395 3260 3571 tendre, on croyait tout ce qu'il disait:
275 3639 3265 3815 c'était merveille; mais au bout de tout,
265 3888 3249 4059 comme dit l'autre, la tricherie revient
275 4142 3557 4313 à son maître; et dame, cela se voit bien;
270 4391 3255 4568 car, je dis, il a été puni tout comme il
31 4635 3265 4806 le méritait. Bien des excuses, monsieur,
26 4879 3249 5056 si j'ai osé prendre la liberté de vous
265 5123 3244 5300 écrire; mais mon cœur me reprochait
260 5377 3229 5559 que j'avais fait comme une mauvaise
260 5627 3234 5762 action au vis-à-vis de madame de Beau-
250 5865 3234 6047 regard, qui est si bonne, qu'elle appri-
254 6115 3223 6296 voiserait des pierres. C'est dans ces sen-
3301 7607 4246 7755 --
