4266 7963
1524 798 2048 970 n.
296 1078 3261 1265 ce bruit. Quelle ſut ma surprise! Ma-
290 1322 3256 1514 dame de Beauregard dans une petite
275 1581 3240 1784 charrette d'osier qu'entouraient tous les
280 1825 3261 2012 habitans du canton, et les quatre jeunes
285 2079 3261 2250 garçons portant des branches d'arbres
1 2323 3261 2494 tout enrubanées. Ma sœur, aussi - tôt
1 2570 3255 2747 qu'elle me vit, fit arrêter, se précipita
275 2815 3251 2991 hors de cette voiture, et vint se jeter
275 3059 3230 3188 dans mes bras en versant un torrent de
270 3313 3235 3489 larmes. Je la pressai contre mon cœur
264 3556 3235 3733 avec la plus douce sensation: que j'étais
264 3805 3520 3987 heureux de la revoir!... Le bruit avait
52 4049 3230 4184 attiré Henriette et mademoiselle d'Ar-
52 4303 3225 4479 mincourt: je ne puis vous dépeindre la
254 4547 3219 4723 scène dont j'ai été témoin; la joie de
249 4801 3214 4990 ces trois aimables femmes, leurs cares-
244 5050 3209 5221 ses, leurs tendres embrassemens, tout
244 5288 3199 5469 cela est au-dessus de ce que je pourrais
244 5532 3194 5677 vous dire. Le sentiment a une manière
249 5775 3204 5967 de s'exprimer qui lui est propre, et qui
249 6014 3204 6206 perd inſiniment de son prix quand on
