4266 8001
1 172 229 243 L
3876 113 4205 214 -
2297 797 2824 969 IS.
1052 1084 4063 1261 veut le dépeindre. Ma sœur s'arracha
1052 1334 4063 1464 enfin des bras de ses amies: elle de-
1047 1589 4063 1766 manda une chaise; et en la présentant
1047 1844 4063 2021 aux gens qui étaient dans la voiture, elle
1058 2099 4074 2277 leur demanda mille pardons de les avoir
1063 2344 4063 2527 oubliés si long-temps. Je vis descendre un
1047 2600 4074 2782 bon vieillard et une femme qui ne parais-
1047 2855 4053 3032 sait pas beaucoup moins âgée. Ma sœur
1052 3100 4241 3282 les obligea à lui donner le bras, et voulut
1047 3350 4230 3522 les mener ainsi au château. En chemin,
1063 3605 4063 3782 elle nous dit qu'elle leur devait tout, et
1051 3854 4052 4031 qu'elle ne l'oublierait jamais. A ces mots,
1058 4100 4220 4230 si vous eussiez vu Henriette et mademoi-
1052 4360 4058 4538 selle d'Armincourt s'empresser autour de
1052 4605 4215 4788 ces bonnes gens!... Les villageois en fai-
1068 4850 4256 5032 saient tout autant; on avait peine à tenir
1052 5085 4058 5277 à cet attendrissant spectacle. Quand nous
1058 5350 4251 5527 oûmes gagné le perron, madame de Beau-
1058 5590 4053 5767 regard se retourna, et dit à la foule
1063 5835 4048 6017 qui la suivait: Mes amis, mes chers en-
1058 6074 4043 6257 fans, je vous donne à dîner à tous: ap-
174 7722 1128 7810 -
