4266 7895
2072 771 2462 946 o
848 1059 3819 1223 avec violonce, en criant: Je ne veux
843 1306 3814 1486 rien entendre. On eut la plus grande
853 1547 3814 1727 peine à lui remettre l'esprit: à la fin,
858 1799 3830 1928 elle se calma. Je lui montrai la lettre du
857 2045 3829 2225 chevalier; elle n'éprouva plus ue la
797 2293 3825 2485 douleur de le savoir loin d'elle, sans être
653 2528 3834 2708 à portée de lui apprendre son heureux
874 2822 1367 2915 retour.
1044 3038 3835 3213 On vint nous annoncer que les ordres
878 3284 3839 3448 u'elle avait donnés étaient exécutés, et
878 3515 3839 3705 que tout était prêt. Tout le monde s'v
869 3778 3825 3953 était prêté avec joie et satisfaction. Dans
874 4025 3845 4205 une des grandes allées du parc, on avait
879 4277 3845 4452 rassemblé toutes les tables longues du
879 4519 3845 4698 village, et on les avait placées au bout
894 4760 3840 4894 les unes des autres: des bancs mis de cha-
893 5011 3839 5186 que côté pouvaient recevoir la multitude,
889 5254 3825 5434 et formaient un long cordon de convives.
888 5499 3839 5679 On avait préparé à la hâte, mais avec
889 5742 3840 5922 intelligence, la place de madame de
894 5999 3845 6184 Beauregard, au bout du banquet. Des
