4266 7792
2216 790 2728 965 .
760 1069 3912 1247 ainsi dire, toutes ses facultés intelleo-
1005 1322 3906 1499 tuelles. Plus on est proche de la nature,
1004 1567 3912 1745 plus on est susceptible de ces sentimens
1005 1809 3906 1990 doux, que les ames corrompues et vi-
1019 2052 3901 2234 cieuses ne connaissent plus: elles ont
994 2295 3906 2476 perdu l'idée d'un bonheur vrai que l'on
988 2544 3900 2717 ne trouve que dans l'innocence des
989 2835 1522 2917 mœurs.
1014 3029 3890 3213 Pardonnez cette digression; mais je
988 3273 3891 3457 vous avoue, mon ami, que cette fête a
988 3514 3885 3696 laissé dans mon esprit une teinte agréable
988 3758 3875 3936 qui n'est point encore effacée, et qui me
974 3999 3099 4185 plonge dans mille réflexions.
1151 4245 3871 4425 Pour madame de Beauregard, elle ne
973 4484 4191 4684 put tenir aux expressions d'attachement
968 4718 3855 4910 qui venaient à chaque pas frapper son
969 4975 3851 5149 oreille. Quand elle fut arrivée, et qu'elle
968 5216 4172 5404 vit la place qui lui était destinée, la plus
959 5454 3841 5634 vive émotion parut sur son visage: son
958 5701 3846 5877 ame sensible était attaquée sur tous les
959 5935 3835 6127 points; elle ne put proférer une parole.
