4266 7895
1599 838 2118 1008 o
370 1116 3424 1311 peraient pas, et qu'ils ne seraient con-
365 1362 3305 1537 tens, que lorsqu'ils auraient retrouvé
355 1604 3305 1743 monsieur le chevalier. Ce dernier trait a
350 1845 3295 2020 touché ma sœur, au point qu'elle man-
349 2086 3289 2279 quait d'expressions pour maniſester toute
339 2334 3285 2514 sa reconnaissance. Quand nous fûmes
339 2581 3280 2771 rentrés, elle se livra à mille inquiétudes
339 2822 3275 2951 sur le sort de son amant. Où est - il?
333 3063 3268 3233 quand reviendra - t - il? Tous les accidens
334 3316 3269 3490 qui peuvent lui arriver sont prévus, et sa
329 3562 3254 3737 tendre inquiétude la livre à mille chi-
324 3804 3254 3979 mères qui toutes lui paraissent des réa-
319 4046 3244 4226 lités. Je n'en suis pas exempt moi-même,
8 4287 3244 4462 je connais sa tête; il est homme à ne
308 4524 3244 4693 mettre de bornes à ses recherches, que le
308 4765 3239 4940 bout du monde. Adieu, mon ami: voilà
314 5007 3233 5182 un volume; mais les détails qu'il ren-
46 5249 3223 5434 ferme ne vous paraîtront pas fastidieux.
298 5490 3223 5670 Je connais votre cœur. Je joins ici le ré-
298 5732 3223 5922 cit de ce qui est arrivé à madame de
293 5963 3223 6158 Beauregard. Adieu encore: donnez -moi
3022 7503 4194 7694 -
