4266 7867
1619 840 2131 1009 o
405 1117 3334 1301 que mes sens m'abandonnèrent, et je ne
389 1357 3309 1542 les recouvris que bien long - temps après.
405 1598 3324 1777 Je sentis que l'on me tirait le bras, et je
400 1834 3319 2018 distinguai une voix inconnue qui me
384 2085 3314 2259 disait: Madame!... Madame! écou-
388 2335 2423 2463 tez donc! ô madame!..
2420 2340 3318 2468 .J'ouvris
384 2582 3309 2756 les yeux; je me retrouvai dans la chaise
384 2827 3314 3007 où l'on m'avait mise, et je sentis à la
379 3073 3309 3268 fraîcheur qui m'avait saisie, que la nuit
369 3319 3304 3498 était avancée. Je n'osais proférer une
364 3575 3304 3749 parole: le postillon me dit: (car c'était
153 3790 3283 3990 lui qui me rappelait à la vie) Madame,
364 4067 3278 4190 où voulez - vous aller? O mon ami!
358 4307 3287 4496 qui que vous soyez, ayez pitié d'une in
353 4548 3288 4728 fortunée qui n'a d'espoir que dans votre
364 4794 3283 4974 générosité; et croyez que la récompense
348 5035 3278 5209 que je vous donnerai sera bien au-delà
348 5281 3283 5460 de votre espoir. -- Ce n'est pas cela qui
348 5513 3273 5706 me guide, me dit-il avec franchise. Il
338 5773 3258 5952 paraît que nous ne sommes pas suivis.
343 6008 3268 6146 Il est deux heures du matin. Je me suis
