4266 7914
3746 67 4102 170 -
953 1118 4009 1299 arrêté dans cette plaine. Je n'entends
953 1371 3937 1551 rien venir. Je crois que mon maître n'a
948 1618 3932 1793 pu se soustraire aux personnes qui vous
958 1865 3942 2041 accompagnaient, et qui l'ont probable-
953 2093 3927 2283 ment rejoint: les autres sont dispersées,
953 2355 3932 2535 à ce qu'il me semble. Il m'a pris à son
952 2606 3931 2782 service depuis peu: je ne me suis prêté
958 2855 3927 3035 à ce qu'il m'a ordonné qu'avec répu-
958 3102 3927 3282 gnance. Si je puis vous obliger, dites-
953 3349 3921 3530 le-moi; que ſaut-il ſaire? --O généreux
958 3592 4205 3767 homme! m'écriai - je, s'il est vrai que
958 3834 4189 4009 vous soyez de bonne-foi, comme j'aime
958 4071 3916 4241 à le croire, il faut me soustraire aux
974 4313 3911 4488 recherches de votre odieux maître, qui,
958 4555 3906 4730 d'un moment à l'autre, peut nous re-
948 4803 4205 4983 joindre. Mais où aller? A peine eus-je
958 5045 4179 5225 fini ces mots, qu'un bruit de chevaux
958 5292 4158 5472 qui se fit entendre, me glaça d'effroi.
953 5539 3906 5720 Mon homme ne délibère pas; il saute
957 5786 3910 5966 sur son cheval, et prend la plaine à
964 6029 3906 6168 toute bride. J'avais beau lui demander
