4266 7895
1500 852 2020 1028 6n
-2 1128 3244 1317 est question. Alors on me fit descendre,
-2 1375 3526 1585 et j'entrai dans la maison, non sans
-3 1619 3259 1810 une crainte qu'il m'était impossible de
-3 1865 874 2023 vaincre.
487 2116 3263 2301 Le froid m'avait gagné; on se hâta de
-4 2341 3269 2552 faire du feu, et pendant que je me ré-
-5 2614 3274 2785 chaufſais, on fut cacher la voiture et les
-6 2867 3263 3058 chevaux dans une grange peu éloignée.
328 3106 3279 3244 Le bon Mathieu ne cessait de me re-
338 3355 3280 3538 garder, et faisait à son fils mille ques-
338 3607 3290 3784 tions; mais l'autre, tout en vaquant à
343 3853 3285 4040 sa besogne, lui disait: Nous avons le
343 4090 3290 4282 temps: madame n'a pas soupé, ni moi
349 4338 3285 4529 non plus; il faut faire cuire des œuſs frais.
350 4597 3295 4771 Allez chercher ma tante Cateau, et nous
354 4832 3300 5023 parlerons de tout cela. On fut chercher
365 5084 3295 5262 cette bonne vieille, dont les soins tou-
364 5325 3304 5514 chans ne sortiront jamais de ma mémoire.
370 5582 3311 5766 Quand tout fut prêt, mon libérateur me
374 5818 3315 6008 demanda la permission de s'asseoir, et
379 6070 3311 6275 conta à son père et à sa tante l'histoire de
