4266 7968
3800 119 4204 192 -
2177 845 2706 1011 (8)
933 1135 3930 1317 mon enlèvement. Bonne sainte Vierge!
928 1389 4189 1566 s'écria la mère Cateau, et tu t'es prêté à
927 1642 3924 1819 cela? Mais, mon garçon, le ciel ne te
923 1887 3925 2063 bénira pas: il fallait laisser là ton vilain
928 2141 3919 2317 maître, plutôt que de faire une si mé-
928 2385 3930 2571 chante action. Philbert assura qu'il igno-
927 2633 3924 2811 rait qui j'étais; que l'on lui avait fait en-
922 2881 3918 3053 tendre que c'était de mon aveu; ue ce
932 3130 3918 3275 ne fut qu'au moment du rapt qu'il s'é-
922 3384 3918 3561 tait aperçu de ce qui en était, qu'il avait
923 3634 3919 3816 reconnu ma livrée, et que, dans le même
901 3887 3913 4069 moment, il s'était bien promis que, s'il
923 4142 3893 4324 pouvait m'être utile, qu'il le ferait ....
923 4381 3888 4557 Ah! bon ça, mon ami, dit la tante;
875 4634 3898 4810 voilà comme il faut penser pour que
689 4877 4089 5064 Dieu nous bénisse. Je pris alors la pa-
756 5126 3903 5297 role, et les assurai que mes bienfaits
932 5375 4202 5551 outre - passeraient leurs espérances. Ils
933 5625 3899 5801 n'eurent tous trois qu'un même senti-
932 5873 3882 6044 ment, et dirent ensemble: t, madame!
928 6120 4189 6314 pour qui nous prenez - vous? Nous serons
3546 6366 3888 6460 aSCO
