4266 8141
1102 869 1929 1049 Lu.
159 1145 3180 1293 assez heureux de vous rendre à votre fa-
10 1405 3180 1590 mille; la récompense sera assez grande
159 1654 3185 1860 comme çà. Tant de générosité de la part
20 1908 3175 2104 de gens qui ne sont pas sans besoin,
20 2173 3185 2353 me fit verser des larmes. Je pressai ces
30 2427 3191 2621 respectables gens contre mon cœur; toute
30 2653 3191 2857 autre manière de m'exprimer aurait été
169 2919 3195 3105 au - dessous de ce que j'éprouvais. On
45 3170 3302 3367 délibéra sur ce qu'il ſallait faire: il fut
46 3419 3185 3609 décidé que j'irais chez la mère Catcau,
47 3678 3191 3864 où j'occuperais la chambre de sa fille, jus-
61 3932 3200 4117 qu'à ce que l'on se fût procuré quelques
62 4187 3201 4373 renseignemens sur ce qui s'était passé
68 4436 3201 4569 avec le chevalier de Saint -Hilaire. Elle
78 4638 3207 4883 voulait qu'on en parlât au curé. Philbert
78 4940 3207 5125 ne voulut pas: Il a, disait-il, chez lui
84 5205 3201 5385 une vieille bavarde; ce serait bientôt la
186 5454 3263 5639 nouvelle du canton. D'après cette ré-
191 5703 3207 5883 solution, la mère Cateau fut chez elle
99 5956 3211 6142 prendre une petite robe d'indienne, un
191 6207 3217 6397 bonnet simple, tel que sa fille les portait
456 6514 620 6593 T.
4064 7426 4229 7626 L
4002 7733 4224 7903 l
