4266 7943
2208 843 2858 1055 o.
983 1122 3946 1303 aux grands jours. Je me vêtis de ces habits
853 1376 3946 1568 modestes, et je me rendis chez elle: elle
976 1618 3945 1799 me prépara un lit, et je me couchai; mais
972 1872 3931 2048 l'incertitude dans laquelle j'étais sur le
941 2100 3946 2286 sort de mon frère, du chevalier, et de mes
983 2358 3941 2534 deux amies, m'ôta le repos. Philbert vint
972 2607 3941 2788 le lendemain matin me dire qu'il allait
983 2855 3941 3036 envoyer un de ses cousins savoir ce qui se
967 3103 3931 3284 passait, parce qu'il n'osait pas paraître.
972 3351 3936 3527 Au bout de quatre jours, ce même cousin
977 3600 3941 3781 revint. Comme on lui avait dit avec pré-
972 3853 4246 4029 caution ce qui s'était passé, parce que
972 4096 3946 4277 l'on craignait que d'imprudentes recher-
967 4344 4184 4525 ches ne nous remissent au pouvoir de ce
962 4592 3931 4758 maudit chevalier de Saint - Hilaire, il ne
967 4841 3925 5022 prit que de légers renseignemens: il nous
967 5089 4222 5270 dit que tout était tranquille à Ormilly,
962 5332 3915 5513 et que l'on n'avait pu lui donner aucune
957 5580 4215 5756 nouvelle de M. de Saint - Hilaire; qu'il
957 5834 3905 6015 le croyait en fuite. Je manifestai le desir
962 6077 4199 6247 de revenir chez moi, et Philbert se char-
