4266 7895
3758 98 4164 216 -
2138 843 2694 1013 (1e)
936 1121 3922 1316 quatre.... Ils m'ont l'air de grands
935 1372 3875 1546 drôles payés par ce Saint - Hilaire; mais
930 1624 3871 1804 ne craignez rien; allez, madame, je ré-
925 1871 3871 2046 ponds de vous. Comme il finissait de
632 2128 3871 2303 parler, je vis à travers le carreau de
925 2365 3866 2539 côté paraître deux de mes protégés; je les
924 2610 3880 2785 appelai, ils vinrent, et quand ils m'eurent
833 2863 3871 3038 reconnue, ils montèrent après les rayons
925 3110 3871 3290 des roues pour me parler. Mon charre-
920 3352 3876 3532 tier qui vit cela, vint pour les battre: je
930 3598 3876 3778 ne pouvais interposer silence, et il y a
936 3845 3876 4030 eu quelques coups de donnés: enfin, on
930 4097 3881 4272 s'entendit; je donnai de l'argent, pour
935 4317 3875 4534 qu'en buvant tous ensemble, ils pussent
936 4585 2154 4714 se raccommoder.
1110 4832 3886 5007 Ils furent couper des branches d'arbres,
936 5069 3881 5238 les enrubanèrent, et l'on se remit en
951 5310 3891 5480 marche avec des chants et une joie inex-
936 5557 3871 5747 primable: c'est ainsi que je fis mon en-
930 5809 2087 5984 trée à Ormilly.
1141 6040 3876 6215 Me voilà rendue à ma famille; mais
