4266 7783
1611 821 2133 993 a.
400 1100 3334 1277 je ne suis pas sans inquiétudes, et j'ignore
416 1343 2159 1470 combien elles dureront.
400 2377 3319 2534 Le Chevalier n'Auterire
1155 2645 2544 2787 à M. Drcr.
410 2990 3319 3243 C'est avec la plus grande peine, mon
400 3304 3314 3486 digne ami, que j'obtiens la permission
395 3552 3314 3724 de vous écrire. Après avoir couru nuit et
390 3790 3314 3968 jour sur de ſaux renseignemens, je suis
390 4034 3309 4206 tombé très - malade: voilà quinze jours
242 4271 3303 4468 que je suis dans un état affreux; j'ai donc
385 4515 3304 4692 été obligé de mettre un terme à mes re-
380 4758 3299 4936 cherches. O Sophie! Sophie! faudra-t-il
380 5001 3294 5179 mourir sans vous voir, sans savoir votre
380 5255 3527 5427 sort? Trop aimable femme! où êtes-vous?
385 5498 3573 5671 que de larmes elle doit verser! Je vois ses
380 5731 3273 5919 chagrins, j'entends ses gémissemens;
370 5984 3279 6162 j'en ai l'ame déchirée, et je ne puis voler
182 7616 385 7781 L
