4266 7755
1696 827 2217 1000 ()
787 1577 3069 1655 ILV.
479 1903 3372 2044 . Orcr au Comte De Belle-
1621 2210 2247 2348 ville.
479 2478 3348 2711 Si j'ai été si long-temps sans vous écrire,
181 2769 3353 2951 mon ami, n'en accusez que les circons-
179 2986 3362 3197 tances; mais cette lettre va vous dédom-
179 3230 3343 3450 mager amplement. Je vous annoncerai
179 3488 3342 3692 d'abord le retour du comte d'Auterive. Il
458 3725 3348 3914 a trouvé le comte Hector, qui lui a com-
458 3979 3352 4166 muniqué les lettres de Saint - Hilaire. Il
469 4220 3348 4408 dit que c'est un tissu d'horreurs; mais elles
338 4458 3347 4661 ne parlent pas du lieu où il comptait me-
443 4696 3343 4881 ner ma sœur, et si nous ne l'avions pas
448 4927 3343 5119 retrouvée, cette démarche aurait été tout-
179 5188 1384 5324 à-fait inutile.
620 5407 3333 5615 Depuis quinze jours qu'elle est de re-
443 5654 3333 5842 tour, nous avions fait toutes les démar-
449 5887 3327 6094 ches possibles pour nous procurer quel-
