4266 7792
1657 907 2176 1092 ie.
172 1165 3390 1389 prodigua à chacun des secours en parti-
466 1412 3379 1620 culier. Elle revint la première, et de-
167 1640 3380 1874 manda avec instance à le voir. Je lui ſis
164 1893 3374 2124 sentir qu'elle pouvait augmenter l'in-
166 2132 3379 2354 commodité du chevalier, en lui faisant
164 2366 3471 2600 éprouver de trop grandes émotions. On.
163 2615 3369 2845 vint me chercher de sa part; aussi - tôt
164 2861 3348 3079 qu'il me vit, il me dit d'une voix faible:
160 3104 3354 3328 Elle est ici! où est-elle? où est ma
158 3293 3350 3574 femme? Il prononça ce mot avec un si
158 3578 3339 3849 grand plaisir! Je lui pris la main, et lui
163 3826 3349 4036 dis: Tranquillisez - vous, mon cher che-
164 4071 3348 4283 valier, vous allez la voir: il y a long-
160 4284 3337 4504 temps que vous seriez réunis, si on avait
409 4552 3334 4763 su où vous trouver: voilà quinze jours
415 4809 3327 4996 qu'elle est de retour.... -- Mais qu'elle
159 5032 3395 5260 vienne! que je la voie! Comme il disait
158 5281 3328 5510 cela, je lui vois tendre les bras; je me
157 5515 3309 5766 retourne, elle était déjà derrière moi,
395 5769 3309 5993 mais pâle et tremblante. Elle s'approcha;
399 6008 3440 6235 ils ne se dirent rien; mais elle se jeta dans
2637 6273 2866 6410 6
