4266 7737
3708 112 4052 207 -
2060 937 2574 1103 o
897 1209 3778 1385 ses bras. On n'entendait que soupirs et
897 1461 3778 1627 sanglots; personne ne put retenir ses
892 1698 3773 1869 larmes, et si je m'en souviens bien, je
892 1944 3778 2116 crois que j'eus la faiblesse d'en faire au-
897 2186 3773 2373 tant. Le chevalier finit par l'éloigner, en
796 2423 3768 2599 lui disant: Ah! laissez - moi, Sophie;
902 2665 4040 2831 vous allez me faire mourir; mon ame
912 2907 2771 3078 est prête à m'abandonner.
1073 3148 3778 3325 Elle se jeta dans un fauteuil qui était
902 3390 3783 3561 près de son lit, et ne cessait de pleurer
902 3632 3778 3803 amèrement. Je lui demandai ce qu'elle
902 3879 3788 4045 avait à pleurer? Le voilà, lui dis-je; vous
902 4111 3788 4287 voilà réunis pour toujours; il n'est plus
912 4352 3783 4519 malade. -- Non, mon amie, dit le che-
911 4598 3827 4769 valier, je ne suis plus malade, puisque
907 4841 3788 5012 je vous vois; nous partirons quand vous
907 5083 3783 5254 voudrez. Elle le regarda un moment,
907 5319 3783 5496 lui prit la main, la posa sur son cœur,
917 5561 3783 5738 et lui dit avec l'expression la plus ten-
917 5793 3783 5969 dre: O d'Auterive! ne nous quittons ja-
917 6035 3763 6211 mais! entends-tu? jamais... -- Non, ja-
3602 7554 4015 7735 L
