4266 7770
3746 66 4135 192 -
2159 921 2669 1087 (aa
971 1193 3882 1375 à madame de Beauregard. Il ne pou-
971 1446 3882 1623 vait modérer la joie qu'il éprouvait de la
971 1683 3877 1860 générosité du postillon, qu'il va prendre
971 1926 3872 2103 à son service. Je ne lui ai point laissé
966 2164 3943 2346 ignorer la démarche que son père a faite:
961 2411 3882 2588 il fallait charmer son impatience de voir
955 2659 3867 2826 ma sœur, en l'entretenant d'elle. Enfin,
961 2907 3867 3084 elle a paru: une légère confusion de ce
955 3149 3867 3321 qui s'était passé la veille, se laissait voir
789 3397 3872 3569 sur son visage. A son arrivée, le chevalier
961 3630 3857 3817 lui tendit les bras; au lieu de s'y jeter,
966 3877 3862 4049 elle lui prit la main, et la lui serra, en
961 4115 3862 4241 lui demandant de ses nouvelles avec un
955 4358 3857 4524 intérêt tendre, mais réservé. Il nous re-
961 4600 3913 4767 garda tous deux avec émotion: Que veut
950 4838 3857 5015 dire cet accueil? ne suis - je plus d'Ante-
950 5086 3857 5258 rive? n'êtes - vous plus Sophie? Qu'une
950 5318 3842 5500 nuit a porté de changement en vous! Ah!
950 5576 3842 5763 il fallait garder vos caresses d'hier, ou
940 5819 3847 5991 me les continuer aujourd'liui... Vous me
954 6050 3841 6222 déchirez le cœur.... L'altération la plus
