4266 7992
1030 1166 4017 1353 toit avec celle que j'aime. Mon père et
1035 1406 4027 1603 ma sœur sont venus prendre domicile à
1046 1675 4027 1852 Ormilly; tout se prépare pour notre
1035 1915 4033 2092 union: c'est dans trois jours qu'elle sera
1041 2170 4172 2347 ma femme, et j'aurai connu le bonheur.
1035 2395 4022 2586 Dans trois jours enfin, son ame et la
1035 2664 4027 2851 mienne n'en feront plus qu'une. D'ici à
1041 2914 4027 3091 ce moment, pour lequel seul j'existe, mon
1035 3164 4022 3346 être a perdu toutes ses facultés; je ne puis
1046 3413 4017 3595 ni manger, ni dormir, ni parler; je
1041 3668 4027 3845 pense, je sens, je la regarde, je contem-
1041 3908 3621 4100 ple ma proie avec une avidité!!!!!
1218 4152 4017 4329 Souvent mon regard lui fait baisser les
1072 4386 4027 4568 yeux.Ah, Sophie! dans trois jours nos
1056 4631 4246 4818 regards confondus.... Hier j'étais allé à
1046 4870 4251 5063 Auterive donner quelques ordres; je re-
869 5130 4249 5307 viens, et ne la vois pas dans le sallon
1056 5380 4022 5557 avec le reste de la compagnie. Je vole à
1050 5634 4026 5806 son appartement; elle n'y était pas
1051 5878 4027 6057 non plus: je m'informe, on ignore où
1056 6114 4027 6306 elle est. Je vais dans le parc, et je la
