4266 7774
1513 835 2080 1007 CI.
15 1103 3265 1296 trouve, après mille tours et détours,
130 1336 3249 1539 assise dans un bosquet de lilas: elle te-
130 1594 3244 1777 nait un papier à sa main: elle me voit,
128 1776 3253 2028 le cache (c'était une lettre de moi), et
128 2023 3319 2261 se lève avec précipitation. Elle me dit:
129 2318 3244 2516 Allez-vous-en; allez - vous - en, au nom
130 2546 3254 2743 de Dieu. -- Mais, Sophie, dans trois
129 2799 3244 3036 jours..... -- Oh! non; allez - vous - en,
126 3036 3249 3240 mon cher chevalier; je vous le demande
126 3283 3244 3477 en grace. Je demandai un baiser. -- Je le
126 3521 3239 3717 veux bien, dit - elle; mais donnez - moi
309 3735 3229 3953 votre parole d'honneur, que sur - le-
314 4014 3219 4196 champ nous sortirons d'ici. Je fus obligé
1 4246 3239 4434 de la donner; je reçus un baiser char-
152 4499 3214 4682 mant; je la pris dans mes bras, et lui
309 4737 3204 4920 en donnai u si tendre...... Elle pâlit,
304 4980 3214 5157 me regarda tendrement, me serra elle-
304 5207 3199 5395 même contre son cœur, et me dit:
314 5456 3209 5643 Chevalier, j'ai votre parole d'honneur.
309 5704 3214 5881 Ce mot me fit frémir. --Ah! que vous êtes
304 5947 3204 6129 cruelle, lui dis-je, d'avoir exigé de moi
