4266 7882
3774 77 4082 169 L
2231 831 2754 1005 i
1010 1103 4251 1282 une chose si sacrée, quand dans trois
1004 1333 3978 1522 jours ..... Elle me mit la main sur la
1010 1600 3974 1774 bouche, me prit par le bras, et je me
1005 1846 4256 2010 laissai entraîner ...... Que cette femme a
1015 2097 4231 2267 d'empire sur moi! Nous rentrâmes: mon
1005 2333 4226 2508 père, qui nous vit revenir ensemble,
1005 2585 4206 2764 nous regarda avec des yeux malins, et
1010 2831 4210 3010 fit quelques plaisanteries sur notre pro-
1010 3077 3964 3256 menade. Sophie était confuse du soup-
1015 3328 4264 3503 çon; moi, je l'étais de ce qu'il était si
1010 3569 4241 3744 mal fondé, et notre embarras fit qu'on
985 3815 4195 4010 me crut plus heureux que je ne l'étais;
1010 4051 4179 4226 mais quand on me vit le reste du jour
1015 4297 4195 4472 aussi sérieux que de coutume, cela dé-
1015 4544 4248 4718 truisit toute idée. Mon père me demanda,
1015 4785 3959 4969 en nous retirant le soir, s j'avais anti-
990 5031 3959 5205 cipé? Un soupir profond lui fit voir
1000 5277 3959 5451 combien il s'était trompé. Il me dit en
995 5523 3954 5687 me serrant la main: -- Eh bien, tant
1021 5754 3938 5933 mieux, mon ami; n'en sois pas fâché;
1015 5990 3938 6174 ton bonheur, pour être retardé, n'en
