4266 7992
3855 112 4085 209 -
2242 855 2758 1036 o
1248 1570 3766 1773 ELXXVII.
1253 1580 2383 1654 E
1034 1971 4084 2196 .ae au Comte de Belle-
2194 2293 2820 2429 LlE.
1097 2621 4037 2804 ous avez vu, par ma dernière
1044 2860 4058 3059 lettre, mon ami, que nous nous propo-
1050 3118 4064 3277 sions de ramener notre malade à Or-
1044 3366 4080 3571 milly; effectivement, nous nous mîmes
1050 3617 4059 3808 en route, et notre aimable convalescent
1055 3867 4048 4068 était aussi dispos que s'il n'eût pas eu la
1059 4122 3273 4317 fièvre pendant plusieurs jours.
1243 4366 4220 4556 Le desir d'aller vîte en allant, avait
1051 4618 4226 4826 bien changé chez madame de Beauregard
1070 4863 4043 5061 pour le retour. Elle voulait qu'on allât
1071 5110 4048 5298 au pas; elle le tenait à côté d'elle bien
1070 5349 4228 5552 chaudement, tremblait que la moindre
1076 5597 4215 5798 secousse ne l'incommodât, et cela lui
1081 5843 4215 6047 donnait occasion de lui prendre souvent
1081 6089 4048 6295 la main, pour voir si la fièvre ne reve-
