4266 7992
3902 117 4231 213 -
2034 827 2846 1004 a
1072 1113 4069 1296 son frère, et ma sœur, et son père; sa
1061 1363 4064 1556 joie était si vive, que, dans le doux
1067 1613 4131 1800 épanchement de son ame, elle est ve-
1072 1863 4059 2034 nue à moi, et m'a embrassé. Que ce
1061 2118 4053 2248 moment m'a semblé doux! L'aimable
1825 2356 4052 2543 .. la candeur et la naïveté
1060 2361 1841 2486 enfant!...
1056 2607 4048 2784 sont la base de son caractère; elle est
770 2862 4048 3039 sans détour, et son ame ingénue se
1056 3112 3585 3252 montre dans ses moindres actions.
1093 3372 4038 3549 C'est demain, mon ami, que je de-
1051 3621 4033 3798 viens son époux; c'est demain que je
1046 3861 4033 4038 formerai un nœud pour lequel je n'ai
1041 4105 4220 4293 jamais eu beaucoup de goût. La connais-
1046 4355 4215 4537 sance des femmes m'avait donné pour
1035 4610 4215 4792 lui un éloignement très - grand; mais
1035 4855 4022 5056 Henriette d'Auterive, avec toutes ses
1041 5092 4012 5292 grâces naïves, sa jolie mine, sa raison,
1035 5349 4017 5536 déjà solide pour son âge, et le goût
1034 5598 4006 5780 que j'ai eu le bonheur de lui inspirer,
1035 5848 3736 6031 a fait disparaître tous mes préjugés.
1051 6098 4001 6280 Je n'entreprends pas de vous peindre
3606 6348 4189 6473 l'état
