4266 7737
1572 786 2096 962 .
578 1521 3102 1596 LT
317 1808 3315 1955 Le Chevalier ''Aterire au
615 2065 3083 2221 Chevalier De Valuelle.
407 2739 3309 2870 Il est minuit: chacun s'est retiré chez
403 2987 3315 3153 soi; j'ai été forcé d'en faire autant. La nuit
282 3229 3310 3405 est orageuse, et je ne puis aller promener
398 3476 3305 3652 dans le parc; pour me coucher, cela
402 3717 3298 3913 m'est impossible: mon corps peut-il se
403 3964 3305 4146 livrer au repos, quand mon esprit est
408 4195 3305 4388 agité au point où est le mien? .... Je
408 4453 3305 4629 prends la plume, mon ami, et je vais
408 4700 3294 4871 m'entretenir avec toi. Le silence le plus
408 4937 3294 5118 profond règne ici: qu'ils sont heureux!
418 5178 3299 5355 Sophie dort peut-être, ou bien elle pense
417 5424 3293 5601 que demain à pareille heure elle ne
413 5667 3289 5848 pourra réclamer ma parole d'honneur:
418 5909 3299 6075 dans douze heures! a-t-on jamais vu un
