4266 7697
1658 881 2264 1067 ne
466 1137 3360 1332 long-temps desiré, long-temps aimé; il
461 1397 3355 1572 voudrait que personne ne lui parlât, ne
461 1633 3350 1808 la regardât: il semble que l'on lui dé-
159 1868 3345 2043 robe une partie de sa propriété. Je vous
159 2103 3345 2296 ai mandé que M. d'Auterive s'était
157 2343 3334 2540 chargé des préparatifs de la fête; il a
441 2589 3330 2764 fait plus, il a voulu faire faire les
154 2839 3340 3033 robes de ses deux filles. Le matin où
149 3075 3320 3250 nous devions être unis, je le rencontrai
148 3310 3315 3487 dans le salon, qui donnait des ordres:
148 3546 3325 3721 il me prit par la main, et me dit avec
149 3791 3526 3969 tendresse: Bonjour, mon fils. Je l'em-
426 4036 3325 4167 brassai: ce mot me toucha dans la
431 4262 3320 4442 bouche de cet homme respectable. Le
436 4507 3320 4682 chevalier entra, mais pâle et défait; il
425 4746 3314 4927 nous frappa: son père lui demanda ce
420 4992 3309 5182 qu'il avait? Je suis fatigué, dit-il; je
416 5228 3310 5403 n'ai pas dormi. Nous lui témoignâmes
421 5474 3305 5654 notre étonnement, qu'un jour si flatteur
421 5714 3305 5908 pour son amour, il eût un air triste
421 5959 3305 6151 t pensiſ: son père l'envoya faire sa
