4266 7733
935 1126 3848 1302 toilette, et lui dit: Dépêche-toi; je veux
930 1373 3823 1544 que tu sois ici quand ta Sophie entrera;
921 1614 3834 1792 entends-tu? je le veux; il est dix heures,
930 1847 3839 2038 et tout le monde va venir. Cela fit jeter
925 2097 3833 2258 un gros soupir au chevalier, ui se
925 2344 3823 2510 retira. Je fus de mon côté me préparer;
925 2580 3834 2757 je revins au salon à onze heures; je
930 2831 3833 2995 trouvai très-grand monde: le chevalier
914 3068 3828 3244 arriva un moment après, joli comme
920 3310 3823 3481 l'amour; cette pâleur le rendait des plus
34 3380 170 3632 L
921 3550 3833 3721 intéressans: il vint à moi, et me demanda
920 3798 3814 3939 où étaient ces dames? Le comte dit:
920 4038 3823 4210 Vous êtes prêts, messieurs? je vais
930 4288 3819 4467 chercher mes deux petits anges, et vous
926 4528 4009 4704 les amener. Au bout d'un moment, il
925 4771 3809 4941 revint, tenant sa fille et ma sœur cha-
925 5012 3813 5187 cune par une main: il vint nous les
915 5257 3813 5428 présenter: Voilà, dit - il, mes chers
925 5490 3813 5664 amis, deux belles vierges que je vous
921 5736 3804 5917 amène; leur vêtement est l'image de
915 5980 3804 6162 leur candeur; recevez - les de la main
