4266 7719
1646 792 2167 976 n.
170 1044 3338 1268 d'un père qui vous donne à tous quatre
440 1281 3328 1499 sa bénédiction; soyez heureux, et rendez-
440 1532 1418 1667 les heureuses.
516 1769 3322 1981 Il ne put finir ce peu de mots sans
161 2002 3322 2212 verser une larme. Il est donc des sen-
162 2242 3328 2482 timens auxquels le cœur le plus froid
2042 2527 3317 2678 . Mademoiselle
163 2477 2053 2683 ne peut se fermer!...
162 2740 3318 2970 d'Armincourt fondait en larmes; ma
163 2993 3321 3176 sœur était oppressée; Henriette était
160 3201 3319 3458 très-rouge: je lui pris la main, je la
159 3446 3303 3741 posai sur mon cœur, et je la baisai;
160 3703 3308 3981 pour le chevalier, il se jeta aux pieds
163 3951 3289 4170 de ma sœur: le monde ne l'arrêta pas;
160 4176 3299 4423 il prit ses deux mains, celles de son
401 4441 3293 4658 père, il posa son visage sur ces quatre
410 4675 3292 4906 mains réunies, et resta dans cette posi-
410 4918 3292 5130 tion assez long-temps: il se releva, fit
410 5156 3283 5368 un mouvement pour embrasser made-
405 5387 3293 5598 moiselle de Beauregard, s'arrêta, et fut
406 5633 2934 5839 se jeter dans les bras de son père.
572 5869 3281 6065 Ces deux vierges, comme les appelle
3728 7407 4046 7582 L
