4266 7886
3820 1 4159 164 -
950 1130 3887 1309 le comte, étaient habillées de même;
955 1381 3892 1515 elles avaientune couronne de roses blan-
955 1628 4089 1807 ches sur la tête, une robe blanche garnie
960 1857 3892 2043 d'une guirlande pareille, et tout le reste
955 2115 3897 2290 de l'ajustement était blanc: mes yeux
954 2361 3901 2535 n'ont jamais vu un couple plus inté-
955 2634 1494 2726 ressant.
1135 2844 3907 3034 Les quatre filles destinées pour nous
965 3096 3902 3276 accompagner à l'autel, vinrent prendre
969 3336 3906 3516 Henriette et ma sœur; les quatre garcons
3696 3593 3845 3659 L
975 3588 3901 3716 entourèrent le chevalier et moi. -
981 3825 3907 4015 d'Auterive nous précédait, et made-
976 4087 3912 4215 moiselle d'Armincourt tenait lieu de
981 4333 3918 4508 mère à nos deux jeunes épousés. Nous
986 4575 3912 4765 fûmes dans cet ordre jusqu'à la paroisse:
991 4821 4233 4996 le chemin était jonché de fleurs, et les
996 5063 3923 5242 cris d'alégresse qui éclataient de toutes
991 5309 3918 5489 parts, auraient amolli des cœurs de bronze.
986 5566 3928 5745 En entrant dans l'église, nous ſimes
996 5807 3912 5987 accueillis par une musique militaire.
1001 6059 4190 6243 Au moment de cette imposante cérémonie,
