4266 7779
2202 815 2733 982 aoe.
1042 1092 3932 1274 ous savez, mon ami, que je ne suis pas
1002 1336 3928 1503 dévot; mais dans ce moment augusle,
1002 1579 3917 1746 mon ame s'éleva vers le créateur, et je
997 1817 3922 1949 lui demandai avec ſerveur de bénir le
987 2060 2359 2237 lien que je ſormais.
1164 2308 4054 2485 Nous fûmes reconduits au château par
987 2551 3907 2728 une musique champêtre. M. d'Auterive
992 2799 3902 2976 donnait le bras à sa bru, et moi, je le
987 3042 3907 3214 donnais à mon aimable femme; nous
992 3285 3902 3457 n'étions tristes ni les uns ni les autres;
982 3528 3902 3705 nous n'étions pourtant pas gais; nous
981 3775 3896 3921 éprouvions tous un sentiment tendre et
981 4013 3906 4190 religieux, qui nous rendait plus sé-
971 4266 3896 4453 rieux. Le repas fut brillant, et il v a
977 4490 3892 4677 eu de la musique dans les intervalles. Le
982 4742 3877 4920 parc et les cours étaient remplis de ta-
972 4990 3877 5168 bles, où tous les habitans prirent place.
972 5233 3872 5411 Il y a eu concert, feu d'artifice et bal.
967 5476 3872 5653 Madame d'Auterive l'ouvrit avec son
967 5714 3862 5891 beau - père, et se retira peu de temps
962 5962 3867 6139 après. Le chevalier ne voulut jamais dan-
