4266 7811
1510 910 2024 1078 .
295 1185 3234 1368 tié, et croyez que je suis pour toujours
295 1424 2253 1556 votre sincère et afſectionné
2563 1709 3219 1831 Darci.
645 2498 2847 2567 L...
294 2857 3213 3004 Le Chevalier ''tteaire au
646 3122 2878 3275 Chevalier De Vleelle.
315 3799 3219 4048 Our, mon ami, je suis le plus heureux
299 4108 3228 4286 des hommes; je possède enfin depuis
299 4347 3203 4530 quinze jours la plus délicieuse des fem-
300 4597 3229 4765 mes, la plus aimée et la plus desirée. Je
305 4836 3214 5009 me suis enivré à longs traits dans la
315 5075 3316 5253 coupe de la volupté. O plaisirs de l'amour!
305 5319 3209 5502 à quoi peut-on vous comparer? Plaisirs
300 5569 3219 5747 jusqu'alors inconnus, et dont on ne peut
305 5813 3224 5991 se faire d'idée que lorsque l'on vous
41 6047 3229 6240 éprouve ... Qu'est - ce que la jouissance
3565 7525 4089 7613 -- --.„
