<PcGts xmlns="http://schema.primaresearch.org/PAGE/gts/pagecontent/2017-07-15" xmlns:xsi="http://www.w3.org/2001/XMLSchema-instance" xsi:schemaLocation="http://schema.primaresearch.org/PAGE/gts/pagecontent/2017-07-15 http://schema.primaresearch.org/PAGE/gts/pagecontent/2017-07-15/pagecontent.xsd"><Metadata><Creator>User123</Creator><Created>2020-10-13T09:33:59</Created><LastChange>2020-10-13T09:33:59</LastChange></Metadata><Page imageFilename="0212.png" imageHeight="7792" imageWidth="4266"><TextRegion id="r0" type="paragraph" orientation="-0.0"><Coords points="1,1 4264,1 4264,7790 1,7790"/><TextLine id="r0_l001"><Coords points="3764,1 4145,1 4145,162 3764,162"/><TextEquiv index="1"><Unicode>-</Unicode></TextEquiv></TextLine><TextLine id="r0_l002"><Coords points="2253,903 2765,903 2765,1070 2253,1070"/><TextEquiv index="1"><Unicode>o)</Unicode></TextEquiv></TextLine><TextLine id="r0_l003"><Coords points="1040,1172 3957,1172 3957,1350 1040,1350"/><TextEquiv index="1"><Unicode>quand le cœur n'est point embrâsé de vos</Unicode></TextEquiv></TextLine><TextLine id="r0_l004"><Coords points="1060,1415 3967,1415 3967,1598 1060,1598"/><TextEquiv index="1"><Unicode>feux? Un besoin de la nature que l'on</Unicode></TextEquiv></TextLine><TextLine id="r0_l005"><Coords points="1060,1664 3977,1664 3977,1842 1060,1842"/><TextEquiv index="1"><Unicode>satisfait matériellement ... Mais quand</Unicode></TextEquiv></TextLine><TextLine id="r0_l006"><Coords points="1060,1897 3977,1897 3977,2090 1060,2090"/><TextEquiv index="1"><Unicode>les ames se communiquent, et que les</Unicode></TextEquiv></TextLine><TextLine id="r0_l007"><Coords points="878,2126 3977,2126 3977,2273 878,2273"/><TextEquiv index="1"><Unicode>facultés morales s'identiſient l'une dans</Unicode></TextEquiv></TextLine><TextLine id="r0_l008"><Coords points="10,2188 183,2188 183,2374 10,2374"/><TextEquiv index="1"><Unicode></Unicode></TextEquiv></TextLine><TextLine id="r0_l009"><Coords points="1070,2384 3977,2384 3977,2557 1070,2557"/><TextEquiv index="1"><Unicode>l'autre, que vous jouissez comme les</Unicode></TextEquiv></TextLine><TextLine id="r0_l010"><Coords points="1065,2628 3983,2628 3983,2806 1065,2806"/><TextEquiv index="1"><Unicode>esprits célestes, et que le repos de l'amour</Unicode></TextEquiv></TextLine><TextLine id="r0_l011"><Coords points="1086,2872 3983,2872 3983,3044 1086,3044"/><TextEquiv index="1"><Unicode>est encore au - dessus de ces plaisirs, il</Unicode></TextEquiv></TextLine><TextLine id="r0_l012"><Coords points="994,3115 3983,3115 3983,3303 994,3303"/><TextEquiv index="1"><Unicode>semble que l'ame se multiplie, et que</Unicode></TextEquiv></TextLine><TextLine id="r0_l013"><Coords points="20,3100 193,3100 193,3451 20,3451"/><TextEquiv index="1"><Unicode></Unicode></TextEquiv></TextLine><TextLine id="r0_l014"><Coords points="1081,3359 3967,3359 3967,3531 1081,3531"/><TextEquiv index="1"><Unicode>vous en ayez une pour chaque sensation...</Unicode></TextEquiv></TextLine><TextLine id="r0_l015"><Coords points="1081,3597 3977,3597 3977,3769 1081,3769"/><TextEquiv index="1"><Unicode>une dans vos yeux pour contempler les</Unicode></TextEquiv></TextLine><TextLine id="r0_l016"><Coords points="1096,3835 4221,3835 4221,4013 1096,4013"/><TextEquiv index="1"><Unicode>charmes de votre amante... une à chaque</Unicode></TextEquiv></TextLine><TextLine id="r0_l017"><Coords points="2131,4261 2130,4261 2130,4257 2130,4256 1314,4256 1313,4256 1313,4246 1313,4245 1309,4245 1308,4245 1308,4211 1308,4210 1111,4210 1110,4210 1110,4206 1110,4205 1101,4205 1100,4205 1100,4201 1100,4200 1091,4200 1090,4200 1090,4191 1090,4190 1086,4190 1085,4190 1085,4165 1086,4164 1090,4164 1090,4164 1090,4155 1091,4154 1095,4154 1095,4154 1095,4150 1096,4149 1100,4149 1100,4149 1100,4145 1101,4144 1115,4144 1115,4144 1115,4094 1116,4093 1120,4093 1120,4093 1120,4089 1121,4088 2099,4088 2099,4089 2099,4093 2100,4093 2104,4093 2104,4094 2104,4134 2105,4134 3799,4134 3799,4134 3799,4130 3800,4129 3971,4129 3971,4130 3971,4134 3972,4134 3976,4134 3976,4135 3976,4139 3977,4139 3982,4139 3982,4140 3982,4148 3983,4148 4215,4148 4215,4149 4215,4149 3977,4149 3976,4150 3976,4154 3976,4154 3967,4154 3966,4155 3966,4200 3966,4200 3866,4200 3865,4201 3865,4205 3865,4205 3049,4205 3048,4206 3048,4210 3048,4210 2887,4210 2886,4211 2886,4256 2886,4256 2856,4256 2855,4257 2855,4261 2855,4261"/><TextEquiv index="1"><Unicode>doigt pour palper ses appas.... une sur</Unicode></TextEquiv></TextLine><TextLine id="r0_l018"><Coords points="1,3490 193,3490 193,4407 1,4407"/><TextEquiv index="1"><Unicode></Unicode></TextEquiv></TextLine><TextLine id="r0_l019"><Coords points="1086,4322 3977,4322 3977,4500 1086,4500"/><TextEquiv index="1"><Unicode>vos lèvres pour presser sa bouche char-</Unicode></TextEquiv></TextLine><TextLine id="r0_l020"><Coords points="1,4407 203,4407 203,4805 1,4805"/><TextEquiv index="1"><Unicode></Unicode></TextEquiv></TextLine><TextLine id="r0_l021"><Coords points="1598,4737 1597,4737 1597,4698 1597,4697 1500,4697 1499,4697 1499,4693 1499,4692 1334,4692 1333,4693 1333,4697 1333,4697 1329,4697 1328,4697 1328,4693 1328,4692 1091,4692 1090,4692 1090,4627 1091,4626 1095,4626 1095,4626 1095,4622 1096,4621 1430,4621 1430,4621 1430,4607 1431,4606 1435,4606 1435,4606 1435,4602 1436,4601 1440,4601 1440,4602 1440,4606 1441,4606 1445,4606 1445,4607 1445,4621 1446,4621 1506,4621 1506,4622 1506,4626 1507,4626 1526,4626 1526,4627 1526,4631 1527,4631 1531,4631 1531,4632 1531,4641 1532,4641 1536,4641 1536,4642 1536,4666 1537,4666 1754,4666 1754,4666 1754,4642 1755,4641 1759,4641 1759,4641 1759,4637 1760,4636 1765,4636 1765,4636 1765,4632 1766,4631 1770,4631 1770,4631 1770,4627 1771,4626 1785,4626 1785,4626 1785,4622 1786,4621 1836,4621 1836,4621 1836,4607 1837,4606 1841,4606 1841,4606 1841,4602 1842,4601 1851,4601 1851,4602 1851,4616 1852,4616 1856,4616 1856,4617 1856,4626 1857,4626 2323,4626 2323,4626 2323,4576 2324,4575 2328,4575 2328,4575 2328,4571 2329,4570 2333,4570 2333,4571 2333,4575 2334,4575 2338,4575 2338,4576 2338,4621 2339,4621 2647,4621 2647,4621 2647,4576 2648,4575 2678,4575 2678,4576 2678,4626 2679,4626 2906,4626 2906,4626 2906,4576 2907,4575 3028,4575 3028,4575 3028,4571 3029,4570 3099,4570 3099,4571 3099,4575 3100,4575 3104,4575 3104,4576 3104,4621 3105,4621 3185,4621 3185,4622 3185,4626 3186,4626 3383,4626 3383,4626 3383,4576 3384,4575 3398,4575 3398,4575 3398,4571 3399,4570 3402,4570 3402,4571 3402,4575 3403,4575 3413,4575 3413,4576 3413,4621 3414,4621 3840,4621 3840,4621 3840,4602 3841,4601 3895,4601 3895,4601 3895,4571 3896,4570 3900,4570 3900,4570 3900,4566 3901,4565 3905,4565 3905,4566 3905,4570 3906,4570 3914,4570 3914,4571 3914,4575 3915,4575 3916,4575 3916,4576 3916,4641 3917,4641 3976,4641 3976,4642 3976,4661 3976,4661 3922,4661 3921,4662 3921,4687 3921,4687 3861,4687 3860,4688 3860,4692 3860,4692 2161,4692 2160,4693 2160,4706 2160,4706 1994,4706 1993,4706 1993,4693 1993,4692 1629,4692 1628,4693 1628,4697 1628,4697 1623,4697 1622,4698 1622,4712 1622,4712 1618,4712 1617,4713 1617,4722 1617,4722 1613,4722 1612,4723 1612,4727 1612,4727 1608,4727 1607,4728 1607,4732 1607,4732 1603,4732 1602,4733 1602,4737 1602,4737"/><TextEquiv index="1"><Unicode>mante, et v puiser le délire du senti-</Unicode></TextEquiv></TextLine><TextLine id="r0_l022"><Coords points="1086,4820 3983,4820 3983,4987 1086,4987"/><TextEquiv index="1"><Unicode>ment .... Ah, Valbelle! c'est en vain</Unicode></TextEquiv></TextLine><TextLine id="r0_l023"><Coords points="186,5136 185,5136 185,5113 186,5112 186,5111 186,5110 156,5110 155,5109 154,5109 152,5107 151,5107 149,5105 148,5105 146,5104 146,5079 146,5078 142,5078 141,5078 141,5073 141,5072 105,5072 104,5072 104,5068 104,5067 59,5067 58,5068 58,5072 58,5072 57,5072 56,5073 56,5077 57,5077 80,5077 80,5078 80,5088 80,5088 57,5088 56,5089 56,5097 56,5097 46,5097 45,5097 45,4971 45,4970 8,4970 6,4969 6,4967 7,4966 45,4966 46,4965 56,4965 56,4966 56,4976 57,4977 57,4981 56,4982 56,5032 57,5033 57,5062 58,5062 141,5062 141,5062 141,5039 142,5038 146,5038 146,5038 146,5023 146,5022 142,5022 141,5022 141,4962 142,4961 156,4961 156,4962 156,4966 157,4966 192,4966 192,4967 192,4971 192,4971 188,4971 187,4972 187,4976 187,4976 157,4976 156,4977 156,5001 157,5001 187,5001 187,5002 187,5006 188,5006 197,5006 197,5007 197,5047 198,5047 202,5047 202,5048 202,5067 202,5067 198,5067 197,5068 197,5082 198,5082 202,5082 202,5083 202,5093 202,5093 198,5093 197,5094 197,5118 197,5118 193,5118 192,5119 192,5133 193,5133 197,5133 197,5134 197,5136 197,5136"/><TextEquiv index="1"><Unicode></Unicode></TextEquiv></TextLine><TextLine id="r0_l024"><Coords points="2349,5235 2348,5235 2348,5231 2348,5230 2344,5230 2343,5230 2343,5185 2343,5184 1649,5184 1648,5185 1648,5189 1648,5189 1568,5189 1567,5189 1567,5185 1567,5184 1405,5184 1404,5185 1404,5204 1404,5204 1400,5204 1399,5205 1399,5214 1399,5214 1395,5214 1394,5215 1394,5225 1394,5225 1390,5225 1389,5226 1389,5230 1389,5230 1385,5230 1384,5231 1384,5235 1384,5235 1375,5235 1374,5235 1374,5231 1374,5230 1370,5230 1369,5230 1369,5185 1369,5184 1167,5184 1166,5185 1166,5233 1166,5233 1158,5226 1158,5185 1158,5184 1157,5184 1156,5185 1156,5223 1156,5223 1142,5209 1141,5209 1135,5204 1135,5185 1135,5184 1101,5184 1100,5184 1100,5180 1100,5179 1096,5179 1095,5179 1095,5175 1095,5174 1091,5174 1090,5174 1090,5170 1090,5169 1086,5169 1085,5169 1085,5139 1086,5138 1090,5138 1090,5138 1090,5134 1091,5133 1095,5133 1095,5133 1095,5129 1096,5128 1100,5128 1100,5128 1100,5124 1101,5123 1105,5123 1105,5123 1105,5119 1106,5118 1293,5118 1293,5118 1293,5114 1294,5113 1379,5113 1379,5113 1379,5073 1380,5072 1384,5072 1384,5072 1384,5068 1385,5067 1399,5067 1399,5068 1399,5072 1400,5072 1404,5072 1404,5073 1404,5118 1405,5118 1597,5118 1597,5118 1597,5114 1598,5113 1815,5113 1815,5113 1815,5068 1816,5067 1830,5067 1830,5067 1830,5063 1831,5062 1846,5062 1846,5063 1846,5067 1847,5067 1851,5067 1851,5068 1851,5113 1852,5113 2023,5113 2023,5113 2023,5073 2024,5072 2028,5072 2028,5072 2028,5063 2029,5062 2038,5062 2038,5063 2038,5067 2039,5067 2044,5067 2044,5068 2044,5113 2045,5113 2191,5113 2191,5113 2191,5094 2192,5093 2206,5093 2206,5094 2206,5113 2207,5113 2515,5113 2515,5113 2515,5068 2516,5067 2520,5067 2520,5067 2520,5063 2521,5062 2531,5062 2531,5063 2531,5113 2532,5113 2683,5113 2683,5113 2683,5068 2684,5067 2698,5067 2698,5067 2698,5063 2699,5062 2718,5062 2718,5063 2718,5113 2719,5113 3292,5113 3292,5113 3292,5063 3293,5062 3322,5062 3322,5063 3322,5108 3323,5108 3555,5108 3555,5108 3555,5063 3556,5062 3591,5062 3591,5063 3591,5108 3592,5108 3941,5108 3941,5108 3941,5104 3942,5103 3956,5103 3956,5104 3956,5108 3957,5108 3961,5108 3961,5109 3961,5113 3962,5113 3966,5113 3966,5114 3966,5189 3966,5189 3962,5189 3961,5190 3961,5204 3961,5204 3957,5204 3956,5205 3956,5209 3956,5209 3952,5209 3951,5210 3951,5214 3951,5214 3945,5214 3944,5215 3944,5219 3944,5219 3942,5219 3941,5219 3941,5175 3941,5174 3764,5174 3763,5175 3763,5179 3763,5179 3419,5179 3418,5180 3418,5184 3418,5184 3404,5184 3403,5184 3403,5180 3403,5179 3166,5179 3165,5180 3165,5184 3165,5184 3105,5184 3104,5184 3104,5180 3104,5179 2999,5179 2943,5179 2942,5180 2942,5184 2942,5184 2390,5184 2389,5185 2389,5235 2389,5235"/><TextEquiv index="1"><Unicode>que je voudrais te peindre mon bonheur;</Unicode></TextEquiv></TextLine><TextLine id="r0_l025"><Coords points="51,5199 50,5199 50,5185 50,5184 46,5184 45,5184 45,5175 45,5174 18,5174 17,5174 17,5170 18,5169 45,5169 45,5169 45,5098 46,5097 56,5097 56,5098 56,5104 57,5104 147,5104 148,5105 149,5105 151,5107 152,5107 154,5109 155,5109 156,5111 156,5118 157,5119 157,5174 156,5175 156,5181 150,5187 149,5187 147,5189 61,5189 60,5190 60,5194 59,5195 59,5196 57,5198 57,5199 57,5199"/><TextEquiv index="1"><Unicode></Unicode></TextEquiv></TextLine><TextLine id="r0_l026"><Coords points="152,5271 151,5270 147,5270 146,5269 51,5269 50,5269 50,5243 50,5242 1,5242 1,5242 1,5236 1,5235 45,5235 45,5235 45,5215 46,5214 50,5214 50,5214 50,5200 51,5199 146,5199 146,5199 146,5190 149,5187 150,5187 156,5181 183,5181 183,5181 183,5177 183,5176 182,5176 181,5176 181,5175 182,5174 184,5174 184,5174 184,5165 185,5164 185,5160 186,5159 186,5155 187,5154 188,5155 192,5155 192,5156 192,5184 193,5184 197,5184 197,5185 197,5194 198,5194 202,5194 202,5195 202,5267 202,5267 198,5267 197,5268 197,5269 197,5269 194,5269 193,5270 158,5270 157,5271"/><TextEquiv index="1"><Unicode></Unicode></TextEquiv></TextLine><TextLine id="r0_l027"><Coords points="147,5363 146,5363 146,5352 146,5351 56,5351 55,5351 55,5347 55,5346 51,5346 50,5346 50,5291 50,5290 8,5290 7,5290 8,5289 8,5286 9,5285 50,5285 50,5285 50,5270 51,5269 201,5269 201,5269 201,5268 202,5267 202,5268 202,5270 202,5270 198,5270 197,5271 197,5354 198,5354 202,5354 202,5355 202,5361 202,5361 198,5361 197,5362 163,5362 162,5363"/><TextEquiv index="1"><Unicode>.</Unicode></TextEquiv></TextLine><TextLine id="r0_l028"><Coords points="1081,5297 4206,5297 4206,5479 1081,5479"/><TextEquiv index="1"><Unicode>les expressions me manquent. Avant de</Unicode></TextEquiv></TextLine><TextLine id="r0_l029"><Coords points="61,5492 60,5492 60,5489 60,5488 56,5488 55,5488 55,5459 55,5458 24,5458 22,5457 22,5454 22,5453 15,5453 14,5453 14,5451 12,5448 5,5448 4,5448 4,5439 5,5438 55,5438 55,5438 55,5398 55,5397 51,5397 50,5397 50,5378 51,5377 146,5377 146,5377 146,5364 147,5363 192,5363 193,5362 201,5362 202,5361 202,5362 202,5491 202,5491 157,5491 156,5492"/><TextEquiv index="1"><Unicode></Unicode></TextEquiv></TextLine><TextLine id="r0_l030"><Coords points="152,5633 151,5633 151,5605 151,5604 71,5604 70,5605 70,5633 70,5633 56,5633 55,5633 55,5621 55,5620 14,5620 13,5620 13,5586 14,5585 55,5585 55,5585 55,5540 56,5539 60,5539 60,5539 60,5493 61,5492 66,5492 66,5493 66,5554 67,5555 67,5559 68,5559 70,5559 70,5560 70,5575 71,5575 83,5575 83,5575 83,5520 84,5519 111,5519 111,5519 111,5515 112,5514 151,5514 151,5514 151,5493 152,5492 190,5492 191,5491 202,5491 202,5492 202,5514 203,5514 207,5514 207,5515 207,5585 207,5585 203,5585 202,5586 202,5595 202,5595 162,5595 161,5596 161,5620 161,5620 157,5620 156,5621 156,5633 156,5633"/><TextEquiv index="1"><Unicode></Unicode></TextEquiv></TextLine><TextLine id="r0_l031"><Coords points="1091,5545 3983,5545 3983,5723 1091,5723"/><TextEquiv index="1"><Unicode>connaître ma Sophie, je n'avais aucune</Unicode></TextEquiv></TextLine><TextLine id="r0_l032"><Coords points="24,5833 23,5833 23,5829 22,5828 22,5748 23,5747 32,5747 32,5747 32,5667 33,5666 33,5662 33,5661 14,5661 13,5661 13,5660 12,5659 12,5657 13,5656 13,5636 14,5635 55,5635 55,5635 55,5634 56,5633 70,5633 70,5634 70,5641 71,5641 207,5641 207,5642 207,5832 207,5832 72,5832 71,5833"/><TextEquiv index="1"><Unicode></Unicode></TextEquiv></TextLine><TextLine id="r0_l033"><Coords points="862,5784 4262,5784 4262,5971 862,5971"/><TextEquiv index="1"><Unicode>idée de la félicité à laquelle un mortel</Unicode></TextEquiv></TextLine><TextLine id="r0_l034"><Coords points="206,5966 205,5966 204,5966 204,5964 204,5963 201,5963 200,5963 200,5961 200,5960 197,5960 196,5959 195,5959 193,5957 192,5957 191,5957 191,5951 191,5950 172,5950 171,5949 66,5949 65,5949 65,5926 65,5925 61,5925 60,5925 60,5890 60,5889 15,5889 14,5889 14,5885 14,5884 10,5884 9,5884 9,5875 9,5874 5,5874 4,5874 4,5870 5,5869 9,5869 9,5869 9,5864 10,5863 12,5863 14,5861 60,5861 60,5861 60,5834 61,5833 156,5833 157,5832 207,5832 207,5833 207,5967 207,5967"/><TextEquiv index="1"><Unicode></Unicode></TextEquiv></TextLine><TextLine id="r0_l035"><Coords points="10,6075 9,6075 9,6070 9,6069 5,6069 4,6069 4,5961 5,5960 9,5960 9,5960 9,5951 10,5950 65,5950 66,5949 171,5949 172,5951 172,5957 173,5957 193,5957 195,5959 196,5959 197,5961 197,5963 198,5963 202,5963 202,5964 202,5966 203,5966 206,5966 207,5968 207,6051 207,6051 203,6051 202,6052 202,6062 201,6063 198,6063 197,6064 197,6065 197,6065 177,6065 176,6066 176,6073 175,6074 167,6074 166,6075"/><TextEquiv index="1"><Unicode></Unicode></TextEquiv></TextLine><TextLine id="r0_l036"><Coords points="1106,6037 2247,6037 2247,6215 1106,6215"/><TextEquiv index="1"><Unicode>puisse atteindre.</Unicode></TextEquiv></TextLine><TextLine id="r0_l037"><Coords points="15,6238 14,6238 14,6225 14,6224 10,6224 9,6224 9,6169 9,6168 5,6168 4,6168 4,6164 5,6163 9,6163 9,6163 9,6076 10,6075 76,6075 76,6076 76,6086 77,6086 162,6086 166,6090 167,6090 172,6096 172,6097 176,6101 176,6142 177,6143 177,6205 167,6215 81,6215 80,6216 80,6222 81,6223 81,6234 80,6235 80,6238 80,6238"/><TextEquiv index="1"><Unicode></Unicode></TextEquiv></TextLine><TextLine id="r0_l038"><Coords points="15,6327 14,6327 14,6306 14,6305 10,6305 9,6305 9,6250 10,6249 14,6249 14,6249 14,6239 15,6238 166,6238 166,6238 166,6216 177,6205 192,6205 192,6205 192,6194 193,6193 202,6193 202,6194 202,6209 203,6209 207,6209 207,6210 207,6214 207,6214 203,6214 202,6215 202,6327 202,6327"/><TextEquiv index="1"><Unicode></Unicode></TextEquiv></TextLine><TextLine id="r0_l039"><Coords points="80,6481 79,6480 76,6480 75,6480 75,6453 75,6452 71,6452 70,6452 70,6433 70,6432 26,6432 25,6432 25,6429 24,6427 20,6427 19,6427 19,6413 19,6412 15,6412 14,6412 14,6358 14,6357 10,6357 9,6357 9,6347 10,6346 14,6346 14,6346 14,6328 15,6327 202,6327 202,6328 202,6473 203,6473 207,6473 207,6474 207,6481 207,6481"/><TextEquiv index="1"><Unicode></Unicode></TextEquiv></TextLine><TextLine id="r0_l040"><Coords points="211,6927 210,6926 207,6926 206,6925 205,6925 204,6925 204,6921 204,6920 180,6920 179,6919 172,6919 171,6918 167,6918 166,6918 166,6905 166,6904 107,6904 106,6904 106,6900 106,6899 101,6899 100,6899 100,6890 100,6889 86,6889 85,6889 85,6885 85,6884 81,6884 80,6884 80,6868 80,6867 79,6867 78,6867 78,6864 78,6863 76,6863 75,6863 75,6849 75,6848 20,6848 19,6848 19,6839 19,6838 15,6838 14,6838 14,6468 15,6467 19,6467 19,6468 19,6483 20,6483 24,6483 24,6484 24,6503 25,6503 29,6503 29,6504 29,6569 30,6569 166,6569 166,6569 166,6533 167,6532 207,6532 207,6533 207,6757 208,6757 212,6757 212,6758 212,6899 213,6899 217,6899 217,6900 217,6904 217,6904 213,6904 212,6905 212,6927 212,6927"/><TextEquiv index="1"><Unicode></Unicode></TextEquiv></TextLine><TextLine id="r0_l041"><Coords points="178,7162 177,7162 177,7135 177,7134 20,7134 19,7134 19,7027 19,7026 15,7026 14,7026 14,7021 15,7020 19,7020 19,7020 19,6947 20,6946 24,6946 24,6947 24,6955 25,6955 173,6955 175,6957 176,6957 180,6961 181,6961 182,6963 182,6968 183,6969 183,7015 182,7016 182,7051 183,7051 186,7051 186,7052 186,7056 187,7057 187,7156 186,7157 186,7158 183,7161 181,7161 180,7162"/><TextEquiv index="1"><Unicode></Unicode></TextEquiv></TextLine><TextLine id="r0_l042"><Coords points="188,7409 187,7409 187,7406 187,7405 91,7405 90,7404 1,7404 1,7404 1,7370 1,7369 19,7369 19,7369 19,7203 20,7202 177,7202 177,7202 177,7163 178,7162 180,7162 181,7161 183,7161 184,7160 188,7160 188,7161 188,7162 190,7163 217,7163 218,7164 222,7164 222,7165 222,7254 223,7254 227,7254 227,7255 227,7409 227,7409"/><TextEquiv index="1"><Unicode></Unicode></TextEquiv></TextLine><TextLine id="r0_l043"><Coords points="218,7548 217,7548 217,7539 217,7538 203,7538 202,7538 202,7534 202,7533 198,7533 197,7533 197,7529 197,7528 193,7528 192,7528 192,7524 192,7523 188,7523 187,7523 187,7519 187,7518 183,7518 182,7518 182,7514 182,7513 162,7513 161,7513 161,7498 161,7497 117,7497 116,7497 116,7493 116,7492 112,7492 111,7492 111,7488 111,7487 101,7487 100,7487 100,7483 100,7482 86,7482 85,7482 85,7478 85,7477 71,7477 70,7477 70,7473 70,7472 51,7472 50,7472 50,7468 50,7467 46,7467 45,7467 45,7458 45,7457 41,7457 40,7457 40,7453 40,7452 36,7452 35,7452 35,7448 35,7447 5,7447 4,7447 4,7443 4,7442 1,7442 1,7442 1,7405 1,7404 45,7404 46,7405 98,7405 98,7406 98,7439 99,7439 187,7439 187,7439 187,7410 188,7409 227,7409 227,7410 227,7442 228,7442 232,7442 232,7443 232,7548 232,7548"/><TextEquiv index="1"><Unicode></Unicode></TextEquiv></TextLine><TextLine id="r0_l044"><Coords points="3775,7564 4089,7564 4089,7790 3775,7790"/><TextEquiv index="1"><Unicode></Unicode></TextEquiv></TextLine></TextRegion></Page></PcGts>