4266 7848
1359 864 1870 1037 (ao
327 1104 1814 1237 Je dis avec Bernard:
567 1380 2693 1543 Ah! qui pourra jamais la décrire
572 1620 2432 1773 Cette ivresse de mes esprits?
593 2550 2453 2703 On a tant d'ame pour sentir,
593 2785 2626 2959 Et si peu d'esprit pour le dire!
383 3122 3127 3301 Mon ami, cette femme que j'idolâtre
204 3367 3132 3554 partage tout l'excès de ma passion; ses
80 3602 3132 3800 beaux yeux ne peuvent se détacher de
220 3844 3143 4032 mou ses regards attendris viennent se con-
225 4098 3150 4292 fondre avec les miens; mon cœur est
173 4337 3147 4533 enivré de délices, quand elle me prend
240 4583 3148 4767 dans ses bras, qu'elle me serre contre
15 4839 3158 5018 son sein, qu'elle m'embrasse, et qu'elle
240 5079 3158 5212 me dit d'une voix tendre: Ah! d'Aute-
20 5319 3173 5498 rive, que je t'aime! que je suis heu-
255 5559 2514 5733 reuse! m'aimeras - tu toujours?
429 5792 3173 5978 Peut-elle en douter? qu'elle ne fasse ja-
31 6035 3189 6229 mais cette injure au cœur de son amant!...
