4266 7834
1091 1096 4037 1274 L'amour ne nous quittera plus; il marche
1091 1336 4022 1514 devant nous, dans la carrière de la vie,
1091 1580 4032 1759 et je jure de ne me point écarter de sa
1086 1830 4032 2008 route; son flambeau va guider mes pas
1081 2065 4027 2248 jusqu'au moment fatal où il faudra des-
1085 2308 4026 2436 cendre au tombeau .... Ouoi! il faudra
1081 2554 4017 2727 mourir? Cette sombre idée est déjà venue
1076 2804 4002 2987 plus d'une d'une ſois assiéger mon esprit:
3482 3059 4002 3181 Al!
1076 3053 3395 3232 il faudra que l'un ou l'autre..
1070 3303 4185 3477 mourons ensemble, puisque c'est le sort
1065 3548 4012 3721 de la triste humanité, et que rien ne nous
1070 3787 4007 3971 sépare. Les vrais amans devraient être
1070 4037 1856 4165 immortels.
1239 4282 3986 4455 Adieu, mon ami: viens me voir; je
1060 4532 4165 4705 n'ai pas le temps de t'écrire souvent: je
1065 4782 4160 4955 t'aime toujours; mais nous ne pouvons
1065 5021 4160 5200 pas être long - temps séparés... Mon père
1065 5261 4160 5444 paraît très - content: rien ne lui fait plus
1065 5500 4155 5679 de plaisir que de prendre par - dessous le
1060 5750 3976 5913 bras madame d'Auterive d'un côté, et
1060 5995 3971 6163 madame Darcy de l'autre: Voilà mes
