1116 1854
154 101 219 151 6
169 160 945 210 bres, je donnai deux terribles coups de
169 207 944 255 poings à mes bourreaux, & je m'élançai
168 253 944 299 dans la mer. Ils firent de grands éclats de
168 298 972 345 rire, & me tirerent quelques coups de
166 343 940 390 fufil, que j'eſquivai en plongeant. Mes com-
164 386 946 436 pagnons, garrottés, ſe débattoient tant qu'ils
166 434 946 481 pouvoient, & quelques-uns ſe ſoutenoient
163 479 942 522 ſur l'eau; les corſaires s'amuſoient cruelle-
165 523 940 567 ment de nos efforts, & rioient ſur-tout beau-
146 569 944 616 coup quand ils en voyoient quelques-uns
166 615 992 660 avalés par des requins. Tous diſparurent
163 661 945 705 bientôt. Pour moi, j'avois les bras libres,
164 706 941 752 je nageois en pleine eau. Les brigands ſe
164 751 942 796 divertirent quelque temps de ma peine;
163 795 935 844 enfin je diſparus à leurs yeux, & ils diſ-
162 844 527 889 parurent aux miens.
210 884 935 932 Tout en nageant, je diſois en moi-
161 931 947 977 même: „me voilà perdu, au milieu d'une
161 975 942 1022 “mer ſans bornes; rien dans l'eſtomac,
159 1019 937 1067 “rien ſur le corps, ſans forces pour me
158 1064 933 1112 “ſoutenir, ayant perdu juſqu'à l'eſpéran-
160 1108 943 1156 “ce, ſur-tout ayant perdu ma Julie. D'où
158 1155 934 1202 “vient cependant que je me débats contre
153 1198 932 1247 “la mort? pourquoi ne me laiſſé-je pas
155 1245 931 1290 “aller doucement dans ſon ſein qui m'eſt
156 1292 930 1328 “ouvert? “ Ces raiſonnements ne m'em-
153 1336 930 1384 pêchoient pas de nager. Pour comble de
151 1381 948 1428 maux, la mer étoit groſſe; je montois
153 1426 927 1474 avec les vagues, je deſcendois avec elles,
153 1472 926 1519 & j'étois prêt à croiſer enfin les bras, pour
153 1516 927 1564 ne pas tant me fatiguer à fuir un trépas
153 1563 336 1600 inévitable.
