1116 1854
716 1607 789 1649 LAs
891 103 954 148 .
163 158 941 206 perſée: je ramaſſai les feuilles en un mon-
166 205 931 250 ceau, & je m'y enterrai comme je pus,
165 249 933 296 implorant le ciel de tout mon cœur, afin
162 295 940 340 qu'il détournât loin de moi les pas des
161 338 933 386 bêtes féroces, qui ſe promenent ordinai-
161 383 941 420 rement la nuit dans les déſerts. L'obſcurité
162 428 970 476 ne fut jamais plus épaiſſe; je n'appercevois
162 475 935 519 exactement aucun objet dans la nature. Je
162 521 935 566 me couvris le mieux que je pus de mes
164 563 936 601 brouſſailles mouillées. Partie avec leur ſe-
164 611 944 657 cours, partie avec celui de mon haleine, je
164 654 934 702 vins à bout de me réchauffer un peu, & je
167 702 382 737 m'endormis.
214 747 934 793 On n'exigera pas que je rende compte
167 791 935 837 exactement de ce qui ſe paſſa pendant mon
166 835 947 881 ſommeil. Il me ſembla que j'entendois des
166 882 949 926 hurlements de bêtes fauves, & que je ſen-
169 925 950 971 tois de temps en temps paſſer ſur moi je
166 970 940 1017 ne ſais quoi de peſant, qui pouvoit être
158 1016 935 1062 quelque tigre ou quelque lion; au moins
166 1063 953 1107 je me repréſentois ces terribles objets dans
166 1106 952 1152 des ſonges pénibles. Mais je ceſſai bientôt
168 1151 954 1198 de rêver, & je dormis enfin comme on n'a
165 1195 933 1243 jamais dormi au ſermon du capucin le plus
169 1244 316 1288 bénigne.
212 1284 952 1334 J'ignore combien dura mon ſommeil;
169 1331 936 1376 je ſais que le froid m'éveilla. Je me ſen-
170 1377 934 1423 tois tranſi, quoique j'euſſe un poids con-
169 1419 933 1471 ſidérable ſur le corps. Il avoit neigé, ſans
170 1467 959 1513 doute, la plus grande partie de la nuit,
171 1511 954 1559 & l'on voit ſous quel fardeau j'étois en-
170 1557 938 1604 terré. Je m'en débarraſſai péniblement. Je
