<PcGts xmlns="http://schema.primaresearch.org/PAGE/gts/pagecontent/2017-07-15" xmlns:xsi="http://www.w3.org/2001/XMLSchema-instance" xsi:schemaLocation="http://schema.primaresearch.org/PAGE/gts/pagecontent/2017-07-15 http://schema.primaresearch.org/PAGE/gts/pagecontent/2017-07-15/pagecontent.xsd"><Metadata><Creator/><Created>2020-09-14T12:12:37</Created><LastChange>1970-01-01T00:00:00</LastChange><Comments/></Metadata><Page imageFilename="0016.png" imageHeight="1854" imageWidth="1116"><ReadingOrder><OrderedGroup id="g1"><RegionRefIndexed index="0" regionRef="r2"/><RegionRefIndexed index="1" regionRef="r1"/></OrderedGroup></ReadingOrder><TextRegion id="r1" type="paragraph" orientation="-0.0"><Coords points="259,151 258,152 254,152 252,154 251,154 251,164 250,165 201,165 200,166 148,166 147,167 147,182 148,183 147,184 147,195 148,196 148,197 149,198 185,198 186,199 186,205 187,206 190,206 191,207 226,207 227,206 234,206 235,205 236,205 237,204 237,203 238,202 238,199 241,196 247,196 249,198 248,199 245,199 244,200 243,200 242,201 242,209 241,210 239,210 237,212 229,212 228,211 228,210 171,210 169,212 161,212 160,213 157,213 156,214 155,214 154,215 153,215 152,216 152,219 150,221 150,234 152,236 152,237 156,241 158,241 159,242 162,242 163,243 163,252 164,252 165,253 204,253 205,252 208,252 209,251 209,242 210,241 245,241 245,240 246,239 259,239 261,241 349,241 351,239 368,239 370,241 392,241 393,242 393,243 392,244 377,244 376,245 374,245 374,254 372,256 315,256 314,255 314,254 287,254 286,253 286,246 285,245 284,245 283,244 243,244 238,249 238,251 237,252 237,254 236,255 236,256 235,257 234,257 233,256 196,256 195,257 157,257 155,259 152,259 151,260 151,271 152,272 153,272 154,273 154,274 153,275 150,275 150,287 151,288 151,289 186,289 187,288 190,288 191,287 202,287 203,286 211,286 212,287 211,288 210,288 210,292 209,293 192,293 190,295 190,301 189,302 168,302 167,303 158,303 157,304 150,304 150,316 151,317 151,330 152,331 152,333 178,333 179,334 177,336 177,338 176,339 175,339 174,340 174,342 173,343 173,345 172,346 161,346 160,347 158,347 157,348 156,348 155,349 155,350 154,351 154,361 155,362 154,363 154,375 155,376 155,377 163,377 164,378 200,378 201,377 214,377 215,376 253,376 254,377 293,377 294,376 384,376 385,375 437,375 438,374 439,375 463,375 464,376 508,376 509,375 577,375 578,374 585,374 586,375 599,375 600,376 600,377 599,378 578,378 575,381 575,382 572,385 572,387 571,388 571,389 570,390 528,390 526,388 491,388 490,389 487,389 486,390 485,390 484,389 484,380 483,379 483,378 441,378 440,379 440,380 439,381 439,382 438,383 437,383 436,384 436,388 435,389 435,390 434,391 427,391 426,390 427,389 427,380 426,380 425,379 425,378 391,378 388,381 388,389 387,390 385,390 384,389 384,381 383,381 382,380 347,380 346,381 345,381 344,382 342,382 342,389 341,390 310,390 309,391 279,391 278,392 269,392 268,391 268,383 267,382 267,381 230,381 229,382 229,391 228,392 199,392 198,391 198,385 197,384 196,384 195,383 156,383 155,384 154,384 154,393 151,396 151,409 154,409 155,410 155,417 154,418 153,418 152,419 152,432 153,432 154,433 180,433 181,434 180,435 180,436 178,438 157,438 156,439 154,439 153,440 151,440 151,450 152,451 152,453 153,453 154,454 154,464 153,465 151,465 151,477 152,478 154,478 155,479 190,479 191,480 191,482 190,483 155,483 154,484 153,484 152,485 152,486 151,487 151,497 154,497 155,498 154,499 150,499 150,512 151,513 177,513 178,514 189,514 190,515 190,520 224,520 228,516 228,514 230,512 264,512 265,513 265,515 264,516 243,516 242,517 241,517 239,519 238,519 238,526 237,527 152,527 150,529 150,541 152,543 152,551 151,552 149,552 149,561 183,561 183,559 184,558 202,558 203,557 262,557 263,556 267,556 268,557 326,557 327,556 344,556 345,557 372,557 373,558 373,559 372,560 365,560 364,561 363,561 363,571 362,572 361,572 360,571 359,571 358,570 324,570 323,571 308,571 307,572 267,572 266,571 266,563 265,562 265,561 264,560 223,560 216,567 216,571 215,572 203,572 202,573 178,573 177,574 151,574 151,587 152,588 151,589 151,590 150,591 150,601 151,602 151,604 202,604 203,603 216,603 217,602 324,602 325,601 362,601 363,600 367,600 368,601 382,601 383,602 421,602 422,601 545,601 546,602 546,606 580,606 581,605 581,604 582,603 593,603 594,604 591,607 590,607 590,608 586,612 586,614 584,616 542,616 541,615 541,606 501,606 500,607 499,607 499,615 498,616 494,616 493,615 493,606 492,605 492,604 455,604 452,607 450,607 450,616 449,617 429,617 428,616 393,616 392,617 297,617 296,616 296,607 261,607 260,608 257,608 256,609 255,609 254,610 254,617 253,618 227,618 226,617 196,617 195,616 159,616 157,618 152,618 151,619 151,632 150,633 150,634 149,635 149,646 150,647 171,647 172,648 171,649 171,650 170,651 169,651 168,652 165,652 164,653 164,661 163,662 161,662 160,663 158,663 157,664 157,665 156,666 152,666 151,667 151,676 150,677 150,689 151,690 156,690 157,691 160,691 161,692 168,692 170,694 170,695 168,697 165,697 164,698 163,698 163,706 162,707 161,707 159,709 157,709 154,712 150,712 150,723 149,724 149,734 150,735 151,735 152,736 184,736 186,738 221,738 221,737 222,736 573,736 574,735 577,735 578,736 719,736 721,738 761,738 762,739 762,744 763,745 771,745 772,746 772,752 771,753 746,753 745,752 745,746 743,744 743,741 707,741 706,742 703,742 702,743 702,750 700,752 655,752 654,751 654,742 653,741 634,741 632,739 593,739 592,740 591,740 590,741 589,741 587,739 549,739 548,740 546,740 545,741 544,741 542,743 542,745 541,746 541,749 538,752 524,752 523,751 523,750 490,750 488,752 422,752 421,751 421,742 420,741 410,741 409,740 374,740 373,741 371,741 370,742 369,742 368,741 331,741 331,742 330,743 330,750 328,752 293,752 292,753 279,753 278,752 278,742 239,742 239,752 238,753 210,753 209,752 209,748 208,747 208,745 195,745 194,744 194,743 193,743 192,742 158,742 157,743 150,743 149,744 149,750 148,751 148,769 149,770 149,776 150,777 149,778 149,795 150,796 154,796 155,797 155,798 154,799 152,799 151,800 151,812 152,813 153,813 154,814 154,821 153,822 152,822 151,823 151,837 152,838 191,838 192,837 192,836 194,834 194,831 195,830 201,830 202,831 198,835 197,835 196,836 196,838 195,839 195,842 194,843 193,843 192,842 192,841 158,841 158,843 156,845 152,845 151,846 151,857 150,858 150,875 151,876 186,876 186,875 187,874 220,874 221,873 222,874 256,874 257,873 358,873 359,872 363,872 364,873 364,874 363,875 363,879 362,880 362,884 361,885 361,886 360,887 327,887 326,888 297,888 295,890 295,891 294,892 294,895 293,896 290,896 289,895 289,892 288,891 288,890 287,889 286,889 285,888 254,888 253,887 253,877 219,877 218,878 194,878 193,879 193,887 192,888 158,888 157,889 156,889 156,891 154,893 152,893 151,894 151,920 170,920 171,921 170,922 166,922 165,923 164,923 163,924 162,924 159,927 159,928 158,929 158,930 157,931 157,932 156,933 151,933 150,934 150,946 151,947 152,947 154,949 155,949 156,950 155,951 154,951 153,952 151,952 151,964 152,965 189,965 190,964 344,964 345,965 344,966 344,969 343,970 343,974 342,975 342,976 341,977 320,977 318,979 314,979 312,977 261,977 259,979 257,979 256,980 221,980 220,979 220,973 219,972 218,972 217,971 179,971 178,972 178,976 177,977 166,977 164,979 150,979 149,980 149,989 150,990 149,991 149,993 148,994 148,1003 150,1005 150,1010 186,1010 187,1011 187,1019 188,1020 193,1020 195,1022 195,1026 196,1027 197,1027 198,1028 198,1034 197,1035 191,1035 189,1037 188,1037 188,1040 187,1041 187,1050 191,1054 193,1054 194,1055 231,1055 232,1054 281,1054 282,1055 281,1056 256,1056 255,1057 252,1057 250,1059 250,1068 249,1069 172,1069 171,1070 158,1070 157,1071 155,1071 154,1072 154,1074 153,1075 151,1075 151,1079 150,1080 150,1090 151,1091 151,1095 153,1097 154,1097 156,1099 157,1099 158,1100 161,1100 162,1101 162,1111 206,1111 207,1110 208,1110 208,1105 209,1104 226,1104 227,1105 226,1106 225,1106 225,1107 224,1108 224,1113 222,1115 161,1115 157,1119 155,1119 154,1120 152,1120 151,1121 151,1132 152,1133 153,1133 154,1134 154,1139 155,1140 155,1141 158,1144 159,1144 161,1146 179,1146 180,1147 179,1148 166,1148 165,1149 163,1149 161,1151 159,1151 159,1152 158,1153 158,1156 157,1157 157,1158 156,1159 154,1159 151,1162 151,1173 152,1174 151,1175 151,1176 150,1177 150,1186 151,1187 151,1190 295,1190 295,1189 296,1188 297,1189 297,1193 296,1194 296,1198 295,1199 295,1201 294,1202 283,1202 282,1203 266,1203 265,1204 265,1205 264,1206 261,1206 260,1207 260,1216 259,1217 252,1217 251,1216 251,1207 250,1206 249,1206 248,1205 210,1205 209,1206 208,1206 207,1205 207,1195 206,1194 168,1194 167,1195 164,1195 163,1196 162,1196 162,1198 160,1200 159,1200 158,1201 158,1202 157,1203 157,1205 156,1206 152,1206 152,1216 153,1216 154,1217 154,1220 155,1220 156,1221 156,1223 155,1224 152,1224 152,1235 153,1236 154,1236 155,1237 189,1237 190,1236 213,1236 214,1235 228,1235 229,1236 229,1241 230,1241 231,1242 265,1242 266,1241 268,1241 268,1239 269,1238 270,1238 271,1237 271,1236 273,1234 287,1234 288,1235 288,1236 287,1237 283,1237 282,1238 281,1238 280,1239 280,1240 279,1241 279,1251 278,1252 278,1253 277,1254 276,1254 276,1256 275,1257 275,1263 274,1264 271,1264 269,1262 269,1254 266,1251 265,1251 264,1250 227,1250 226,1251 196,1251 195,1250 161,1250 160,1251 158,1251 156,1253 154,1253 154,1280 155,1280 156,1281 173,1281 174,1282 201,1282 202,1283 200,1285 158,1285 157,1286 156,1286 155,1287 152,1287 152,1288 151,1289 151,1300 154,1300 155,1301 155,1312 153,1314 152,1314 152,1326 153,1326 154,1327 193,1327 194,1326 215,1326 216,1327 215,1328 215,1329 214,1330 196,1330 196,1340 195,1341 151,1341 151,1356 155,1356 157,1358 157,1361 158,1362 158,1364 159,1365 159,1366 160,1366 161,1367 161,1369 162,1370 162,1371 177,1371 179,1373 213,1373 213,1372 214,1371 226,1371 227,1370 244,1370 245,1369 259,1369 260,1370 259,1371 259,1372 258,1373 234,1373 233,1374 232,1374 231,1375 230,1375 229,1376 228,1376 227,1377 226,1377 225,1378 223,1378 223,1383 221,1385 221,1386 220,1387 208,1387 207,1386 207,1377 203,1377 202,1376 161,1376 160,1377 157,1377 157,1387 159,1389 160,1389 162,1391 162,1396 163,1397 162,1398 154,1398 153,1399 151,1399 151,1409 152,1410 152,1415 154,1417 153,1418 151,1418 151,1428 154,1431 155,1431 157,1433 156,1434 155,1434 154,1435 154,1444 150,1448 150,1457 151,1458 151,1460 152,1461 153,1461 154,1462 156,1462 157,1463 190,1463 191,1464 190,1465 157,1465 156,1466 151,1466 150,1467 150,1477 151,1478 151,1482 153,1482 154,1483 154,1493 153,1494 152,1494 151,1495 151,1505 152,1506 152,1507 153,1507 154,1508 176,1508 177,1509 177,1515 178,1516 182,1516 183,1517 183,1521 182,1522 158,1522 157,1523 152,1523 151,1524 151,1534 152,1535 152,1537 154,1537 155,1538 155,1539 153,1541 130,1541 129,1542 128,1542 127,1543 126,1543 125,1544 125,1555 153,1555 154,1556 154,1561 166,1561 166,1559 167,1558 168,1559 168,1606 264,1606 264,1604 265,1603 323,1603 324,1602 330,1602 331,1601 341,1601 341,1600 342,1599 351,1599 352,1600 352,1606 353,1607 398,1607 399,1606 399,1598 400,1597 404,1597 406,1599 406,1600 442,1600 443,1599 452,1599 453,1600 458,1600 459,1601 460,1601 461,1602 461,1609 497,1609 497,1602 498,1601 523,1601 524,1600 605,1600 606,1599 607,1599 608,1600 608,1605 609,1606 645,1606 646,1605 646,1604 647,1603 649,1603 650,1602 651,1602 652,1601 652,1599 653,1598 654,1599 713,1599 714,1600 714,1604 716,1606 723,1606 724,1607 760,1607 761,1606 761,1605 762,1604 762,1600 763,1599 840,1599 841,1598 841,1597 843,1595 845,1597 845,1599 868,1599 869,1600 872,1600 873,1601 901,1601 902,1602 936,1602 936,1601 937,1600 938,1600 938,1598 939,1597 952,1597 955,1594 959,1594 959,1593 960,1592 972,1592 972,1591 973,1590 974,1590 975,1589 975,1564 973,1562 973,1561 972,1560 954,1560 953,1559 953,1558 954,1557 954,1556 955,1555 955,1552 956,1551 957,1551 958,1550 958,1544 959,1543 972,1543 973,1542 973,1540 974,1539 974,1530 939,1530 938,1531 937,1531 935,1533 933,1531 933,1512 932,1512 931,1511 896,1511 895,1512 894,1512 893,1513 893,1520 892,1521 853,1521 851,1523 850,1523 849,1524 849,1525 848,1526 848,1527 847,1528 847,1529 846,1530 845,1530 844,1531 841,1531 840,1530 840,1523 839,1522 837,1522 836,1521 829,1521 828,1520 739,1520 738,1521 725,1521 724,1520 604,1520 603,1519 603,1511 602,1510 602,1509 565,1509 565,1511 564,1512 564,1517 562,1519 550,1519 549,1520 500,1520 499,1521 494,1521 493,1520 477,1520 476,1519 476,1518 475,1517 428,1517 425,1520 410,1520 409,1521 396,1521 395,1520 381,1520 378,1517 377,1517 376,1516 376,1509 375,1508 375,1507 340,1507 339,1508 337,1508 336,1509 334,1509 332,1511 330,1511 329,1510 329,1509 292,1509 292,1519 291,1520 281,1520 280,1521 246,1521 245,1522 238,1522 237,1521 231,1521 230,1520 230,1518 231,1517 231,1513 233,1511 245,1511 246,1510 246,1509 247,1508 258,1508 259,1507 266,1507 267,1506 301,1506 302,1505 328,1505 329,1504 386,1504 387,1505 424,1505 425,1506 425,1507 426,1508 463,1508 464,1507 464,1506 465,1505 503,1505 504,1506 515,1506 516,1507 516,1509 551,1509 551,1508 553,1506 585,1506 586,1505 592,1505 593,1504 610,1504 611,1505 644,1505 645,1506 645,1511 666,1511 667,1512 667,1513 668,1514 668,1515 669,1515 670,1516 712,1516 713,1515 715,1515 716,1514 717,1514 718,1513 718,1512 719,1511 719,1506 720,1505 818,1505 819,1506 829,1506 831,1508 866,1508 867,1507 868,1507 869,1506 870,1506 871,1507 912,1507 913,1508 950,1508 951,1507 953,1507 954,1506 955,1506 957,1504 957,1500 958,1499 958,1493 959,1492 959,1482 958,1481 958,1478 953,1478 952,1477 950,1477 949,1476 894,1476 893,1477 886,1477 885,1476 873,1476 872,1475 872,1468 871,1467 871,1466 870,1465 823,1465 822,1466 822,1476 823,1477 823,1478 825,1478 826,1479 826,1485 827,1486 826,1487 815,1487 814,1486 814,1477 813,1477 812,1476 807,1476 806,1475 792,1475 791,1474 791,1470 790,1469 791,1468 801,1468 803,1466 805,1466 807,1464 807,1461 808,1460 808,1459 809,1458 810,1458 812,1460 832,1460 833,1461 872,1461 874,1463 874,1472 877,1472 878,1473 916,1473 917,1472 918,1472 918,1464 920,1462 954,1462 954,1456 955,1455 975,1455 975,1442 958,1442 957,1441 957,1436 955,1434 955,1427 954,1427 953,1426 953,1424 952,1423 952,1422 951,1421 929,1421 928,1420 929,1419 929,1418 930,1417 954,1417 957,1414 957,1406 958,1405 958,1404 959,1403 959,1390 957,1388 956,1388 955,1387 952,1387 951,1386 951,1385 915,1385 913,1387 896,1387 895,1386 895,1385 767,1385 765,1383 765,1382 767,1380 771,1380 771,1379 772,1378 772,1372 774,1370 791,1370 792,1369 803,1369 804,1370 804,1379 805,1380 848,1380 848,1379 849,1378 849,1370 850,1369 855,1369 856,1370 887,1370 888,1371 900,1371 902,1373 954,1373 954,1372 957,1369 957,1360 954,1357 954,1355 950,1355 949,1354 949,1349 946,1346 946,1345 945,1344 945,1343 944,1342 923,1342 922,1341 888,1341 887,1340 885,1340 884,1339 884,1336 881,1333 881,1332 842,1332 841,1333 841,1337 840,1338 827,1338 825,1336 825,1326 826,1325 880,1325 881,1326 942,1326 942,1323 943,1322 953,1322 953,1321 954,1320 956,1320 957,1319 957,1308 955,1306 955,1305 940,1305 939,1304 939,1296 893,1296 892,1295 823,1295 821,1293 785,1293 784,1294 768,1294 767,1293 766,1293 765,1292 767,1290 770,1290 771,1289 778,1289 779,1288 779,1280 780,1279 806,1279 807,1280 807,1286 808,1287 843,1287 844,1286 846,1286 847,1285 848,1285 849,1284 849,1283 850,1282 850,1281 851,1280 879,1280 880,1281 912,1281 913,1282 946,1282 947,1281 951,1281 952,1280 953,1280 958,1275 959,1275 960,1274 960,1264 959,1263 959,1257 958,1256 958,1254 957,1253 955,1253 954,1252 950,1252 949,1251 933,1251 932,1250 896,1250 895,1249 895,1246 896,1245 905,1245 906,1244 906,1238 907,1237 949,1237 950,1236 951,1236 953,1234 953,1233 955,1231 955,1227 957,1225 959,1225 960,1224 960,1213 959,1212 959,1211 958,1210 958,1209 957,1208 957,1207 956,1206 953,1206 952,1205 952,1204 951,1203 893,1203 891,1205 867,1205 866,1206 865,1205 865,1194 864,1194 863,1193 829,1193 828,1194 827,1194 826,1195 826,1202 825,1203 812,1203 811,1202 764,1202 763,1203 753,1203 752,1202 716,1202 715,1203 706,1203 705,1202 705,1195 703,1193 668,1193 667,1194 666,1194 666,1196 665,1197 665,1202 664,1203 662,1203 661,1202 575,1202 574,1203 573,1203 571,1205 571,1206 570,1207 570,1214 569,1215 568,1215 567,1216 555,1216 553,1214 553,1208 552,1207 552,1205 551,1204 551,1203 550,1202 538,1202 537,1201 537,1192 498,1192 498,1201 497,1202 405,1202 404,1203 400,1203 399,1202 400,1201 401,1201 402,1200 402,1190 401,1189 401,1188 402,1187 410,1187 411,1186 415,1186 416,1187 417,1187 418,1188 525,1188 526,1187 541,1187 542,1188 631,1188 632,1187 637,1187 638,1188 673,1188 674,1187 724,1187 725,1188 773,1188 775,1190 775,1195 776,1196 810,1196 811,1195 813,1195 815,1193 815,1191 816,1190 950,1190 950,1189 951,1188 952,1188 952,1187 954,1185 954,1184 955,1183 955,1178 957,1176 971,1176 971,1174 972,1173 972,1163 971,1162 971,1161 960,1161 959,1160 959,1147 958,1146 958,1145 957,1144 957,1123 955,1123 954,1122 954,1120 953,1119 953,1118 952,1117 952,1116 951,1115 947,1115 946,1114 921,1114 920,1113 920,1104 919,1103 917,1103 916,1102 916,1101 917,1100 926,1100 927,1099 945,1099 946,1098 946,1087 947,1086 949,1086 950,1085 951,1085 952,1084 952,1071 950,1069 931,1069 930,1068 930,1064 931,1063 946,1063 947,1062 950,1062 951,1061 953,1061 955,1059 955,1056 957,1054 957,1042 953,1038 952,1038 951,1037 931,1037 930,1036 930,1028 929,1027 929,1026 928,1025 916,1025 915,1024 915,1013 874,1013 874,1023 873,1024 798,1024 797,1023 705,1023 704,1022 704,1013 665,1013 665,1022 664,1023 654,1023 653,1022 586,1022 585,1023 581,1023 580,1022 580,1021 579,1020 544,1020 542,1022 526,1022 524,1020 490,1020 488,1022 488,1023 486,1025 485,1024 485,1012 484,1011 465,1011 464,1010 410,1010 409,1011 408,1011 407,1012 407,1015 406,1016 406,1017 405,1018 405,1020 403,1022 391,1022 390,1023 378,1023 377,1022 377,1012 341,1012 340,1013 338,1013 337,1012 337,1009 338,1008 388,1008 388,1007 389,1006 454,1006 456,1008 492,1008 492,1007 493,1006 539,1006 541,1008 577,1008 577,1007 578,1006 579,1006 580,1005 580,994 579,993 571,993 570,992 570,991 571,990 571,981 570,980 570,976 538,976 537,975 537,966 536,966 535,965 534,965 533,964 533,963 534,962 680,962 682,964 717,964 718,965 759,965 760,964 799,964 800,965 800,973 834,973 835,972 836,972 837,971 839,971 840,972 840,974 841,975 846,975 847,976 887,976 888,975 888,965 889,964 951,964 951,963 952,962 952,961 953,960 953,950 954,949 955,949 957,947 963,947 964,946 964,945 965,944 965,935 959,935 958,934 958,933 957,933 956,932 888,932 887,933 844,933 841,936 840,936 840,945 839,946 828,946 827,945 827,937 826,936 826,935 825,935 822,932 809,932 808,931 808,929 807,928 807,927 806,926 806,923 769,923 769,924 768,925 768,928 767,929 767,931 766,932 765,932 764,931 764,922 763,921 753,921 752,920 752,919 753,918 840,918 842,920 842,927 843,928 877,928 878,927 878,926 880,924 880,923 881,922 881,921 882,920 932,920 932,919 933,918 948,918 949,917 951,917 952,916 953,916 954,915 955,915 957,913 957,888 952,888 951,887 907,887 906,886 906,885 907,884 914,884 914,883 915,882 919,882 920,881 920,879 921,878 921,875 922,874 934,874 935,873 953,873 954,872 954,871 955,870 955,868 957,866 957,857 958,856 958,845 956,843 955,843 954,842 913,842 912,841 880,841 879,840 879,831 878,830 863,830 862,829 863,828 913,828 914,829 949,829 950,828 951,828 952,827 953,827 954,826 954,823 955,822 955,817 957,815 957,810 958,809 958,800 955,800 954,799 952,799 951,798 936,798 935,797 934,797 933,796 933,793 935,791 948,791 949,790 951,790 952,789 952,788 954,786 954,785 955,784 956,784 957,783 957,781 958,780 958,769 957,769 953,765 931,765 930,764 930,755 929,755 928,754 914,754 913,753 874,753 873,752 873,742 863,742 861,740 862,739 897,739 898,738 912,738 913,739 950,739 951,738 952,738 952,737 953,736 957,736 958,735 961,735 962,734 963,734 964,733 964,724 963,723 958,723 957,722 957,707 952,707 951,706 894,706 893,707 803,707 801,709 800,709 797,712 797,713 796,714 796,720 795,721 789,721 787,719 787,712 785,710 785,709 784,709 783,708 783,707 750,707 749,706 701,706 699,704 699,699 698,699 697,698 689,698 688,697 688,696 687,695 667,695 666,694 666,693 667,692 836,692 837,691 841,691 842,692 952,692 953,691 954,691 957,688 958,688 959,687 959,684 960,683 960,674 958,672 958,671 957,670 957,669 955,667 955,666 954,666 953,665 953,663 952,662 887,662 886,661 886,651 885,651 884,650 845,650 844,651 842,651 841,652 841,653 840,654 839,654 838,655 838,657 837,658 837,661 836,662 834,662 831,665 830,664 830,663 829,663 828,662 828,660 827,659 827,655 825,653 825,652 824,651 823,651 822,650 791,650 790,649 790,648 791,647 907,647 908,648 955,648 957,646 958,646 961,643 961,633 957,633 955,631 955,621 957,619 957,609 955,607 936,607 935,606 933,606 932,605 932,604 933,603 946,603 947,602 951,602 952,601 952,600 953,599 962,599 962,588 961,587 961,586 959,586 958,585 958,575 957,574 956,574 955,573 954,573 953,572 879,572 878,571 878,561 877,560 840,560 840,564 839,565 838,565 838,571 837,572 765,572 764,571 728,571 727,572 714,572 713,571 713,563 712,562 712,558 713,557 905,557 906,558 942,558 945,555 962,555 964,553 964,544 961,544 960,543 960,533 959,532 959,531 944,531 943,530 943,528 942,527 940,527 939,526 904,526 903,527 899,527 898,528 891,528 889,526 889,516 888,515 818,515 817,516 768,516 767,517 767,526 766,527 685,527 684,526 684,516 683,515 648,515 647,516 629,516 628,517 628,524 626,526 616,526 615,525 615,515 614,514 579,514 578,515 577,515 576,516 552,516 551,517 550,517 550,526 549,527 545,527 544,526 544,525 543,524 534,524 533,523 534,522 534,514 535,513 551,513 551,512 552,511 572,511 573,512 607,512 608,511 611,511 612,512 639,512 640,513 675,513 676,512 719,512 720,513 720,519 757,519 757,518 758,517 760,517 761,516 761,514 762,513 762,512 763,511 773,511 774,512 948,512 949,513 949,514 981,514 981,504 965,504 964,503 964,498 960,498 959,497 959,496 960,495 961,495 961,493 962,492 962,483 960,483 959,482 958,482 957,481 957,480 900,480 899,479 899,472 898,471 860,471 859,472 859,480 857,482 826,482 825,481 825,480 807,480 806,479 806,471 805,471 804,470 801,470 800,469 767,469 766,470 764,470 763,471 762,471 761,472 760,472 759,473 758,473 758,475 757,476 757,477 756,478 756,479 755,480 755,482 754,483 753,483 752,484 752,494 751,495 743,495 741,493 741,484 740,483 738,483 737,482 726,482 725,481 725,478 726,477 726,467 727,466 812,466 814,464 814,463 815,462 817,462 818,463 818,464 820,466 898,466 900,468 933,468 935,466 952,466 953,465 953,464 954,463 955,463 955,450 957,448 964,448 964,438 957,438 955,436 920,436 918,434 918,425 882,425 880,427 877,427 877,435 876,436 866,436 865,435 865,429 863,427 862,427 861,426 821,426 820,427 819,427 819,428 818,429 818,440 817,441 816,441 814,439 814,438 812,436 778,436 777,435 777,433 776,432 771,432 770,431 770,428 769,427 769,426 757,426 756,425 756,424 757,423 757,422 758,421 825,421 826,420 827,421 849,421 850,422 890,422 891,421 905,421 906,422 954,422 955,421 956,421 958,419 960,419 960,409 959,408 959,407 953,407 952,406 952,405 953,404 954,404 954,403 955,402 955,392 933,392 932,391 932,386 933,385 948,385 949,384 950,384 951,383 952,383 952,382 953,381 953,380 954,379 954,378 957,375 957,374 958,373 960,373 960,370 961,369 961,360 953,360 952,359 939,359 938,358 938,349 937,348 936,348 935,347 936,346 936,337 901,337 900,338 899,338 899,345 898,346 882,346 881,347 815,347 814,348 806,348 805,347 786,347 785,346 785,339 784,338 785,337 810,337 811,336 812,336 812,333 813,332 895,332 896,331 943,331 943,328 944,327 954,327 955,326 957,326 958,325 960,325 960,314 959,314 958,313 958,312 957,311 942,311 940,309 940,303 938,301 901,301 900,302 899,301 899,292 898,291 898,290 876,290 875,289 877,287 877,284 878,283 880,285 880,286 881,287 884,287 885,288 948,288 949,287 952,287 953,286 954,286 955,285 958,285 958,284 959,283 959,269 958,268 958,260 957,259 958,258 959,258 960,257 960,247 959,246 923,246 922,247 921,246 902,246 901,245 901,243 902,242 956,242 957,241 957,237 958,236 960,236 960,232 961,231 961,222 954,222 953,221 953,204 954,203 958,203 958,201 959,200 959,191 958,191 957,190 957,187 958,186 958,180 959,179 960,179 961,178 961,168 959,168 958,167 958,165 939,165 938,164 938,158 937,157 898,157 897,158 893,158 892,157 892,156 891,155 890,155 889,154 880,154 879,153 879,152 878,151 844,151 843,152 843,164 842,165 811,165 810,166 808,166 807,165 807,156 742,156 741,157 740,157 738,159 738,168 737,169 736,169 736,179 737,179 738,180 739,180 740,181 740,188 739,189 739,198 738,199 736,199 735,198 735,195 736,194 736,183 734,181 734,180 733,179 712,179 711,178 711,169 710,168 710,167 709,166 709,157 707,155 670,155 669,156 669,164 668,165 665,165 664,164 630,164 629,165 625,165 624,166 603,166 602,165 602,161 601,160 601,159 600,158 600,154 599,153 599,152 564,152 562,154 559,154 558,155 557,155 557,164 556,165 537,165 536,164 535,164 534,163 533,163 531,161 531,158 530,157 494,157 492,159 491,159 491,162 490,163 484,163 483,162 462,162 461,161 461,160 460,159 425,159 424,160 424,163 423,164 420,164 419,165 415,165 414,164 414,163 413,162 378,162 376,164 358,164 357,163 326,163 325,162 325,155 324,154 324,152 295,152 294,151"/><TextEquiv><Unicode/></TextEquiv><TextLine id="r1_l001"><Coords points="736,204 735,204 735,200 735,199 711,199 709,198 709,193 709,192 538,192 537,193 537,203 537,203 532,203 531,203 531,194 531,193 518,193 517,193 517,192 517,191 404,191 403,192 403,203 403,203 402,203 401,203 401,192 401,191 356,191 354,193 353,193 353,192 353,191 246,191 245,192 224,192 222,194 222,197 221,198 221,199 219,201 218,201 217,202 210,202 209,203 207,203 206,202 204,202 202,201 202,195 202,194 166,194 163,192 163,190 162,189 162,173 164,171 171,171 172,170 217,170 218,169 267,169 267,169 267,159 268,158 270,158 271,157 274,157 275,156 277,156 278,157 307,157 307,158 307,159 308,160 308,166 309,166 439,166 441,164 507,164 508,163 509,163 511,161 573,161 573,161 573,160 574,159 575,159 576,158 579,158 580,157 582,157 584,159 691,159 692,160 859,160 859,160 859,158 861,156 862,156 864,158 873,158 876,161 920,161 921,163 921,169 922,169 941,169 941,170 941,171 943,172 945,172 945,173 944,174 944,175 944,175 943,175 942,176 942,196 941,197 941,199 941,199 940,199 939,199 939,194 939,193 760,193 759,194 759,197 757,199 738,199 737,200 737,204 737,204"/><TextEquiv index="1"><Unicode>regardai tout autour de moi, je ne vis</Unicode></TextEquiv></TextLine><TextLine id="r1_l002"><Coords points="874,249 871,247 871,239 871,238 870,238 869,237 835,237 834,238 831,238 830,237 810,237 809,236 806,236 805,235 777,235 775,237 773,237 772,238 770,238 769,237 725,237 724,238 696,238 695,237 679,237 678,236 659,236 633,236 632,237 631,237 630,238 625,238 624,237 619,237 618,236 601,236 578,236 577,237 527,237 526,238 525,238 525,237 525,236 499,236 498,235 497,235 496,234 485,234 469,234 467,236 465,236 464,237 430,237 429,238 429,241 427,243 427,244 426,245 425,245 424,246 422,246 421,247 416,247 415,246 412,246 410,245 410,244 409,243 409,237 409,236 387,236 386,235 334,235 333,236 318,236 317,237 306,237 305,236 278,236 277,235 253,235 230,235 229,236 228,236 227,237 223,237 222,236 193,236 192,237 192,247 191,248 188,248 187,249 182,249 181,248 180,248 179,248 179,239 179,238 176,238 175,237 174,237 173,236 172,236 168,233 168,232 166,230 166,226 168,224 168,222 170,220 170,219 171,218 173,218 174,217 176,217 177,216 185,216 186,215 211,215 212,216 255,216 256,215 258,215 258,215 258,206 260,204 261,204 262,203 264,203 265,202 267,202 267,203 267,206 268,207 268,215 269,215 302,215 302,215 302,206 304,204 306,204 307,203 308,203 309,202 311,202 311,203 311,204 312,205 312,209 313,210 313,214 314,214 327,214 328,215 329,215 330,216 357,216 358,215 359,215 360,214 362,214 363,213 364,214 374,214 375,215 398,215 398,215 398,205 400,203 404,203 404,204 404,206 405,207 405,214 406,214 430,214 431,215 445,215 446,216 467,216 468,217 496,217 497,216 498,216 499,215 510,215 510,215 510,210 511,209 511,208 514,205 530,205 530,205 530,204 531,203 536,203 536,204 536,213 537,213 547,213 548,214 573,214 573,214 573,206 575,204 579,204 579,205 579,213 580,213 591,213 593,215 651,215 651,216 651,218 652,218 678,218 679,217 680,217 681,216 690,216 691,215 704,215 705,216 732,216 732,216 732,206 734,204 738,204 738,205 738,207 739,208 739,215 740,215 758,215 759,216 809,216 809,216 809,207 811,205 813,205 814,204 818,204 819,205 820,205 820,206 820,208 822,210 822,216 823,216 833,216 834,217 836,217 837,218 866,218 867,217 868,217 869,216 870,216 871,215 876,215 877,216 903,216 904,217 929,217 929,217 929,209 931,207 932,207 933,206 935,206 936,208 936,218 937,219 937,226 938,226 945,226 945,227 944,228 944,231 943,232 941,232 940,233 940,237 939,238 914,238 913,237 885,237 884,238 884,247 882,249"/><TextEquiv index="1"><Unicode>que de la neige: c'étoit au moins de quoi</Unicode></TextEquiv></TextLine><TextLine id="r1_l003"><Coords points="228,294 226,293 228,291 270,291 270,291 270,286 270,285 168,285 167,285 167,284 166,283 166,281 167,280 167,266 170,263 172,263 174,261 212,261 213,260 252,260 253,259 253,257 254,256 254,254 257,251 257,250 258,249 259,249 260,248 399,248 399,249 399,258 400,258 674,258 674,258 674,252 676,250 677,250 678,249 681,249 682,248 854,248 855,249 858,249 859,250 942,250 943,252 943,279 942,280 939,280 937,282 936,282 935,283 932,283 931,284 859,284 858,285 857,284 856,284 855,283 467,283 466,284 404,284 402,286 273,286 272,287 272,294 272,294"/><TextEquiv index="1"><Unicode>me ſauver des tourments de la ſoif. Je</Unicode></TextEquiv></TextLine><TextLine id="r1_l004"><Coords points="618,340 617,340 617,328 617,327 613,327 612,326 582,326 581,327 581,328 580,329 580,330 576,334 572,334 570,333 570,327 570,326 543,326 542,327 541,327 540,328 539,328 538,329 518,329 517,330 514,330 512,328 511,328 510,327 508,327 507,326 471,326 470,327 461,327 460,328 458,326 440,326 439,325 409,325 408,326 391,326 390,325 354,325 353,326 352,326 351,327 328,327 327,326 300,326 299,327 299,329 298,330 298,334 294,338 291,338 290,339 289,339 288,338 282,338 279,336 279,333 278,332 278,328 278,327 191,327 190,328 183,328 182,329 169,329 168,329 168,327 167,326 167,318 166,317 166,309 167,308 174,308 175,307 183,307 184,306 205,306 205,306 205,301 206,300 206,299 208,297 226,297 226,297 226,295 227,294 273,294 274,296 274,305 275,305 296,305 297,304 298,305 343,305 343,305 343,298 344,297 344,296 346,294 347,294 348,295 349,295 350,297 350,305 351,305 381,305 381,305 381,304 382,303 385,303 385,303 385,296 387,294 388,294 389,293 390,293 391,292 392,292 394,295 394,302 395,302 438,302 438,302 438,297 439,296 439,295 440,294 443,294 444,293 445,293 446,292 448,292 449,294 449,305 450,305 465,305 466,306 496,306 497,305 499,305 499,305 499,297 500,296 501,296 501,297 501,305 502,305 561,305 562,307 562,308 563,309 563,318 564,318 602,318 602,318 602,316 604,314 604,301 605,300 606,300 606,300 606,299 611,294 618,294 621,298 621,300 622,301 622,304 623,304 633,304 634,305 636,305 637,306 659,306 659,306 659,300 660,299 660,298 662,296 665,296 666,297 677,297 679,300 679,306 680,306 851,306 851,306 851,299 852,298 853,298 854,297 856,297 857,296 873,296 874,295 881,295 882,297 882,306 883,306 917,306 918,305 921,305 924,309 924,315 925,315 940,315 943,318 944,318 944,319 943,320 943,321 943,321 941,321 940,322 939,322 938,323 927,323 926,324 926,327 926,327 879,327 878,328 796,328 795,329 795,331 793,333 791,333 788,331 788,328 788,327 734,327 733,328 733,338 733,338 701,338 700,338 700,330 700,329 664,329 663,330 663,331 661,333 661,334 660,335 658,335 657,335 657,327 657,326 620,326 619,327 619,340 619,340"/><TextEquiv index="1"><Unicode>m'éloignai de la mer, &amp; j'apperçus bien-</Unicode></TextEquiv></TextLine><TextLine id="r1_l005"><Coords points="773,384 772,383 771,383 769,381 722,381 721,381 721,374 721,373 617,373 615,371 492,371 491,372 481,372 480,371 368,371 367,372 277,372 276,373 271,373 270,372 198,372 197,373 184,373 183,374 181,374 180,373 172,373 170,372 170,371 169,370 169,356 172,353 174,353 174,353 174,352 175,351 176,351 177,350 189,350 189,350 189,349 190,348 190,346 192,344 192,341 193,340 194,340 195,339 196,339 197,341 197,343 198,344 198,345 199,346 199,347 200,348 200,350 201,350 250,350 250,350 250,342 252,340 254,340 255,339 259,339 259,340 259,341 260,342 260,350 261,350 353,350 353,350 353,343 354,342 355,342 356,341 358,341 359,340 361,340 361,341 361,347 362,348 362,350 363,350 454,350 455,349 455,340 456,339 457,339 458,338 460,338 461,337 463,337 463,338 463,349 464,349 534,349 534,349 534,342 536,340 537,340 538,339 539,339 540,338 587,338 588,337 590,337 591,339 591,340 592,340 621,340 621,341 621,349 622,349 651,349 652,348 653,348 655,350 678,350 678,350 678,343 680,341 684,341 684,342 684,343 685,344 685,350 686,350 704,350 705,351 748,351 748,351 748,346 749,345 749,344 750,343 750,342 751,341 754,341 755,342 767,342 768,344 768,345 769,346 769,351 770,351 898,351 899,350 915,350 915,350 915,343 916,342 917,342 918,341 919,341 919,342 919,352 921,354 921,355 922,356 922,363 923,363 944,363 945,365 944,366 944,368 943,369 941,369 940,370 940,371 939,372 939,373 937,375 937,376 935,378 935,379 935,379 934,379 933,380 932,380 931,381 929,381 927,380 927,374 927,373 913,373 912,372 837,372 836,373 783,373 781,375 781,377 780,378 780,379 778,381 778,382 777,383 775,383 774,384"/><TextEquiv index="1"><Unicode>tôt des arbres dans le lointain; j'y courus,</Unicode></TextEquiv></TextLine><TextLine id="r1_l006"><Coords points="171,429 168,427 168,405 167,404 167,401 169,399 169,390 171,388 172,388 173,387 178,387 179,388 180,388 180,389 180,390 181,391 181,396 182,396 245,396 245,396 245,387 247,385 250,385 251,387 251,388 252,389 252,396 253,396 295,396 296,395 326,395 327,394 358,394 358,394 358,387 359,386 360,386 361,385 363,385 364,384 407,384 408,383 409,384 457,384 458,383 462,383 463,382 464,383 466,383 467,385 467,393 468,393 507,393 508,392 509,392 511,394 586,394 586,394 586,393 588,391 588,390 591,387 591,386 594,383 596,383 597,382 601,382 602,383 613,383 613,384 613,385 614,386 614,395 615,395 688,395 688,395 688,384 689,383 694,383 696,385 740,385 741,386 754,386 755,388 755,396 756,396 846,396 846,396 846,388 848,386 849,386 850,385 851,385 852,384 856,384 856,385 856,388 857,389 857,396 858,396 905,396 905,396 905,387 906,386 908,386 909,385 915,385 916,387 916,396 917,396 938,396 939,398 939,412 940,412 943,412 944,414 943,415 941,415 937,419 933,419 932,418 892,418 872,418 871,419 868,419 867,418 866,418 865,417 806,417 805,418 804,417 742,417 740,419 740,420 738,422 738,423 735,426 734,426 733,426 733,418 733,417 689,417 688,418 647,418 646,419 646,420 642,424 639,424 637,423 637,420 637,419 624,419 622,417 599,417 598,416 537,416 536,417 535,416 487,416 486,417 468,417 467,416 372,416 371,417 359,417 358,416 310,416 309,417 264,417 263,418 195,418 194,419 179,419 178,420 178,421 177,422 177,423 176,424 176,425 175,426 175,427 173,429"/><TextEquiv index="1"><Unicode>je vis un bois fort touffu, où j'ens de la</Unicode></TextEquiv></TextLine><TextLine id="r1_l007"><Coords points="171,475 170,474 169,474 167,473 167,445 168,444 169,444 170,443 173,443 174,442 176,442 177,441 196,441 196,441 196,440 197,439 197,436 199,434 214,434 214,434 214,432 216,430 293,430 293,430 293,429 294,428 583,428 584,429 902,429 902,430 902,441 903,441 939,441 940,442 947,442 947,443 947,444 947,444 940,444 939,445 939,459 939,459 938,459 937,460 937,461 936,462 935,462 934,463 918,463 917,464 710,464 709,465 709,473 708,474 358,474 357,475"/><TextEquiv index="1"><Unicode>peine à percer, tant les branches &amp; les</Unicode></TextEquiv></TextLine><TextLine id="r1_l008"><Coords points="835,520 834,520 834,509 834,508 791,508 790,507 746,507 745,508 745,509 744,510 744,512 743,513 742,514 741,514 740,515 738,515 736,514 736,509 736,508 659,508 658,509 657,509 656,508 630,508 629,507 591,507 590,508 589,507 535,507 534,508 534,509 534,509 532,509 531,509 531,507 531,506 518,506 517,507 517,518 516,519 512,519 511,519 511,508 511,507 442,507 441,506 404,506 403,507 355,507 354,508 321,508 320,509 320,510 317,513 316,513 315,514 314,514 313,515 312,514 311,514 310,514 310,513 310,512 281,512 280,512 280,508 280,507 258,507 257,508 213,508 211,510 211,512 207,516 206,516 205,516 205,511 205,510 195,510 194,509 168,509 166,508 166,504 167,503 167,492 168,491 168,490 170,488 171,488 172,487 176,487 177,486 178,487 207,487 207,487 207,478 208,477 209,477 210,476 211,476 212,477 213,477 213,478 213,479 214,480 214,485 215,485 244,485 245,486 300,486 302,489 302,495 303,496 303,498 304,498 341,498 341,498 341,495 342,494 342,492 347,487 349,487 350,486 350,481 351,480 351,478 352,477 352,476 353,475 357,475 357,476 357,484 358,484 368,484 369,485 400,485 401,484 413,484 413,484 413,475 414,474 418,474 418,475 418,483 419,483 430,483 430,484 430,486 431,486 467,486 468,485 533,485 534,484 535,484 536,485 587,485 588,484 602,484 603,485 641,485 641,485 641,478 643,476 644,476 645,475 646,475 647,474 648,474 649,476 649,478 650,479 650,486 651,486 665,486 666,487 698,487 699,486 701,486 701,486 701,479 702,478 702,476 704,474 708,474 708,475 708,486 709,486 720,486 721,487 723,487 725,490 725,499 727,500 767,500 767,500 767,489 769,487 771,487 771,487 771,486 772,485 772,483 773,482 773,481 774,480 774,479 777,476 778,476 779,475 780,475 781,474 783,474 784,473 785,474 787,474 788,475 789,475 789,476 789,485 790,485 808,485 809,486 875,486 875,486 875,477 877,475 881,475 882,477 882,486 883,486 913,486 914,485 932,485 933,484 935,484 936,485 940,485 941,486 942,486 943,487 946,487 946,488 946,502 947,503 947,507 948,507 965,507 966,509 965,510 964,510 964,509 964,508 933,508 932,507 901,507 900,508 839,508 838,509 838,520 838,520"/><TextEquiv index="1"><Unicode>rejetons, étroitement entrelacés, formoient</Unicode></TextEquiv></TextLine><TextLine id="r1_l009"><Coords points="439,563 436,561 436,559 436,558 165,558 164,558 166,556 166,534 169,531 254,531 254,531 254,524 255,523 256,523 257,522 258,522 259,521 286,521 287,520 288,520 289,519 595,519 596,518 597,518 598,519 871,519 873,522 873,530 874,530 923,530 924,531 925,531 926,533 926,535 927,535 943,535 943,536 943,537 944,538 944,548 945,548 947,548 947,549 946,550 946,551 946,551 928,551 925,554 697,554 695,556 695,557 694,558 694,559 692,561 690,561 689,562 445,562 444,563"/><TextEquiv index="1"><Unicode>un obſtacle impénétrable. Il y avoit là heu-</Unicode></TextEquiv></TextLine><TextLine id="r1_l010"><Coords points="902,610 901,609 880,609 878,608 878,599 878,598 640,598 639,599 566,599 564,601 563,601 562,601 562,598 562,597 405,597 404,598 400,598 399,597 340,597 339,598 201,598 200,599 187,599 186,600 169,600 168,601 167,601 167,598 166,597 166,580 167,579 168,579 169,578 194,578 195,577 219,577 220,576 232,576 232,576 232,573 233,572 233,571 238,566 239,566 240,565 242,565 243,564 245,564 246,565 247,565 249,568 249,576 250,576 324,576 325,575 340,575 341,574 379,574 379,574 379,567 381,565 383,565 384,564 435,564 436,565 437,565 438,566 486,566 487,565 488,565 490,563 501,563 503,561 504,561 507,564 534,564 535,566 535,567 536,568 536,575 537,575 607,575 608,574 608,572 609,571 609,570 614,565 615,565 616,564 619,564 620,563 635,563 638,566 696,566 697,568 697,576 698,576 744,576 745,575 748,575 749,576 854,576 854,576 854,570 855,569 855,566 856,565 860,565 861,567 861,576 862,576 936,576 937,577 939,577 941,580 941,590 942,590 945,590 945,591 945,593 946,594 945,595 936,595 935,596 935,597 934,598 931,598 930,599 917,599 916,600 916,610 916,610"/><TextEquiv index="1"><Unicode>reuſement de la ſéchereſſe. Je trouvai par</Unicode></TextEquiv></TextLine><TextLine id="r1_l011"><Coords points="748,653 747,653 747,652 747,651 721,651 720,651 720,644 720,643 639,643 638,644 635,644 634,643 599,643 598,642 474,642 473,641 432,641 431,642 429,642 428,643 427,643 426,644 426,653 426,653 418,653 417,653 417,643 417,642 332,642 331,643 289,643 288,644 243,644 242,643 197,643 196,644 189,644 188,643 167,643 165,642 165,641 166,640 166,638 167,637 167,625 169,623 172,623 173,622 174,622 176,620 179,620 180,621 209,621 210,622 270,622 270,622 270,616 271,615 271,614 273,612 277,612 278,611 279,611 280,613 280,621 281,621 409,621 410,620 412,620 413,621 466,621 466,621 466,612 467,611 468,611 469,610 470,610 471,609 476,609 476,610 476,611 477,612 477,620 478,620 515,620 515,620 515,612 516,611 517,611 518,610 524,610 524,611 524,620 525,620 601,620 602,619 602,618 603,617 603,616 606,613 606,612 608,610 609,610 610,609 624,609 625,608 628,608 629,609 671,609 671,610 671,612 672,613 672,621 673,621 704,621 705,622 706,622 707,623 750,623 750,623 750,614 752,612 756,612 757,614 757,622 758,622 803,622 804,621 846,621 847,622 889,622 890,621 890,619 891,618 891,617 897,611 898,611 899,610 936,610 937,611 939,611 939,612 939,613 940,614 940,637 941,637 945,637 945,638 944,639 944,640 944,640 943,640 939,644 925,644 924,643 774,643 773,644 756,644 755,645 755,646 754,647 754,648 752,650 752,651 750,653"/><TextEquiv index="1"><Unicode>terre beaucoup de brouſſailles; je ramaſſai</Unicode></TextEquiv></TextLine><TextLine id="r1_l012"><Coords points="668,700 667,700 667,689 667,688 652,688 651,689 650,689 649,690 649,698 648,699 641,699 639,698 639,674 639,673 606,673 605,674 605,683 604,684 604,685 603,686 602,686 601,687 586,687 585,688 585,690 585,690 584,690 583,690 583,689 583,688 544,688 543,689 541,689 540,688 508,688 507,687 453,687 452,688 382,688 381,687 293,687 292,688 289,688 288,689 288,690 287,691 287,692 287,692 286,692 285,692 285,689 285,688 190,688 189,689 189,693 188,694 186,693 186,689 186,688 177,688 176,687 174,687 173,686 168,686 166,685 166,683 167,682 167,672 169,670 173,670 175,668 176,668 177,667 180,667 180,667 180,658 182,656 184,656 185,655 187,655 188,654 190,654 190,655 190,656 191,657 191,666 192,666 256,666 257,667 296,667 297,666 484,666 485,665 486,665 486,665 486,657 488,655 490,655 491,654 492,654 493,653 494,653 495,655 495,666 496,666 536,666 536,666 536,658 537,657 538,657 539,656 542,656 543,655 546,655 547,656 582,656 583,655 584,655 585,654 587,654 589,657 589,666 590,666 601,666 602,667 604,667 605,668 642,668 643,667 644,667 645,666 740,666 740,666 740,658 742,656 744,656 745,658 745,660 746,661 746,668 747,668 802,668 802,668 802,655 803,654 806,654 808,657 808,658 809,659 809,660 810,661 810,664 811,665 811,668 812,668 849,668 850,667 852,667 853,666 853,663 854,662 854,661 857,658 857,657 859,655 861,655 862,654 867,654 868,655 869,655 869,656 869,658 870,659 870,666 871,666 892,666 893,667 930,667 931,666 934,666 935,667 936,667 937,669 937,670 938,670 939,670 939,671 939,674 940,675 940,676 943,679 942,680 942,683 941,684 940,684 939,685 939,686 938,687 937,687 936,688 935,688 934,689 911,689 910,688 859,688 858,687 821,687 819,689 740,689 739,688 717,688 703,688 702,689 701,688 671,688 670,689 670,700 670,700"/><TextEquiv index="1"><Unicode>deux morceaux de bois pourri: à force</Unicode></TextEquiv></TextLine><TextLine id="r1_l013"><Coords points="778,739 778,735 778,734 739,734 738,733 625,733 624,732 484,732 447,732 446,733 439,733 438,732 368,732 348,732 347,733 346,732 274,732 273,733 205,733 204,734 203,734 202,733 175,733 174,732 169,732 168,731 167,731 166,730 165,730 165,729 166,728 166,717 167,716 171,716 174,713 176,713 177,712 179,712 179,712 179,703 180,702 181,702 182,701 184,701 185,700 189,700 189,701 189,702 190,702 237,702 239,700 241,700 241,701 241,707 242,708 242,712 243,712 309,712 310,711 310,709 311,708 311,707 313,705 313,703 314,702 315,702 317,700 318,700 319,699 324,699 325,700 326,700 326,701 326,703 327,704 327,711 328,711 363,711 364,710 376,710 377,709 379,711 437,711 437,711 437,703 439,701 440,701 442,699 445,699 445,700 445,702 446,702 455,702 458,706 458,710 459,710 495,710 496,711 553,711 554,710 597,710 598,711 616,711 617,712 662,712 662,712 662,703 664,701 666,701 667,700 671,700 671,701 671,702 672,702 680,702 681,703 682,703 683,705 683,710 684,710 733,710 733,711 733,712 734,712 766,712 767,713 769,713 770,714 816,714 817,713 818,713 819,712 909,712 910,711 935,711 936,712 940,712 940,713 940,718 941,719 941,727 942,727 946,727 947,729 945,731 941,731 940,732 939,732 938,733 936,733 935,734 934,734 933,735 930,735 929,734 890,734 880,734 879,735 878,735 876,733 790,733 788,735 788,736 785,739 784,739 783,740 782,740 781,741"/><TextEquiv index="1"><Unicode>de les frotter l'un contre l'autre, comme</Unicode></TextEquiv></TextLine><TextLine id="r1_l014"><Coords points="174,793 173,793 173,792 173,791 167,791 165,790 165,786 164,785 165,784 165,766 164,765 164,759 163,758 165,756 165,750 167,748 173,748 174,747 176,747 177,748 187,748 188,749 191,749 191,750 191,752 192,753 192,757 193,757 255,757 255,757 255,748 257,746 260,746 261,748 261,757 262,757 308,757 309,756 346,756 346,756 346,748 347,747 347,746 348,745 390,745 391,744 392,744 393,745 404,745 404,746 404,747 405,748 405,756 406,756 505,756 506,755 507,755 508,756 555,756 556,755 556,751 558,749 558,748 561,745 562,745 563,744 564,744 565,743 616,743 618,745 636,745 637,746 638,746 638,747 638,756 639,756 718,756 718,756 718,748 719,747 722,747 724,745 727,745 727,746 727,750 728,751 728,757 729,757 788,757 788,757 788,748 789,747 800,747 801,746 839,746 840,745 842,745 843,744 844,744 846,746 856,746 857,748 857,757 858,757 896,757 897,758 911,758 912,759 913,759 914,761 914,770 915,770 937,770 940,773 941,773 941,774 941,776 940,777 940,779 938,781 938,782 934,786 932,786 931,787 930,787 927,785 927,780 927,779 868,779 867,778 760,778 759,779 728,779 727,780 727,789 726,790 721,790 720,790 720,779 720,778 679,778 678,779 602,779 601,778 581,778 580,777 562,777 561,778 561,790 561,790 560,790 560,778 560,777 526,777 525,778 523,778 522,779 489,779 488,780 488,786 487,787 487,788 487,788 479,788 477,787 477,779 477,778 261,778 260,779 222,779 221,780 177,780 176,781 176,783 175,784 175,793 175,793"/><TextEquiv index="1"><Unicode>j'avois oui dire que faiſoient les Indiens,</Unicode></TextEquiv></TextLine><TextLine id="r1_l015"><Coords points="170,835 167,833 167,805 169,803 170,803 170,803 170,798 171,797 171,794 172,793 175,793 176,792 250,792 251,791 312,791 312,791 312,790 313,789 316,789 317,790 648,790 649,789 652,789 653,790 831,790 833,792 908,792 909,793 917,793 917,794 917,801 919,802 934,802 935,803 937,803 938,804 941,804 941,805 940,806 940,811 939,812 939,818 938,819 938,821 936,823 935,823 934,824 933,824 932,825 845,825 844,824 594,824 593,823 330,823 329,824 196,824 195,825 193,825 192,826 179,826 177,828 177,830 175,832 175,833 173,835"/><TextEquiv index="1"><Unicode>je vins à bout d'en tirer des étincelles. Je</Unicode></TextEquiv></TextLine><TextLine id="r1_l016"><Coords points="862,884 861,884 861,883 861,882 818,882 817,882 817,881 817,880 586,880 585,880 585,870 585,869 240,869 239,870 171,870 170,871 168,871 166,870 166,863 167,862 167,852 170,849 173,849 174,848 174,846 175,845 211,845 212,844 212,842 217,837 218,837 219,836 221,836 222,835 554,835 555,834 556,834 557,833 564,833 565,834 713,834 714,835 862,835 863,837 863,845 864,845 895,845 896,846 938,846 942,851 940,853 940,862 939,863 939,865 938,866 938,868 937,869 937,870 937,870 906,870 904,872 904,874 903,875 903,877 902,878 901,878 900,879 898,879 897,880 890,880 889,881 889,883 889,883 888,883 887,884"/><TextEquiv index="1"><Unicode>raſſemblai du bois ſec &amp; des feuillages</Unicode></TextEquiv></TextLine><TextLine id="r1_l017"><Coords points="321,925 320,925 318,924 318,915 318,914 293,914 291,916 291,917 289,919 289,920 288,921 287,921 286,922 283,922 282,922 282,921 281,920 281,915 281,914 255,914 254,915 191,915 189,917 189,919 189,919 188,919 187,919 187,917 186,915 168,915 167,915 167,899 169,897 170,897 174,893 179,893 180,892 181,893 209,893 209,893 209,884 211,882 234,882 235,881 237,881 237,882 237,893 238,893 268,893 269,894 271,894 272,896 272,900 273,900 309,900 309,900 309,899 310,898 310,897 314,893 317,893 318,892 344,892 345,891 348,891 349,892 367,892 368,893 395,893 395,893 395,885 397,883 435,883 436,882 438,882 439,881 440,881 441,880 455,880 455,881 455,882 456,883 456,884 457,885 457,892 458,892 496,892 497,891 537,891 537,891 537,882 539,880 543,880 543,881 543,882 544,883 544,891 545,891 583,891 583,891 583,882 585,880 604,880 605,879 617,879 617,879 617,878 618,877 621,877 622,879 622,891 623,891 650,891 651,892 703,892 704,891 705,891 706,890 709,893 710,893 711,894 732,894 734,896 762,896 764,894 765,894 766,893 775,893 776,892 816,892 816,892 816,883 817,882 821,882 821,883 821,885 822,886 822,893 823,893 860,893 860,893 860,887 861,886 861,885 862,884 880,884 880,885 880,886 883,889 883,892 884,892 915,892 916,891 934,891 935,892 940,892 940,893 940,909 938,911 937,911 936,912 935,912 934,913 932,913 931,914 917,914 916,915 916,916 916,916 914,916 913,915 866,915 865,916 865,917 864,918 864,919 863,920 863,921 860,924 858,923 858,914 858,913 833,913 832,914 736,914 734,916 734,917 733,918 733,919 729,923 727,923 726,923 726,916 726,915 704,915 702,913 674,913 673,914 614,914 613,913 577,913 576,912 545,912 544,913 534,913 533,914 530,914 529,913 499,913 498,914 486,914 485,913 447,913 445,915 444,915 443,914 401,914 400,915 400,917 399,918 399,919 398,920 398,921 396,923 395,923 393,922 393,914 393,913 368,913 367,914 366,914 365,915 364,915 363,914 362,914 361,913 332,913 331,914 331,924 330,925 323,925 322,926"/><TextEquiv index="1"><Unicode>arides, que j'allumai aiſément; mais j'eus</Unicode></TextEquiv></TextLine><TextLine id="r1_l018"><Coords points="863,972 862,971 858,971 856,969 817,969 816,969 816,962 816,961 403,961 402,962 402,967 401,968 400,968 399,969 392,969 391,969 391,968 390,967 390,962 390,961 170,961 169,960 168,960 167,960 167,943 166,942 166,940 168,938 173,938 173,938 173,936 174,935 174,934 175,933 175,932 179,928 180,928 181,927 182,927 183,926 446,926 447,925 621,925 622,924 623,924 624,925 746,925 747,926 748,926 749,927 789,927 790,929 790,931 791,932 791,933 792,934 792,936 793,936 938,936 940,938 941,938 942,939 948,939 948,940 947,941 947,942 946,943 940,943 937,946 937,949 936,950 936,957 935,958 935,959 935,959 932,959 931,960 873,960 872,961 872,971 871,972"/><TextEquiv index="1"><Unicode>ſoin de me poſter hors de la forêt, pour</Unicode></TextEquiv></TextLine><TextLine id="r1_l019"><Coords points="203,1015 203,1013 206,1010 210,1010 210,1010 210,1007 210,1006 167,1006 166,1006 166,1001 164,999 165,998 165,985 167,983 182,983 183,982 194,982 194,982 194,977 196,975 201,975 203,978 202,979 202,984 203,984 273,984 274,983 277,983 278,982 380,982 381,981 394,981 395,980 396,981 455,981 455,981 455,977 455,976 454,976 453,976 453,975 452,974 452,973 454,971 456,971 457,970 458,970 459,969 460,969 461,970 510,970 511,969 513,969 514,968 516,968 517,969 518,969 519,970 520,970 520,971 520,980 521,980 554,980 554,981 554,997 555,997 562,997 563,999 563,1002 562,1003 561,1003 560,1004 558,1004 557,1003 476,1003 475,1004 473,1004 472,1003 371,1003 370,1004 285,1004 284,1005 257,1005 256,1006 256,1015 256,1015 254,1015 253,1016 207,1016 206,1017"/><TextEquiv index="1"><Unicode>n'y pas mettre le feu</Unicode></TextEquiv></TextLine><TextLine id="r1_l020"><Coords points="608,1059 606,1059 605,1059 605,1049 605,1048 458,1048 457,1049 390,1049 389,1048 344,1048 343,1049 306,1049 305,1050 305,1052 304,1053 304,1054 303,1055 300,1055 298,1054 298,1051 298,1050 215,1050 214,1051 211,1051 210,1050 207,1050 205,1049 205,1048 203,1046 204,1045 204,1042 205,1041 206,1041 207,1040 211,1040 211,1040 211,1021 212,1020 212,1019 213,1018 214,1018 215,1019 226,1019 226,1020 226,1029 227,1029 267,1029 268,1028 287,1028 288,1027 289,1028 353,1028 353,1028 353,1019 354,1018 355,1018 356,1017 357,1017 358,1016 360,1016 361,1018 361,1027 362,1027 407,1027 408,1026 420,1026 420,1026 420,1025 421,1024 421,1023 422,1022 422,1021 423,1020 423,1018 427,1014 447,1014 448,1015 467,1015 468,1017 468,1026 469,1026 505,1026 506,1025 508,1025 509,1026 559,1026 560,1025 562,1025 563,1026 636,1026 637,1027 680,1027 680,1027 680,1019 682,1017 687,1017 687,1018 687,1019 688,1020 688,1027 689,1027 780,1027 781,1028 841,1028 842,1027 843,1028 890,1028 890,1028 890,1019 892,1017 897,1017 898,1019 898,1029 899,1029 911,1029 913,1032 913,1041 914,1041 934,1041 935,1042 936,1042 937,1043 938,1043 939,1045 939,1046 940,1047 940,1050 939,1051 939,1054 938,1055 938,1056 938,1056 937,1056 936,1057 934,1057 933,1058 931,1058 930,1059 928,1059 927,1059 927,1057 926,1056 926,1051 926,1050 866,1050 865,1051 863,1051 862,1050 852,1050 851,1049 812,1049 811,1050 811,1051 810,1052 810,1053 808,1055 808,1056 808,1056 807,1056 806,1057 805,1057 804,1058 803,1058 802,1059 801,1059 801,1049 801,1048 765,1048 764,1049 735,1049 734,1050 734,1058 733,1059 726,1059 724,1058 724,1050 724,1049 687,1049 685,1051 685,1053 681,1057 679,1057 678,1057 678,1050 678,1049 617,1049 616,1050 616,1058 615,1059 610,1059 609,1060"/><TextEquiv index="1"><Unicode>Je me chauffai tant que je pus; mais,</Unicode></TextEquiv></TextLine><TextLine id="r1_l021"><Coords points="179,1107 177,1106 177,1097 177,1096 175,1096 174,1095 173,1095 172,1094 171,1094 170,1094 170,1093 167,1090 167,1087 166,1086 167,1085 167,1080 168,1079 169,1079 169,1079 169,1078 171,1076 172,1076 173,1075 174,1075 175,1074 188,1074 189,1073 266,1073 266,1073 266,1064 267,1063 268,1063 269,1062 271,1062 272,1061 273,1061 274,1063 274,1065 275,1066 275,1071 276,1071 319,1071 320,1072 369,1072 369,1072 369,1070 370,1069 370,1067 372,1065 372,1064 375,1061 379,1061 380,1060 383,1060 385,1062 386,1062 386,1063 386,1065 387,1066 387,1071 388,1071 446,1071 447,1072 483,1072 483,1072 483,1063 485,1061 498,1061 499,1060 501,1060 502,1062 502,1063 503,1063 548,1063 550,1061 551,1061 552,1060 558,1060 559,1061 607,1061 608,1060 612,1060 612,1061 612,1072 613,1072 682,1072 682,1072 682,1063 684,1061 686,1061 687,1060 776,1060 776,1061 776,1063 777,1063 823,1063 824,1062 827,1062 828,1061 830,1061 830,1062 830,1064 831,1064 839,1064 840,1065 841,1065 843,1068 843,1073 844,1073 890,1073 891,1072 906,1072 906,1072 906,1066 909,1063 911,1063 912,1064 913,1064 913,1065 913,1073 914,1073 933,1073 936,1077 935,1078 935,1080 934,1081 933,1081 932,1082 930,1082 929,1083 929,1094 928,1095 910,1095 909,1096 892,1096 891,1095 829,1095 828,1094 778,1094 777,1095 776,1094 721,1094 720,1093 655,1093 654,1094 653,1094 652,1095 652,1096 652,1096 651,1096 650,1096 650,1095 650,1094 467,1094 465,1096 465,1097 463,1099 462,1099 461,1100 460,1100 459,1101 458,1101 457,1101 457,1093 457,1092 390,1092 389,1093 376,1093 375,1094 355,1094 354,1093 303,1093 302,1094 264,1094 263,1095 263,1096 263,1096 231,1096 230,1097 220,1097 219,1098 219,1100 219,1100 193,1100 192,1101 192,1105 191,1106 190,1106 189,1107"/><TextEquiv index="1"><Unicode>quand on eſt nu, il eſt bien difficile d'avoir</Unicode></TextEquiv></TextLine><TextLine id="r1_l022"><Coords points="472,1152 471,1152 471,1141 471,1140 448,1140 447,1141 445,1141 443,1139 278,1139 277,1140 212,1140 211,1141 198,1141 197,1142 197,1143 197,1143 196,1142 195,1142 194,1141 177,1141 176,1140 175,1140 171,1137 171,1136 169,1134 169,1129 167,1127 167,1126 169,1124 170,1124 171,1123 174,1123 177,1120 207,1120 208,1119 239,1119 240,1118 240,1114 241,1113 241,1112 245,1108 246,1108 247,1107 256,1107 257,1108 258,1108 259,1110 259,1111 260,1112 260,1117 261,1117 363,1117 365,1115 367,1115 369,1117 418,1117 418,1117 418,1110 420,1108 421,1108 423,1106 427,1106 427,1107 427,1117 428,1117 492,1117 492,1117 492,1108 493,1107 494,1107 495,1106 497,1106 498,1105 501,1105 502,1107 502,1130 503,1130 572,1130 572,1130 572,1121 574,1119 575,1119 576,1118 577,1118 578,1117 583,1117 584,1116 647,1116 647,1116 647,1108 649,1106 652,1106 653,1105 655,1105 658,1109 658,1116 659,1116 709,1116 710,1117 756,1117 757,1116 758,1116 759,1115 760,1116 761,1116 762,1117 783,1117 784,1118 842,1118 842,1118 842,1117 843,1116 843,1114 844,1113 844,1112 848,1108 850,1108 851,1107 853,1107 854,1106 900,1106 901,1107 902,1107 903,1109 903,1118 904,1118 929,1118 930,1119 933,1119 934,1120 935,1120 935,1121 935,1122 936,1123 936,1124 938,1126 938,1128 939,1128 940,1128 940,1129 940,1141 939,1142 935,1142 934,1143 915,1143 914,1144 913,1144 911,1143 911,1142 911,1141 867,1141 866,1140 856,1140 855,1139 801,1139 800,1140 757,1140 755,1138 718,1138 709,1138 708,1139 590,1139 589,1140 586,1140 585,1141 585,1147 584,1148 583,1148 582,1149 574,1149 573,1149 573,1147 573,1146 529,1146 527,1145 527,1139 527,1138 475,1138 474,1139 474,1152 474,1152"/><TextEquiv index="1"><Unicode>exactement chaud, pendant une ſaiſon</Unicode></TextEquiv></TextLine><TextLine id="r1_l023"><Coords points="792,1192 790,1191 790,1185 790,1184 703,1184 702,1183 659,1183 657,1183 656,1184 654,1184 653,1183 615,1183 614,1184 558,1184 557,1183 543,1183 509,1183 508,1184 434,1184 432,1182 431,1182 428,1179 398,1179 397,1180 397,1181 396,1182 394,1182 393,1183 340,1183 339,1184 280,1184 279,1185 267,1185 266,1186 261,1186 260,1185 253,1185 213,1185 212,1186 168,1186 167,1186 167,1183 166,1182 167,1181 167,1167 170,1164 173,1164 173,1164 173,1162 174,1161 174,1159 175,1158 175,1157 176,1156 177,1156 180,1153 182,1153 183,1152 188,1152 190,1155 190,1165 191,1165 223,1165 223,1165 223,1155 225,1153 245,1153 246,1152 251,1152 251,1153 251,1161 252,1162 252,1164 253,1164 269,1164 270,1165 271,1165 272,1167 272,1168 274,1170 274,1178 275,1178 302,1178 302,1178 302,1176 303,1175 304,1175 305,1174 308,1174 308,1174 308,1154 309,1153 311,1153 312,1152 323,1152 324,1154 324,1162 325,1162 366,1162 366,1162 366,1161 367,1160 367,1156 373,1150 375,1150 376,1149 381,1149 383,1152 383,1162 384,1162 396,1162 398,1165 398,1166 399,1166 429,1166 430,1165 431,1165 432,1164 433,1164 434,1163 437,1163 438,1162 467,1162 467,1162 467,1154 468,1153 469,1153 470,1152 475,1152 476,1154 476,1162 477,1162 573,1162 574,1161 590,1161 591,1160 592,1161 617,1161 617,1161 617,1154 619,1152 620,1152 621,1153 624,1153 624,1154 624,1161 625,1161 640,1161 641,1162 657,1162 658,1163 689,1163 689,1163 689,1159 690,1158 690,1157 692,1155 692,1154 695,1151 696,1151 697,1150 701,1150 702,1149 703,1150 705,1150 705,1151 705,1152 706,1153 706,1154 707,1155 707,1162 708,1162 740,1162 740,1162 740,1155 743,1152 746,1152 746,1153 746,1161 747,1161 757,1161 759,1163 772,1163 773,1164 774,1164 774,1165 774,1166 775,1167 775,1175 776,1175 797,1175 799,1177 825,1177 825,1177 825,1168 826,1167 827,1167 828,1166 829,1166 830,1165 831,1165 832,1164 839,1164 840,1163 883,1163 883,1163 883,1155 885,1153 928,1153 929,1152 929,1151 931,1149 933,1149 934,1148 937,1148 938,1149 939,1149 940,1150 941,1150 942,1152 942,1165 943,1165 954,1165 954,1166 954,1167 955,1168 955,1169 954,1170 954,1171 953,1172 940,1172 939,1173 939,1179 938,1180 938,1181 935,1184 934,1184 933,1185 932,1185 931,1186 909,1186 908,1185 871,1185 870,1186 869,1185 800,1185 799,1186 799,1188 796,1191 794,1191 793,1192"/><TextEquiv index="1"><Unicode>froide. Je fis cuire certains fruits, moitié</Unicode></TextEquiv></TextLine><TextLine id="r1_l024"><Coords points="881,1241 879,1240 879,1231 879,1230 838,1230 837,1231 835,1231 834,1230 809,1230 808,1229 703,1229 702,1230 687,1230 685,1232 685,1233 683,1235 683,1236 682,1237 680,1237 679,1237 679,1218 679,1217 650,1217 649,1218 649,1227 649,1227 648,1227 646,1229 631,1229 630,1230 609,1230 608,1231 608,1239 608,1239 607,1239 606,1240 597,1240 595,1239 595,1231 595,1230 564,1230 561,1233 561,1234 561,1234 560,1234 558,1236 556,1236 555,1237 552,1235 552,1230 552,1229 545,1229 505,1229 504,1230 473,1230 472,1231 427,1231 426,1232 426,1239 426,1239 423,1239 422,1240 414,1240 413,1240 413,1226 413,1225 385,1225 383,1227 383,1228 383,1228 382,1228 381,1229 328,1229 327,1230 327,1240 326,1241 325,1241 323,1240 323,1230 323,1229 256,1229 255,1230 255,1231 254,1232 254,1233 252,1235 252,1236 251,1237 249,1237 248,1238 247,1237 246,1237 245,1237 245,1236 244,1235 244,1230 244,1229 217,1229 216,1230 215,1230 214,1231 197,1231 196,1232 173,1232 172,1233 171,1233 169,1232 169,1231 168,1230 168,1211 169,1210 173,1210 173,1210 173,1209 174,1208 174,1206 177,1203 177,1202 178,1201 179,1201 180,1200 181,1200 182,1199 184,1199 185,1198 189,1198 190,1199 191,1199 191,1200 191,1210 192,1210 226,1210 227,1209 231,1209 232,1210 233,1210 234,1212 234,1221 235,1221 276,1221 276,1221 276,1212 278,1210 280,1210 281,1209 282,1209 283,1208 299,1208 300,1207 333,1207 333,1207 333,1200 334,1199 334,1197 335,1196 378,1196 378,1196 378,1194 380,1192 382,1192 383,1193 384,1193 385,1195 385,1209 386,1209 416,1209 417,1208 420,1208 421,1207 514,1207 514,1207 514,1197 515,1196 520,1196 521,1198 521,1207 522,1207 534,1207 535,1209 535,1210 536,1211 536,1212 537,1213 537,1220 538,1220 584,1220 585,1219 585,1212 586,1211 587,1211 590,1208 591,1208 592,1207 602,1207 603,1206 626,1206 627,1207 645,1207 646,1208 647,1208 649,1210 681,1210 681,1210 681,1200 683,1198 684,1198 685,1197 686,1197 688,1200 688,1208 689,1208 731,1208 732,1207 794,1207 795,1208 842,1208 842,1208 842,1200 844,1198 845,1198 846,1197 847,1198 848,1198 848,1199 848,1200 849,1201 849,1210 850,1210 883,1210 884,1209 909,1209 910,1208 934,1208 935,1209 936,1209 937,1210 939,1210 940,1212 940,1213 941,1214 941,1215 942,1216 942,1217 943,1218 943,1221 942,1222 940,1222 939,1223 939,1227 937,1229 936,1229 935,1230 935,1231 934,1232 933,1232 932,1233 890,1233 889,1234 889,1240 888,1241"/><TextEquiv index="1"><Unicode>ſecs, moitié pourris, que je trouvai par</Unicode></TextEquiv></TextLine><TextLine id="r1_l025"><Coords points="239,1288 238,1288 238,1277 238,1276 198,1276 197,1277 196,1277 195,1278 191,1278 190,1277 173,1277 172,1276 171,1276 169,1275 169,1259 170,1258 171,1258 172,1257 173,1257 175,1255 176,1255 177,1254 179,1254 180,1255 242,1255 243,1254 247,1254 248,1255 249,1255 251,1257 294,1257 294,1257 294,1246 298,1242 299,1242 300,1241 302,1241 303,1242 306,1242 309,1246 309,1252 310,1252 366,1252 367,1251 368,1251 369,1252 406,1252 407,1253 438,1253 438,1253 438,1247 439,1246 439,1244 440,1243 441,1243 442,1242 443,1242 444,1244 444,1245 445,1246 445,1253 446,1253 495,1253 496,1252 497,1252 498,1253 567,1253 568,1252 647,1252 647,1252 647,1244 649,1242 669,1242 670,1241 673,1241 674,1240 689,1240 690,1241 709,1241 711,1244 711,1253 712,1253 757,1253 758,1252 785,1252 786,1253 787,1253 788,1254 804,1254 805,1255 806,1255 806,1256 806,1257 807,1258 807,1267 808,1267 858,1267 858,1267 858,1263 859,1262 859,1260 863,1256 864,1256 865,1255 866,1255 867,1254 868,1254 868,1254 868,1247 869,1246 869,1245 870,1244 873,1244 874,1243 877,1243 878,1245 878,1251 879,1252 879,1254 880,1254 916,1254 917,1255 932,1255 933,1256 937,1256 938,1257 939,1257 941,1260 941,1261 942,1262 942,1268 944,1270 943,1271 941,1271 938,1274 938,1275 938,1275 937,1275 936,1276 935,1276 934,1277 931,1277 930,1278 929,1278 928,1277 897,1277 896,1276 834,1276 833,1277 833,1278 830,1281 829,1281 828,1282 827,1282 826,1283 825,1283 823,1282 823,1276 823,1275 764,1275 763,1276 763,1284 762,1285 755,1285 754,1286 753,1286 750,1284 750,1275 750,1274 692,1274 691,1275 690,1275 689,1274 606,1274 605,1273 604,1273 554,1273 553,1274 516,1274 515,1275 513,1275 512,1274 461,1274 460,1275 444,1275 442,1277 442,1279 439,1282 437,1282 436,1282 436,1275 436,1274 401,1274 400,1275 400,1287 400,1287 396,1287 395,1287 395,1275 395,1274 372,1274 371,1275 371,1283 370,1284 361,1284 360,1285 357,1283 357,1275 356,1273 309,1273 308,1274 306,1274 305,1275 278,1275 277,1276 277,1279 274,1282 273,1282 271,1284 270,1284 269,1283 268,1283 267,1283 267,1277 267,1276 245,1276 244,1277 244,1288 244,1288"/><TextEquiv index="1"><Unicode>terre, &amp; que je ne connoiſſois pas, dans</Unicode></TextEquiv></TextLine><TextLine id="r1_l026"><Coords points="355,1332 355,1320 355,1319 312,1319 311,1320 311,1329 310,1330 309,1330 308,1331 303,1331 302,1330 300,1330 299,1330 299,1321 299,1320 298,1320 297,1319 262,1319 261,1320 259,1320 258,1321 200,1321 199,1322 177,1322 176,1323 170,1323 168,1322 168,1296 167,1295 168,1294 168,1292 169,1291 172,1291 173,1290 174,1290 175,1289 218,1289 219,1288 244,1288 244,1289 244,1299 245,1299 261,1299 262,1300 293,1300 294,1299 295,1299 296,1298 341,1298 343,1296 371,1296 371,1296 371,1290 373,1288 374,1288 375,1287 376,1287 377,1286 381,1286 382,1287 399,1287 399,1288 399,1298 400,1298 429,1298 430,1297 430,1295 431,1294 431,1292 437,1286 438,1286 439,1285 443,1285 444,1286 445,1286 446,1288 446,1298 447,1298 474,1298 475,1297 476,1297 477,1298 503,1298 503,1298 503,1290 505,1288 507,1288 508,1287 509,1287 511,1285 512,1285 513,1287 513,1295 514,1296 514,1299 515,1299 549,1299 550,1298 563,1298 564,1297 565,1297 565,1298 565,1299 566,1299 573,1299 575,1301 607,1301 608,1300 608,1295 610,1293 610,1291 611,1290 611,1288 613,1286 615,1286 618,1290 618,1293 619,1294 619,1296 620,1296 633,1296 633,1297 633,1298 634,1298 693,1298 693,1298 693,1290 694,1289 694,1288 695,1287 699,1287 701,1290 701,1296 702,1296 712,1296 712,1297 712,1298 714,1299 745,1299 747,1297 748,1297 749,1296 751,1298 801,1298 802,1297 805,1297 805,1298 805,1299 806,1299 875,1299 876,1300 922,1300 923,1302 923,1310 924,1310 939,1310 939,1311 939,1312 940,1313 940,1315 939,1316 939,1317 939,1317 937,1317 936,1318 926,1318 925,1319 925,1322 925,1322 898,1322 897,1321 817,1321 816,1320 748,1320 747,1319 702,1319 701,1320 652,1320 651,1321 651,1331 651,1331 649,1330 649,1321 649,1320 611,1320 609,1318 607,1318 606,1318 606,1317 605,1316 605,1314 604,1313 604,1312 603,1311 603,1306 603,1305 572,1305 571,1306 571,1317 570,1318 570,1319 570,1319 569,1319 568,1320 555,1320 554,1321 544,1321 543,1322 541,1320 522,1320 521,1319 454,1319 453,1320 448,1320 447,1319 397,1319 396,1320 394,1320 393,1319 357,1319 356,1320 356,1332 356,1332"/><TextEquiv index="1"><Unicode>l'idée que le feu leur ôteroit toute mau-</Unicode></TextEquiv></TextLine><TextLine id="r1_l027"><Coords points="746,1378 745,1377 644,1377 643,1376 288,1376 286,1375 286,1370 286,1369 196,1369 195,1368 179,1368 177,1367 177,1366 176,1365 176,1362 175,1361 175,1360 174,1359 174,1358 173,1357 173,1354 172,1352 168,1352 167,1352 167,1347 169,1345 212,1345 212,1345 212,1335 213,1334 231,1334 233,1332 235,1332 236,1331 386,1331 388,1329 389,1329 390,1328 391,1329 392,1329 393,1330 493,1330 494,1331 808,1331 808,1332 808,1336 809,1336 864,1336 865,1338 865,1339 867,1341 867,1344 868,1344 870,1344 871,1345 904,1345 905,1346 906,1346 907,1347 927,1347 928,1348 929,1348 929,1349 929,1350 931,1352 931,1354 932,1355 932,1359 933,1359 938,1359 938,1360 938,1362 939,1363 939,1364 940,1365 939,1366 939,1367 937,1369 834,1369 833,1370 833,1374 832,1375 831,1375 830,1376 749,1376 748,1377 748,1378 748,1378"/><TextEquiv index="1"><Unicode>vaiſe qualité, s'ils en avoient quelqu'une.</Unicode></TextEquiv></TextLine><TextLine id="r1_l028"><Coords points="851,1425 850,1425 850,1424 850,1423 846,1423 844,1422 844,1409 844,1408 819,1408 817,1410 816,1410 815,1411 814,1411 813,1412 812,1411 808,1411 807,1410 716,1410 715,1411 715,1420 715,1420 710,1420 709,1421 708,1421 707,1421 707,1420 706,1419 706,1410 706,1409 673,1409 672,1410 669,1410 668,1409 636,1409 635,1410 604,1410 603,1411 603,1415 602,1416 602,1417 599,1420 598,1420 597,1421 589,1421 588,1422 588,1423 588,1423 584,1423 583,1423 583,1410 583,1409 554,1409 553,1410 553,1412 553,1412 552,1412 552,1411 552,1410 522,1410 521,1409 491,1409 489,1411 488,1410 446,1410 445,1409 393,1409 392,1410 373,1410 372,1409 339,1409 338,1410 297,1410 296,1411 265,1411 264,1412 264,1419 264,1419 263,1419 262,1419 262,1412 262,1411 208,1411 206,1413 200,1413 199,1414 199,1415 199,1415 197,1415 196,1414 175,1414 174,1413 171,1413 168,1411 168,1405 167,1404 168,1403 170,1403 171,1402 173,1402 173,1402 173,1382 174,1381 176,1381 177,1380 185,1380 186,1381 191,1381 191,1382 191,1391 192,1391 236,1391 239,1388 239,1384 240,1383 241,1383 242,1382 243,1382 245,1380 246,1380 247,1379 248,1379 250,1377 254,1377 255,1379 255,1389 256,1389 266,1389 267,1390 297,1390 298,1389 306,1389 307,1388 331,1388 331,1388 331,1386 332,1385 332,1383 333,1382 333,1381 334,1380 334,1379 336,1377 338,1377 338,1378 338,1379 339,1380 339,1381 340,1382 340,1384 341,1385 341,1388 342,1388 392,1388 393,1389 426,1389 427,1388 444,1388 444,1388 444,1386 445,1385 445,1384 446,1383 446,1381 447,1380 447,1378 448,1377 449,1377 450,1376 451,1376 452,1377 480,1377 480,1378 480,1379 481,1380 481,1388 482,1388 524,1388 524,1388 524,1379 525,1378 526,1378 527,1377 532,1377 532,1378 532,1379 533,1380 533,1382 534,1383 534,1388 535,1388 555,1388 556,1389 588,1389 589,1388 601,1388 602,1387 603,1388 641,1388 641,1388 641,1379 643,1377 647,1377 647,1378 647,1388 648,1388 667,1388 668,1389 669,1389 670,1390 700,1390 701,1389 703,1389 704,1388 742,1388 742,1388 742,1381 743,1380 743,1379 744,1378 749,1378 749,1379 749,1389 750,1389 815,1389 817,1391 849,1391 850,1390 851,1390 852,1389 853,1389 854,1390 879,1390 880,1391 930,1391 932,1389 934,1389 936,1391 939,1391 942,1394 943,1394 943,1395 942,1396 942,1399 941,1400 941,1401 940,1402 940,1410 937,1413 913,1413 912,1414 912,1415 911,1416 910,1416 910,1414 910,1413 858,1413 857,1414 857,1422 857,1422 856,1422 855,1423 854,1423 852,1425"/><TextEquiv index="1"><Unicode>Je fis même rôtir du grain qui me parut</Unicode></TextEquiv></TextLine><TextLine id="r1_l029"><Coords points="894,1469 893,1468 891,1468 890,1468 890,1459 889,1457 887,1457 886,1456 855,1456 854,1457 850,1457 849,1456 829,1456 826,1453 825,1453 824,1452 794,1452 793,1453 793,1454 791,1456 791,1459 788,1462 787,1462 786,1463 785,1463 784,1464 783,1464 781,1463 781,1456 781,1455 740,1455 739,1456 735,1456 734,1455 699,1455 698,1456 692,1456 691,1456 691,1455 691,1454 652,1454 651,1455 636,1455 635,1454 601,1454 600,1455 600,1456 600,1456 595,1456 594,1457 592,1457 591,1456 590,1456 589,1455 583,1455 582,1454 552,1454 550,1456 534,1456 533,1457 531,1457 530,1456 491,1456 490,1457 489,1457 488,1457 488,1456 488,1455 485,1455 453,1455 452,1456 430,1456 429,1457 428,1457 428,1456 428,1455 384,1455 383,1454 344,1454 343,1455 304,1455 303,1456 303,1462 303,1462 302,1462 301,1463 301,1466 301,1466 297,1466 296,1467 296,1468 296,1468 292,1468 291,1468 291,1466 290,1465 290,1456 290,1455 259,1455 258,1456 256,1456 255,1457 237,1457 236,1458 236,1459 236,1459 219,1459 218,1460 218,1467 217,1468 209,1468 206,1466 206,1459 206,1458 175,1458 174,1459 173,1458 171,1458 167,1455 167,1454 166,1453 167,1452 167,1423 168,1422 170,1422 171,1423 175,1423 176,1424 177,1424 178,1426 178,1428 180,1429 210,1429 212,1427 213,1427 213,1428 213,1435 214,1435 259,1435 260,1434 301,1434 302,1433 334,1433 334,1433 334,1423 336,1421 337,1421 338,1422 339,1422 339,1423 339,1424 341,1426 341,1428 342,1429 342,1430 344,1432 344,1433 345,1433 384,1433 384,1433 384,1431 385,1430 385,1429 386,1428 386,1427 390,1423 391,1423 392,1422 393,1422 394,1421 399,1421 401,1424 401,1433 402,1433 446,1433 446,1433 446,1426 448,1424 450,1424 451,1423 474,1423 475,1422 476,1422 477,1421 479,1423 531,1423 532,1425 532,1434 533,1434 549,1434 550,1435 551,1435 552,1436 583,1436 584,1435 584,1424 585,1423 588,1423 589,1425 589,1426 591,1428 591,1434 592,1434 593,1434 594,1435 625,1435 626,1434 628,1434 629,1433 630,1433 630,1433 630,1424 631,1423 634,1423 635,1422 639,1422 642,1426 642,1433 643,1433 660,1433 662,1436 662,1450 663,1450 691,1450 691,1450 691,1426 692,1425 693,1425 694,1424 696,1424 697,1423 721,1423 722,1422 724,1422 724,1423 724,1434 725,1434 757,1434 757,1434 757,1425 759,1423 761,1423 762,1422 766,1422 766,1423 766,1435 767,1436 767,1437 769,1439 769,1447 770,1447 789,1447 793,1451 823,1451 823,1451 822,1450 822,1445 821,1444 822,1443 822,1441 827,1436 828,1436 829,1435 831,1435 832,1434 852,1434 853,1435 854,1435 855,1436 856,1436 857,1437 888,1437 889,1436 915,1436 916,1435 928,1435 928,1435 928,1428 930,1426 935,1426 937,1429 937,1431 938,1431 939,1431 939,1432 939,1440 940,1441 940,1446 941,1446 958,1446 959,1448 959,1450 958,1451 939,1451 938,1452 938,1457 937,1458 903,1458 902,1459 902,1468 902,1468 901,1468 900,1469"/><TextEquiv index="1"><Unicode>à peu près ſemblable à du bled, ce qui</Unicode></TextEquiv></TextLine><TextLine id="r1_l030"><Coords points="687,1512 686,1511 685,1511 684,1511 684,1510 683,1509 683,1508 683,1507 662,1507 661,1507 661,1502 661,1501 628,1501 627,1500 576,1500 575,1501 569,1501 568,1502 566,1502 565,1501 564,1501 563,1500 562,1500 561,1499 560,1499 559,1498 536,1498 535,1499 535,1503 534,1504 534,1505 534,1505 533,1505 532,1505 532,1503 532,1502 520,1502 519,1501 486,1501 485,1500 453,1500 452,1501 448,1501 447,1502 447,1503 446,1504 443,1504 441,1503 441,1502 441,1501 404,1501 403,1500 383,1500 382,1499 355,1499 354,1500 352,1500 351,1499 349,1499 348,1498 324,1498 323,1499 322,1499 321,1500 311,1500 310,1501 285,1501 284,1502 250,1502 249,1503 242,1503 241,1504 231,1504 229,1506 229,1507 229,1507 228,1507 227,1507 227,1503 226,1501 203,1501 202,1502 202,1507 201,1508 201,1509 200,1510 198,1510 196,1512 195,1512 194,1511 193,1511 192,1511 192,1505 192,1504 170,1504 168,1503 168,1502 167,1501 167,1474 166,1473 168,1471 173,1471 174,1470 177,1470 178,1472 178,1478 179,1479 179,1481 180,1481 198,1481 199,1482 223,1482 225,1480 266,1480 267,1479 287,1479 287,1479 287,1470 288,1469 289,1469 290,1468 296,1468 297,1469 306,1469 308,1472 308,1476 309,1476 319,1476 320,1478 320,1479 321,1479 324,1479 325,1480 349,1480 350,1479 352,1479 353,1478 389,1478 389,1478 389,1477 390,1476 391,1476 392,1475 393,1477 393,1478 394,1478 423,1478 424,1477 424,1476 425,1475 425,1473 429,1469 430,1469 431,1468 433,1468 434,1467 474,1467 475,1466 476,1466 477,1468 477,1476 478,1476 487,1476 487,1477 487,1478 488,1478 493,1478 494,1479 526,1479 527,1478 530,1478 530,1479 530,1480 532,1481 534,1481 535,1482 557,1482 557,1482 557,1473 558,1472 558,1470 560,1468 562,1468 563,1467 568,1467 569,1468 570,1468 573,1471 573,1472 573,1478 574,1478 586,1478 587,1479 612,1479 613,1478 691,1478 692,1477 692,1476 693,1475 694,1475 695,1474 696,1476 696,1479 697,1479 741,1479 741,1479 741,1473 742,1472 742,1471 743,1470 744,1470 745,1469 768,1469 770,1467 773,1467 773,1468 773,1469 774,1470 774,1479 775,1479 789,1479 790,1480 795,1480 796,1481 798,1481 798,1482 798,1492 799,1492 804,1492 805,1493 833,1493 834,1492 838,1492 838,1492 838,1472 840,1470 841,1470 842,1469 843,1470 854,1470 854,1471 854,1472 855,1473 855,1480 856,1480 868,1480 869,1481 871,1481 872,1482 898,1482 899,1481 910,1481 911,1480 932,1480 933,1481 935,1481 936,1482 941,1482 942,1484 942,1486 943,1487 942,1488 942,1492 941,1493 941,1495 940,1496 940,1500 938,1502 937,1502 936,1503 934,1503 933,1504 929,1504 928,1503 888,1503 887,1502 852,1502 850,1504 850,1505 850,1505 849,1504 848,1504 846,1502 836,1502 835,1501 834,1501 832,1500 832,1499 832,1498 807,1498 806,1499 806,1500 805,1501 785,1501 784,1500 775,1500 755,1500 754,1501 703,1501 702,1502 702,1507 701,1508 701,1509 700,1510 699,1510 698,1511 697,1511 696,1512"/><TextEquiv index="1"><Unicode>le rendit crouftillant &amp; mangealle. Je me</Unicode></TextEquiv></TextLine><TextLine id="r1_l031"><Coords points="884,1561 883,1560 839,1560 838,1560 838,1557 838,1556 834,1556 832,1555 832,1548 832,1547 780,1547 779,1548 779,1555 778,1556 771,1556 769,1555 769,1547 769,1546 755,1546 754,1545 693,1545 692,1546 600,1546 599,1547 565,1547 564,1548 563,1548 562,1547 508,1547 507,1548 480,1548 479,1549 477,1549 476,1549 476,1548 476,1547 441,1547 440,1546 376,1546 375,1547 347,1547 346,1548 346,1551 346,1551 338,1551 337,1552 337,1558 336,1559 331,1559 330,1559 330,1548 330,1547 261,1547 260,1548 260,1560 260,1560 200,1560 199,1559 171,1559 170,1559 170,1558 169,1557 169,1552 169,1551 141,1551 140,1551 140,1550 143,1547 144,1547 145,1546 146,1546 147,1545 148,1545 149,1544 167,1544 167,1544 167,1530 170,1527 174,1527 175,1526 198,1526 198,1526 198,1517 199,1516 202,1516 203,1518 203,1525 204,1525 297,1525 298,1524 307,1524 307,1524 307,1515 309,1513 353,1513 354,1512 356,1512 357,1511 358,1511 358,1512 358,1513 359,1514 359,1516 360,1517 360,1522 361,1522 362,1522 364,1524 378,1524 379,1525 426,1525 427,1524 442,1524 443,1523 444,1523 445,1522 458,1522 460,1524 566,1524 567,1523 580,1523 580,1523 580,1517 581,1516 581,1515 582,1514 586,1514 586,1515 586,1517 587,1518 587,1524 588,1524 811,1524 812,1525 819,1525 820,1526 870,1526 871,1525 909,1525 909,1525 909,1518 911,1516 912,1516 913,1515 915,1515 916,1516 917,1516 917,1517 917,1534 918,1534 957,1534 957,1535 957,1536 956,1537 956,1538 955,1539 942,1539 941,1540 941,1546 939,1548 939,1550 938,1551 938,1553 935,1556 934,1556 933,1557 930,1557 929,1558 908,1558 907,1559 907,1561 907,1561"/><TextEquiv index="1"><Unicode>procurai de cette maniere un repas, qui,</Unicode></TextEquiv></TextLine><TextLine id="r1_l032"><Coords points="478,1606 477,1606 477,1605 477,1604 203,1604 202,1603 200,1603 194,1598 194,1597 194,1596 173,1596 170,1594 170,1592 168,1590 168,1589 167,1588 167,1586 168,1585 168,1575 169,1574 170,1574 171,1573 172,1573 173,1572 174,1572 175,1571 192,1571 192,1571 192,1569 194,1567 194,1565 196,1563 196,1562 198,1560 330,1560 331,1559 539,1559 540,1558 542,1558 543,1557 548,1557 549,1558 568,1558 569,1559 570,1559 571,1560 876,1560 877,1561 918,1561 919,1563 919,1564 921,1565 955,1565 959,1570 959,1583 958,1584 958,1586 958,1586 957,1586 955,1588 943,1588 942,1589 942,1590 942,1590 939,1590 936,1593 923,1593 921,1595 921,1596 921,1596 920,1596 919,1597 919,1598 919,1598 746,1598 745,1599 745,1601 743,1603 481,1603 480,1604 480,1606 480,1606"/><TextEquiv index="1"><Unicode>aſſaiſonné par ma faim, me pann dell-</Unicode></TextEquiv></TextLine></TextRegion><TextRegion id="r2" type="page-number" orientation="-0.0"><Coords points="140,104 140,119 143,119 144,120 144,122 146,123 147,123 148,125 148,126 147,127 147,137 148,139 178,139 179,140 213,140 213,139 214,137 215,137 217,135 217,134 219,133 219,128 220,127 220,114 219,113 219,112 216,110 215,110 214,108 210,108 209,107 177,107 173,104"/><TextEquiv><Unicode/></TextEquiv><TextLine id="r2_l001"><Coords points="156,109 204,109 204,137 156,137"/><TextEquiv index="1"><Unicode>e</Unicode></TextEquiv></TextLine></TextRegion><ImageRegion id="r3"><Coords points="341,93 340,95 339,95 339,97 338,98 308,98 307,99 307,100 305,101 285,101 283,103 282,103 282,112 283,113 283,117 285,117 286,118 286,122 285,123 283,123 282,125 282,134 283,135 283,136 362,136 363,135 388,135 390,137 424,137 425,136 426,136 427,137 462,137 463,136 473,136 475,137 475,139 509,139 509,137 511,136 513,136 514,135 526,135 528,137 574,137 575,139 615,139 616,137 617,139 651,139 652,137 665,137 666,139 706,139 707,140 707,141 741,141 742,140 743,140 745,139 767,139 768,140 803,140 804,139 805,139 805,127 804,127 801,125 803,123 803,122 804,121 804,112 803,111 803,110 801,108 801,106 763,106 762,107 757,107 756,106 755,106 754,105 745,105 743,104 743,101 742,100 706,100 706,103 705,104 704,104 703,105 666,105 665,104 630,104 629,105 625,105 624,104 533,104 531,103 464,103 463,101 382,101 381,103 380,103 378,101 378,98 377,97 377,95 376,93"/></ImageRegion></Page></PcGts>