1116 1854
146 134 925 184 bages, où je dormis en sûreté, ſans crainte
150 179 925 228 de tomber, ni d'être dévoré par les bêtes
153 226 285 264 féroces.
198 272 926 320 Le lendemain, je pêtris comme je pus
150 317 924 363 deux vaſes de terre très - informes, que
149 362 924 411 je fis cuire. Je remplis l'un d'eau & l'au-
152 408 937 453 tre de vin de palmier. Ce travail, avec
149 452 925 501 quelques heures de courſe & de chaſſe,
152 491 924 546 & les ſoins de ma cuiſine, remplit ma
154 541 342 593 journée.
171 587 922 633 Les jours ſuivants je recommencai la
118 635 925 681 même vie, avançant toujours, couvert de
155 679 925 728 mon feutre, chargé de mes deux pots de
154 724 924 773 terre. Je trouvai enfin un petit grès fort
153 769 924 817 dur, oblong, aminci d'un côté, & repré-
154 815 925 863 ſentant groſſiérement la lame d'un cou-
153 860 927 907 teau. Cela me fit naître une idée heureu-
155 904 926 953 ſe. Je réfléchis qu'étant obligé de caſſer
137 950 927 993 & de déchirer tout, faute d'inſtrument
154 996 926 1041 tranchant, je ne pouvois abſolument me
152 1041 925 1090 paſſer de ce meuble. Je pris mon grès;
133 1085 939 1131 j'allai ſur le bord d'un ruiſſeau, où je
153 1130 932 1177 l'aiguiſai le mieux que je pus ſur d'au-
153 1176 937 1223 tres grès; je parvins à lui donner un tran-
155 1221 941 1268 chant aſſez aigu. J'en fis uſage ſur le
154 1265 925 1313 champ, pour tailler avec effort un mor-
154 1310 942 1356 ceau de bois, où je l'incruſtai & l'em-
155 1356 940 1405 manchai, & je me fis ainſi un couteau de
143 1399 939 1448 pierre, qui me fut d'une très-grande uti-
156 1449 250 1494 lité.
200 1483 921 1527 Je fis aiſément de la ficelle avec des
154 1538 935 1595 herbages que je tordis, & j'en compoſai
