1116 1854
151 98 229 136 Ln
163 136 947 191 qu'auparavant. Notez que, pour coudre
165 188 936 235 ces habits, je fis aiſément du fil, tel quel,
165 235 947 281 avec des filaments de plantes; une petite
162 280 946 326 arrête de poiſſon, que je perçai à la tête,
161 325 530 372 me ſervit d'aiguille.
182 370 944 416 Je jouois ainſi le petit Robinſon; & le
159 415 950 462 le lecteur va craindre peut-être de ſe
164 459 947 505 trouver enfermé vingt-huit ans avec moi
162 505 944 552 dans une iſle, à l'inſtar de ce fameux voya-
164 550 946 597 geur Anglois: mais qu'on ſe raſſure; je
162 595 944 641 ne reſtai pas ſi long-temps dans ma retraite;
161 639 943 688 j'y fus actif, & je ne m'appeſantirai pas
161 686 947 734 ſur une fituation qui, dans l'original, eſt
161 730 945 777 fort intéreſſante, mais dont la copie ne
163 776 949 824 peut ſe ſauver que par une marche plus
164 822 628 868 rapide & plus expéditive.
209 865 946 914 Il y avoit déja long-temps que j'apper-
162 913 933 957 cevois des montagnes qui me paroiſſoient
132 957 938 1004 fort hautes; j'y arrivai bientot; je grim-
161 1000 934 1048 pai au ſommet avec la légéreté d'un che-
160 1047 935 1092 vreuil. J'appercus une perſpective immenſe,
161 1092 933 1140 mais que la mer terminoit de tous côtés;
160 1137 933 1193 d'où je conclus, avec une ſecrete rage,
161 1180 944 1229 que j'étois dans une iſle; & je me dis
160 1227 937 1274 alors: „Me voilà donc enfermé dans cet
162 1271 945 1319 “affreux déſert; plus d'eſpoir de revoir
161 1318 945 1365 “ma Julie.“ A cette idée je frappai la
162 1361 940 1411 terre de mes pieds indignés, & je tombai
160 1408 942 1451 ſur l'herbe. Je reſtois immobile, étendu
159 1453 943 1501 ſur la terre, dans une eſpece de ſtupeur.
159 1499 940 1546 Je ne voulois plus ſortir de cette place;
158 1543 944 1592 j'invoquois la mort. Enfin, je me laſſai
