1116 1854
203 114 244 150 L.
128 170 1020 231 je taillai des plumes de fort jolis oiſeaux,
128 212 1019 274 & j'écrivis ainſi tout au long mes rêveries
127 262 1019 319 amoureuſes; ce qui ne m'empêchoit pas
127 306 1018 364 de graver, ſur les rochers & ſur le tronc
126 351 1018 409 des arbres, le nom de mon amante, & ſon
126 392 1017 460 chiffre entrelacé avec le mein. On ſent
125 442 1017 505 qu'un homme qui produit tant de choſes,
125 488 1016 545 n'a pas manqué de ſe procurer une lampe,
124 531 1016 590 de l'huile & des meches pour s'éclairer, &
124 577 1015 636 de ſe faire des tables & des chaiſes. Ce
123 618 1015 683 fut même en formant les planches qui
123 669 1014 728 compoſoient mes tables, que je me pré-
122 714 1014 775 parai pour la conſtruction de mon vaiſ-
122 759 1013 818 ſeau. Il m'avoit déja fallu faire une ſcie,
121 807 1013 860 un rabot, une beſaigué, & tous les autres
121 852 1012 906 outils de menuiſier & de charpentier, le
120 897 1012 951 tout avec des cailloux aiguiſés; car je
120 942 1011 996 n'avois aucun métal. Je trouvai enfin une
119 984 1011 1040 mine d'or; &, quoique je n'euſſe jamais
119 1032 1010 1085 travaillé à l'exploitation des mines, avec
118 1074 1010 1133 le temps j'en ſus tirer de l'or aſſez pur.
118 1123 1009 1175 J'en formai mes uſtenſiles les plus com-
118 1169 1009 1221 muns, uniquement par fuſion; c'eſt-à-dire
117 1213 1008 1266 en les jetant au moule; car je n'avois pas
117 1257 1008 1310 ce qu'il falloit pour les forger. Je vins
116 1303 1008 1357 même à bout de fabriquer une eſpece de
116 1346 1007 1400 fuſil; on devine aiſément que je ne per-
115 1394 1007 1445 cai ni ne ſoudai le canon, & que je me
115 1440 1006 1491 contentai de le jeter en fonte. Il n'étoit
114 1482 1006 1539 pas armé comme les nôtres; je n'avois
114 1531 1005 1580 pas d'acier, mais je ſus compoſer un phoſ-
113 1577 1005 1627 phore, une poudre, comme on en vend
