1116 1854
882 123 943 159 L
148 167 923 221 aux écoliers dans une petite bouteille, qui
150 217 921 268 prend feu d'elle - même à l'air; par ce
148 262 926 313 moyen je mettois aiſément le feu à ma
148 305 925 359 poudre: oui, ma poudre, j'en ſus faire
148 354 920 404 auſſi; je découvris une ſoufriere qui me
143 398 928 447 fournit tout ce qu'il falloit pour cela. En-
142 442 982 494 fin, je parvins à compoſer une pendule
144 492 919 540 d'or; j'employai beaucoup de temps à cet
143 537 935 585 ouvrage; car n'ayant point de limes, je
142 581 923 629 ne ſuppléois qu'avec les plus grandes pei-
143 627 915 674 nes à ce malheurex outil. De temps en
144 671 926 720 temps je deſſinois, & même je peignois,
144 715 925 764 avec des terres & d'autres objets, d'où je
142 762 914 810 tirois des couleurs; je ne tardai pas à faire
139 804 924 855 le portrait de Julie; je modelai même ſa
140 852 913 899 ſtatue en terre, & j'en tirai des plâtres,
140 895 916 945 dont j'ornai plufieurs endroits de mon em-
141 941 915 991 pire, auquel je donnois auſſi une reine.
141 989 913 1035 Les travaux des arts ne m'empèchoient pas
139 1031 914 1082 de cultiver l'agriculture. Je ſemai du grain,
138 1078 927 1123 dont je me fis de bon pain, & des lé-
139 1123 913 1171 gumes qui me firent des mets agréables.
137 1169 912 1214 J'exprimai le fruit d'un certain arbre; en
135 1214 911 1260 le pilant, je m'en compoſai une liqueur
137 1258 928 1305 douce & forte, qui contribuoit à entrete-
136 1305 907 1354 nir ma gaieté. On concoit qu'avec tant
136 1349 910 1398 d'occupations, le temps fuyoit aſſez rapi-
136 1394 908 1444 dement pour moi; &, grace à mon acti-
136 1439 908 1486 vité, à peine m'ennuyois-je, quoique ſeul
136 1484 769 1529 dans un déſert, & loin de ma Julie.
180 1530 906 1576 Malgré tant d'ouvrages que je viens
131 1572 926 1622 de détailler, j'avois préparé tous les ma-
