1116 1854
176 89 228 121 e
138 141 985 200 tériaux pour conſtruire mon vaiſſeau. J'a-
138 188 984 246 vois abattu des arbres, ſcié des planches,
138 227 984 290 & fabriqué en or tous mes ferrements. La
138 278 984 334 mouſſe & le goudron ne me manquoient pas.
138 323 984 379 Je fis enfin lé deſſein de ce vaiſſeau ſi
138 366 984 424 long - temps médité; je voulus qu'il fût
138 413 984 470 aſſezgrand pour ſoutenir la mer, aſſez
138 457 984 524 pétit pour que je puſſe le conduire moi
138 509 259 563 ſeul.
138 552 984 606 Je me mis au travail vers la fin de l'été;
137 591 984 650 j'y procédai avec une ardeur inconcevable;
137 645 983 694 mais, comme je fus obligé de faire aller
137 688 983 741 de front pluſieurs ouvrages qui m'étoient
137 731 983 785 néceſſaires, ou ſimplement utiles & agréa-
137 776 983 829 bles, il ſemble que la conſtruction de
137 826 983 875 mon vaiſſeau n'auroit pas dû avancer bien
137 868 983 920 vîte; je le terminai cependant en moins
137 912 983 968 d'un an. Ce fut principalement pendant
137 962 983 1011 ce temps que je fis, pour varier mes oc-
137 1007 983 1055 cupations, le portrait de Julie & ſa ſta-
137 1052 983 1104 tue, dont je viens de parler ci-deſſus. Je
136 1096 982 1147 m'étois rappellé aiſément ſes traits ado-
136 1140 982 1192 rés; &, depuis que j'eus ſu les repréſen-
136 1189 982 1237 ter, je mis toujours devant mes yeux ces
136 1233 982 1282 portraits chéris. La peinture étoit au che-
136 1279 982 1329 vet de mon lit; la ſtatue s'élevoit comme
136 1322 982 1372 une idole devant mon chantier; je la re-
136 1369 982 1417 gardois pendant mon travail, & je ſentois
136 1415 982 1463 l'ardeur pétiller juſqu'au bout de mes doigts.
136 1460 982 1510 Alors je redoublois de force & de courage;
136 1505 982 1555 je ſemblois faire hommage à cette ſtatue
135 1550 982 1601 adorée de tout ce que je poſſédois, de tout
