1116 1854
839 79 930 126 a
100 120 951 179 ces lecteurs, dis-je, décideront que je me
100 174 950 227 vante de mille choſes que je n'ai pu faire,
100 216 950 271 & de mille ſenſations que je n'ai pu con-
100 264 950 316 noître; mais s'ils ne veulent pas me croire,
100 311 950 359 qu'ils ſe tranſportent dans la même ſolitude
100 354 950 405 & la même ſituation que moi, & qu'ils
100 401 950 462 voient alors ce que la nature & le beſoin
100 445 515 495 leur feront exécuter.
100 483 950 540 On ſentira du moins qu'avec tant de
100 537 950 586 reſſources dans la tête & dans les bras, je
100 583 950 631 ne pouvois guere m'ennuyer. Je jouiſſois
99 625 949 679 d'ailleurs d'une force ſinguliere. Mes travaux
99 671 949 725 avoient perfectionné mon tempérament;
99 715 949 766 & la ſanté floriſſante dont je jouiſſois fai-
99 761 949 812 ſoit couler dans tous mes membres un
99 807 949 857 baume ſalutaire, un eſprit de vie, qui ré-
99 853 949 914 pandoit autour de moi la ſérénité ſur toute
99 901 308 944 la nature.
99 935 949 998 Enfin, mon petit vaiſſeau ſe trouvant
99 987 949 1040 achevé, je le lancai facilement à l'eau,
99 1033 949 1085 dans une petite baie entourée de bords
98 1077 949 1131 fort ombragés, où il ſe trouvoit à l'abri des
98 1125 948 1176 vents & des orages. J'étois pourvu de corda-
98 1170 948 1223 ges & de tout ce qu'il falloit pour l'armer;
98 1217 948 1269 j'eus quelque peine à dreſſer les mâts; mais
98 1260 948 1312 j'en vins à bout, à l'aide d'une machine que
98 1306 948 1356 je compoſai pour cela. J'avois fait des voi-
98 1351 948 1402 les & un pavillon brillant. Mes proviſions
98 1393 948 1446 étoient nombreuſes & choiſies; il ne me
98 1441 948 1498 manquoit rien. Je poſſédois juſqu'à une
98 1485 948 1539 bouſſole, oui, une bouſſole. J'avois trouvé
97 1529 948 1597 dans l'iſle une piere d'aimant; & ma dé-
