1116 1854
175 130 946 180 plorable adreſſe avoit tué une pauvre hi-
173 175 946 225 rondelle, qui portoit un billet attaché ſous
173 223 948 270 ſon aile avec une aiguille. Une amante
173 268 947 316 envoyoit, ſans doute, cette miſſive à ſon
174 314 946 360 amant, qui pouvoit être dans les pays
174 359 949 406 d'outre-mer, & croire qu'elle n'exiſtoit plus.
174 404 947 440 Le billet diſoit en effet: „O mon cher
175 449 947 498 “de Loiville, en quelque endroit que tu
175 494 947 543 “reſpires, ſi jamais ce bel oiſeau tombe
176 541 947 588 “entre tes mains, ſache que ta Clariſſe
176 586 941 633 “vit encore, & qu'elle vit pour toi.“
174 632 948 678 Je regrettai d'avoir tué la tendre volatile;
177 677 947 724 & je me promettois bien de chercher
175 721 947 769 l'amant, pour l'inſtruire de l'exiſtence de
176 766 950 813 ſon amante. J'attrapai même une autre
176 812 963 858 hirondelle vivante; j'attachai le billet à ſon
178 857 963 914 aile, & je profitai de l'aiguille pour faire
181 905 398 941 ma bouſſole.
224 947 961 995 Mon vaiſſeau étoit aſſez grand; rien n'y
178 994 961 1043 manquoit pour l'utilité, & même la com-
177 1038 950 1086 modité. J'y embarquai ce que j'avois de plus
175 1081 959 1130 précieux; &, avant tout, le portrait & la
178 1128 953 1177 ſtatue de ma ſouveraine. Mes effets étoient
178 1175 951 1222 nombreux; je ſouriois en les contemplant;
179 1219 951 1268 tous étoient mon ouvrage. Et en effet, ma
178 1265 952 1314 petite vanité ne paroiſſoit-elle pas excuſa-
177 1310 951 1358 ble? J'étois entré, il y avoit environ quatre
177 1357 951 1403 ans, dans mon iſle, ſans avoir preſque rien
177 1402 951 1448 dans l'eſtomac, & rien exactement ſur mon
178 1446 967 1494 individu, ne poſſédant pour toute pro-
178 1490 952 1540 priété qu'un appétit dévorant: je me vois,
178 1537 960 1596 au bout de ce court eſpace, vêtu d'une
787 1583 952 1628 chemiſe,
156 79 238 125 .
