1116 1854
130 145 988 203 chemiſe, d'un habit de drap, avec des bas
131 197 988 251 & des ſouliers. J'ai tous les uſtenſiles &
131 244 988 296 toutes les proviſions qui me ſont néceſſaires,
131 288 989 342 juſqu'à une horloge, une eſpece de fuſil,
132 331 989 387 une bouſſole, des écrits, des mémoires;
132 380 989 433 j'ai le portrait de ma chere amante: enfin,
132 425 990 488 j'ai un vaiſſeau bien pourvu de tout; &
132 472 725 519 c'eſt moi qui ai fait tout cela!
133 499 990 566 Il fallut enfin quitter mon déſert. Je
133 561 990 611 voulois aller voir mes ſemblables, & voler
133 607 991 656 vers ma Julie. Qui le croiroit? Je tenois
134 651 991 702 à mon iſle; je la parcourus de nouveau
134 697 991 748 preſque toute entiere, avant mon départ.
134 743 991 791 de grimpai ſur les montagnes; je revins
134 786 992 838 & m'arrêtai vingt fois ſur les lieux où j'avois
135 831 992 882 eu des ſenſations ſi douces, en penſant à
135 877 992 928 mon Dieu & à ma Julie. Il me ſembloit
135 921 993 973 que je perdois tous ces plaiſirs en quittant
136 966 993 1017 cet aſyle. Je chantai de nouveau ma maî-
136 1011 993 1062 treſſe; je fis répéter mes vers & ſon nom
136 1057 994 1106 à tous les échos du pays: quand j'eus la
137 1103 994 1151 force enfin de venir ſur le bord pour m'em-
137 1149 994 1198 barquer, j'y trouvai mes innocents agneaux,
137 1192 994 1243 qui paroiſſoient me pleurer. Il me ſembla
137 1237 995 1286 que je quittoit autant d'amis; je les em-
138 1282 995 1332 braſſai tous, les uns après les autres, en
138 1328 995 1379 pleurant, en leur adreſſant les adieux les
138 1374 996 1423 plus tendres. J'embarquai avec moi ceux
139 1419 996 1467 qui m'étoient les plus chers, avec mon
139 1460 996 1512 chien. Il fallut abandonner ce ſéjour en-
139 1508 996 1557 chanté; je me mis à genoux, j'adorai l'Etre
139 1554 997 1593 ſuorême: ie baiſai la terre avec onction.
280 1592 441 1638 Tome Il.
874 100 947 147 L
