1116 1854
190 138 961 188 & je reſtai quelque temps délicieufement
144 185 961 232 collé ſur elle. Les pleurs me viennent en-
191 232 971 279 core aux yeux, quand je me rappelle les
190 277 960 324 adieux attendriſſants que je fis à cette terre
190 320 960 368 hoſpitaliere; adieux que l'écho répéta
191 367 959 414 vingt fois avec un ton plaintif qui retentit
183 413 960 459 encore dans mon cœur. Oh! ſi je n'avois
190 457 958 504 dû aller rejoindre ma Julie, je ſerois peut-
189 500 959 550 être reſté dans cette ſolitude! .... Enfin,
190 548 961 593 je prends mon parti; je m'élance ſur
190 593 964 640 mon vaiſſeau, je coupe le cable, je ma-
191 637 959 681 nœuvre, je ſors de la baie, me voilà en
191 685 433 730 pleine mer.
238 720 959 775 Où aller? je voyois le chemin ouvert de
193 771 960 820 tous les côtés, & c'étoit là mon embarras.
191 819 961 866 Je m'appercus que de l'horizon méridio-
192 863 978 912 nal ſouffloit un vent agréable, qui devoit
192 909 959 956 venir de la terre. Il me ſembloit même
192 953 960 1002 que j'en reſpirois l'air vital. Je voyois ve-
191 999 961 1048 nir de ce côté, des oiſeaux qui s'éloignent
161 1045 959 1092 peu du rivage. Comme j'étois dans la lati-
193 1089 961 1137 tude méridionale, je jugeai que les terres,
192 1133 961 1184 que je ſoupconnois exiſter dans le voiſinage,
185 1180 959 1229 devoient être les terres auſtrales. Je voguai
185 1225 960 1269 de ce côté là. Le vent me ſecondoit; à
192 1270 960 1317 tous moments je regardois mon iſle, &
193 1315 961 1364 toujours en ſoupirant. Elle s'éloignoit; elle
193 1360 963 1407 devenoit vaporeuſe & bleuâtre: enfin, je
193 1404 961 1455 la perdis entiérement de vue; & j'en gé-
194 1451 962 1497 mis, comme en voyant un ami rendre ſon
195 1497 454 1543 dernier ſoupir.
170 81 256 130 a
