1116 1854
167 399 945 475 avanca pendant cin jour vers le
163 465 942 514 midi, avec un vent aſſez favorable. A
164 509 939 565 meſure que j'avancois, j'appercevois tou-
161 557 937 608 jours des ſignes plus manifeſtes d'une terre
161 601 937 659 voiſine; au point que je voyois de temps
126 645 938 697 en temps flotter ſur l'eau des herbes & des
160 691 937 744 branches fraîches, qui ne pouvoient venir
154 735 935 795 de bien loin. Nouveau Colomb, j'en con-
156 779 933 830 cluois que j'allois découvrir inceſſamnens
156 828 931 881 une terre nouvelle. Le ciel étoit couvert,
157 871 920 926 je me perſuadois que, s'il eût été ſerein,
153 916 931 976 j'aurois dû voir la terre. Enfin je crus ap-
152 962 930 1018 percevoir une terre deſirée; mais il ne
152 1008 928 1068 manqua pas de me ſurvenir tout-à-coup
150 1051 930 1112 une violente tempête. Je n'en fus point
149 1094 926 1156 ſurpris; la fortune s'eſt toujours plue àme
151 1140 927 1202 diſputer d'une main les préſents qu'elli
148 1186 927 1246 m'offroit de l'autre. La mer étoit très-groſ-
146 1230 924 1293 ſe; le vent me pouſſoit vers les rochers, &
147 1275 927 1337 j'étois en danger de périr. Je manœuvron
124 1321 923 1383 avec une fatigue de forcat. Je vis bientôt
145 1365 920 1427 très-diſtinctement le rivage, da haut d'une
147 1414 924 1469 vague; mais, hélas ! falloit-il mourir à
148 1457 919 1517 me? „ O moniſte! pourquoi t'ai-je quitté?
146 1503 918 1562 “me diſois-je.“Enin ſe vent me poun
140 1544 904 1596 ès vint vert-la terre mait n
228 291 884 348 LIVRE SECOND.
688 1603 777 1642 Ba
888 104 967 148 L
