1116 1854
157 163 990 219 dans le rocher. Quelquefois le roc deſcen-
157 213 989 265 dant juſqu'à la ſurface de l'eau, m'écraſe,
157 256 989 319 & me force de me coucher à plat ventre
157 304 591 351 dans ma nacelle
157 341 989 398 -Cependant le jourdiminuoit ſous cette
157 392 989 445 voûte ſombre, dont l'entrée, déja éloignée,
157 440 989 488 ne me paroiſſoit plus que comme une petite
157 480 989 533 luchrne. Tout-à-coup une branche pointue
157 531 989 578 perce mon habit & jy reſte accroché.
157 572 989 623 Ma chaloupe s'enfuit ſous moi; je la retins
156 619 989 668 avec mes pieds: me voilà ſuſpendu par le
156 666 988 714 dos ſur l'abyme, retenant à toutes forces
156 710 988 759 ma nacelle; bientôt elle m'échappe & je
156 755 988 804 veux la ſuivre; mais, avant que je me ſois
156 798 988 850 décroché, elle eſt déja hors de la portée
156 847 988 897 de ma vue; & ma ſituation eſt devenue
156 890 988 939 plus pénible, parce que je ſuis à préſent fuſ-
156 937 988 984 pendu par les mains, & qu'il me faut un
156 981 988 1029 effort continuel pour me ſoutenir. Je reſte
156 1026 988 1074 long-temps dans cet état, le courant trop
156 1071 988 1117 rapide ne me permettant pas de me livrer
155 1114 988 1166 à ſa violence. Je n'en pouvois plus de laſ-
155 1161 987 1208 ſitude; j'allois tomber. Bientôt je vois paſ-
155 1204 987 1254 ſer, auprès de moi, une branche d'arbre
155 1249 987 1302 aſſez confidérable, qui m'accroche encore,
155 1296 987 1345 je me laiſſe emporter par ce rameau flot-
155 1341 987 1388 tant; il me ſoutient; je me recommande
155 1385 987 1435 à la providence, & je m'abandonne au
155 1432 987 1477 cours de l'eau. Bientôt je me trouve en-
155 1474 987 1525 foncé ſi avant ſous la roche, qu'il ne me
155 1520 987 1572 reſte plus le moindre ſoupçon de clarté,
154 1566 987 1625 au milieu d'un courant furieux; perdu dans
178 104 254 157 3
