1116 1854
813 1599 886 1632 Be
199 150 973 197 au moins j'y croyois voir des veines lui-
202 194 971 244 ſantes de ce métal. La maiſon étoit illu-
200 240 971 292 minée; & le poli des murs augmentoit la
198 288 427 331 lumiere.
244 328 971 377 Malgré ma ſurpriſe, je ſentis bientôt les
197 375 972 423 aiguillons de la faim. On ſervit un dîner qui
191 419 974 467 me parut aſſez bon; la nature des mets étoit
194 467 973 514 excellente; & je concus que je pourrois par
193 509 972 559 la ſuite m'accoutumer à l'accommodage. Je
193 555 974 603 ne pus deviner de quoi étoit compoſée la
194 600 973 647 boiſſon, que je trouvai fort bonne. Le
202 645 975 694 pain étoit le fruit d'un arbre que nous nom-
193 691 975 741 mons arbre à pain, qui a preſque le goût
175 737 977 785 de nos petits pains à la reine. Je mangeai
204 782 978 827 d'aſſez bon appétit, & je me levai de table
195 826 978 872 avec les autres: je ſortis avec eux, me ſen-
194 871 978 918 tant aſſez de force pour les ſuivre, & pour
206 914 719 962 examiner le pays où j'étois.
252 961 979 1010 Le fleuve me parut. fort large. Il étoit
209 1008 978 1054 illuminé des deux côtés, & de plus des
204 1053 977 1101 cordons de lumierer le traverſoient de diſ-
192 1099 979 1148 tance-en diſtance, tellement qu'il régnoit
191 1143 979 1191 pan-tont une clarté conſidérable & preſ-
207 1187 980 1235 qu'égalesa voûte étoit fort hante; & l'on
191 1234 978 1282 juge bien qu'elle devoit être immenſe, puiſ-
207 1279 977 1326 qu'outre la riviere elle embraſſoit de vaſtes
210 1322 979 1363 terreins étendus ſur ſes deux bords. Du
191 1368 979 1418 côté où j'étois, je voyois des jardins plan-
191 1414 979 1463 tés d'arbres fiuitiers& de légumes, éclairés
210 1460 979 1508 par des files de lanternes, échauffés par des
175 1505 979 1552 fourneaux ſonterrains, qui leur communi-
199 1553 980 1599 quoient la chaleur que le ſoleil donne chez
912 105 988 147 L
