1116 1854
128 143 907 192 nous à la terre; plus loin j'appercevois des
129 189 907 237 pares où l'on nourriſſoit des troupeaux. Je
131 235 904 281 remarquois des chemins bien alignés, creu-
134 277 654 325 ſés dans le roc ou le minéral.
182 324 907 369 Nous nous embarquâmes, & nous deſ-
136 367 909 415 cendîmes au gré de l'eau. Je voyois, au
136 416 911 457 fond de l'horizon, une multitude éblouiſ-
136 459 909 507 ſante de lumieres. A meſure que j'avan-
107 504 911 552 cois, diſtinguant mieux les objen, je
140 549 912 596 croyois appercevoir des maiſons, & même
140 594 922 641 des eſpeces de clochers. Je vis enfin, de
140 639 912 686 maniere à n'en pouvoir douter, une ville
143 684 911 731 immenſe, bâtie ſous une voûte prodigieuſe,
143 729 924 776 traverſée par un grand fleuve lur lequel il
143 775 682 823 y avoit pluſieurs beaux ponts.
129 819 912 866 Nous débarquâmes dans la ville. Je fus
128 865 912 912 ébloui de la lumiere artificielle dont je la
148 908 913 956 vis éclairée. La voûte étoit de métal, &
144 953 915 1002 par-tout également polie; elle réfléchiſſoit
146 1000 915 1044 les lumieres; ce qui la rendoit comme
148 1044 915 1091 flamboyante, & formoit ſur la tête une
148 1090 930 1137 eſpece de ciel enflammé. Ce coup - d'œil
137 1135 916 1182 me ſembloit vraiment unique, & me frap-
151 1180 918 1226 poit de la maniere la plus vite; mais ſi
145 1224 917 1273 j'admirois ce ſpectacle, j'en étois un moi-
150 1271 915 1321 même aux yeux de ce peuple Gnôme, qui
121 1315 916 1364 devoit me trouver ſort différent de lui, par
127 1361 917 1408 conſéquent fort extraordinaire. Tant de re-
152 1405 914 1454 gards fixés ſur moi m'embarraſſoient, &
128 1450 917 1497 m'empêchoient d'obſerver en détail tous les
149 1495 915 1543 objets intéreſſants qui ſe préſentoient à moi.
129 1541 918 1590 Les flots de la populace me ſuivoient, &
110 86 185 137 LE
