1116 1854
864 97 977 149 L.
161 142 945 215 m'annoncoient qu'elle eſt par-tout la même
164 204 498 251 à bien des égards.
208 248 947 294 Je fus conduit en pompe à la cour du
160 291 1037 340 ſouverain, que je trouvai fort brillante. Son
160 337 948 385 palais étoit remarquable par ſa fingularité,
158 383 946 429 & par des beautés réelles: il éblouiſſoit par
158 427 949 475 ſon illumination. J'étois revêtu d'un habil-
162 472 947 519 lement de ma facon, qui n'étoit d'aucune
160 518 946 565 nation. Mon fuſil d'or brilloit ſur mon
162 562 946 610 épaule; car, quand j'avois fait le ſaut de
163 609 947 656 la cataracte, je le portois paſſé en bandou-
149 654 764 699 liere, & je ne l'avois pas perdu.
219 699 947 745 Le roi revenoit de la chaſſe, & me con-
155 742 948 790 fidéroit avec attention; tout-à-coup une
155 789 949 836 eſpece de taureau, manqué par un bou-
173 833 949 880 cher; fond ſur le monarque: les gardes ſe
157 876 951 925 ſauvent bravement. Mon fuſil étoit chargé;
160 923 951 967 je le tire; l'animal tombe roide mort: tout
177 968 950 1015 le monde treſſaille & tremble. Je vois cent
162 1013 952 1059 mille ſpectateurs immobiles, me regarder
178 1058 951 1104 quelque temps d'un air ſlupide, & tout-à-
165 1102 950 1150 coup s'enfuir avec une rapidité ſurprenante,
165 1149 949 1195 tellement que je reſte preſque ſeul avec
165 1192 948 1239 le roi. Il me ſalue de la maniere la plus
182 1238 954 1285 profonde; ceux de ſes courtiſans qui ont
184 1282 1037 1347 eu la force de reſter, ſe proſternent à mes
185 1330 325 1376 pieds.
211 1356 956 1420 On apporta la ſtatue de ma Julie: à cet
174 1418 954 1464 aſpect la cour fut frappée d'admiration,
186 1461 952 1510 comme l'avoient été d'abor les bonnes
167 1505 953 1555 gens qui m'avoient ſanvé. Tout le monde
166 1551 951 1607 l'adora;la face conte terre; le mi lui-
