1116 1854
240 145 969 195 Le roi s'étoit appercu de notre liaiſon,
190 194 971 241 & l'approuvoit. Je voyois qu'il fondoit
194 238 970 284 ſur mon amour des idées de mariage. Ma
195 284 969 330 jolie Gnomide n'avoit eu s'empêcher de
196 329 985 376 me laiſſer entrevoir le deſir qu'elle avoit
190 372 970 420 d'être unie à moi. On ſent toutes les raiſons
199 418 968 465 qui me défendoient de ſonger à un pareil
198 461 969 510 lien. Je ne répondis pas à Almanzine
198 508 967 556 comme elle le deſiroit; elle ſe plaignit, le
198 554 966 600 cœur navré, que je ne l'aimois pas; je
199 597 969 644 vis la pauvre enfant atteinte d'un profond
199 642 969 690 chagrin, tomber dans une langueur tou-
200 687 969 734 chante, dont j'étois la cauſe, & que ſes
187 734 970 779 beaux yeux me reprochoient en ſe fixant
200 777 970 821 ſur moi d'un air qui ſembloit me demander
190 823 968 870 grace. J'avoue que cela me touchoit beau-
167 864 968 916 coup; mais j'étois tout à la déeſſe dont on
203 913 593 959 m'avoit fait le prêtre.
248 955 971 994 Un incident vint réveiller tous les tranſ-
185 1003 970 1050 ports de mon amour pour elle. Un Gnôme,
202 1045 971 1094 après avoir examiné mon portrait, m'aſſura
202 1092 970 1140 qu'il avoit vu cette belle étrangere dans le
185 1137 970 1185 pays ſupérieur. „O Dieu! ma Julie eſt ſur
184 1180 967 1230 “ces bords, m'écriai-je;“ &, plein d'im-
185 1227 969 1275 patience & d'eſpoir, je ſupplie le roi de
185 1273 970 1318 me permettre de voler vers elle. „Vous
185 1315 971 1364 “m'êtes trop néceſſaire pour que je vous
183 1362 970 1408 “laiſſe partir, me dit-il; l'avis qu'on vous
183 1406 970 1454 “a donné doit être faux; car comment
185 1450 970 1499 “une jeune fille, ſeule, pourroit-elle venir
185 1497 972 1544 “ſi loin? Aureſte, confiez ce portrait avec
183 1541 970 1595 “le vôtre à celui qui ſe vante d'avoir vu
193 100 267 138 Le
