1116 1854
156 161 930 207 “Julie, il retournera dans l'endroit qui la
158 206 930 254 “recele, il la confrontera avec ce por-
163 250 930 294 “trait, lui montrera le vôtre; & ſi c'eſt
157 295 929 343 “elle, il vous l'amenera.“ Je donnai les
156 340 929 388 deux portraits, on expédia le Gnôme. Au
157 385 932 434 bout de quelque temps, on me rendit les
156 430 930 479 deux miniatures, & je ne l'ai plus revu.
159 476 932 523 On éluda mes deſirs, mais on n'éteignit pas
158 520 429 568 mon eſpérance.
201 564 930 613 Je goûtois vraiment la vie du peuple
156 607 929 657 Gnôme ou Alfondon. Je ne revenois pas
160 654 932 703 de mon étonnement de voir qu'une mine
155 696 931 749 fût un ſéjour ſi agréable; car c'en étoit
158 747 928 792 une; mais une mine vraiment unique. Je
160 790 929 837 me promenois avec plaiſir dans la ville &
160 832 934 881 dans ſes environs. Les rues étoient tirées
162 879 932 927 au cordeau; une partie des maiſons s'éle-
162 923 935 972 voit, fabriquée comme les nôtres, ſur le
157 967 913 1016 plat terrein; les autres étoient creuſée
157 1012 931 1062 dans le ſein du minéral. Je remarquois
158 1057 930 1106 des jardins qui fourniſſoient des légumes
159 1103 933 1152 & des fruits; j'appercevois des beſtiaux,
159 1148 933 1196 qui nourriſſoient de leur chair ces étranges
163 1193 936 1241 mortels. Enfin je voyois un grand fleuve qui
162 1238 934 1286 abondoit en poiſſon; mais je ne pouvois
158 1284 936 1330 comprendre d'où venoient les grains, les
159 1328 932 1376 boiſſons, les fourrages des beſtiaux, les
163 1373 934 1421 étoffes, le bois, l'huile qu'on brûloit, &
164 1414 931 1465 en général tout ce qui ſe conſumoit dans
161 1462 932 1510 un pays qui fourniſſoit ſi peu de choſes
163 1507 931 1554 au-delà de ſon métal. Les Gnômes auroient
163 1549 932 1599 dû, comme autant de Midas, être affamés
860 105 935 150 L
