1116 1854
166 120 243 163 La
165 170 1011 222 au milieu de leur or; & cependant ils ne
165 220 1010 267 manquoient de rien. Quand je fus en état
165 263 1010 314 de me faire entendre, je queſtionnai beau-
165 308 1010 357 coup les ſavants ſur tous ces objets de cu-
165 353 1010 402 rioſité; mais je les trouvois réſervés &
165 399 1010 453 myſtérieux. J'appercevois qu'ils regar-
165 444 1010 494 doient, comme un point de leur religion,
165 485 1010 536 l'obligation de laiſſer ignorer au peuple
165 534 1010 581 ce qu'il étoit, d'où il venoit, comment
165 578 1010 626 il étoit nourri, ce que c'étoit que l'univers.
164 619 1010 677 Peu-à-peu cependant je gagnai la confiance
164 668 1009 717 des ſages; pluſieurs s'ouvrirent à moi;
164 711 1009 771 & voilà ce que m'apprit un jour un vieux
164 757 410 804 docteur.
164 799 1009 851 „Ce pays, me dit-il, étoit originaire-
164 847 1009 895 ment une mine d'or, dont un tremblement
164 893 1009 942 de terre combla un jour l'ouverture. Les
164 937 1009 990 mineurs étoient des criminels condamnés
164 982 1009 1032 à paſſer toute leur vie dans ce ſouterrain;
164 1028 1009 1074 mais quoiqu'ils fuſſent nombreux, comme
164 1073 1009 1122 ils avoient beaucoup de proviſions, ils
163 1116 1008 1165 eurent le temps & les moyens de décou-
163 1163 1008 1210 vrir un paſſage ſur la terre, avant d'être
163 1208 1008 1256 expoſés aux horreurs de la faim. En creu-
163 1253 1008 1299 ſant du côté du nord, ils trouverent la
163 1297 1008 1344 voûte immenſe ſous laquelle coule notre
163 1342 1008 1391 fleuve, avec les rivages étendus qui le
163 1388 1008 1435 bordent. Enchantés de cette découverte,
163 1431 1008 1481 ils mirent à profit quelques planches qu'ils
163 1475 1008 1525 avoient pour en faire un petit bateau, ſur
163 1522 1008 1571 lequel deux des plus hardis s'embarque-
162 1566 1008 1614 rent. Ils deſcendirent le fleuve, & ne tar-
