1116 1854
880 119 958 161 L.
167 168 942 217 derent pas à trouver une horrible caſcade,
172 214 944 262 où bientôt ils furent précipités avec leur
170 261 941 306 bateau. L'un des deux ſe noya; mais l'au-
170 305 943 353 tre ſe ſauva comme par miracle. Il fut
167 349 943 398 retrouver ſa nacelle qui avoit été perdue
168 393 945 432 comme lui dans l'écume. Il remonta deſ-
167 439 941 487 ſus, & ne tarda pas à revoir le jour. Il
169 482 941 532 étoit prêt à ſortir par une large ouverture,
167 532 941 579 quand il trouva des gardes qui lui ordon-
166 576 944 622 nerent, à grands cris, de retourner en
168 621 940 669 arriere, ſous peine de mort. Il leur cria
167 667 942 711 que le courant étoit trop violent pour
168 710 943 756 qu'il pût le remonter, & leur dit: „d'ail-
169 755 939 803 “leurs, que craignez-vous d'un homme
169 800 941 849 “ſeul & ſans armes?“ L'un des gardes,
164 845 942 892 qui avoit été ci-devant ſon ami, le re-
169 890 947 937 connut, & parla en ſa faveur à ſes cama-
168 934 939 981 rades; ils ne tirerent pas ſur lui, & même
168 980 940 1028 l'accueillirent. Le pauvre homme fut ravi
169 1026 941 1072 en extaſe, en revoyant le ciel qu'il avoit
169 1071 947 1117 perdu de vue depuis ſix ans. -- Oh,
170 1115 939 1161 “que vous êtes heureux, diſoit-il aux ſen-
169 1162 940 1207 “tinelles, de voir le ſoleil & de reſpirer
170 1205 939 1252 “l'air pur des cieux! -- Hélas! répon-
169 1250 939 1296 “dirent-ils, nous ne ſommes pas ſi heu-
157 1298 941 1344 “reux que tu penſes; cet air que tu nous
167 1343 936 1389 “envies eſt empeſté. Le tremblement de
168 1388 937 1433 “terre a fait périr bien du monde. A la
166 1432 939 1478 “ſuite de ce malheur, comme nous man-
168 1478 946 1523 “quions de tout, la contagion vient d'éclore
168 1521 933 1567 “parmi nous, & nous ſommes réduits à
165 1568 944 1617 “un très-petit nombre d'habitants. Crai-
