1116 1854
165 158 937 210 “gnant que vous ne fuſſiez plus nombreux
164 208 937 256 “que nous à préſent, nous n'avons pas
165 252 942 300 “voulu que vous puiſſiez venir nous égor-
165 299 943 344 “ger; & nous avons ſecondé, autant que
165 343 937 389 “nous avons pu, la violente commotion
165 388 935 434 “de la terre, afin de mieux fermer votre
164 433 938 480 “mine. De plus, comme nous craignions
166 478 938 522 “que votre ſouterrain ne communiquât
165 522 937 568 “avec le fleuve, nous avons exactement
166 567 938 614 “gardé l'ouverture de ce gouffre, de peur
166 611 939 659 “que quelqu'un d'entre vous ne vînt à
169 657 938 704 “s'échapper par cette iſſue. Cependant de-
166 702 937 749 “puis quelque temps les maladies s'affoi-
169 746 936 793 “bliſſent; mais nous manquons de vivres.
168 791 935 837 “Nos voiſins nous en ont fourni juſqu'ici
157 835 935 883 “pour de l'or; & nous ſommes à préſent
166 879 936 928 “totalement dépourvus de ce métal. -- Hé,
167 927 937 973 “mon Dieu! lui dit l'homme de la mine,
168 972 939 1018 “nous vous en prodiguerons tant que vous
167 1015 940 1062 “voudrez; mais, de grace! fourniſſez-
167 1061 938 1106 “nous des vivres, vous vous en procurerez
166 1107 937 1151 “avec notre or pour vous & pour nous.
164 1148 939 1198 “Nous regorgeons de ce métal; nous en
134 1194 938 1242 “avons excavé une grande quantité; nous
164 1239 941 1288 “vous le remettrons ſur le champ; rouvrez
167 1285 354 1320 “la mine.
215 1330 946 1377 “Les gardes trouverent la propoſition
168 1373 937 1420 raiſonnable; ils en rendirent compte au
167 1420 938 1466 gouvernement. La matiere fut long-temps
165 1464 938 1510 débattue dans le conſeil; il fut réſolu que
167 1509 936 1557 le député ſeroit chargé de propoſer aux
172 1554 937 1602 mineurs d'envoyer à la ville de l'or, qui
150 108 230 152 L
