1116 1854
194 154 972 214 caſcade, avec des flambeaux. Le lieu ſe
193 208 971 257 trouva très-éclairé; l'homme étoit d'ailleurs
195 252 972 303 prévenu de ſa chûte, ce qui la rendoit
196 301 972 347 moins dangereuſe; on vit ſon arrivée, on
198 345 969 394 vit ſa barque ſe précipiter; pour lui, ſon
197 390 971 436 habit de liège le ſoutint ſur l'eau; on lui
197 434 971 482 jeta des cordes; il eut la force d'y lier ſon
197 480 970 526 bateau, qui fut tiré à bord avec tous les
198 526 315 560 vivres.
244 570 969 619 “Ce criminel heureux ſe nommoit Al-
195 613 971 663 fondor; il avoit autrefois été marqué d'un
196 658 970 706 ſer chaud, & condamné aux mines; il fut
197 704 970 753 regardé cemme un dieu par ſes compa-
197 751 970 797 gnons; il leur donna des loix, & ſon nom
195 795 969 842 eſt à jamais célebre parmi ſes deſcendants.
184 841 969 879 C'étoit vraiment un honnête homme Le crime
197 885 969 933 qui l'avoit fait condamner, n'étoit rien qu'uné
196 931 969 978 opinion philoſophique; (car dans le pays
198 974 970 1022 ſupérieur de nos deſpotes, on tyranniſoit
196 1021 971 1069 pour cela). Ce peuple ſouterrain s'accou-
196 1067 1017 1114 tuma bien vîte à ce genre de vie; ſous
196 1111 971 1157 la terre du moins il n'avoit point de maî-
194 1156 971 1199 tres. Il fourniſſoit de l'or, on lui donnoit
194 1201 971 1250 des vivres & autres proviſions en échange,
196 1246 971 1291 & il vivoit content. Alfondor polica ſes
197 1291 973 1339 mineurs; il amena la plupart d'entre eux
198 1335 971 1383 à la raiſon, & même à la ſageſſe. Jamais
197 1379 971 1426 ils n'avoient été auſſi heureux ſur la terre.
197 1425 972 1472 On prétendit leur envoyer ſucceſſivement
197 1471 972 1517 les autres criminels que l'on condamnoit
198 1514 972 1564 dans la ville ſupérieure; ces honnêtes gens
194 1561 971 1608 ne voulurent point de coquins parmi eux;
767 1606 969 1652 cependant,
177 105 257 152 au
