1116 1854
202 120 282 168 L
220 165 992 217 nomme Tentennor. La voute prodigieuſe
220 215 985 265 qui couvre tout ce vaſte enclos, n'eſt ſou-
219 258 987 310 tenue que par des colonnes qu'on a laiſſé
200 306 988 355 ſubſiſter, à de très-grandes diſtances l'une
218 351 988 398 de l'autre. Aux deux caſcades d'en haut
217 395 1009 447 & d'en bas, cette voûte ſe rétrecit conſidé-
217 439 987 491 rablement, au point qu'elle borde & reſ-
194 485 985 533 ſerre même beaucoup le fleuve, ſans lui
217 532 984 576 laiſſer d'autres rives qu'elle-même; ce qui
217 576 986 625 enferme exactement le pays, & ôte tout
214 623 750 670 moyen d'en ſortir par terre.
259 665 990 707 Je vins à bout de me rendre maître du
214 711 985 763 courant du fleuve, au point que je faiſois
214 757 981 805 remonter à mon gré les bateaux, & que
212 802 980 855 je les faiſois deſcendre lentement dans les
214 846 983 898 endroits les plus rapides, ſans que l'eau
214 889 982 945 pût les entraîner. Je leur fis faire aiſément
214 936 982 988 le ſaut des caſcades, par le moyen de plu-
214 980 983 1035 ſieurs écluſes, qui les portoient mollement
216 1025 985 1078 d'étages en étages. Je fis, de plus, applanir
213 1072 980 1122 la voûte, & enlever toutes les parties
215 1117 982 1168 éminentes qui écraſoient les bateaux,
214 1160 982 1209 en deſcendant preſque juſqu'à la ſurface
214 1206 977 1258 de l'eau; par ces travaux, je rendis la
212 1250 979 1305 navigation, tant du canal ſupérieur que de
214 1299 614 1347 Pinférieur, très-facile.
251 1341 999 1394 La néceſſité de travailler dans mon iſle
214 1386 981 1441 déſerte, m'ayant rendu induſtrieux, m'avoit
215 1429 981 1486 appris bien des métiers. Je communiquai
215 1475 980 1529 ma ſcience & mes talents à mes chers
217 1521 1003 1574 Gnômes. Je perfectionnai beaucoup chez
218 1564 979 1623 eux la navigation, comme je viens de le
