1116 1854
266 192 1005 241 Je m'enfoncai beaucoup dans l'étude de
221 240 992 288 la méchanique; mes Gnômes profiterent
223 284 990 330 de toutes mes découvertes, & j'établis chez
222 331 804 377 eux toutes ſortes de manufactures.
269 376 994 420 Pour éclairer mieux leur ville, je fis
224 421 988 466 donner un poli exact à toutes les murailles.
223 465 988 512 J'eus ſoin de faire tirer des moulures &
223 508 991 556 des corniches bien régulieres, qui régnoient
223 554 988 602 le long des rues. J'y fis pratiquer des
222 598 990 644 eſpeces de petites rigoles, où l'huile circu-
222 646 989 691 loit & entretenoit des cordons de lumiere,
223 690 988 736 qui s'étendoient par-tout également, &
221 731 989 775 ſuivoient les deſſins des moulures & autres
223 779 989 825 ornements d'architecture; ce qui donnoit
222 824 989 870 à cette cité le plus beau coup-d'œil. Je la
222 868 989 916 fis agrandir & percer avec la plus grande
222 911 990 962 régularité. On voyoit clair dans les rues,
223 959 990 1003 comme dans les nôtres en plein midi; mais,
223 1000 990 1050 pour ménager l'huile, j'établis une diſtinc.
223 1048 692 1090 tion du jour & de la nuit.
270 1090 990 1139 Pour changer d'objet, j'ai touiours penſé
212 1137 989 1183 qu'au moral l'homme avoit beſoin de lu-
224 1183 990 1229 mieres, mais de vraies lun ieres, parce
223 1228 988 1274 qu'il vaut mieux ne rien ſavoir, que de
221 1272 989 1318 ſavoir des menſonges. Ce ne ſont point les
222 1314 989 1362 vérités qu'on apprend aux hommes, qui
221 1361 989 1408 leur nuiſent, mais les erreurs qu'on leur
220 1406 378 1450 enſeigne.
269 1451 989 1495 J'eus le bonheur de trouver des jeunes
213 1494 988 1543 gens pleins d'ardeur, autant que d'intel-
221 1540 987 1589 ligence. Avec leur ſecours j'élevai un théa-
222 1584 990 1635 tre: je leur donnois les canevas de nos
201 152 289 193 La
