1116 1854
109 166 909 221 meilleures pieces que j'avois préſentes à
110 216 909 266 l'eſprit; cela leur ſuffiſoit pour les repré-
110 262 909 311 ſenter d'idée, à peu près comme les co-
110 309 909 355 médiens Italiens jouent de tête. Je recom-
110 352 909 401 mandai à mes acteurs d'appuyer beaucoup
110 396 909 444 ſur la ſaine morale, que je m'étudiai à
110 441 909 490 leur enſeigner. Ce fut, par ce théatre,
110 487 909 534 que je me propoſai d'éclairer & d'élever
110 532 909 579 la nation; &, quoiqu'on en puiſſe penſer,
110 577 909 631 j'y réuſſis. Les progrès furent ſenſibles dans
110 624 352 672 peu de mois.
111 660 910 714 Ces peuples avoient déja une idée groſ-
111 711 910 759 ſiere du deſſin; je les avancai conſidéra-
111 757 910 804 blement dans cette partie. Je fis quelques
111 801 910 849 éleves en peinture & en ſculpture. Leur
111 845 910 894 architecture s'améliora auſſi par mes ſoins.
111 888 910 939 Enfin, je les initiai dans la poéſie, la muſi-
111 935 910 984 que, & tous les arts qui font le charme de
111 980 910 1028 la ſociété: j'y joignis les mathématiques,
111 1025 910 1073 qui rendent l'eſprit juſte, & la morale qui
111 1068 911 1118 rend le cœur droit. Après ces préludes, je
112 1114 911 1163 ſongeai à tracer un plan d'éducation pour
112 1159 911 1207 les enfants, & de gouvernement pour les
112 1204 911 1257 hommes, perſuadé qu'avec ces deux
112 1246 911 1299 grands mobiles, on éleve l'humanité;
112 1294 911 1343 mais il me fallut pour cela examiner la reli-
112 1340 911 1389 gion & les préjugés recus du pays. Soudain
112 1384 911 1432 les prêtres commencerent à crier; le peuple,
112 1428 911 1477 qui m'avoit déja dreſſé des ſtatues, ne tarda
112 1474 911 1522 pas à me regarder comme un monſtre. Je
112 1516 911 1566 m'enfermai chez moi avec ma maîtreſſe;
112 1561 912 1601 attendis que les lumieres, que j'avois
652 1599 742 1652 c'E
861 100 921 172 L.
