1116 1854
193 149 272 188 L.
165 183 996 243 ſu répandre, percaſſent dans la claſſe du
166 233 996 282 vulgaire, & opéraſſent en ma faveur; car
166 278 996 329 je ne voulois pas, comme la plupart des
166 323 996 373 autres légiſlateurs, avoir recours à l'impoſ-
166 366 996 417 ture; je ſouhaitois que la vérité nue
166 413 996 462 triomphât. Les lumieres adoucirent peu-à-
166 454 996 507 peu les eſprits; & le peuple éclairé reprit
166 503 996 550 de la confiance en moi; il m'eſtima, non
166 547 996 599 plus avec enthouſiaſme & fanatiſme comme-
166 591 996 650 au commencement, mais avec réflexion
166 637 657 692 & connoiſſance de cauſe.
167 673 997 730 La religion de ces mineurs n'avoit rien
167 726 997 774 de bien particulier; elle étoit abſurde
167 773 997 821 quant au dogme & quant au culte, comme
167 814 997 864 celle de toute nation qui n'eſt pas éclairée
167 859 997 910 de la révélation. Elle reſſembloit à la plu-
167 906 997 956 part des ſuperſtitions connues, par les no-
167 950 997 998 tions groſſieres, mais aſſez juſtes, qu'elle
167 995 997 1042 donnoit de la vraie morale. La religion
167 1039 997 1086 tendoit là, comme ailleurs, à rendre les
167 1084 997 1133 hommes bons, & les prêtres quelqueſois
167 1128 998 1177 à les rendre méchants. Il eſt inutile de dé-
168 1174 998 1222 tailler toutes les pratiques ridicules dont ce
168 1219 998 1267 culte étoit compoſé; mais je dois dire un
168 1264 998 1312 mot du temple des Gnômes; car ils en
168 1307 998 1356 avoient un très-confidérable; j'obtins la
168 1353 998 1401 faveur d'y être admis: voilà ce qu'il y
168 1399 622 1445 avoit de ſingulier.
168 1431 998 1491 Un prêtre me prit par la main & me fit
168 1486 998 1535 entrer dans une eſpece de corridor nulle-
168 1533 998 1580 ment éclairé, fait en coquille, tellement
168 1578 999 1627 qu'au bout de quelques pas, je ne vis plus
