1116 1854
869 111 943 152 L
745 1597 818 1638 CC
110 159 925 207 aucun ſoupçon de clarté. On me fit rôder
151 204 923 253 à tâtons dans un labyrinthe de détours, où
148 249 922 299 l'homme le plus intelligent n'auroit pu ſe
147 296 923 343 reconnoître. Pendant le chemin, de bonnes
142 341 923 390 gens m'annoncoient que j'allois voir, dans
141 386 921 431 le temple, la vraie lumiere du ciel; & ils
143 430 955 477 ajoutoient, comme une choſe bien fingu-
142 476 923 521 liere, que cette lumiere venoit d'elle-même,
144 520 920 567 & non de l'huile. Ils me juroient que ſes
144 565 921 611 rayons alloient découvrir à mes yeux des
145 611 921 657 perſpectives céleſtes & la face de Dieu
145 655 921 702 même. Ils étoient pénétrés de reſpect &
142 698 919 746 d'un ſaint tremblement, en approchant de
147 742 421 783 leur ſanctuaire.
175 789 919 835 Enfin nous arrivâmes à ce fameux tem-
132 834 918 879 ple, où je devois voir de ſi belles choſes.
145 874 920 926 Il n'y avoit aucune lumiere, par conſé-
148 924 919 971 quent on n'y voyoit pas plus clair qu'avant
150 966 955 1014 la création du monde. Le prêtre qui m'avoit
154 1012 923 1060 conduit, me fit proſterner la face contre
154 1057 921 1103 terre ſur un parquet fort poli; le malheu-
154 1103 922 1149 reux me tenoit le pied ſur la tête, afin que
149 1147 923 1193 je ne puſſe remuer. On entonna des cantiques
151 1194 923 1234 en l'honneur du dieu Grodinabondo, &
150 1236 923 1284 j'entendis une eſpece de concert de voix &
150 1280 923 1329 d'inſtruments qui paroiſſoient retentir du
150 1326 923 1374 haut des airs dans le lointain, comme nos
150 1370 1009 1422 poëtes ſacrés nous peignent les concerts des
161 1426 268 1462 anges.
198 1451 940 1509 Alors un homme, qui étoit ſans doute
148 1504 924 1555 le grand-prêtre, ſupplia le dieu d'accorder
148 1548 927 1595 la clarté. Tour-à-coup une voix s'écrie!
