1116 1854
836 110 910 151 L.
683 1587 760 1630 C
117 150 897 205 qui parloit. La voix ordonoit aux hommes
120 202 900 248 de pratiquer la vertu, & d'apporter des
120 246 899 300 préſents au temple. Je ſens tout ce qu'il
119 291 894 338 y avoit de frappant dans de pareilles mſ-
121 337 896 384 tructions. „Avez-vous vu, me diſoit mon
114 380 896 428 “guide, un pays où Dieu ſe montre à dé-
112 427 894 472 “couvert, & parle lui-mème aux hom-
120 474 295 508 “mes?
160 513 891 562 Les prêtres étoient gênés par les lumie-
113 560 894 609 res que je répandois. Un jour ils appel-
114 606 891 653 lerent en hâte au temple les principaux
113 650 894 697 de la ville, & les femmes qui avoient le
113 695 896 741 plus de crédit. Tout le monde s'y rendit
115 739 895 787 avec une grande inquiétude: j'y fus ap-
116 784 894 830 pellé comme les autres. A peine y fûmes-
119 827 896 881 nous proſternés, que le trou d'en haut
119 874 895 918 s'ouvrit; tout-à-coup nous entendîmes le
120 918 895 966 mugiſſement des vents, & la chûte d'une
120 962 891 1010 pluie épaiſſe, les éclairs dardoient coup
119 1007 891 1054 ſur coup, & ſembloient mettre en feu le
125 1054 893 1100 temple poli. Un tonnerre épouvantable
123 1097 893 1144 faiſoit tout trembler, & le bruit ſembloit
124 1143 907 1190 retentir dans des cavernes extérieures. Alors
124 1187 894 1234 une voix, qui parut céleſte, prononca ces
127 1232 892 1274 mots: „Tremblez, vous perſécutez mes
128 1274 896 1320 “miniſtres, vous les empêchez d'amaſſer
128 1317 903 1368 “des tréſors pour me les conſacrer, vous,
130 1364 773 1411 “oſez ouvrir les yeux; tremblez.“
166 1410 908 1461 Chacun ſe proſterna & trembla. Je ne
131 1453 907 1504 ſuis pas peureux; & un orage eſt quelque
129 1500 896 1546 choſe de trop ordinaire chez nous, pour
129 1543 898 1593 cauſer quelque émotion à un homme; mais
