1116 1854
176 105 250 156 „u
194 162 972 211 j'avoue que, dans ce ſouterrain, le ſpec-
198 208 972 254 tacle devoit être extrêmement impoſant
200 252 973 302 aux yeux d'un peuple, ſur - tout, qui
199 298 974 344 croyoit entendre la voix de Dieu lui-même.
201 343 1000 389 Ces pauvres gens demandoient, que faut-
200 387 974 434 i faire? Les prêtres leur diſoient: „Il
200 431 972 479 “faut vous méfier de vos lumieres, ne pas
202 474 970 524 “vous croire ſi aiſément plus ſavants que
201 522 981 571 “vos peres, craindre de rien innover,
201 565 971 612 “ſur-tout dans une matiere auſſi ſacrée
201 610 973 658 “que la religion, ſentir enfin que vous
204 655 971 707 “offenſez Dieu même, en ne révérant pas
205 703 497 739 “ſes miniſtres.“
251 745 976 785 Tout le monde verſoit des larmes ame-
204 788 973 838 res, & promettoit de réparer ſa faute. Ils
204 834 974 882 ſe traînoient vers l'endroit où la pluie tom-
206 881 974 928 boit; chacun cherchoit à ſe balgner de
207 926 974 972 cette eau céleſte. Les prêtres conſoloient
208 968 975 1017 ces Gnômes, en leur faiſant voir que puiſ-
207 1014 980 1062 que Dieu daignoit leur parler encore,
209 1058 977 1105 c'étoit un ſigne qu'il avoit deſſein de leur
207 1102 976 1154 faire grace. En effet, la pluie ceſſa, l'orage
208 1148 976 1194 ſe diſſipa, l'azur céleſte reparut, & le
177 1192 973 1242 ſoleil montra ſa face lumineuſe. Le peu-
210 1236 979 1287 ple fut comblé de joie. La voûte ſe re-
211 1283 976 1332 ferma, tout rentra dans l'ombre. Ce peu-
212 1328 978 1377 ple, plus religieux que jamais, ſe crut
213 1375 976 1421 plus qu'aucun autre ſous la protection im-
213 1418 981 1466 médiate du ciel. J'admirai le parti que ces
213 1462 975 1513 prêtres adroits ſavoient tirer d'un orage:
209 1509 975 1555 (rarement ils manquoient cette occaſion
212 1553 975 1602 d'en impoſer au grand nombre, quand
