1116 1854
209 165 979 213 Ma chere Almanzine me ſerra tendrement
211 210 984 258 contre ſon ſein; elle verſa beaucoup de
207 254 974 301 larmes, & me dit qu'elle mourroit volon-
207 300 973 349 tiers, ſi par ſa mort, elle pouvoit gagner
208 345 970 391 mon ame à ſon Dieu. (Ce ſexe eſt tou-
203 390 972 437 jours tendre & dévot.) Elle me fit ſentir
204 435 970 482 d'ailleurs le péril que je courois de la part
180 480 967 526 du peuple échauffé par les prêtres. Je ne
201 526 967 573 pus m'empêcher d'être attendri par une
200 571 617 617 voix fi touchante.
248 607 967 662 Le lendemain matin, après un ſommeil
200 660 967 708 balſamique, j'arrangeois dans ma tête le
199 707 966 753 projet d'une partie de plaiſir que je vou-
198 749 966 797 lois exécuter. Tout-à-coup je vois entrer
197 797 964 843 un vieux petit bon homme de docteur,
196 839 964 888 dont l'aſpect n'inſpiroit point la volupté.
195 884 963 933 „Hé bien, me dit-il de l'air le plus ſaint
195 930 963 978 “& le plus myſtérieux, que penſez - vous
196 976 961 1023 “de ce que vous avez vu hier? -- Ce
195 1021 963 1068 “que j'ai vu hier eſt tout ſimple, lui ré-
192 1066 961 1111 “pondis - je; j'ai vu mille fois pareille
174 1111 960 1156 “choſe ſur la terre. Il n'y a rien là qui
194 1155 960 1198 “ſorte de la nature. -- Oh! de la nature,
172 1201 956 1248 “de la nature, me dit - il, je vous en fe-
173 1246 955 1291 “rai ſortir; j'en ſuis ſortis moi-même. Je
191 1290 956 1338 “ſuls mort il y a quatre ans. J'ai reſté
189 1337 956 1380 “chez les morts huits mois, & j'ai vu
190 1381 952 1427 “l'autre monde.“ Je regardai cet homme
188 1426 953 1472 entre deux yeux, pour m'aſſurer s'il rioit
186 1470 952 1519 ou s'il extravaguoit. Je vis qu'il parloit très-
186 1516 952 1564 ſérieuſement & d'un air intimement per-
185 1558 951 1618 ſuadé. Je lui témoignai peu de crédulité.
208 108 278 144 o
