1116 1854
876 107 950 155 r
161 154 948 216 Oui, me dit-il, j'ai vu l'autre monde;
167 211 939 258 “& ſi vous voulez que je vous procure la
141 256 935 300 “mort, je vous le ferai voir auſſi. --
159 300 936 348 “Quel eſt ce beau préſent dont vous vou-
156 344 936 396 “lez me régaler? lui dis - je: quoi, la
154 391 935 437 “mort! -- Oui, reprit-il; avec du poiſon
153 435 937 474 “il ſera facile de vous la donner. Pour
156 479 934 527 “Dieu! conſentez que je vous empoiſon-
155 524 934 575 “ne. -- Hé! mais voyez un peu l'imper-
154 568 934 618 “tinent, m'écriai - je, tandis que je ſuis
153 614 933 662 “occupé d'une partie de plaiſir que je
157 659 930 707 “médite, me venir propoſer la mort,
155 706 931 755 “comme une galanterie! “ Je ne pus m'em-
157 748 930 798 pêcher d'éclater de rire à ſon nez. Il in-
156 795 928 843 ſiſta, en m'aſſurant que ſi je doutois, il
154 838 929 886 trouveroit cent perſonnes prêtes à me cer-
161 885 928 931 tifier qu'elles étoient mortes comme lui.
155 929 925 986 Je me rappellai que Pythagore ſe van-
153 975 927 1022 toit, dans les metamorphoſes d'Ovide,
155 1019 938 1066 d'avoir jadis vécu ſous une autre forme,
155 1063 924 1112 & par conſéquent d'avoir auſſi ſubi la mort.
155 1110 923 1156 J'entrevis quelque analogie entre leur idée
155 1154 923 1201 & cette fable. Mon docteur alla ſur le
155 1200 923 1247 champ me chercher ſes témoins, & m'a-
153 1243 934 1293 mena bientôt une vingtaine de perſonnes
153 1289 920 1336 très-graves, qui m'aſſurerent toutes en ef-
150 1333 928 1382 fet, avec les ſerments les plus ſolemnels,
150 1379 920 1428 qu'elles étoient mortes & reſſuſcitéés. On
151 1425 920 1470 ſent bien que je ne crus pas qu'elles euſ-
150 1468 923 1517 ſent réellement franchi ce terrible paſſage;
149 1513 952 1561 mais je me diſois en moi - même: „Il
149 1556 920 1610 “faut que ces gens-là ſoient bien ſtupi-
