1116 1854
167 179 947 232 “des, ou que leurs prêtres ſoient des im-
167 228 643 278 “poſteurs bien adroits!“
210 272 949 321 Je fis jaſer ces bonnes gens ſur ce qu'ils
144 320 945 367 avoient vu dans l'autre monde. Ils s'expri-
166 361 947 411 merent dans un ſtyle oriental, où je ne fus
167 408 947 458 preſque rien comprendre, ſinon qu'ils
167 453 943 501 avoient à peu près vu, pendant leur pré-
168 501 947 545 tendue mort, ce que nous voyons fur la
169 544 949 591 terre; mais il y avoit beaucoup de fuite
170 588 944 637 & de liaiſon dans tout ce qu'ils diſoient,
168 632 946 680 & beaucoup de conformité dans leur lan-
169 676 946 728 gage. Je renvoyai ces crédules mortels, en
169 721 949 772 les remerciant du préſent de la mort qu'ils
170 769 950 813 vouloient tous me faire, & qu'ils me con-
169 813 950 860 juroient d'accepter. Chacun d'eux avoit du
171 859 543 904 poiſon à mon ſervice.
218 901 949 950 A peine les eus-je congédiés, que je vis
173 949 952 985 entrer ma chere Almanzine tout en lar-
174 991 948 1039 mes: elle ſe jeta à mes genoux, & me
172 1037 944 1084 baiſa la main avec la plus grande ten-
172 1082 977 1131 dreſſe. „O mon cher ami, me dit- elle,
173 1126 954 1175 “conſentez à mourir, & permettez que
174 1169 948 1216 “je meure avec vous! -- Ni lun ni
173 1216 952 1263 “l'autre, ma chere, lui répondis-je avec
173 1262 954 1307 “chaleur.“ Elle inſiſta avec plus de cha-
172 1307 953 1354 leur encore. „Que craignez-vous, me dit-
173 1352 951 1394 “elle, ſi nous mourons enſemble? nous
174 1394 950 1441 “reſſuſciterons enſemble; nous vivrons en-
175 1440 946 1489 “ſemble dans l'autre monde; nous y goû-
175 1488 993 1538 “terons un bonheur ineffable; nous y
176 1532 992 1580 “jouirons l'un de l'autre.“ Alors elle tira
174 1576 956 1624 de deſſous ſa robe un vaſe rempli de poi-
155 126 231 171 a
