1116 1854
162 97 246 150 6
165 156 954 205 en cercle, & nous placerent, ma maîtreſſe
179 202 950 250 & moi, au milieu d'eux. On nous fit eſ-
176 247 947 294 ſuyer deux heures des plus ridicules céré-
138 294 948 338 monies, & l'on nous donna enfin la potion
176 336 948 385 ſolemnelle. C'étoit une eſpece d'opinion.
167 383 945 429 Almanzine la ſaiſit, & en but avidement
155 425 946 474 la moitié. Elle me préſenta le reſte que
175 472 944 517 j'avalai ſans crainte. Je ſentis bien vîte un
173 516 942 563 froid aſſoupiſſement. On nous mit enſem-
173 560 944 609 ble ſur un lit; nous y reſtâmes quelque
167 606 945 651 temps aſſis, les bras entrelacés, tandis
173 653 944 699 qu'on prononcoit, autour de nous, les
170 697 943 742 prieres les plus graves. Enfin nous nous
172 740 943 786 étendîmes ſur le lit, & nous nous endor-
171 786 942 833 mîmes dans les bras l'un de l'autre. Notre
168 829 940 878 ſommeil fut auſſi profond qu'une léthargie.
225 877 936 923 J'ignore combien de temps je reſtai
169 920 937 968 dans cet état. Quand je m'éveillai, je me
170 965 939 1012 trouvai confondu & comme enſeveli dans
167 1009 938 1057 l'ombre la plus épaiſſe. J'avois, dans ma
171 1055 938 1101 main, la main d'une femme: c'étoit celle
153 1100 937 1146 d'Almanzine qui dormoit encore. Je con-
168 1146 968 1191 nus au tact, que nous étions chacun ſur
166 1189 933 1237 une eſpece de fauteuil ſuſpendu & ba-
136 1233 936 1281 lancé dans l'air. J'entendois un ſifflement,
165 1280 935 1327 comme ſi nous avions fendu l'air par notre
163 1322 933 1371 chûte précipitée. „Où ſuis-je? m'écriai-
164 1370 930 1417 “je. -- Paix, me répondit un perſonnage
163 1414 931 1462 “inviſible, nous ſommes au dernier jour
163 1458 930 1506 “de marche. Il n'y a que deux mois &
161 1504 923 1549 “demi que nous deſcendons, nous allons
113 1551 931 1601 bien, nous voilà bientôt au centre de la
