1116 1854
868 97 939 162 L.
127 162 931 214 “terre.“ Cependant nos conducteurs chan-
162 211 926 250 toient & raiſonnoient entr'eux ſur tous les
129 256 929 304 objets qu'ils prétendoient voir paſſer devant
155 301 927 349 leurs yeux. Almanzine s'éveilla: elle me
153 346 929 383 ſerra la main de toutes ſes forces en trem-
127 393 930 435 blant. „O mon cher Merveil! où ſommes-
155 437 929 484 nous? me dit-elle. -- „Je l'ignore, lui
154 482 926 528 “répondis-je; mais je concois qu'on veut
153 526 927 570 “nous faire accroire que nous deſcendons
153 571 924 617 “chez les morts. O mon ami, reprit-elle,
152 615 925 663 “adorons le grand Dieu Grondinabondo.
152 660 925 706 “-- Voilà le promontoire des ſonges, di-
152 702 925 751 “ſoit l'un de nos guides. -- Voilà le lac
131 749 925 795 “des ſoupirs, diſoit l'autre. -- Vois-tu là-
151 794 933 840 “bas, diſoit un troiſieme, le cap des eſ-
151 839 925 885 “pérances de cour? Je crois qu'il n'arri-
151 883 924 928 “vera jamais.“ Ma compagne m'embraſ-
133 926 922 975 ſoit à chaque nom de pays nouveau. „Re-
149 973 922 1020 “marquez, diſoit-elle, comme ces om-
145 1018 922 1063 “bres de matelots voient tout, tandis que
150 1062 921 1108 “nous ne voyons rien. N'eſt-ce pas là en-
130 1105 919 1152 “core un miracle. Refuſerez-vous à pré-
149 1151 918 1195 “ſent de croire à la ſainteté de notre
148 1194 935 1232 “culte?“ Innocente créature! elle ne
148 1240 921 1288 s'appercevoit pas qu'elle avoit les yeux
147 1287 501 1333 bandés comme moi.
173 1322 918 1367 Le roi m'avoit défendu de lui décou-
149 1374 916 1421 vrir le myſtere; je me taiſois. „Voilà une
148 1419 947 1465 “contrée bien chaude que nous allons paſ-
150 1465 915 1511 “ſer, nous crierent nos guides; tenez-vous
150 1509 913 1556 “bien, car nous la traverſerons fort vîte;
148 1551 941 1603 “autrement nous ſerions ſuſſoqués, &
