1116 1854
195 172 975 214 “nous dormirions pour long - tenpe.“
194 211 969 260 N'étoit-il pas plaiſant que ces gens qui
195 256 969 304 prétendoient que nous étions mort, ſei-
194 301 968 348 gniſſent de craindre pour nous la ſuffo-
194 345 966 383 cation? Nous fûmes en effet chanffés cruel-
192 390 965 438 lement. On nous dit que nous paſſions de-
197 436 965 482 vant le Tabir, qui eſt l'enfer de ce peu-
192 481 969 527 ple. De là nous paſſames, ſelon nos con-
189 524 969 571 ducteurs, devant un pays très-froid, à
193 570 970 606 leur dire. Nous ſentimes en effet un air
195 613 969 661 gelé autur de nous; enſuit on nous dit:
205 657 970 706 préparez - vous à traverfer de haut en
188 704 969 749 “bas, l'eau d'un grand fleuve qui a fix
195 748 969 794 “cents pieds de proſondeur. C'eſt là que
195 792 961 840 “les ivrognes ſont condammés à s'ennuyer.
194 838 973 883 Alors on nons mit à la bouche une trompe,
196 882 973 929 afin que nous ne puiſſions nous noyer,
197 927 973 974 tout morts que nous étions ſuppoſés; &
195 972 972 1017 nous ſentîmes qu'on nous enfones dans
192 1017 984 1062 l'eau. Nous y reſtâmes bien dix minutes,
193 1060 970 1108 pendant lequel temps on prétendit que nous
192 1105 970 1152 deſcendions. C'étoit là un voyage à peu
190 1150 976 1197 près dans le goût de celui qu'on fait faire
193 1195 991 1242 aux récipiendaires francs - maçons. Je con-
192 1239 970 1287 cus que les coquins, dans l'ombre où ils
189 1283 978 1331 nous jouoient à leur gré, tantôt appro-
187 1329 960 1372 choient de nous des matieres très-chaudes,
187 1372 968 1420 pour nous faire accroire que nous traver-
156 1419 963 1465 fions un pays chaud; tantôt nous entou-
189 1464 968 1509 roient de glace, à quelque diſtance, pour
188 1507 969 1555 nous perſuader que nous étions dans un
187 1553 985 1620 pays froid; & tantôt enfin nous plongeoient
180 108 260 152 eé
