1116 1854
189 117 268 159 e
205 172 983 217 mes, dans un petit ſanctuaire. On accorde
204 216 980 256 cette faveur tantôt à l'un, tantôt à l'autre.
175 258 976 309 Un homme entre d'un côté, une femme
205 306 976 351 de l'autre; il y a un petit lit, au lieu
203 350 977 397 d'autel, & là ce couple fait à tâtons ce que
202 394 974 441 nous faiſons ordinairement à tâtons nous-
203 440 973 486 mêmes. Les enfants qui proviennent de ce
204 483 974 531 ſaint commerce, nés dans les ténebres,
201 529 970 571 n'ont aucune idée de la lumiere; mais auſſi
199 574 971 611 ils n'en ont aucun beſoin. Ils font à l'om-
197 618 967 665 bre preſque tout ce que nous faiſons au
196 663 980 708 jour, ſentent l'air ambient des murs & des
197 709 965 753 autres corps, & ont, pour ainſi dire, des
196 752 964 799 yeux au bout des doigs. Ce ſont des indi-
168 798 961 854 geſtes qui adminiſtrent tout, dans ce ſom-
191 845 434 888 bre empire.
238 886 957 932 Nous fîmes avec eux, à tâtons, un aſſez
189 933 957 979 bon repas. Je les queſtionnai beaucoup;
189 977 958 1023 ils avoient des idées qui n'appartenoient
189 1024 354 1070 qu'à eux.
232 1064 951 1116 Ma chere Almanzine étoit fatiguée,
187 1110 952 1156 elle s'endormit; je trouvai ſous ma main,
183 1155 952 1202 en tâtonnant, une jeune fille née dans ce
183 1200 950 1247 noir ſéjour. Elle avoit le ſon de voix le
182 1244 949 1293 plus touchant: elle étoit grande, & de
182 1291 949 1337 la taille la plus ſvelte. Comme on ſe tou-
181 1335 949 1381 che là pour ſe reconnoître réciproquement,
179 1379 947 1426 elle me paſſa ſur le viſage, une main dont
178 1423 946 1472 la forme étoit charmante, à en juger
176 1469 943 1517 par le tact. Je ſentis la peau la plus fine
174 1514 944 1563 ſe gliſſer ſur mes levres; je la baiſai. Je
175 1559 942 1608 lui tâtai pareillement ſon joli minois, qui
