1116 1854
842 99 923 151 ee
134 151 908 218 me parut doux comme du ſatin. Elle m'aſ-
142 205 909 263 ſura que je reſſemblois ſinguliérement à
137 253 907 302 un certain Termodille, qu'elle avoit beau-
140 295 908 354 coup aimé; &, qu'en me paſſant un air
137 345 911 399 étranger, elle me trouvoit plus beau que
136 384 912 442 lui. Je lui dis qu'elle avoit, au bout de ſes
137 430 915 490 doigts, des yeux qui m'étoient bien favo-
138 476 915 523 rables. Je reconnus en elle une certaine
141 519 914 579 impreſſion de tendreſſe, qui m'intéreſſa
141 570 915 624 vivement pour elle; je la fis beaucoup
140 612 919 669 parler; ſa voix m'alloit au cœur. Je lui
142 656 918 713 donnois dans mon imagination, la figure la
145 700 919 761 plus ſéduiſante. J'étois attendri juſqu'à
147 750 919 804 ſoupirer; elle ſoupiroit auſſi. Nous en
145 795 922 847 vînmes aux plus douces careſſes; je me
148 839 920 894 reprochai de faire infidélité à ma chere
148 879 921 935 Almanzine, étant ſi près d'elle; mais il
149 927 923 983 y avoit quelque choſe de ſi piquant dans
149 974 925 1029 mon tête-à-tête avec la chere petite Tato-
154 1015 937 1073 nille (c'étoit ſon nom traduit en francois,)
151 1062 925 1120 elle avoit des préjugés ſi plaiſants, qu'il
156 1108 926 1163 n'étoit pas poſſible de ſe refuſer aux char-
157 1152 928 1207 mes d'une pareille paſſade. Je vis en la
157 1198 968 1256 queſtionnant, que, privée de la lumiere &
158 1241 967 1294 de mille autres avantages, elle ne deſiroit
158 1289 929 1346 preſque rien. Ses confreres ne deſiroient pas
151 1332 930 1391 plus qu'elle. Tant il faut peu de choſe pour
157 1377 930 1430 faire notre bonheur! Je réſolus bien de ne
143 1423 792 1481 pas laiſſer là cette chere innocente.
211 1469 932 1522 Après le repas, on nous fit boire un
164 1511 935 1566 nouveau ſoporatif, qui nous replongea
163 1559 936 1612 dans le plus doux ſommeil. J'ignore com-
