1116 1854
177 105 263 150 o.
186 155 965 208 bien de temps je dormis; je ſais qu'avans
190 205 966 252 mon réveil j'étois occupé des ſonges les
190 249 963 296 plus gracieux, & qu'il me ſembloit voir
189 294 964 343 la lumiere. Je la voyois en effet. J'ouvris
191 339 965 388 les yeux, je m'appercus que j'étois couché
169 383 963 427 ſur un lit de feuilles de roſes, entre les
192 429 964 479 bras de ma chere Almantine, ſous un
191 474 1002 524 berceau de myrte & de jaſmin. Les rayons
187 519 965 568 dorés du ſoleil levant percoient légérement
189 567 989 614 entre les feuillages. J'entendois le chant
194 611 989 660 des oiſeaux, qui célébroient le jour naiſ-
178 655 963 704 fant. Je voyois voltiger de brillants pa-
165 701 965 749 pillons. J'entendois gazouiller un ruiſſeau
193 746 965 794 pur, qui couloit près de moi; le ciel
193 792 965 838 ſe peignoit dans ſon onde. Quel ſpectacle,
196 837 964 884 au ſortir du ſouterrain des Gnômes, & de
192 881 964 929 l'ombre impénétrable de leur purgatoire!
190 927 962 973 J'avoue que le plaiſir qui me pénétra,
191 971 962 1011 me fit un moment oublier mon Almanzine.
179 1015 965 1062 Je me levai avec tranſport, je ſortis du
193 1061 965 1106 berceau; je vis la belle nature dans toute
191 1104 965 1152 ſa pompe. J'appercus le ſoleil... Frappé
192 1150 966 1196 d'une profonde vénération, je me proſter-
192 1194 966 1238 nai involontairement ſur la terre, & j'adorai
191 1239 1003 1287 l'aſtre de la lumiere, l'image viſible de
192 1284 966 1332 l'Eternel. Il faut en convenir, les ſenſations
189 1329 967 1377 qui me frapperent dans ce moment ſont des
191 1371 965 1421 plus délieieuſes que j'aie jamais éprouvées.
192 1418 967 1466 Oh! que la nature eſt belle! Oh! quel
189 1463 967 1511 palais le créateur nous a donné! Oh! com-
187 1507 966 1573 bien nos plaiſirs factices ſont au deſſous de
185 1557 476 1598 es délises
