1116 1854
121 152 957 215 Teles étoient à peu près les réflexions
121 211 956 260 que je faiſois confuſément dans l'extaſe
121 254 956 307 muette où j'étois plongé. Je penſai enfin
121 300 956 353 à ma chere Almanzine; je ſentois que
121 346 956 395 mon plaiſir redoubleroit, ſi elle le par-
121 391 956 440 tageoit; je rentri dans le berceau. Qu'elle
121 436 956 487 étoit belle! Un ſeul voile de gaze couvroit
121 482 956 532 & laiſſoit tranſpirer ſes appas; ſa peau,
121 526 956 576 plus blanohe que l'albâtre; nuancée d'une
121 571 956 620 tendre couleur de roſes, éblouiſſoit mes
120 617 956 665 yeux. Le baume du ſommeil, la fraîcheur
120 660 955 710 du repos, la fleur de la ſanté, la ſérénité
120 707 955 755 du lieu, tout faiſoit naître en moi des deſirs
120 753 955 799 embraſant. J'imprime un baiſer de feu
120 796 955 844 ſur les levres de mon amante; elle s'éveille,
120 842 955 889 elle ouvre ſes beaux yeux, elle voit la
120 886 955 935 lumiere, & reſte abymée dans une extaſe
120 931 955 979 céleſte. Je tombe à genoux auprès d'elle,
120 976 955 1024 la bouche collée ſur ſa main. „Où ſuis-je?
120 1019 955 1069 “dit-elle. Cher Merveil, eſt-ce toi? Ah!
120 1066 955 1115 “la joie!... voilà le plaiſir des bienheureux...
119 1110 955 1159 “j'en mourrai.“ Je la ſerre dans mes bras,
119 1156 954 1204 je l'aide à quitter ſon lit, je la conduis hors
119 1201 954 1247 du berceau. Elle leve les yeux, elle voit le
119 1244 954 1295 ſoleil, elle tombe ſur mon ſein, preſque
119 1290 954 1338 évanouie. Je jugeois du torrent de délices
119 1335 954 1384 qui l'inondoit, par la volupté que j'éprou-
119 1379 954 1427 vois moi-même. La ſienne devoit être mille
119 1426 954 1474 fois plus grande, parce que tout étoit
119 1469 954 1534 nouveau pour elle. On ne décrit point de
119 1517 490 1566 pareilles ſenſations.
118 1540 954 1626 Elle s'accoutma par degrés à ce grnd
