1116 1854
223 168 995 211 je vis ue bande de muſiciens, tous de la
222 208 995 257 jeuneſſe la plus vermeille & la plus éblouiſ-
223 254 993 302 ſante des deux ſexes. On nous ſervit un
226 300 991 347 repas, dont les mets exquis, ſans être
226 343 995 391 recherchés, donnoient un nouvel agacement
224 389 992 436 à nos deſirs; au ſortir de table, nous nous
223 435 993 483 promenâmes dans ce charmant ſéjour: nous
225 480 991 525 vîmes des objets, que la novice Almanzine
224 521 991 572 trouvoit céleſtes, & qui ſurpaſſoient mes
223 569 991 616 idées à moi-même, quoique j'euſſe vu tant
225 615 990 662 de choſes, & goûté tant de plaiſirs. Les deux
226 659 990 707 ſexes étoient d'une beauté ſupérieure: à
225 702 991 754 peine Almanzine étoit-elle la plus belle
227 749 989 797 des jeunes filles: il n'y en avoit pas une
225 792 991 843 avec laquelle je n'euſſe oublié volontiers
226 840 854 887 ma Julie, pendant un quart-d'heure.
274 885 991 933 Je ne vis jamais un ſéjour auſſi raviſſant.
226 930 993 974 Le ſite m'en paroiſſoit enchanteur; c'étoit
226 972 992 1023 un vallon à peu près quarré, de quelques
226 1018 992 1065 lieues d'étendue, qui ſurpaſſoit en délices
229 1062 992 1111 celui de Tempé; tout ce que la nature &
226 1110 994 1158 l'art peuvent étaler d'agréments, s'y trou-
227 1153 994 1202 voit raſſemblé ſans prodigalité; de ſorte
221 1199 995 1248 qu'on y rencontroit la jouiſſance dans la
221 1243 994 1291 ſatiété. Qu'on prenne les jardins d'Armide
229 1288 996 1336 & tout ce qu'ont ſongé les poëtes ſur l'Eden
219 1335 996 1382 & les Champs-Eliſées, & l'on n'aura qu'une
219 1380 998 1427 imparfaite idée de ce charmant aſyle. Il eſt
222 1421 998 1472 entouré de tous côtés de hautes montagnes,
209 1466 995 1519 qui l'enferment & en font un réduit unique.
213 1513 994 1564 Là, ſéparé du reſte de l'univers, on trouve
217 1560 997 1610 le bonheur. Je n'ai jamais vu nulle part
