<PcGts xmlns="http://schema.primaresearch.org/PAGE/gts/pagecontent/2017-07-15" xmlns:xsi="http://www.w3.org/2001/XMLSchema-instance" xsi:schemaLocation="http://schema.primaresearch.org/PAGE/gts/pagecontent/2017-07-15 http://schema.primaresearch.org/PAGE/gts/pagecontent/2017-07-15/pagecontent.xsd"><Metadata><Creator/><Created>2020-09-16T09:53:56</Created><LastChange>1970-01-01T00:00:00</LastChange><Comments/></Metadata><Page imageFilename="0081.png" imageHeight="1854" imageWidth="1116"><ReadingOrder><OrderedGroup id="g1"><RegionRefIndexed index="0" regionRef="r1"/><RegionRefIndexed index="1" regionRef="r4"/><RegionRefIndexed index="2" regionRef="r2"/></OrderedGroup></ReadingOrder><TextRegion id="r1" type="page-number" orientation="-0.0"><Coords points="852,108 851,110 850,110 850,111 849,112 849,127 851,129 851,137 852,139 852,152 853,154 879,154 880,155 882,155 884,156 918,156 920,155 922,155 923,154 923,152 925,150 925,149 928,147 928,134 927,133 927,127 928,126 928,114 927,113 907,113 906,112 906,111 904,111 903,110 892,110 891,108"/><TextEquiv><Unicode/></TextEquiv><TextLine id="r1_l001"><Coords points="852,108 851,110 850,110 850,111 849,112 849,127 851,129 851,137 852,139 852,152 853,154 879,154 880,155 882,155 884,156 918,156 920,155 922,155 923,154 923,152 925,150 925,149 928,147 928,134 927,133 927,127 928,126 928,114 927,113 907,113 906,112 906,111 904,111 903,110 892,110 891,108"/><TextEquiv index="1"><Unicode>L</Unicode></TextEquiv></TextLine></TextRegion><TextRegion id="r2" type="footnote" orientation="-0.0"><Coords points="690,1649 690,1602 792,1602 792,1649"/><TextEquiv><Unicode/></TextEquiv><TextLine id="r2_l001"><Coords points="699,1602 787,1602 787,1641 699,1641"/><TextEquiv index="1"><Unicode>Da</Unicode></TextEquiv></TextLine></TextRegion><ImageRegion id="r3"><Coords points="342,100 341,101 340,101 340,117 341,118 341,122 340,123 340,142 341,143 341,144 389,144 389,143 390,142 391,142 392,143 396,143 397,144 535,144 536,143 542,143 543,144 544,144 546,147 546,148 548,149 585,149 588,146 626,146 628,144 629,144 630,143 632,146 724,146 724,144 725,143 725,134 724,133 724,129 720,129 719,128 717,128 716,127 717,126 717,112 716,111 714,111 713,110 712,110 711,108 675,108 674,110 673,110 672,111 667,111 666,110 631,110 630,111 629,110 587,110 586,111 585,111 584,112 582,112 581,111 548,111 546,110 529,110 528,108 454,108 454,110 453,111 453,112 450,114 450,118 449,119 449,120 448,121 447,120 447,118 446,117 446,114 443,112 443,111 442,110 435,110 434,108 403,108 402,107 402,105 400,104 400,103 399,103 398,101 380,101 378,100"/></ImageRegion><TextRegion id="r4" type="paragraph" orientation="-0.0"><Coords points="261,155 260,156 258,156 258,161 257,162 257,165 256,166 199,166 197,168 193,168 192,167 192,166 185,166 184,165 136,165 135,166 126,166 126,169 125,170 125,179 126,180 126,181 128,183 128,193 129,193 130,194 130,196 133,199 133,201 134,201 135,202 157,202 158,203 158,209 157,210 133,210 133,212 132,213 127,213 127,222 128,223 128,228 129,228 130,229 132,229 133,230 133,232 132,233 132,248 133,249 132,250 131,250 130,251 130,252 129,253 129,263 130,264 131,264 133,266 133,268 132,269 130,269 129,270 129,281 130,282 132,282 133,283 133,286 134,287 185,287 186,288 224,288 225,289 234,289 235,290 235,300 236,300 237,301 238,301 239,302 237,304 221,304 220,303 185,303 184,302 184,290 142,290 141,291 141,292 140,293 140,301 139,302 136,302 135,303 129,303 128,304 128,307 127,308 126,308 125,309 124,309 123,310 123,319 124,319 127,322 127,325 128,326 129,326 134,331 136,331 137,332 156,332 157,333 202,333 203,334 203,336 202,337 195,337 194,338 191,338 191,347 190,348 188,348 187,347 187,337 186,336 150,336 149,337 130,337 128,339 127,339 127,348 128,349 126,351 126,366 127,367 127,376 129,378 164,378 165,377 190,377 191,378 201,378 203,380 203,382 202,383 185,383 184,384 183,384 182,385 180,385 180,391 179,392 172,392 171,391 171,383 170,382 169,382 168,381 133,381 132,382 131,382 130,383 130,390 129,391 123,391 123,400 127,404 127,405 129,407 128,408 128,415 127,416 127,418 126,419 126,426 125,427 123,427 122,428 122,442 123,443 123,453 122,454 122,463 125,463 126,464 126,468 129,468 130,469 164,469 165,468 169,468 169,467 170,466 180,466 183,469 288,469 289,470 294,470 295,471 332,471 333,470 357,470 358,469 394,469 395,470 397,470 398,471 433,471 434,470 501,470 502,471 513,471 514,472 514,473 513,474 513,476 512,477 487,477 487,484 486,485 478,485 477,486 476,485 476,478 475,477 475,473 438,473 436,475 418,475 417,476 416,476 415,477 415,484 414,485 403,485 402,484 402,477 397,477 396,476 393,476 392,475 391,475 390,474 390,473 349,473 346,476 345,476 339,482 319,482 318,483 312,483 310,485 310,486 308,488 308,489 307,490 307,491 306,492 305,492 304,493 304,499 303,500 302,500 301,499 295,499 294,498 294,492 293,491 293,488 292,487 292,486 291,485 269,485 268,484 264,484 263,483 234,483 232,481 232,478 231,477 231,475 230,474 230,473 229,472 194,472 193,473 193,474 192,475 192,477 191,478 191,482 190,483 188,481 188,480 187,479 187,476 186,475 185,475 184,474 184,473 139,473 137,475 134,475 126,483 119,483 118,484 118,495 120,497 121,497 123,499 123,508 128,508 133,513 133,514 134,515 182,515 183,514 186,514 187,513 189,513 190,514 192,514 193,515 229,515 230,514 248,514 249,515 301,515 302,514 302,513 303,512 303,507 304,506 311,513 311,514 345,514 346,515 346,517 348,519 349,519 350,520 351,520 352,521 354,521 355,522 359,522 360,523 398,523 399,522 399,521 400,520 400,518 402,516 491,516 492,515 508,515 509,516 564,516 565,515 572,515 573,516 583,516 584,517 615,517 617,519 614,522 613,522 611,524 607,524 607,530 606,531 603,531 602,530 566,530 566,531 564,533 563,533 561,531 524,531 523,530 500,530 499,529 499,519 462,519 460,521 458,521 457,522 457,530 456,531 436,531 435,530 400,530 399,531 398,530 398,529 397,528 361,528 360,529 334,529 333,528 333,521 332,520 332,517 283,517 281,519 281,526 280,527 253,527 251,529 219,529 218,530 215,530 214,531 177,531 176,530 140,530 139,531 128,531 127,532 127,533 126,534 123,534 122,535 122,544 123,545 129,545 130,546 129,547 129,550 128,551 128,562 129,563 157,563 158,564 158,571 159,572 161,572 162,573 198,573 199,572 200,572 202,570 202,568 203,567 203,566 205,564 205,562 206,561 207,561 207,558 208,557 208,553 209,552 209,551 210,550 210,548 211,547 212,547 213,548 213,558 214,558 215,559 399,559 400,560 404,560 405,561 405,563 403,565 402,565 401,566 400,566 399,567 398,567 398,574 397,575 396,575 395,574 351,574 350,573 307,573 306,574 305,574 304,575 297,575 296,574 296,564 295,563 258,563 257,564 257,573 256,574 244,574 243,575 130,575 128,577 122,577 122,588 126,588 127,589 127,590 129,592 131,592 132,593 131,594 130,594 129,595 128,595 128,606 130,608 132,608 133,609 166,609 168,607 172,607 173,608 173,609 189,609 190,610 190,614 189,615 188,615 188,617 187,618 187,619 185,621 163,621 161,623 139,623 138,624 128,624 128,625 127,626 123,626 123,638 129,638 130,639 128,641 128,642 127,643 127,652 128,653 164,653 165,654 165,662 164,663 164,665 162,667 134,667 133,668 130,668 130,669 129,670 128,670 127,671 127,681 128,682 128,684 129,685 129,686 130,687 129,688 129,697 130,698 168,698 169,697 200,697 201,696 258,696 259,697 259,699 257,701 254,701 253,702 252,702 252,711 251,712 250,711 172,711 171,712 142,712 141,713 136,713 135,714 129,714 128,715 128,730 129,731 134,731 135,732 133,734 133,745 170,745 170,744 171,743 172,743 173,742 224,742 225,741 326,741 327,742 327,746 328,747 329,747 330,748 365,748 367,746 367,745 368,744 368,743 370,741 440,741 441,740 442,740 442,739 443,738 443,735 444,734 445,734 446,735 448,735 449,736 449,737 450,738 451,738 452,739 453,739 454,740 472,740 473,741 476,741 477,742 491,742 492,743 491,744 491,745 490,746 490,748 489,749 488,749 488,754 487,755 485,755 484,754 484,747 483,746 448,746 447,747 447,755 446,756 418,756 417,757 405,757 404,758 404,759 403,760 403,761 402,762 397,762 396,761 396,760 395,759 395,757 378,757 376,755 318,755 317,756 271,756 270,757 134,757 133,758 132,758 129,761 129,770 130,770 131,771 132,771 133,772 133,776 132,777 132,787 189,787 191,789 191,791 190,792 190,799 189,800 188,800 188,801 186,803 141,803 140,804 133,804 133,805 132,806 132,809 129,812 129,821 130,822 130,833 131,833 132,834 169,834 170,833 263,833 263,832 264,831 267,831 269,833 269,834 268,835 252,835 251,836 250,836 249,837 249,845 247,847 212,847 211,848 210,848 209,847 209,838 208,837 130,837 128,839 128,840 127,841 127,851 128,852 129,852 130,853 130,855 129,856 127,856 127,863 126,864 126,873 127,874 127,875 128,876 129,876 130,877 131,877 132,878 133,878 134,879 176,879 177,878 226,878 227,877 248,877 249,878 283,878 284,877 285,877 286,876 340,876 342,878 342,879 341,880 302,880 301,881 301,889 299,891 239,891 238,892 231,892 230,893 229,893 228,892 223,892 222,891 222,882 221,881 185,881 184,882 184,883 183,884 181,884 181,892 180,893 143,893 142,894 134,894 132,896 127,896 127,906 128,906 129,907 129,913 131,913 132,914 132,923 133,924 134,924 135,925 170,925 172,923 233,923 234,924 234,932 235,933 242,933 244,935 244,936 243,937 227,937 226,938 144,938 143,939 133,939 132,940 129,940 129,945 128,946 128,956 129,957 131,957 132,958 132,967 133,968 133,971 169,971 169,970 170,969 197,969 198,968 204,968 205,967 309,967 310,966 325,966 326,967 341,967 342,968 341,969 314,969 312,971 312,980 311,981 300,981 299,982 249,982 248,983 186,983 185,982 185,974 176,974 175,973 137,973 137,974 136,975 133,975 133,984 135,984 137,986 140,986 141,987 141,988 139,990 137,990 137,994 136,995 133,995 132,996 126,996 126,1010 130,1010 131,1011 132,1011 133,1012 133,1013 135,1015 200,1015 200,1014 201,1013 202,1013 203,1012 224,1012 225,1013 260,1013 261,1012 270,1012 271,1013 271,1022 272,1023 275,1023 276,1024 276,1026 275,1027 254,1027 253,1026 253,1018 252,1017 214,1017 213,1018 213,1026 212,1027 164,1027 163,1028 142,1028 140,1030 140,1031 139,1032 133,1032 133,1041 132,1042 132,1053 133,1054 134,1054 135,1055 135,1056 138,1056 139,1057 244,1057 246,1059 246,1060 245,1061 234,1061 233,1062 228,1062 228,1071 226,1073 224,1073 223,1072 223,1071 186,1071 185,1070 185,1063 183,1061 148,1061 147,1062 146,1062 145,1063 142,1063 142,1073 141,1074 137,1074 136,1075 135,1075 134,1076 126,1076 126,1087 127,1088 129,1088 130,1089 130,1095 131,1096 132,1096 133,1097 133,1098 136,1101 168,1101 170,1103 238,1103 238,1102 239,1101 244,1101 246,1103 397,1103 398,1104 398,1105 397,1106 375,1106 374,1107 370,1107 369,1108 369,1118 368,1119 362,1119 361,1118 297,1118 296,1119 261,1119 261,1129 260,1130 258,1130 257,1129 251,1129 250,1128 243,1128 242,1127 242,1122 241,1121 241,1120 240,1119 238,1119 237,1118 209,1118 208,1117 208,1110 207,1109 207,1106 170,1106 169,1107 142,1107 137,1112 137,1113 135,1115 135,1118 134,1119 126,1119 126,1135 127,1136 127,1140 129,1142 129,1143 130,1144 130,1147 131,1147 132,1148 133,1148 134,1149 179,1149 180,1148 220,1148 221,1149 221,1155 222,1156 259,1156 260,1155 261,1155 263,1153 264,1153 265,1154 265,1156 264,1157 264,1168 263,1169 263,1171 262,1172 261,1172 261,1174 259,1176 251,1176 250,1175 250,1165 249,1164 246,1164 245,1163 245,1161 209,1161 207,1163 193,1163 192,1164 143,1164 142,1165 130,1165 130,1171 129,1172 128,1172 128,1184 129,1185 129,1186 132,1186 133,1187 133,1194 191,1194 192,1193 227,1193 228,1194 228,1200 227,1201 124,1201 124,1604 931,1604 931,1201 868,1201 867,1200 867,1199 871,1195 872,1195 872,1193 873,1192 893,1192 894,1193 895,1193 896,1194 931,1194 931,1180 929,1178 929,1162 928,1161 922,1161 921,1160 921,1159 920,1158 920,1156 917,1153 917,1150 915,1150 914,1149 874,1149 873,1150 873,1160 874,1161 873,1162 860,1162 859,1163 858,1163 855,1166 855,1170 854,1171 853,1171 853,1173 852,1174 850,1174 849,1173 849,1166 848,1165 847,1165 846,1164 845,1164 844,1163 828,1163 827,1162 827,1154 826,1153 826,1150 803,1150 802,1149 800,1149 799,1148 800,1147 839,1147 840,1146 884,1146 885,1147 927,1147 928,1146 930,1146 930,1145 931,1144 931,1142 932,1141 932,1130 931,1129 931,1120 929,1118 922,1118 921,1117 887,1117 886,1116 886,1106 885,1106 884,1105 853,1105 852,1104 852,1102 853,1101 871,1101 873,1103 909,1103 909,1102 910,1101 927,1101 928,1100 929,1100 931,1098 931,1074 930,1073 928,1073 927,1072 927,1071 896,1071 895,1070 895,1062 894,1062 893,1061 885,1061 884,1060 852,1060 851,1059 851,1058 852,1057 881,1057 882,1056 892,1056 893,1057 930,1057 932,1055 933,1055 935,1053 935,1044 933,1042 933,1041 935,1039 935,1028 934,1027 931,1027 929,1025 893,1025 891,1027 885,1027 884,1026 884,1017 883,1016 847,1016 846,1017 842,1017 842,1025 841,1026 830,1026 829,1025 789,1025 787,1023 787,1015 786,1014 786,1013 753,1013 751,1015 749,1015 748,1016 747,1016 746,1017 746,1026 745,1027 743,1025 743,1018 741,1016 741,1015 704,1015 703,1016 703,1025 702,1026 694,1026 693,1027 681,1027 680,1026 665,1026 663,1024 663,1017 662,1016 625,1016 624,1017 624,1026 623,1027 622,1027 622,1028 621,1029 621,1038 620,1039 602,1039 601,1038 601,1028 600,1027 599,1027 598,1026 549,1026 548,1025 548,1019 544,1015 543,1015 542,1014 542,1013 543,1012 558,1012 559,1011 573,1011 574,1012 628,1012 629,1011 804,1011 805,1012 865,1012 866,1011 884,1011 885,1012 888,1012 889,1013 923,1013 924,1012 927,1012 929,1010 930,1010 931,1009 932,1009 932,995 933,994 936,994 936,984 935,983 929,983 928,982 925,982 924,981 910,981 909,980 909,969 872,969 870,971 866,971 865,972 865,980 864,981 863,980 863,972 860,969 862,967 873,967 874,966 914,966 915,965 915,964 917,962 918,962 925,955 927,955 929,953 929,944 925,940 923,940 921,938 920,938 918,936 917,936 916,935 881,935 880,936 862,936 861,935 821,935 820,934 820,928 821,927 850,927 850,922 851,921 887,921 888,922 928,922 930,920 931,920 931,919 932,918 934,918 935,917 935,902 936,901 942,901 943,902 943,903 944,904 977,904 978,903 978,893 977,892 944,892 943,891 929,891 928,890 928,889 886,889 884,891 851,891 850,890 850,889 814,889 813,888 813,879 782,879 781,878 781,877 782,876 847,876 848,877 885,877 886,876 887,877 887,883 888,884 927,884 929,882 929,881 931,879 931,878 932,877 932,871 933,870 939,870 939,859 937,857 907,857 906,856 906,849 904,847 898,847 896,845 888,845 887,844 887,838 885,836 848,836 848,844 847,845 796,845 794,847 785,847 784,846 784,845 747,845 745,847 739,847 738,848 726,848 725,847 725,836 724,835 687,835 686,836 685,836 684,837 680,837 680,847 679,848 676,848 675,847 636,847 634,845 558,845 556,847 555,847 554,848 553,848 552,847 551,847 550,846 550,845 537,845 536,844 536,834 537,833 538,833 538,832 539,831 570,831 572,833 572,836 608,836 610,834 610,833 612,831 616,831 618,833 655,833 657,831 887,831 889,833 889,837 890,837 891,838 929,838 933,834 933,827 935,825 940,825 942,823 943,823 943,820 944,819 944,809 916,809 915,808 915,801 793,801 792,800 792,799 758,799 758,800 757,801 732,801 731,800 731,797 697,797 697,800 696,801 695,801 694,800 694,792 692,790 616,790 614,792 614,793 613,794 612,794 612,796 611,797 611,798 609,800 608,800 607,801 593,801 592,800 553,800 552,801 538,801 537,800 537,797 538,796 560,796 560,795 561,794 563,794 565,792 565,791 566,790 566,786 567,785 569,785 570,786 593,786 594,787 630,787 631,786 680,786 681,787 757,787 758,786 776,786 777,787 777,795 778,796 814,796 814,795 815,794 816,794 818,796 818,797 819,798 861,798 862,797 863,797 863,787 864,786 922,786 923,785 927,785 928,784 932,784 933,783 933,773 935,771 935,770 936,769 936,760 935,759 935,756 934,755 850,755 849,756 821,756 820,757 815,757 815,758 814,759 814,768 812,770 783,770 782,769 782,762 780,760 782,758 782,747 781,746 780,746 779,745 778,745 777,744 777,743 778,742 834,742 836,740 837,740 837,739 839,737 840,737 841,738 842,738 843,739 844,739 845,740 847,740 848,741 848,749 849,750 849,751 850,752 857,752 858,753 892,753 893,752 894,752 894,742 895,741 896,742 930,742 931,741 932,741 933,740 935,740 935,739 936,738 936,735 937,734 937,718 936,717 936,716 933,713 933,712 932,712 930,710 928,710 927,709 892,709 891,710 890,710 889,711 888,710 855,710 854,711 844,711 843,712 842,712 841,713 841,714 839,716 838,716 837,715 837,714 836,713 835,713 834,712 831,712 830,711 818,711 816,709 816,705 815,704 815,702 814,701 778,701 777,702 776,702 775,703 775,710 774,711 747,711 746,710 712,710 711,711 699,711 698,712 692,712 691,713 690,713 689,712 673,712 672,711 667,711 666,710 607,710 606,711 604,711 603,710 603,703 602,702 590,702 589,701 589,699 565,699 564,698 565,697 581,697 582,696 608,696 609,697 645,697 646,696 651,696 652,697 689,697 690,696 703,696 704,697 704,704 741,704 742,703 743,703 745,701 746,701 746,699 748,697 779,697 780,696 795,696 796,695 798,695 800,697 834,697 835,696 891,696 892,695 931,695 932,694 932,693 935,690 935,681 932,681 931,680 932,679 932,667 930,665 930,664 929,663 886,663 885,664 885,665 884,666 853,666 852,665 852,661 853,660 866,660 867,659 867,652 869,650 909,650 909,646 910,645 929,645 930,644 931,644 931,630 929,630 928,629 917,629 916,628 916,623 914,621 865,621 864,620 864,619 829,619 827,621 793,621 792,620 792,611 791,610 771,610 770,609 730,609 725,614 725,615 723,617 721,617 721,619 719,621 665,621 664,622 660,622 659,623 639,623 637,621 617,621 616,620 616,619 566,619 565,618 566,617 566,608 567,607 598,607 599,606 630,606 631,605 631,604 632,603 632,602 633,601 696,601 697,600 718,600 719,601 719,605 720,606 723,606 724,607 764,607 765,606 810,606 811,607 811,614 847,614 847,613 848,612 849,612 852,609 852,607 853,606 888,606 889,607 927,607 928,606 931,606 931,603 932,602 932,585 931,584 931,578 930,577 930,576 929,575 845,575 845,585 846,585 847,586 847,587 846,588 843,588 842,589 828,589 827,588 827,579 825,577 823,577 822,576 822,575 786,575 785,574 785,567 784,566 743,566 742,565 742,562 743,561 842,561 843,560 844,561 928,561 929,560 932,560 935,557 935,548 933,546 933,544 934,543 935,543 936,542 936,533 935,532 935,531 930,531 928,529 918,529 917,528 917,525 918,524 923,524 924,523 927,523 931,519 931,517 932,516 932,504 931,503 931,500 930,500 929,499 928,499 927,498 925,498 924,497 924,495 923,494 913,494 910,491 910,490 909,489 909,488 908,487 909,486 909,484 910,483 910,472 911,471 931,471 936,466 936,465 937,464 937,455 935,453 935,446 933,444 933,443 932,442 931,442 929,440 914,440 913,439 913,432 911,430 911,428 874,428 873,429 871,429 870,430 870,439 869,440 837,440 836,441 774,441 772,439 772,433 771,432 771,429 733,429 732,430 732,431 731,432 731,440 730,441 681,441 680,440 669,440 668,439 668,435 667,434 667,433 666,432 666,431 665,430 665,429 630,429 629,430 629,432 628,433 628,434 627,435 626,435 626,440 625,441 565,441 564,440 564,429 560,429 559,428 560,427 567,427 568,428 568,433 569,433 570,434 606,434 607,433 608,433 610,431 610,429 611,428 611,427 612,426 669,426 670,427 733,427 734,426 745,426 746,427 807,427 808,426 835,426 836,425 872,425 873,424 876,424 877,425 888,425 889,426 929,426 930,425 932,425 933,424 962,424 962,414 936,414 935,413 935,405 933,403 933,398 931,396 929,396 928,395 913,395 911,393 911,392 913,390 923,390 924,389 925,389 929,385 930,385 930,384 931,383 931,368 930,367 930,354 928,352 923,352 922,351 892,351 891,350 891,341 890,340 879,340 878,339 841,339 840,340 808,340 807,341 807,342 806,343 806,348 805,349 804,349 803,348 803,347 800,344 800,340 791,340 790,339 783,339 782,338 783,337 827,337 828,336 888,336 889,337 890,337 891,338 892,338 893,339 927,339 928,338 928,337 929,336 929,335 930,334 930,323 929,322 929,320 928,320 927,319 927,309 926,308 917,308 916,307 911,307 910,306 910,305 812,305 811,304 811,298 808,295 753,295 752,296 750,296 749,297 747,297 746,298 746,301 745,302 745,303 744,304 743,304 742,303 742,295 741,294 712,294 711,293 712,292 829,292 829,290 831,288 832,289 833,289 836,292 928,292 929,291 929,290 931,288 931,279 930,278 930,266 929,265 929,264 928,263 928,262 927,261 878,261 877,260 877,258 876,257 876,256 874,254 874,252 873,252 872,251 837,251 836,252 836,253 835,254 835,258 834,259 834,263 833,264 832,264 831,265 830,264 829,264 828,263 828,262 827,261 776,261 775,260 775,252 774,251 736,251 735,252 735,260 734,261 723,261 721,259 721,253 720,252 687,252 685,250 685,248 687,246 713,246 714,247 929,247 931,245 931,237 932,236 950,236 950,227 932,227 931,226 931,219 930,218 930,217 928,217 927,216 926,216 925,215 924,215 923,214 885,214 884,215 874,215 873,214 873,207 872,206 835,206 835,207 834,208 834,215 833,216 821,216 820,217 753,217 752,216 739,216 738,215 737,215 736,214 738,212 762,212 763,211 763,210 764,209 764,207 765,206 765,205 768,202 886,202 887,203 926,203 927,202 928,202 929,201 930,201 931,200 931,199 932,198 932,186 931,185 931,176 930,175 930,174 929,173 928,173 927,172 927,171 910,171 909,170 909,162 908,161 908,160 907,159 871,159 869,161 867,161 867,162 866,163 866,169 865,170 862,170 860,168 860,161 859,160 859,159 856,159 855,158 819,158 819,168 820,169 820,170 819,171 815,171 814,170 777,170 776,171 738,171 736,169 736,159 688,159 684,163 675,163 674,164 674,170 673,171 582,171 581,170 581,165 580,164 580,162 579,162 578,161 578,160 577,159 538,159 537,160 537,161 536,162 535,162 534,163 534,172 533,173 514,173 512,171 495,171 494,170 494,161 493,160 493,159 486,159 485,158 485,157 451,157 451,166 453,166 455,168 455,169 454,170 441,170 440,169 440,159 439,158 398,158 397,159 395,159 392,162 392,164 390,166 390,167 389,168 389,169 388,170 375,170 374,169 332,169 331,168 331,162 330,161 330,159 307,159 305,157 302,157 301,156 297,156 296,155"/><TextEquiv><Unicode/></TextEquiv><TextLine id="r4_l001"><Coords points="695,210 694,210 694,198 694,197 669,197 668,198 668,206 667,207 666,207 665,208 659,208 657,206 656,206 655,206 655,198 655,197 628,197 627,198 619,198 618,197 565,197 564,198 555,198 554,197 525,197 523,199 523,201 522,202 522,203 520,205 518,205 517,206 516,205 515,205 514,205 514,198 514,197 488,197 487,196 470,196 469,195 430,195 429,196 428,196 426,198 426,200 426,200 425,200 425,198 425,197 424,197 423,196 351,196 350,197 350,198 349,199 349,200 348,201 348,203 345,206 344,206 343,207 340,207 338,206 338,205 337,203 309,203 307,205 305,205 304,205 304,197 304,196 275,196 274,195 192,195 191,194 156,194 152,198 151,197 150,197 149,197 149,196 148,195 148,194 146,192 146,190 146,189 145,189 144,189 144,179 140,175 141,174 141,172 142,171 150,171 151,170 152,170 153,169 167,169 168,170 173,170 174,171 175,171 176,172 214,172 215,171 273,171 273,171 273,167 274,166 274,161 275,160 277,160 278,159 279,159 280,160 284,160 285,161 288,161 290,163 312,163 313,165 313,166 314,167 314,173 315,173 357,173 358,174 405,174 405,174 405,173 407,171 407,170 408,169 408,167 411,164 412,164 413,163 414,163 415,162 422,162 422,163 422,164 423,165 423,175 424,175 447,175 448,174 467,174 467,174 467,162 468,161 468,162 468,174 469,174 470,174 470,174 470,166 473,163 475,163 476,164 477,164 478,166 478,175 479,175 495,175 497,177 549,177 549,177 549,172 550,171 550,168 552,166 553,166 555,164 560,164 562,166 563,166 563,167 563,169 564,170 564,175 565,175 689,175 689,175 689,171 690,170 690,169 692,167 701,167 704,164 715,164 716,163 720,163 720,164 720,175 721,175 793,175 794,174 797,174 798,175 835,175 835,175 835,163 836,162 838,162 839,163 841,163 842,164 843,164 844,166 844,174 845,174 855,174 855,175 855,176 856,176 882,176 882,176 882,168 883,167 883,166 884,165 887,165 888,164 891,164 891,165 891,166 892,167 892,175 893,175 910,175 910,176 910,177 912,178 913,178 914,179 914,180 914,181 915,182 915,190 916,191 916,193 914,195 914,196 913,197 912,197 911,198 910,198 909,199 904,199 903,198 785,198 784,199 783,198 751,198 749,200 749,201 748,202 748,205 746,207 745,207 744,206 743,206 742,206 742,198 742,197 704,197 703,198 701,198 700,197 699,197 698,198 698,210 698,210"/><TextEquiv index="1"><Unicode>mener ſi joyeuſe vie; &amp; ce qu'il y avoit de</Unicode></TextEquiv></TextLine><TextLine id="r4_l002"><Coords points="613,255 612,255 612,242 612,241 588,241 587,242 585,242 584,243 580,243 579,242 533,242 532,241 505,241 504,242 504,244 504,244 503,244 503,242 503,241 491,241 490,240 461,240 459,242 456,242 455,241 451,241 450,240 423,240 422,241 422,250 421,251 421,252 421,252 412,252 409,250 409,242 409,241 352,241 351,240 303,240 302,241 302,253 302,253 300,253 299,253 299,244 299,243 297,245 297,246 297,246 296,246 295,247 294,247 293,248 292,247 291,247 289,246 289,241 289,240 236,240 235,241 235,244 235,244 233,243 233,241 233,240 191,240 190,239 172,239 171,240 171,251 170,252 157,252 155,250 153,250 152,249 151,249 148,247 148,244 147,243 147,226 146,224 145,224 144,224 144,219 143,218 144,217 148,217 148,217 148,216 149,215 174,215 174,215 174,209 176,207 177,207 178,206 179,206 180,205 182,205 183,206 184,206 185,207 227,207 228,206 231,206 232,205 234,205 235,206 236,206 237,208 237,218 238,218 241,218 242,219 270,219 271,218 272,218 273,217 275,217 278,220 279,220 280,222 280,231 281,231 312,231 312,231 312,228 314,226 314,225 319,220 321,220 322,219 331,219 331,219 331,215 332,214 334,214 334,214 334,210 335,209 336,210 369,210 371,208 373,208 374,207 377,207 378,208 379,208 380,209 381,209 381,210 381,219 382,219 421,219 422,220 474,220 476,218 479,218 479,219 479,220 480,220 689,220 690,219 692,219 692,219 692,212 694,210 715,210 716,209 717,209 718,208 719,208 720,210 720,219 722,220 734,220 735,221 837,221 838,220 850,220 850,220 850,213 851,212 851,211 852,210 855,210 856,211 857,211 857,212 857,221 858,221 889,221 891,219 901,219 902,218 906,218 907,219 909,219 909,220 909,221 910,221 913,221 915,224 915,231 916,231 933,231 933,232 933,232 916,232 915,233 915,241 913,243 912,243 911,244 910,243 906,243 905,242 875,242 874,243 768,243 767,244 767,245 767,245 766,245 766,244 766,243 731,243 730,242 670,242 669,243 669,252 668,253 659,253 656,251 656,243 655,241 617,241 616,242 616,255 616,255"/><TextEquiv index="1"><Unicode>plaiſant, c'eſt que tous ceux qui la menoient</Unicode></TextEquiv></TextLine><TextLine id="r4_l003"><Coords points="678,300 677,300 677,298 674,295 674,290 674,289 655,289 654,288 263,288 262,289 262,290 261,291 261,292 260,293 260,294 259,295 258,295 256,297 254,297 253,296 252,296 250,295 250,286 250,285 242,285 241,284 203,284 202,283 151,283 148,281 148,279 148,278 147,278 145,277 145,258 146,257 146,256 148,254 156,254 158,252 170,252 171,253 534,253 534,253 534,252 535,251 536,252 539,252 540,253 541,253 543,255 855,255 856,256 857,256 858,258 858,260 859,261 859,262 860,263 860,265 861,265 908,265 909,266 910,266 912,269 912,270 913,271 913,274 914,275 914,284 911,287 909,287 908,288 725,288 724,289 724,299 724,299 683,299 682,300"/><TextEquiv index="1"><Unicode>ſe croyoient morts. Ils s'imaginoient être</Unicode></TextEquiv></TextLine><TextLine id="r4_l004"><Coords points="211,345 210,345 210,344 210,343 208,343 207,343 207,330 207,329 174,329 173,328 154,328 153,327 151,327 146,322 145,322 143,321 143,317 143,316 141,316 139,315 142,312 144,312 144,312 144,309 146,307 152,307 153,306 156,306 156,306 156,297 158,295 161,295 162,294 166,294 168,296 406,296 407,297 413,297 414,298 512,298 513,299 791,299 792,300 793,300 793,301 793,303 794,304 794,309 795,309 830,309 831,310 894,310 895,311 899,311 900,312 909,312 910,314 910,325 911,325 912,325 912,326 912,327 913,328 913,329 914,330 911,333 911,334 910,335 909,334 908,334 907,333 471,333 469,335 469,336 466,339 465,339 464,340 333,340 332,341 332,344 332,344 237,344 236,345"/><TextEquiv index="1"><Unicode>dans un paradis, &amp; c'en étoit bien un</Unicode></TextEquiv></TextLine><TextLine id="r4_l005"><Coords points="660,390 659,390 659,389 659,388 644,388 643,387 281,387 280,386 150,386 149,386 149,375 149,374 146,374 143,372 143,363 143,362 142,362 141,362 142,361 142,356 143,355 143,344 144,343 145,343 147,341 166,341 167,340 170,340 171,341 565,341 566,342 765,342 766,343 861,343 862,344 872,344 874,347 874,355 875,355 905,355 906,356 911,356 913,359 913,361 914,362 914,379 913,380 913,381 910,384 909,384 908,385 907,385 906,386 666,386 665,387 665,388 664,389 664,390 664,390"/><TextEquiv index="1"><Unicode>Il n'y avoit pas là une fille qui ne fût jolie;</Unicode></TextEquiv></TextLine><TextLine id="r4_l006"><Coords points="260,433 259,433 259,421 259,420 258,420 257,419 225,419 224,420 198,420 196,418 153,418 151,420 151,421 150,422 150,423 149,424 149,426 149,426 148,426 147,427 145,427 143,426 143,425 142,424 142,399 141,397 140,397 139,397 141,395 146,395 146,395 146,388 148,386 153,386 155,389 155,397 156,397 196,397 196,397 196,391 198,389 199,389 200,388 201,388 202,387 206,387 207,389 207,398 208,398 224,398 225,399 255,399 256,398 259,398 260,399 277,399 277,399 277,396 278,395 278,391 280,389 280,388 281,387 286,387 286,388 286,398 287,398 328,398 329,397 335,397 336,396 337,396 339,398 353,398 354,399 356,399 357,400 385,400 386,399 454,399 455,400 501,400 502,399 503,399 504,400 537,400 537,400 537,399 538,398 542,398 543,397 543,396 544,395 544,394 545,393 545,392 547,390 548,390 549,389 549,387 550,386 552,386 553,387 557,387 559,390 559,400 560,400 564,400 565,401 566,401 569,405 569,408 571,409 587,409 587,410 587,413 588,413 615,413 616,412 616,411 617,410 617,407 623,401 625,401 626,400 638,400 638,400 638,394 641,391 658,391 659,390 664,390 664,391 664,397 665,397 673,397 674,398 675,398 675,399 675,400 676,400 701,400 701,400 701,390 702,389 704,389 705,391 705,392 707,394 707,398 708,398 737,398 737,398 737,391 738,390 739,390 740,389 741,389 742,388 746,388 746,389 746,400 747,400 784,400 784,400 784,399 785,398 785,396 786,395 786,394 792,388 795,388 796,387 797,387 798,388 801,388 802,390 802,396 803,397 803,399 804,399 853,399 854,400 882,400 883,399 886,399 886,399 886,394 887,393 887,390 888,389 889,389 891,387 894,387 895,389 895,399 896,399 911,399 912,400 914,400 917,404 917,409 918,410 918,418 919,418 946,418 946,419 945,420 916,420 915,421 913,421 912,422 906,422 905,421 894,421 893,420 864,420 856,420 855,421 819,421 818,422 791,422 790,423 763,423 762,422 717,422 716,423 687,423 686,422 596,422 595,423 595,424 593,426 593,427 591,429 590,429 589,430 586,430 584,429 584,424 584,423 558,423 556,421 515,421 514,422 502,422 501,421 394,421 393,422 393,430 391,432 386,432 385,431 382,431 381,431 381,421 381,420 354,420 353,421 302,421 301,422 301,429 299,431 291,431 289,430 289,422 289,421 278,421 277,420 263,420 262,421 262,433 262,433"/><TextEquiv index="1"><Unicode>je le répete pour cauſe, c'étoit la fleur de</Unicode></TextEquiv></TextLine><TextLine id="r4_l007"><Coords points="888,480 887,480 887,479 887,478 867,478 866,477 865,477 864,476 863,476 862,476 862,468 862,467 811,467 810,468 810,477 809,478 806,478 805,479 800,479 798,478 798,477 797,476 797,468 797,467 743,467 742,466 712,466 711,467 697,467 696,468 693,468 692,467 650,467 649,468 647,468 646,467 636,467 635,468 635,479 635,479 634,479 634,468 634,467 612,467 611,468 611,475 608,478 605,478 604,477 601,477 600,477 600,476 599,475 599,468 599,467 579,467 578,468 578,479 578,479 577,479 577,468 577,467 561,467 560,468 559,467 519,467 518,466 464,466 462,464 434,464 433,465 431,465 430,466 417,466 416,467 415,467 414,466 412,466 411,465 341,465 340,466 316,466 315,467 312,467 311,466 306,466 305,465 199,465 197,463 153,463 152,464 148,464 147,465 146,464 143,464 142,464 142,460 142,459 139,459 138,459 138,433 140,431 148,431 149,430 150,431 151,431 152,433 152,441 153,441 167,441 168,442 170,442 172,444 202,444 203,443 230,443 231,442 249,442 250,443 256,443 256,443 256,437 257,436 257,434 258,433 263,433 263,434 263,443 264,443 303,443 306,447 306,455 307,455 335,455 336,454 339,454 339,454 339,436 341,434 348,434 349,433 351,433 352,434 355,434 355,435 355,443 356,443 368,443 369,444 371,444 372,445 413,445 413,445 413,436 415,434 418,434 419,436 419,445 420,445 455,445 456,444 463,444 464,443 467,443 468,444 509,444 510,445 538,445 538,445 538,433 539,432 542,432 543,433 547,433 547,434 547,445 548,445 642,445 642,445 642,440 643,439 643,438 644,437 644,436 646,434 648,434 649,436 649,437 650,438 650,439 651,440 651,444 652,444 663,444 664,445 712,445 713,446 743,446 744,445 746,445 746,445 746,438 747,437 747,436 748,435 749,435 750,434 752,434 753,433 754,433 755,435 755,437 756,438 756,445 757,445 853,445 854,444 886,444 886,444 886,436 888,434 890,434 892,432 895,432 895,433 895,436 896,437 896,444 897,444 912,444 914,446 915,446 917,449 917,450 918,451 918,458 920,460 919,461 919,463 915,467 906,467 905,466 895,466 894,467 894,478 893,479 893,480 893,480"/><TextEquiv index="1"><Unicode>la nation. Je vis tous les prêtres du peuple</Unicode></TextEquiv></TextLine><TextLine id="r4_l008"><Coords points="479,524 478,524 478,520 478,519 376,519 375,518 372,518 371,517 369,517 367,515 366,515 365,514 364,514 362,513 362,512 362,511 151,511 150,510 149,510 148,510 148,508 148,507 147,507 146,507 146,506 145,504 140,504 139,504 139,495 138,493 137,493 136,492 135,492 133,491 134,490 134,489 136,487 143,487 143,487 143,486 150,479 154,479 155,478 209,478 210,477 213,477 214,478 530,478 530,478 530,477 531,476 536,476 536,477 536,479 537,479 793,479 794,480 892,480 892,481 892,493 894,495 894,496 895,497 895,498 896,498 905,498 906,499 907,499 907,500 907,501 909,502 910,502 911,503 912,503 913,504 914,504 915,506 915,508 916,509 916,512 915,513 915,514 910,519 908,519 907,520 637,520 636,521 483,521 482,522 482,524 482,524"/><TextEquiv index="1"><Unicode>Gnôme. „Quoi! m'écriai-je tout étonné,</Unicode></TextEquiv></TextLine><TextLine id="r4_l009"><Coords points="421,569 420,569 420,557 420,556 417,556 416,555 225,555 191,555 190,556 190,557 188,559 188,560 187,561 187,563 186,564 186,565 183,568 182,568 181,569 179,569 178,568 176,568 174,567 174,560 174,559 146,559 145,559 145,558 144,557 144,542 144,541 140,541 138,540 140,538 142,538 143,537 144,537 146,535 156,535 157,534 235,534 236,533 268,533 270,531 297,531 297,531 297,524 298,523 299,523 300,522 315,522 315,523 315,525 316,526 316,532 317,532 473,532 473,532 473,527 475,525 476,525 477,524 482,524 482,525 482,528 483,528 629,528 633,524 635,524 637,522 638,523 640,523 641,524 869,524 869,524 869,523 870,522 871,522 872,523 878,523 879,524 900,524 900,525 900,526 901,527 901,533 902,533 911,533 913,535 916,535 917,536 918,536 919,538 918,539 918,553 917,554 917,555 916,556 912,556 911,557 804,557 803,558 727,558 726,559 726,566 725,567 724,567 723,568 588,568 587,567 433,567 432,568 424,568 423,569"/><TextEquiv index="1"><Unicode>“y a-t-il eu quelque peſte qui ait fait</Unicode></TextEquiv></TextLine><TextLine id="r4_l010"><Coords points="468,614 467,613 308,613 307,613 307,606 307,605 149,605 148,604 147,604 144,602 144,588 144,587 142,587 141,587 141,585 141,584 139,584 138,584 138,582 139,581 146,581 147,580 234,580 235,579 260,579 261,578 272,578 272,578 272,571 273,570 273,569 275,567 278,567 280,569 615,569 616,570 767,570 768,571 769,571 769,572 769,579 770,579 910,579 911,580 912,580 914,583 914,584 915,585 915,589 916,590 916,598 915,599 915,601 915,601 914,601 913,602 911,602 910,603 837,603 836,604 836,605 833,608 832,608 831,609 830,609 829,610 550,610 549,611 549,613 548,614"/><TextEquiv index="1"><Unicode>“mourir tous les prêtres? -- Non, me</Unicode></TextEquiv></TextLine><TextLine id="r4_l011"><Coords points="420,659 418,658 418,648 418,647 389,647 388,646 357,646 356,645 311,645 310,646 309,645 289,645 288,644 252,644 251,645 232,645 230,647 228,647 227,648 227,656 226,657 226,658 226,658 216,658 214,657 214,649 214,648 149,648 148,649 145,649 143,648 143,635 143,634 140,634 139,634 139,632 140,631 142,631 143,630 144,630 144,630 144,629 145,628 154,628 155,627 178,627 180,625 203,625 203,625 203,623 204,622 204,620 205,619 205,614 206,613 206,612 207,611 211,611 212,613 212,625 213,625 243,625 244,624 245,624 246,623 290,623 290,623 290,614 291,613 292,613 293,612 294,612 295,611 298,611 298,612 298,613 299,613 310,613 311,615 311,623 312,623 322,623 323,624 379,624 381,626 422,626 422,626 422,622 423,621 423,617 426,614 427,615 455,615 457,613 460,613 461,614 470,614 471,616 471,625 472,625 519,625 520,624 520,616 521,615 523,615 524,614 548,614 548,615 548,626 549,626 578,626 580,624 600,624 601,625 620,625 622,627 676,627 677,626 680,626 681,625 737,625 737,625 737,623 739,621 740,621 741,620 741,619 747,613 753,613 754,614 774,614 776,617 776,626 777,626 804,626 805,625 806,625 807,624 808,625 845,625 846,624 847,624 848,625 897,625 899,628 899,633 900,633 911,633 912,634 914,634 915,636 915,638 914,639 914,640 914,640 913,640 912,641 894,641 893,642 893,645 892,646 852,646 851,647 851,655 850,656 842,656 840,655 840,647 840,646 811,646 810,647 767,647 766,648 743,648 742,647 700,647 699,648 697,648 696,647 651,647 650,648 650,649 648,651 648,652 644,656 641,656 640,656 640,649 640,648 612,648 611,647 544,647 543,648 540,648 539,647 431,647 430,648 430,659 430,659"/><TextEquiv index="1"><Unicode>“répondit une jolie dévote; ces faints per-</Unicode></TextEquiv></TextLine><TextLine id="r4_l012"><Coords points="346,705 345,705 345,692 345,691 310,691 309,692 298,692 297,693 297,696 295,698 295,699 294,700 294,701 294,701 291,701 290,702 281,702 279,700 278,700 277,700 277,696 277,695 276,695 275,695 275,693 275,692 184,692 183,693 152,693 151,694 150,694 149,695 148,694 147,694 145,693 145,681 144,680 144,678 143,677 145,675 146,675 146,675 146,674 148,672 150,672 151,671 179,671 180,670 180,660 182,658 196,658 197,659 198,659 199,661 199,670 200,670 260,670 261,669 264,669 265,668 267,668 268,669 324,669 325,670 363,670 364,671 383,671 384,672 414,672 416,670 416,669 417,668 417,667 418,666 418,665 419,664 419,660 420,659 432,659 432,660 432,670 433,670 458,670 459,669 472,669 473,668 474,668 476,670 539,670 539,670 539,663 540,662 540,661 541,660 542,660 543,659 544,660 545,660 546,662 546,671 547,671 560,671 561,670 576,670 576,670 576,669 577,668 579,668 579,669 579,670 582,672 612,672 612,672 612,671 613,670 616,670 618,668 619,668 620,669 623,669 624,670 679,670 680,669 690,669 690,670 690,671 691,671 704,671 705,672 706,672 706,673 706,676 707,677 707,684 708,684 745,684 745,684 745,674 747,672 748,672 748,672 748,662 750,660 763,660 764,659 766,659 767,661 767,672 768,672 807,672 808,671 829,671 829,671 829,664 830,663 830,660 831,659 835,659 836,661 836,670 837,670 900,670 902,668 912,668 914,670 915,670 916,672 916,685 917,685 918,685 918,686 917,687 917,688 916,689 916,690 916,690 915,690 914,691 875,691 874,692 818,692 817,693 813,690 813,688 813,687 783,687 781,689 781,690 780,691 779,691 778,692 764,692 763,693 731,693 729,695 729,696 726,699 725,699 724,700 721,700 720,700 720,693 720,692 673,692 672,693 669,693 668,692 629,692 628,693 626,693 625,692 566,692 564,694 547,694 546,693 507,693 506,694 506,701 505,702 505,703 505,703 500,703 499,704 498,703 495,703 493,702 493,693 493,692 461,692 460,691 425,691 424,692 415,692 414,691 404,691 383,691 382,692 376,692 375,691 353,691 352,692 352,705 352,705"/><TextEquiv index="1"><Unicode>“ſonnages ne ſont point morts, ils vivent</Unicode></TextEquiv></TextLine><TextLine id="r4_l013"><Coords points="874,748 867,748 864,746 864,740 864,739 351,739 350,740 350,742 348,744 347,744 343,740 149,740 148,740 148,728 148,727 146,727 145,727 145,726 144,725 144,721 146,719 151,719 153,717 158,717 159,716 188,716 189,715 268,715 268,715 268,707 269,706 270,706 271,705 274,705 275,704 276,704 277,703 482,703 483,704 573,704 574,705 798,705 799,707 799,709 800,710 800,713 801,713 910,713 911,714 913,714 915,716 916,716 917,718 917,719 919,721 919,722 920,723 920,733 918,735 918,736 918,736 917,736 916,737 915,737 914,738 879,738 878,739 878,747 877,748 876,748 875,749"/><TextEquiv index="1"><Unicode>“tous les jours dans l'autre monde que</Unicode></TextEquiv></TextLine><TextLine id="r4_l014"><Coords points="207,795 206,795 206,785 206,784 149,784 147,783 147,767 147,766 146,766 145,766 148,763 149,763 151,761 287,761 288,760 334,760 335,759 463,759 463,759 463,752 465,750 507,750 507,750 507,749 508,748 761,748 762,749 763,749 765,752 765,759 766,759 917,759 918,761 918,764 919,765 918,766 918,767 917,768 917,779 916,780 911,780 910,781 906,781 905,782 847,782 846,783 846,793 846,793 845,793 844,794 836,794 834,792 439,792 437,794 420,794 419,795"/><TextEquiv index="1"><Unicode>“nous avons quitté; mais auſſi, pour</Unicode></TextEquiv></TextLine><TextLine id="r4_l015"><Coords points="292,838 291,837 290,837 288,836 288,834 288,833 287,833 285,832 285,831 285,830 149,830 146,828 146,818 145,817 147,815 147,811 148,810 148,809 149,808 157,808 158,807 204,807 204,807 204,805 205,804 205,798 206,797 206,796 207,795 358,795 359,794 359,793 360,792 369,792 371,794 676,794 676,795 676,796 677,797 677,801 678,801 714,801 714,802 714,803 715,803 775,803 775,804 775,805 776,805 898,805 898,806 898,814 899,814 927,814 927,815 926,816 926,819 926,819 925,819 924,820 924,821 924,821 918,821 917,822 917,830 915,832 914,832 912,834 911,834 910,835 908,835 905,833 905,830 905,829 595,829 594,830 593,830 591,832 589,832 588,832 588,830 588,829 302,829 301,830 301,837 300,838"/><TextEquiv index="1"><Unicode>“récompenſer leurs vertus &amp; leurs travaux,</Unicode></TextEquiv></TextLine><TextLine id="r4_l016"><Coords points="658,885 657,885 657,884 657,883 345,883 329,883 328,884 328,885 328,885 319,885 318,885 318,876 318,875 151,875 150,874 148,874 146,873 146,872 146,871 144,871 143,871 143,870 142,869 142,864 143,863 143,846 148,841 266,841 267,840 268,840 269,839 515,839 516,838 519,838 520,839 707,839 708,840 868,840 870,843 870,850 871,850 880,850 881,851 888,851 888,852 888,853 889,854 889,861 890,861 920,861 923,865 922,866 917,866 916,867 916,872 915,873 915,874 911,878 911,879 911,879 910,879 909,880 797,880 796,881 796,884 796,884 662,884 661,885"/><TextEquiv index="1"><Unicode>Dieu leur accorde la grace de pouvoir,</Unicode></TextEquiv></TextLine><TextLine id="r4_l017"><Coords points="337,931 336,931 336,930 336,929 251,929 249,928 249,922 249,921 152,921 151,920 149,920 147,919 147,910 145,908 145,903 145,902 144,902 142,901 143,900 149,900 151,898 159,898 160,897 197,897 197,897 197,889 198,888 199,888 201,886 202,886 203,885 790,885 791,884 796,884 796,885 796,886 797,887 797,894 798,894 911,894 912,895 926,895 927,896 961,896 962,898 962,899 961,900 919,900 918,901 918,913 917,914 916,914 915,915 914,915 911,918 836,918 835,919 835,923 835,923 744,923 743,924 743,928 743,928 742,928 742,919 742,918 419,918 412,925 343,925 342,926 342,931 342,931"/><TextEquiv index="1"><Unicode>“chaque jour, venir tout vivants dans ce</Unicode></TextEquiv></TextLine><TextLine id="r4_l018"><Coords points="330,975 329,975 329,963 329,962 293,962 292,963 188,963 187,964 181,964 180,965 153,965 152,966 150,966 149,967 148,967 148,964 147,963 147,954 144,951 145,950 145,946 146,945 148,945 150,943 160,943 161,942 243,942 244,941 260,941 260,941 260,933 261,932 262,931 270,931 271,930 272,931 273,931 273,932 273,940 274,941 274,942 275,942 321,942 322,941 323,941 324,940 336,940 336,940 336,932 337,931 342,931 342,932 342,943 343,943 394,943 395,942 396,942 397,941 419,941 420,940 421,940 422,941 471,941 471,941 471,938 473,936 473,935 474,934 481,934 483,932 483,929 484,928 493,928 494,929 496,929 496,930 496,940 497,940 528,940 528,940 528,933 529,932 529,931 530,930 532,930 535,927 537,927 538,929 538,938 539,938 552,938 554,940 614,940 616,938 619,938 619,939 619,941 620,941 655,941 656,940 677,940 678,941 680,941 681,942 712,942 713,941 718,941 719,940 741,940 741,940 741,929 742,928 743,928 743,929 743,940 744,940 747,940 747,940 747,934 748,933 749,933 750,932 750,931 752,929 799,929 800,928 801,928 802,930 802,931 803,932 803,939 804,939 844,939 845,940 897,940 898,939 899,939 900,940 901,940 903,942 904,942 906,944 908,944 912,949 910,951 909,951 908,952 908,953 908,953 907,953 902,958 901,958 897,962 858,962 857,963 845,963 844,964 844,968 841,971 840,971 839,972 839,973 839,973 829,973 825,970 825,968 824,967 824,963 824,962 720,962 719,963 719,971 718,972 716,972 715,973 709,973 707,972 707,961 707,960 681,960 678,963 675,963 674,962 656,962 655,961 619,961 618,962 577,962 576,961 574,961 573,960 541,960 540,961 540,962 540,962 501,962 500,963 497,963 495,965 494,965 494,963 494,962 452,962 451,963 438,963 437,964 432,964 431,963 405,963 401,963 400,964 368,964 367,965 367,967 366,968 366,969 364,971 363,971 362,972 359,972 358,972 358,964 358,963 343,963 342,962 334,962 333,963 333,975 333,975"/><TextEquiv index="1"><Unicode>“monde-ci; eux ſeuls ont ce privilege.“</Unicode></TextEquiv></TextLine><TextLine id="r4_l019"><Coords points="294,1030 292,1029 292,1020 292,1019 289,1019 287,1018 287,1009 287,1008 245,1008 244,1009 242,1009 241,1008 221,1008 220,1007 219,1007 218,1006 217,1006 216,1005 190,1005 188,1007 188,1008 188,1008 187,1008 186,1009 185,1009 184,1010 155,1010 154,1011 153,1010 151,1010 150,1009 149,1009 148,1009 148,1008 147,1006 143,1006 141,1005 141,1001 142,1000 149,1000 149,1000 149,980 150,979 153,979 153,979 153,978 154,977 158,977 159,978 168,978 169,980 169,987 170,987 183,987 184,988 186,988 189,991 216,991 219,988 220,988 221,987 265,987 266,986 315,986 316,985 328,985 328,985 328,976 329,975 334,975 334,976 334,987 335,987 370,987 372,985 375,985 376,986 418,986 419,985 427,985 428,984 429,984 431,986 447,986 448,987 449,987 450,988 451,988 452,990 452,991 453,992 453,1002 454,1002 475,1002 475,1002 475,978 477,976 479,976 481,974 511,974 511,974 511,973 513,971 515,971 517,974 517,984 518,984 526,984 527,985 581,985 581,985 581,976 582,975 584,975 585,974 590,974 590,975 590,976 591,977 591,985 592,985 628,985 629,986 630,986 631,987 657,987 658,986 659,986 660,985 663,985 663,985 663,976 664,975 666,975 667,974 668,974 669,973 672,973 673,975 673,986 674,986 713,986 713,986 713,977 714,976 715,976 716,975 720,975 721,976 731,976 732,977 733,977 734,979 734,984 736,985 764,985 764,985 764,976 766,974 768,974 769,973 772,973 773,975 773,984 774,984 810,984 812,982 818,982 818,982 818,981 819,980 819,979 823,975 824,975 825,974 828,974 829,973 841,973 842,974 844,974 846,977 846,986 847,986 850,986 851,987 878,987 880,985 881,985 881,985 881,977 883,975 887,975 888,974 889,974 890,973 891,973 892,974 893,974 893,975 893,985 894,985 908,985 909,986 911,986 913,988 918,988 919,990 919,990 917,990 916,991 916,1004 915,1005 914,1005 913,1006 912,1006 910,1008 908,1008 907,1009 906,1009 905,1008 902,1008 901,1007 881,1007 880,1006 852,1006 851,1007 850,1007 849,1008 821,1008 820,1007 662,1007 661,1006 660,1006 659,1005 632,1005 630,1007 612,1007 611,1008 591,1008 590,1007 542,1007 541,1008 510,1008 509,1007 483,1007 481,1009 480,1008 479,1008 478,1008 478,1007 478,1006 451,1006 450,1007 449,1007 448,1008 446,1008 445,1009 443,1009 442,1008 402,1008 346,1008 345,1009 343,1009 342,1008 341,1008 340,1007 334,1007 333,1008 333,1021 333,1021 301,1021 299,1023 299,1024 297,1026 297,1027 296,1028 296,1029 295,1030"/><TextEquiv index="1"><Unicode>Je compris toute l'étendue de l'adreſſe de</Unicode></TextEquiv></TextLine><TextLine id="r4_l020"><Coords points="267,1065 266,1064 265,1064 263,1063 263,1061 262,1060 262,1055 262,1054 156,1054 154,1052 152,1052 151,1052 151,1051 151,1050 149,1050 148,1050 148,1049 147,1048 148,1047 149,1047 149,1047 149,1037 150,1036 155,1036 156,1035 157,1035 159,1033 164,1033 165,1032 229,1032 229,1032 229,1023 231,1021 235,1021 236,1023 236,1031 237,1031 326,1031 326,1031 326,1022 327,1021 333,1021 333,1022 333,1032 334,1032 435,1032 436,1031 466,1031 466,1031 466,1025 467,1024 467,1021 469,1019 522,1019 523,1018 525,1018 526,1019 528,1019 530,1022 530,1024 531,1025 531,1030 532,1030 640,1030 640,1030 640,1022 642,1020 720,1020 721,1019 768,1019 769,1018 770,1018 771,1020 771,1029 772,1029 857,1029 857,1029 857,1024 858,1023 858,1022 859,1021 862,1021 863,1020 866,1020 867,1022 867,1029 868,1029 912,1029 914,1031 916,1031 918,1034 918,1049 917,1050 917,1051 917,1051 916,1051 914,1053 913,1053 912,1054 911,1054 910,1053 833,1053 832,1054 832,1062 833,1062 834,1062 834,1063 835,1064 835,1064 830,1064 829,1064 829,1054 829,1053 765,1053 764,1052 664,1052 663,1053 646,1053 645,1054 645,1055 643,1057 643,1058 640,1061 639,1061 638,1060 606,1060 604,1059 604,1053 604,1052 468,1052 467,1053 399,1053 398,1054 283,1054 282,1055 282,1059 276,1065"/><TextEquiv index="1"><Unicode>ces ingenieux miniſtres, je vis leur but</Unicode></TextEquiv></TextLine><TextLine id="r4_l021"><Coords points="419,1110 416,1108 416,1104 414,1102 414,1099 414,1098 383,1098 382,1099 264,1099 263,1098 228,1098 222,1098 221,1099 187,1099 186,1098 154,1098 149,1094 149,1093 146,1090 146,1085 146,1084 145,1084 144,1083 143,1083 141,1082 143,1080 151,1080 152,1079 153,1079 154,1078 157,1078 157,1078 157,1069 159,1067 161,1067 162,1066 164,1066 165,1065 166,1065 168,1068 168,1077 169,1077 201,1077 202,1076 207,1076 208,1077 243,1077 243,1077 243,1067 244,1066 249,1066 250,1065 252,1065 253,1067 253,1077 254,1077 272,1077 273,1078 302,1078 302,1078 302,1068 303,1067 312,1067 313,1066 314,1066 315,1068 315,1069 316,1070 316,1071 317,1072 317,1077 318,1077 351,1077 351,1077 351,1071 352,1070 352,1068 353,1067 354,1067 355,1066 356,1066 358,1069 358,1077 359,1077 421,1077 422,1076 451,1076 451,1076 451,1071 452,1070 452,1069 454,1067 463,1067 463,1067 463,1066 464,1065 476,1065 477,1064 479,1064 480,1066 480,1071 481,1072 481,1076 482,1076 521,1076 521,1076 521,1075 522,1074 522,1072 523,1071 523,1070 525,1068 525,1064 526,1063 529,1063 529,1063 529,1062 530,1061 531,1061 532,1060 535,1063 536,1063 538,1065 572,1065 573,1064 576,1064 577,1063 579,1063 580,1064 581,1064 583,1066 601,1066 601,1067 601,1069 602,1070 602,1076 603,1076 636,1076 637,1075 652,1075 653,1074 679,1074 679,1074 679,1065 681,1063 689,1063 690,1065 690,1076 691,1076 748,1076 749,1075 763,1075 763,1075 763,1066 764,1065 770,1065 771,1064 774,1064 774,1065 774,1068 775,1069 775,1075 776,1075 795,1075 796,1076 828,1076 828,1076 828,1068 829,1067 829,1065 830,1064 867,1064 868,1065 876,1065 877,1066 878,1066 879,1068 879,1076 880,1076 910,1076 911,1077 913,1077 914,1079 914,1083 915,1084 915,1093 912,1096 911,1096 909,1098 893,1098 892,1099 891,1099 890,1098 876,1098 875,1097 837,1097 836,1098 836,1100 835,1101 835,1102 832,1105 830,1105 828,1104 828,1098 828,1097 771,1097 770,1098 756,1098 755,1099 755,1107 754,1108 752,1108 751,1109 744,1109 742,1108 742,1099 742,1098 708,1098 707,1099 705,1099 704,1098 676,1098 675,1097 621,1097 620,1098 618,1098 617,1099 616,1099 615,1098 576,1098 549,1098 548,1099 538,1099 537,1098 535,1098 534,1097 483,1097 482,1098 432,1098 431,1099 431,1107 429,1109 423,1109 422,1110"/><TextEquiv index="1"><Unicode>dans le choix qu'ils faiſoient des plus jolies</Unicode></TextEquiv></TextLine><TextLine id="r4_l022"><Coords points="284,1157 283,1157 283,1149 283,1148 247,1148 244,1151 243,1151 242,1152 239,1152 237,1151 237,1145 237,1144 163,1144 162,1145 151,1145 150,1144 149,1144 146,1142 146,1140 145,1139 145,1138 143,1136 143,1132 142,1131 142,1124 143,1123 151,1123 151,1123 151,1121 152,1120 152,1119 153,1118 153,1117 158,1112 159,1112 160,1111 186,1111 187,1110 190,1110 190,1111 190,1114 191,1115 191,1122 192,1122 220,1122 221,1123 223,1123 224,1125 224,1126 225,1127 225,1132 226,1132 233,1132 234,1133 240,1133 240,1134 240,1135 241,1135 283,1135 283,1135 283,1131 281,1129 281,1127 281,1126 279,1126 277,1125 277,1124 278,1123 313,1123 314,1122 344,1122 345,1123 385,1123 385,1123 385,1114 387,1112 389,1112 390,1111 391,1111 392,1110 394,1110 395,1112 395,1121 396,1121 488,1121 489,1120 513,1120 514,1121 583,1121 584,1120 609,1120 610,1119 611,1119 612,1120 692,1120 693,1121 767,1121 768,1120 786,1120 786,1120 786,1116 787,1115 787,1113 788,1112 788,1108 790,1106 793,1106 794,1107 795,1107 795,1108 795,1119 796,1119 858,1119 858,1119 858,1112 860,1110 866,1110 867,1109 868,1110 870,1110 870,1111 870,1121 871,1121 904,1121 905,1122 912,1122 915,1126 915,1135 916,1136 914,1138 914,1141 914,1141 911,1141 909,1143 902,1143 901,1142 867,1142 823,1142 822,1143 751,1143 750,1144 750,1153 749,1154 741,1154 739,1153 739,1146 739,1145 705,1145 704,1145 704,1144 703,1142 610,1142 609,1143 607,1143 606,1144 602,1144 601,1143 543,1143 542,1142 492,1142 491,1143 489,1143 488,1144 488,1151 487,1152 487,1153 487,1153 479,1153 477,1152 477,1147 477,1146 473,1146 472,1146 472,1144 472,1143 411,1143 410,1144 406,1144 405,1143 361,1143 360,1144 358,1144 357,1145 351,1145 350,1144 295,1144 294,1145 294,1154 293,1155 293,1156 293,1156 292,1156 291,1157"/><TextEquiv index="1"><Unicode>filles, pour leur procurer une prétendue</Unicode></TextEquiv></TextLine><TextLine id="r4_l023"><Coords points="780,1198 777,1196 777,1188 777,1187 723,1187 722,1188 708,1188 707,1189 702,1189 701,1188 684,1188 683,1187 680,1187 679,1186 646,1186 645,1187 609,1187 607,1189 606,1188 597,1188 596,1187 547,1187 546,1188 545,1188 544,1189 541,1189 540,1188 539,1188 538,1187 432,1187 431,1188 413,1188 412,1189 410,1189 409,1188 408,1188 407,1187 377,1187 375,1189 363,1189 362,1190 337,1190 336,1189 296,1189 295,1190 254,1190 253,1191 253,1193 252,1194 251,1194 249,1196 246,1196 245,1197 243,1196 243,1190 243,1189 175,1189 174,1190 150,1190 148,1189 148,1183 148,1182 146,1182 145,1182 145,1181 144,1180 144,1177 145,1176 146,1176 146,1176 146,1170 147,1169 159,1169 160,1168 209,1168 210,1167 224,1167 226,1165 228,1165 229,1167 229,1168 230,1168 232,1168 234,1171 234,1179 235,1179 277,1179 277,1179 277,1178 278,1177 278,1174 279,1173 279,1167 280,1166 280,1162 281,1161 281,1159 283,1157 292,1157 293,1158 294,1158 294,1159 294,1160 295,1161 295,1167 296,1167 333,1167 333,1167 333,1161 334,1160 334,1159 335,1158 337,1158 338,1157 339,1157 341,1155 342,1155 343,1156 344,1156 344,1157 344,1167 345,1167 374,1167 375,1168 405,1168 406,1167 426,1167 427,1166 430,1166 431,1167 467,1167 468,1166 471,1166 471,1166 471,1156 472,1155 476,1155 477,1154 479,1154 480,1155 511,1155 513,1158 513,1166 514,1166 531,1166 532,1167 576,1167 576,1167 576,1155 577,1154 585,1154 586,1153 588,1153 589,1155 589,1166 590,1166 645,1166 648,1169 678,1169 680,1167 682,1167 683,1166 716,1166 716,1166 716,1165 717,1164 719,1164 720,1166 720,1167 721,1167 753,1167 754,1166 768,1166 768,1166 768,1165 769,1164 769,1162 770,1161 770,1160 777,1153 778,1153 779,1152 782,1152 783,1153 784,1153 785,1154 809,1154 810,1156 810,1167 811,1167 827,1167 828,1168 829,1168 830,1169 831,1169 831,1170 831,1171 832,1172 832,1179 833,1179 869,1179 869,1179 869,1177 870,1176 870,1172 875,1167 876,1167 877,1166 889,1166 889,1166 889,1155 891,1153 897,1153 898,1154 900,1154 901,1156 901,1158 902,1159 902,1160 903,1161 903,1163 904,1164 904,1165 905,1165 911,1165 912,1167 912,1183 915,1186 915,1189 914,1190 913,1190 912,1189 911,1189 910,1188 856,1188 855,1189 855,1191 851,1195 847,1195 846,1195 846,1189 846,1188 792,1188 791,1189 791,1190 789,1192 789,1193 787,1195 787,1197 787,1197 786,1197 785,1198"/><TextEquiv index="1"><Unicode>mort, &amp; les conduire dans cet aſyle, où</Unicode></TextEquiv></TextLine><TextLine id="r4_l024"><Coords points="438,1244 436,1243 436,1241 436,1240 432,1240 431,1240 431,1236 431,1235 180,1235 179,1236 176,1236 175,1235 154,1235 153,1234 152,1234 150,1233 149,1232 149,1231 147,1228 146,1228 145,1228 145,1227 145,1226 143,1226 141,1225 141,1222 140,1221 141,1220 141,1219 143,1217 149,1217 150,1216 151,1216 152,1215 153,1215 154,1214 157,1214 158,1213 178,1213 179,1212 258,1212 259,1211 279,1211 279,1211 279,1209 280,1208 280,1207 281,1206 281,1202 282,1201 282,1200 283,1199 299,1199 300,1198 301,1198 302,1197 303,1198 304,1198 304,1199 304,1202 305,1203 305,1211 306,1211 490,1211 491,1210 622,1210 622,1210 622,1203 625,1200 728,1200 728,1200 728,1198 729,1197 733,1197 734,1199 734,1200 735,1200 799,1200 800,1201 851,1201 851,1202 851,1210 852,1210 912,1210 914,1213 914,1217 913,1218 912,1218 911,1219 911,1232 910,1233 908,1233 907,1234 764,1234 763,1233 592,1233 591,1234 591,1235 591,1235 450,1235 449,1236 449,1242 448,1243 448,1243 442,1243 441,1244"/><TextEquiv index="1"><Unicode>ces ruſés trompeurs avoient établi leur</Unicode></TextEquiv></TextLine><TextLine id="r4_l025"><Coords points="144,1246 331,1246 331,1282 144,1282"/><TextEquiv index="1"><Unicode>ſerrail.</Unicode></TextEquiv></TextLine><TextLine id="r4_l026"><Coords points="201,1336 200,1336 200,1326 200,1325 194,1325 191,1323 193,1321 193,1314 193,1313 157,1313 156,1312 155,1312 154,1312 154,1310 155,1309 193,1309 193,1309 193,1301 193,1300 148,1300 147,1300 148,1299 193,1299 193,1299 193,1295 195,1293 273,1293 274,1292 277,1292 278,1291 279,1291 280,1290 720,1290 720,1290 720,1288 721,1287 736,1287 738,1289 757,1289 759,1291 896,1291 897,1293 897,1294 898,1295 898,1299 899,1299 910,1299 911,1301 911,1304 912,1304 915,1304 915,1305 915,1309 914,1310 914,1325 913,1326 805,1326 802,1329 802,1330 802,1330 801,1330 800,1331 615,1331 614,1332 614,1334 614,1334 531,1334 529,1333 529,1326 529,1325 204,1325 203,1326 203,1336 203,1336"/><TextEquiv index="1"><Unicode>La dévote avec qui je cauſois, étoit</Unicode></TextEquiv></TextLine><TextLine id="r4_l027"><Coords points="616,1381 615,1381 615,1368 615,1367 610,1367 609,1368 587,1368 586,1369 586,1378 586,1378 585,1378 584,1379 580,1379 579,1380 579,1381 579,1381 577,1381 575,1379 551,1379 549,1378 549,1370 549,1369 545,1369 544,1368 498,1368 497,1369 366,1369 363,1367 363,1366 362,1365 362,1363 361,1362 361,1361 360,1360 360,1358 358,1356 358,1354 357,1352 356,1352 355,1351 330,1351 329,1352 329,1368 328,1369 313,1369 312,1370 303,1370 302,1369 301,1369 297,1365 287,1365 267,1365 263,1369 261,1369 260,1370 165,1370 164,1369 149,1369 147,1368 147,1361 147,1360 145,1360 143,1359 143,1351 142,1350 142,1349 144,1347 150,1347 150,1347 150,1345 151,1344 151,1339 152,1338 152,1337 153,1336 158,1336 159,1335 164,1335 165,1336 166,1336 167,1338 167,1339 168,1340 168,1348 169,1348 196,1348 196,1348 196,1346 197,1345 197,1343 199,1341 199,1337 200,1336 234,1336 234,1337 234,1338 235,1339 235,1347 236,1347 262,1347 263,1348 264,1348 266,1351 266,1353 267,1353 297,1353 297,1353 297,1342 298,1341 298,1340 301,1337 302,1337 303,1336 307,1336 308,1337 309,1337 310,1338 311,1338 312,1339 312,1340 312,1344 313,1345 313,1347 314,1347 325,1347 326,1348 363,1348 364,1347 413,1347 413,1347 413,1340 416,1337 417,1337 418,1338 419,1338 419,1339 419,1347 420,1347 502,1347 504,1345 507,1345 508,1346 604,1346 605,1345 605,1338 607,1336 607,1335 608,1334 615,1334 616,1335 651,1335 652,1334 653,1334 654,1333 672,1333 674,1336 674,1345 675,1345 708,1345 709,1344 712,1344 713,1346 713,1347 714,1347 731,1347 734,1351 734,1355 735,1355 772,1355 772,1355 772,1352 776,1348 776,1338 777,1337 779,1337 780,1336 783,1336 785,1339 785,1347 786,1347 832,1347 833,1346 834,1347 853,1347 854,1348 857,1348 858,1349 891,1349 892,1350 894,1350 895,1351 896,1351 898,1353 898,1354 898,1355 899,1356 899,1358 900,1358 912,1358 913,1360 913,1362 914,1363 913,1364 913,1365 911,1367 899,1367 894,1372 889,1372 888,1371 869,1371 868,1370 831,1370 830,1369 784,1369 781,1372 781,1373 780,1374 780,1375 779,1376 779,1377 778,1378 776,1378 775,1377 751,1377 750,1376 749,1376 748,1376 748,1370 748,1369 724,1369 723,1368 647,1368 646,1367 622,1367 621,1368 621,1381 621,1381"/><TextEquiv index="1"><Unicode>fraîche &amp; vraiment appétiſſante, je rece-</Unicode></TextEquiv></TextLine><TextLine id="r4_l028"><Coords points="692,1425 683,1425 681,1424 681,1415 681,1414 650,1414 649,1413 616,1413 615,1414 572,1414 571,1415 570,1414 553,1414 552,1413 518,1413 514,1413 512,1415 478,1415 477,1414 460,1414 434,1414 433,1415 432,1414 402,1414 385,1414 384,1415 382,1415 381,1414 361,1414 359,1412 330,1412 328,1414 327,1414 326,1415 319,1415 318,1414 286,1414 282,1414 281,1415 278,1415 277,1414 243,1414 241,1412 213,1412 211,1414 200,1414 199,1415 198,1415 197,1416 177,1416 176,1415 156,1415 155,1414 153,1414 150,1412 150,1405 149,1404 149,1401 149,1400 145,1400 142,1398 142,1397 141,1396 141,1395 142,1394 152,1394 153,1393 191,1393 191,1393 191,1386 192,1385 192,1384 194,1382 197,1382 198,1384 198,1392 199,1392 211,1392 212,1393 213,1393 214,1394 242,1394 243,1393 246,1393 246,1393 246,1385 247,1384 247,1383 248,1382 252,1382 254,1380 255,1380 256,1381 257,1381 257,1382 257,1383 258,1383 290,1383 291,1382 292,1382 293,1381 294,1381 295,1380 308,1380 309,1381 310,1381 310,1382 310,1393 311,1393 352,1393 353,1392 391,1392 391,1392 391,1387 392,1386 392,1384 393,1383 394,1383 396,1381 400,1381 400,1382 400,1383 401,1384 401,1392 402,1392 417,1392 418,1393 449,1393 450,1392 451,1392 452,1391 461,1391 461,1391 461,1382 462,1381 466,1381 467,1382 468,1382 468,1383 468,1392 469,1392 543,1392 544,1391 547,1391 547,1391 547,1382 548,1381 549,1381 550,1380 555,1380 556,1381 579,1381 579,1382 579,1391 580,1391 611,1391 611,1391 611,1386 612,1385 612,1383 614,1381 620,1381 620,1382 620,1391 621,1391 682,1391 682,1391 682,1382 684,1380 687,1380 688,1382 688,1391 689,1391 717,1391 718,1392 783,1392 784,1391 784,1388 787,1385 787,1384 788,1383 789,1383 790,1382 791,1382 793,1380 799,1380 801,1383 801,1392 802,1392 852,1392 853,1393 868,1393 869,1394 905,1394 906,1393 909,1393 909,1394 909,1395 911,1396 914,1396 914,1397 914,1415 913,1416 913,1417 913,1417 912,1417 911,1418 910,1417 882,1417 881,1418 881,1419 881,1419 880,1419 879,1419 879,1417 879,1416 850,1416 849,1415 783,1415 782,1414 750,1414 737,1414 736,1415 734,1415 733,1414 695,1414 694,1415 694,1424 693,1425 693,1426 693,1426"/><TextEquiv index="1"><Unicode>vois d'elle volontiers des lumieres ſur tout</Unicode></TextEquiv></TextLine><TextLine id="r4_l029"><Coords points="860,1471 519,1471 518,1470 214,1470 213,1471 211,1471 210,1470 209,1470 207,1469 207,1462 207,1461 158,1461 157,1460 154,1460 153,1459 151,1459 148,1457 148,1456 148,1455 146,1455 145,1454 144,1454 140,1451 140,1449 141,1448 141,1446 142,1445 144,1445 145,1444 145,1443 146,1442 149,1442 150,1441 151,1441 152,1440 153,1440 154,1439 160,1439 161,1438 206,1438 207,1437 245,1437 245,1437 245,1431 246,1430 246,1429 249,1426 621,1426 622,1425 625,1425 626,1424 674,1424 675,1423 678,1423 679,1424 680,1424 681,1425 692,1425 694,1427 798,1427 799,1428 811,1428 811,1429 811,1430 812,1430 894,1430 894,1431 894,1440 895,1440 906,1440 907,1441 913,1441 914,1443 913,1444 912,1444 911,1445 911,1461 911,1461 909,1461 907,1463 862,1463 861,1464 861,1472 861,1472"/><TextEquiv index="1"><Unicode>ce qui concemoit ce pays de fées. „Je vois</Unicode></TextEquiv></TextLine><TextLine id="r4_l030"><Coords points="326,1517 325,1516 189,1516 188,1516 188,1506 188,1505 151,1505 148,1503 148,1493 148,1492 147,1492 144,1490 144,1488 142,1486 143,1485 149,1485 150,1484 157,1484 157,1484 157,1483 158,1482 176,1482 176,1482 176,1476 178,1474 179,1474 180,1473 371,1473 371,1473 371,1472 373,1470 754,1470 755,1469 756,1469 757,1468 758,1470 758,1471 759,1471 768,1471 770,1473 810,1473 810,1474 810,1475 812,1476 830,1476 831,1478 831,1482 832,1482 878,1482 880,1484 884,1484 885,1485 904,1485 905,1486 907,1486 908,1487 909,1487 911,1490 911,1491 912,1492 912,1495 911,1496 911,1503 908,1506 906,1506 905,1507 808,1507 807,1508 807,1509 803,1513 803,1514 803,1514 708,1514 707,1515 707,1516 707,1516 704,1516 703,1516 703,1514 703,1513 336,1513 335,1514 335,1515 333,1517"/><TextEquiv index="1"><Unicode>“beaucoup de jeuneſſe ici, lui dis-je une</Unicode></TextEquiv></TextLine><TextLine id="r4_l031"><Coords points="444,1561 443,1560 395,1560 394,1560 394,1559 394,1558 255,1558 254,1558 254,1552 254,1551 154,1551 152,1549 151,1549 149,1548 149,1534 149,1533 147,1533 144,1531 144,1529 145,1528 151,1528 151,1528 151,1527 152,1526 160,1526 161,1525 182,1525 183,1524 183,1522 184,1521 184,1519 187,1516 219,1516 220,1517 560,1517 560,1517 560,1516 561,1515 562,1515 563,1514 781,1514 782,1513 785,1513 787,1515 855,1515 856,1516 862,1516 863,1518 863,1520 864,1520 902,1520 902,1521 902,1524 903,1525 903,1529 904,1529 909,1529 909,1530 909,1531 910,1532 910,1541 911,1542 910,1543 910,1546 909,1547 909,1548 908,1549 907,1549 906,1550 821,1550 820,1551 820,1553 814,1559 744,1559 743,1560 739,1560 738,1561"/><TextEquiv index="1"><Unicode>“fois; tout y porte à la volupté; ſans</Unicode></TextEquiv></TextLine><TextLine id="r4_l032"><Coords points="770,1603 769,1603 769,1602 767,1600 767,1599 767,1598 758,1598 757,1597 606,1597 605,1598 605,1603 605,1603 592,1603 590,1602 590,1597 590,1596 497,1596 496,1597 496,1598 494,1600 494,1601 493,1602 493,1603 493,1603 483,1603 481,1602 481,1598 481,1597 452,1597 451,1596 373,1596 372,1595 261,1595 260,1594 145,1594 144,1595 144,1596 144,1596 143,1596 141,1598 140,1598 139,1599 137,1598 137,1597 138,1596 138,1595 139,1594 139,1576 141,1574 145,1574 146,1573 147,1573 148,1572 149,1572 150,1571 157,1571 158,1570 181,1570 182,1569 185,1569 185,1569 185,1564 186,1563 186,1562 189,1559 193,1559 195,1562 195,1569 196,1569 288,1569 288,1569 288,1564 290,1562 291,1562 292,1561 293,1561 294,1560 296,1560 297,1562 297,1563 298,1563 307,1563 308,1564 309,1564 309,1565 309,1566 310,1567 310,1572 311,1572 322,1572 323,1573 474,1573 474,1573 474,1566 476,1564 550,1564 554,1560 560,1560 561,1561 562,1561 564,1564 564,1568 565,1569 565,1572 566,1572 687,1572 687,1572 687,1564 688,1563 688,1562 689,1561 695,1561 695,1562 695,1571 696,1571 789,1571 790,1572 879,1572 879,1572 879,1566 880,1565 880,1564 882,1562 882,1561 883,1560 895,1560 895,1560 895,1554 897,1552 898,1552 899,1554 899,1556 900,1557 900,1560 901,1561 901,1567 902,1568 902,1569 903,1569 904,1570 916,1570 916,1571 916,1592 918,1594 918,1595 919,1596 919,1598 919,1598 915,1598 914,1599 914,1601 914,1601 848,1601 847,1602 846,1602 845,1603"/><TextEquiv index="1"><Unicode>“doute l'amour n'y eſt pas étranger,</Unicode></TextEquiv></TextLine></TextRegion></Page></PcGts>