1116 1854
202 100 265 143 L
198 146 985 201 “l'on y goûte même quelques-uns de ſes
198 198 967 244 “plaiſirs? -- On les goûte tous, me
198 239 965 291 “répondit-elle. Cette paſſion, qui eſt ſi
197 286 964 332 “profane dans l'autre monde, où l'on ne
198 332 965 379 “deſire que des délices charnels, s'épure
197 376 974 424 “dans celui-ci, où l'on ne ſe propoſe que
199 419 974 467 “des voluptés ſpirituelles. C'eſt une pure
201 469 983 511 “union des ames; mais comme nous avons
201 510 965 559 “l'apparence d'un corps, qui ſemble même
200 557 971 603 “palpable, ainſi que vous devez l'obſerver,
200 600 965 647 “nous éprouvons des ſenſations qui reſſem-
199 645 966 694 “blent parfaitement aux plaiſirs ſenſuels
199 691 975 744 “& matériels que nous pourrions goûter
198 734 964 790 “dans l'autre vie; & plus nous avons ſu,
202 780 968 828 “pendant notre pélermage, nous priver
203 826 964 873 “de ces plaiſirs alors défendus, plus nous
202 869 968 917 “en jouiſſons dans ce ſéjour, où ils ſont
204 913 969 962 “épurés & permis. -- Mais, lui dis-je,
204 961 967 1005 “les prêtres doivent être malheureux ici;
204 1004 983 1052 “parce qu'enfin, il eſt dans la nature qu'ils
205 1050 988 1095 “deſirent des voluptés que vous leur refu-
205 1092 982 1141 “ſez ſans doute, puiſqu'ils ont un corps?
207 1139 988 1186 “D'ailleurs ils ſont trop honnêtes. --
207 1184 971 1230 “Point du tout, répondit-elle, ils ſont
207 1227 988 1277 “ici cenſés tout eſprit; tous les plaiſirs
208 1273 988 1321 “ſont purs pour eux, comme pour nous;
209 1318 972 1366 “& nous nous ferions un très-grand ſcru-
210 1363 974 1408 “pule de les leur refuſer. D'ailleurs, ne
211 1408 974 1453 “ſont-ils pas ici nos rois? Leur royaume
211 1452 974 1497 “n'eſt pas de la terre, il eſt de ce monde-ci.
212 1496 974 1544 “Leur pouvoir eſt de l'ordre ſpirituel;
211 1541 976 1598 purs eſprits, nous leur devons l'obéiſſance
