1116 1854
717 1588 830 1640 D
103 146 988 202 “comme nous, ce ſont de petits amours
103 199 987 248 “qui diſparoiſſent; je ne ſais ce qu'ils
103 245 987 293 “deviennent. Sans doute ces eſprits épurés
103 289 987 344 “vont prendre une nouvelle exiſtence parmi
103 333 987 385 “les vivants, & former ce qu'on appelle
103 378 987 428 “de grands hommes. De là viennent pro-
103 423 987 473 “bablement la plupart de nos prêtres.“
103 465 987 521 Cette croyance de ma dévote étoit plaiſante;
103 514 987 563 mais j'ai ſu depuis que ces coquins enle-
103 560 987 609 voient ces enfants dans leur bas-âge, &
102 603 987 654 qu'ils les vendoient, auſſi-bien que ceux
102 646 986 698 qui naiſſoient d'eux-mêmes, à des étrangers
102 695 986 744 qui en faiſoient leurs valets; de ſorte que
102 741 986 789 ces petits demi-dieux, qui devoient occuper
102 784 986 833 tous les trônes du monde, étoient des mar-
102 829 986 878 mitons dans les cuiſines des hommes. Les
102 875 986 923 prêtres n'élevoient que les jeunes filles qui
102 921 986 969 promettoient d'être les plus jolies: en
102 965 986 1018 général, il n'y avoit que de la jeuneſſe
102 1011 986 1060 dans ce riant ſéjour. On y gardoit tout au
101 1056 986 1111 plus quelques vieilles ſibylles, pour avoir
101 1101 985 1153 ſoin des jeunes filles. Pour les autres fem-
101 1146 985 1196 mes, dès qu'elles étoient un peu mûres, on
101 1191 985 1243 les faiſoit reſſuſciter; c'eſt-à-dire qu'on les
101 1236 985 1288 renvoyoit chez les vivants, où elles racon-
101 1281 985 1330 toient, juſqu'à leur dernier moment, toutes
101 1326 985 1389 les belles choſes qu'elles avoient vues tandis
101 1372 567 1431 qu'elles étoient mortes.
101 1406 985 1467 Ma dévote ſe paffionnoit continuelle-
101 1460 985 1512 ment en me rapportant ces détails. Elle
101 1506 985 1556 me fit entendre que, ſi je daignois l'hono-
100 1549 985 1598 rer, elle ſeroit très-reconnoiſſante, & qu'elle
890 110 971 146 Le.
