1116 1854
175 96 258 124 Le
194 139 978 189 porteroit avec plaiſir une nouvelle marque
197 183 967 232 de dignité de ma part. Je ne pus me diſ-
191 230 971 277 penſer de faire pour elle une nouvelle
196 273 790 322 infidélité à ma chere Almanzine.
241 318 962 367 Il étoit défendu de monter au haut des
172 366 962 413 rochers qui entouroient cet Eden, ſous
191 410 957 458 peine de retourner ſur le champ dans l'au-
197 455 962 504 tre monde; & il n'y avoit pas d'exemple
194 501 961 547 que perſonne eût jamais enfreint cette dé-
195 545 985 592 fenſe. Ce bienheureux obſtacle ne ſervit
174 590 959 640 qu'à me donner la curioſité de voir ce
184 634 959 682 qu'on ne vouloit pas qui fût vu. Je montai
193 678 958 727 donc aux ſommets interdits; mais, pour
194 724 960 771 n'être pas découvert, je choiſis un endroit
191 767 958 817 où perſonne ne pût me découvrir. J'eus
190 814 961 863 beaucoup de peine à parvenir à la cime
190 858 962 907 deſirée. Le chemin étoit impraticable. Je
161 904 958 952 ne crois pas que, parmi ce peuple de morts,
168 949 956 1001 il y en eût un ſeul aſſez ingambe pour
187 991 953 1041 monter là. Ainſi la défenſe étoit faite pour
187 1039 956 1087 être obſervée. Au ſommet, le ſpectacle
187 1083 951 1130 étoit admirable. La mer baignoit de trois
186 1128 965 1176 côtés le pied des montagnes. Du quatrieme
183 1173 952 1220 côté, il y avoit un foſſé profond, ou plu-
168 1216 952 1266 tôt un abyme qui ſéparoit ces monts d'une
185 1263 951 1312 plaine fort agréable, terminée par d'autres
183 1310 949 1357 montagnes, au-delà deſquelles j'ignore ce
180 1355 947 1401 qu'on trouvoit. La nature & l'art avoient
178 1398 946 1447 travaillé à rendre le roc perpendiculaire
178 1441 945 1491 du côté de la mer; ce ſéjour étoit donc
176 1488 945 1537 bien exactement fermé, & il eût fallu des
145 1531 944 1583 ailes pour s'en échapper. Etoit-ce la pointe
