1116 1854
183 147 955 197 manda où j'avois été pendant mon éclipſe.
183 194 954 242 Je lui confeſſai bonnement que j'avois mon-
186 238 954 285 té ſur les montagnes. „Bon Dieu! s'écria-
186 284 953 330 “t-elle en frémiſſant;“ & ſon pere ſou-
153 328 954 375 rit. Je dis à mon amante que le ſpectacle
187 371 955 420 que j'avois vu étoit la plus belle choſe du
185 418 956 465 monde, & que je voulois l'y mener. Elle
187 463 956 508 frémit encore. „ Et que crains-tu, lui dit
186 505 954 554 “ſon pere? la peine portée contre qui
186 550 954 594 “enfreint la défenſe, eſt de retourner à la
186 598 954 642 “vie. N'y veux-tu pas retourner? --
188 640 952 688 “Pourquoi ne pas reſter ici, répondit-
185 686 958 733 “elle, ſi mon cher Merveil y veut reſter
189 731 956 778 “avec moi? -- Non, lui dis-je, ma
187 775 962 823 “chere princeſſe: il faut que je repaſſe
188 819 957 868 “dans le ſéjour des vivants. -- Je vous y
188 864 949 911 “ſuivrai donc, reprit-elle en ſoupirant.“
190 910 956 958 Après cela il ne nous fut pas difficile, entre
188 954 958 1002 le roi & moi, de l'engager à voir le haut
190 998 956 1047 des monts. Il nous le fut beaucoup plus
189 1042 964 1090 de la hiſſer juſques-là; mais nous fûmes
186 1087 957 1136 bien récompenſés de cette peine, par le
190 1130 958 1181 plaiſir de la voir abymée dans l'extaſe, à la
170 1177 960 1225 vue de ce ſpectacle immenſe. Qu'on ſe fi-
187 1221 958 1271 gure l'effet qu'il devoit produire ſur une
189 1266 963 1314 perſonne qui avoit paſſé toute ſa vie dans
190 1313 436 1358 un ſouterrain.
236 1356 957 1403 Je me plaiſois à obſerver les démarches
188 1400 955 1448 des prêtres, & je découvris bientôt com-
176 1447 956 1485 ment ils alloient & revenoient d'un monde
189 1490 955 1540 à l'autre, ſelon l'idée de ces bonnes gens.
186 1536 960 1584 Is ne le faiſoient guere de jour. Le reſ-
178 99 247 140 a
