1116 1854
176 133 989 185 tour de moi, des cris épouvantables. J'ap-
179 181 960 230 percus pluſieurs figures effrayées qui ſe
182 227 962 271 ſauvoient ſous des cavernes, & je recus
184 272 959 319 bientôt ſur les mains un grand coup de
181 317 958 365 chapeau, qui fit tomber ma lumiere &
181 361 958 409 l'éteignit. Je conjecturai que ce coup venoit
179 406 957 454 d'un prêtre; & que les ombres effrayées,
183 450 957 499 que j'avois appercues, étoient des habi-
185 498 956 546 tants de ce que j'ai appellé le Tamner ou
184 543 405 589 purgatoire.
225 585 960 635 Parmi ces figures épouvantées, j'en avois
187 634 959 679 diſtingué une charmante, qui ne pouvoit
187 677 956 725 appartenir qu'à ma chere Tatonille. La
160 723 956 768 voix touchante que je lui avois connue ne
188 767 956 815 devoit aller qu'avec ce joli viſage; je crus
188 811 978 854 même reconnoître cette voix chérie, dans
189 858 958 903 le cri qu'elle pouſſa. Je m'avançai vers
190 903 957 946 elle à tâtons, & je la rejoignis; elle trem-
189 945 983 993 bloit de tous ſes membres. „Ne craignez
178 991 955 1037 “rien, lui dis-je, ma chere Tatonille
187 1035 955 1085 “Votre cœur ne vous dit-il point qui je
191 1080 954 1122 “ſuis?“. Elle me reconnut à la voix.
188 1125 949 1172 “Eſt-ce vous, dit-elle, mon cher Merveil?“
188 1169 954 1215 & elle me ſerra la main. Je la preſſai dans
189 1216 955 1259 mes bras, & je l'embraſſai. „Mais eſt-ce
162 1260 954 1307 “vous, reprit-elle, qui venez de nous
188 1303 956 1351 “cauſer cette ſenſation épouvantable, qui
187 1349 986 1397 “a affecté ſi vivement mes yeux? Eſt-ce
189 1394 985 1441 “là ce que vous appellez voir? Eſt-ce là
188 1439 954 1486 “ce nouveau ſens dont je n'avois aucune
188 1483 994 1532 “idée? -- Oui, vous avez vu, lui dis-je,
187 1528 950 1580 “ma chere Tatonille, & c'eſt moi qui
