1116 1854
882 117 939 159 s
155 165 941 216 “vous ai apporté la lumiere. .- Mais êtes-
161 211 936 260 “vous, reprit-elle, un eſprit céleſte ou
162 255 935 302 “infernal? -- Je viens, lui répondis-je,
160 302 942 349 “de ce que vous appellez le ciel, pour
159 347 938 391 “vous y conduire: ſuivez moi.“ Elle
158 391 935 439 me ſuivit. Je n'avois pas perdu mon fil;
157 436 943 483 il me ſervit de guide pour la conduire
160 479 937 522 vers l'Eliſée. Je marchai à tâtons & très-
164 526 939 571 doucement, de peur de tomber dans le
164 567 966 618 foſſé qui n'étoit pas loin. „Rangez-vous
164 615 931 659 “derriere moi, lui dis-je, ſinon vous
165 660 939 706 “pourriez faire un ſaut terrible. -- Parlez-
164 704 976 751 “vous, répliqua-t-elle, du pas inſurmon-
165 750 940 797 “table? (c'eſt ainſi qu'elle appelloit le
165 793 934 842 “foſſé.) Je vous conduirai juſqu'au bord;
167 840 967 886 “mais on ne peut aller au-delà“ Je con-
169 885 940 931 cus que ces bonnes gens qui n'avoient pas
167 928 941 976 vu l'autre bord, quoiqu'il fût ſi voiſin,
168 974 975 1021 devoient ignorer qu'il exiſtât, & n'être pas
169 1019 940 1066 tentés de faire le ſaut. Elle m'y conduiſit
168 1064 938 1107 leſtement, comme ſi elle eût vu clair, &
167 1108 978 1154 s'arrêta juſtement ſur le bord, en diſant:
168 1153 939 1198 nous y voilà. Je trouvai aifément la planche.
171 1198 941 1245 Je prends ma petite aveugle ſous mon bras;
168 1243 939 1288 je paſſe le foſſé, & bientôt nous arrivons
160 1287 944 1334 au bout de cet obſcur chemin. Je mets
172 1331 941 1379 la main ſur les yeux de Tatonille, afin
170 1377 941 1424 qu'elle ne voie le jour que quand elle
171 1421 942 1468 ſera dehors. Je la fais entrer enfin dans
170 1466 942 1518 l'Eliſée; je leve ma main, & je lui donne
175 1510 395 1554 la lumiere.
171 1546 947 1607 Elle eut le malheur que le ſoleil lui
