1116 1854
164 166 952 214 batit à plomb ſur les yeux dans ce mo-
165 210 945 255 ment fatal; elle tomba évanouie: cela étoit
166 254 942 303 naturel; & j'aurois dû le prévoir. Une
163 300 963 349 perſonne qui n'a jamais vu le jour, doit ſe
166 344 940 389 touver en effet dans un terrible état, à
168 388 935 438 l'aſpect ſubit de ce déluge de lumiere. Me
163 435 937 482 reprochant ma précipitation, je pris la
167 477 945 525 chere enſant dans mes bras, je la portai àu
165 525 945 571 fond d'une petite grotte ſombre, tapiſſée
168 570 938 608 de verdure. Je la fis revenir à elle-même.
176 612 942 660 Où ſuis-je? s'écria-t-elle. Quel embra-
167 658 940 705 “ſement m'a frappé les yeux?“ Elle étoit
167 702 941 747 reſtée dans un tremblement convulfif, &
166 748 935 794 fermoit ſes paupieres de toutes ſes forces.
173 793 943 838 Ah! ma chere ame, lui dis-je tendre-
166 839 941 885 “ment, ne vous alarmez pas. -- Ah!
165 879 941 929 “cruel, me répondit-elle, vous avez juré
166 927 936 973 “ma mortl que vous ai-je fait? - Ma
166 970 941 1019 “chere Tatonille, lui répondis-je, vous
164 1018 935 1063 “ne me rendez pas juſtice; je ne veux
167 1063 936 1108 “que votre bonheur. -- Et vous voulez
166 1106 941 1152 “me brûler vivel reprit-elle. Vous m'avez
166 1148 941 1197 “tranſportée dans les enfers. . Non, re-
165 1198 940 1243 “patis-je, ce que vous avez pris ſans
167 1241 940 1288 “doute pour du ſeu, n'eſt que la lumiere
167 1284 938 1335 “du ſoleil dont je vous ai parlé, qui a pu
165 1330 937 1379 „bleſſer vote vue, parce qu'elle n'y eſt
166 1373 938 1421 “pas accoutummée; mais je viens de vous
164 1418 938 1468 “éloigner de cet aſtre éblouiſſant; & do-
169 1463 936 1512 “rénavant, je ne vous ferai voir le jour
169 1512 936 1559 “que par degrés, & de maniere à ne pas
164 1554 936 1605 “farguer vote vue. Vous êtes à préſent
150 110 228 152 sse
