<PcGts xmlns="http://schema.primaresearch.org/PAGE/gts/pagecontent/2017-07-15" xmlns:xsi="http://www.w3.org/2001/XMLSchema-instance" xsi:schemaLocation="http://schema.primaresearch.org/PAGE/gts/pagecontent/2017-07-15 http://schema.primaresearch.org/PAGE/gts/pagecontent/2017-07-15/pagecontent.xsd"><Metadata><Creator/><Created>2020-09-16T10:02:17</Created><LastChange>1970-01-01T00:00:00</LastChange><Comments/></Metadata><Page imageFilename="0093.png" imageHeight="1854" imageWidth="1116"><ReadingOrder><OrderedGroup id="g1"><RegionRefIndexed index="0" regionRef="r1"/><RegionRefIndexed index="1" regionRef="r2"/></OrderedGroup></ReadingOrder><TextRegion id="r1" type="page-number" orientation="-2.0"><Coords points="847,120 844,122 843,122 843,123 842,125 842,126 841,127 841,142 840,143 840,152 841,154 841,156 842,157 842,158 844,161 863,161 864,162 864,171 866,173 900,173 901,172 902,172 904,170 904,169 907,166 907,164 909,162 909,159 910,158 910,157 911,156 911,155 913,154 913,152 914,151 914,150 915,149 915,147 916,146 916,143 917,142 917,132 916,130 894,130 893,129 893,125 891,122 889,122 888,121 887,121 886,120"/><TextEquiv><Unicode/></TextEquiv><TextLine id="r1_l001"><Coords points="840,127 918,130 916,176 839,173"/><TextEquiv index="1"><Unicode>t</Unicode></TextEquiv></TextLine></TextRegion><TextRegion id="r2" type="paragraph" orientation="-0.125"><Coords points="107,1629 107,168 947,168 947,1629"/><TextEquiv><Unicode/></TextEquiv><TextLine id="r2_l001"><Coords points="947,223 946,222 946,214 946,214 534,213 533,214 533,219 531,221 523,221 521,219 521,211 521,211 107,210 107,211 107,220 107,220 106,220 107,210 107,209 140,209 141,209 141,208 140,207 140,188 141,186 189,186 190,186 190,179 193,175 194,175 195,174 640,175 641,174 643,174 644,173 880,174 881,173 881,168 881,168 949,168 950,168 949,222 949,223"/><TextEquiv index="1"><Unicode>“dans un endroit à peine éclairé: ouvrez</Unicode></TextEquiv></TextLine><TextLine id="r2_l002"><Coords points="244,266 243,265 107,265 106,265 106,221 107,220 199,220 200,221 680,222 681,221 682,221 683,220 685,220 686,221 738,221 739,222 949,223 949,223 949,266 949,267 650,266 649,266 649,265 649,264 352,264 351,265 250,264 249,265 248,265 247,266"/><TextEquiv index="1"><Unicode>“les yeux, ma chere. -- Plutôt mourir</Unicode></TextEquiv></TextLine><TextLine id="r2_l003"><Coords points="947,313 946,312 946,302 946,302 821,302 820,301 424,300 423,300 423,309 423,310 422,310 421,311 412,311 410,309 410,308 410,308 107,307 107,308 106,308 106,266 107,265 402,266 404,264 409,264 410,265 579,265 580,266 949,267 949,267 949,312 949,313"/><TextEquiv index="1"><Unicode>“cent fois, répondit-elle vivement.“ Et</Unicode></TextEquiv></TextLine><TextLine id="r2_l004"><Coords points="719,362 716,360 716,356 716,355 650,355 647,353 647,346 647,345 317,345 316,345 316,347 315,348 315,350 314,351 314,352 312,355 311,355 310,356 309,356 308,357 307,357 306,356 232,355 229,352 107,352 106,352 106,309 107,308 607,309 607,310 606,311 607,311 744,311 745,312 949,313 949,313 949,357 949,358 724,357 723,358 723,360 721,362"/><TextEquiv index="1"><Unicode>elle appuya ſa main ſur ſes paupieres avec</Unicode></TextEquiv></TextLine><TextLine id="r2_l005"><Coords points="947,401 946,400 946,396 946,396 900,396 899,397 898,397 897,398 893,398 892,397 892,390 892,390 835,390 834,390 834,397 832,400 830,400 829,401 826,401 825,400 824,400 823,399 823,389 823,389 754,388 753,389 753,399 753,399 752,399 751,400 745,400 744,399 743,399 741,398 741,390 741,389 699,389 698,388 616,388 615,389 615,398 615,398 614,398 613,399 605,399 604,399 604,398 603,397 603,395 603,394 558,394 557,395 557,396 556,397 555,397 554,398 552,396 524,396 522,394 522,389 522,389 430,389 429,389 429,397 428,399 427,399 426,400 421,400 419,398 419,397 418,396 418,389 418,389 329,389 328,390 243,389 242,388 233,388 232,387 197,387 196,386 140,386 139,387 139,398 139,398 107,398 106,398 106,353 107,352 107,353 107,354 107,354 183,354 184,353 185,353 186,354 188,354 189,355 201,355 202,357 202,365 203,365 220,365 221,366 261,366 261,366 261,361 262,360 262,359 264,357 268,357 269,359 269,367 270,367 309,368 310,367 312,367 313,366 314,367 315,367 316,368 317,368 318,369 318,370 319,371 319,378 320,379 365,379 365,378 365,358 366,358 369,358 370,357 371,357 372,356 380,356 381,357 381,366 382,367 460,367 460,366 460,357 462,356 496,356 498,358 498,378 499,379 551,379 551,379 551,372 552,371 552,370 554,368 554,360 555,359 555,358 556,357 557,357 558,356 561,356 563,359 563,366 564,366 617,366 618,365 626,365 626,365 626,359 629,356 630,356 631,355 634,355 635,357 635,366 636,366 685,366 686,365 687,366 755,366 756,365 803,366 803,365 803,364 804,363 804,362 806,360 806,359 811,355 813,355 814,354 817,354 818,355 820,355 821,356 821,366 822,367 835,367 836,368 868,368 869,369 871,369 874,372 874,373 875,374 875,382 876,383 946,383 946,382 946,358 947,358 949,358 949,358 949,400 949,401"/><TextEquiv index="1"><Unicode>obſtination. Je priai, je pleuram preſque,</Unicode></TextEquiv></TextLine><TextLine id="r2_l006"><Coords points="946,448 946,447 946,436 946,436 812,436 811,436 811,442 809,444 802,444 802,444 802,445 801,446 783,446 783,445 783,435 783,435 554,434 553,435 553,442 551,443 549,443 548,444 512,444 512,443 512,434 512,434 323,434 322,435 238,434 237,433 236,433 235,432 206,432 205,431 138,431 137,432 137,433 136,434 136,435 135,436 135,437 133,439 107,439 107,440 107,443 106,443 106,443 106,399 107,398 187,398 189,400 221,400 222,401 304,402 305,401 306,401 307,400 370,400 371,399 375,399 376,400 377,400 378,401 444,401 445,400 447,402 447,410 448,411 576,411 577,410 589,410 590,409 594,409 595,408 597,408 597,408 597,403 599,401 602,401 603,400 605,403 605,410 606,410 616,410 617,411 695,411 696,410 725,410 725,410 725,403 728,400 732,400 734,403 734,410 735,410 834,411 834,410 834,406 837,404 866,404 868,402 881,402 882,401 949,401 949,401 949,447 948,448"/><TextEquiv index="1"><Unicode>je lui baiſai ſes cheres petites mains qu'elle</Unicode></TextEquiv></TextLine><TextLine id="r2_l007"><Coords points="946,491 945,490 718,489 715,486 326,486 324,488 175,487 174,488 173,487 106,487 106,487 106,444 106,443 516,444 517,445 802,446 803,446 803,447 803,448 948,448 949,448 949,490 948,491"/><TextEquiv index="1"><Unicode>avoit très-jolies. Enfin j'obtins qu'elle ou-</Unicode></TextEquiv></TextLine><TextLine id="r2_l008"><Coords points="345,535 344,534 343,534 341,532 106,531 106,531 106,488 106,487 107,488 512,489 513,488 640,488 641,489 710,489 711,490 948,491 949,491 949,534 948,535 946,535 945,534 773,534 772,532 772,531 771,530 771,525 770,525 697,524 696,523 356,523 356,523 356,525 355,526 355,527 354,528 354,530 351,533 350,533 349,534 347,534 346,535"/><TextEquiv index="1"><Unicode>vriroit les yeux. Elle le fit. Il n'y avoit</Unicode></TextEquiv></TextLine><TextLine id="r2_l009"><Coords points="946,582 946,581 946,580 945,580 803,580 803,579 803,578 802,578 470,577 469,578 319,578 318,579 284,578 282,576 106,576 106,576 106,532 106,531 140,531 141,530 142,530 143,529 149,529 152,532 152,534 152,534 539,535 540,534 541,534 542,533 544,533 545,532 606,532 607,533 608,533 609,534 948,535 949,535 949,581 948,582"/><TextEquiv index="1"><Unicode>ſous la grotte qu'un foible jour, qu'elle</Unicode></TextEquiv></TextLine><TextLine id="r2_l010"><Coords points="946,625 946,624 946,615 945,615 877,615 876,614 862,614 861,613 705,612 704,613 703,613 702,612 327,612 326,613 265,612 264,613 263,612 107,612 107,613 107,621 106,621 106,621 106,577 106,576 107,577 107,580 107,580 287,580 288,580 287,579 285,579 285,579 285,578 419,579 420,578 507,578 508,577 582,577 583,578 690,578 691,579 876,580 878,582 948,582 949,582 949,624 948,625"/><TextEquiv index="1"><Unicode>trouvoit fort conſidérable. Elle roula ſes</Unicode></TextEquiv></TextLine><TextLine id="r2_l011"><Coords points="946,670 945,669 682,668 681,667 247,666 246,667 204,667 203,666 106,666 106,666 106,622 106,621 648,622 649,623 733,623 734,624 948,625 949,625 948,669 948,670"/><TextEquiv index="1"><Unicode>deux prunelles d'un petit air ſtupide, comme</Unicode></TextEquiv></TextLine><TextLine id="r2_l012"><Coords points="947,715 946,714 946,710 946,710 592,709 591,710 591,711 591,711 556,711 555,712 305,712 304,713 301,713 300,714 228,713 227,712 106,712 105,712 106,667 106,666 107,667 476,668 477,667 479,667 480,666 482,666 483,667 774,668 775,669 848,669 849,670 948,670 948,670 948,714 948,715"/><TextEquiv index="1"><Unicode>quelqu'un qui ne ſait pas voir. „Queſt-ce</Unicode></TextEquiv></TextLine><TextLine id="r2_l013"><Coords points="947,761 946,760 946,749 946,749 873,749 872,748 454,747 453,747 453,748 453,749 451,749 448,752 446,752 445,753 319,753 318,753 318,754 316,757 106,756 105,756 105,713 106,712 551,713 552,712 583,712 584,711 593,711 594,712 784,713 785,714 816,714 817,715 948,715 948,715 948,760 948,761"/><TextEquiv index="1"><Unicode>“que j'éprouve, me diſoit-elle? Ah! mon</Unicode></TextEquiv></TextLine><TextLine id="r2_l014"><Coords points="947,826 946,825 946,824 946,824 614,823 613,823 613,802 613,801 107,800 107,801 106,801 105,801 105,757 106,756 602,757 604,759 828,760 829,761 948,761 948,761 948,825 948,826"/><TextEquiv index="1"><Unicode>“cher Merveil! pour Dieu, ne m'aban-</Unicode></TextEquiv></TextLine><TextLine id="r2_l015"><Coords points="323,847 322,846 323,845 323,843 325,841 325,836 325,836 283,835 282,836 276,836 275,835 209,835 208,834 194,834 193,833 141,833 140,834 107,834 107,835 107,844 107,844 106,844 105,844 105,802 106,801 107,801 107,802 107,810 107,810 149,810 150,811 186,811 186,811 186,804 187,803 188,803 189,802 193,802 194,801 196,801 197,803 197,813 198,813 327,814 328,813 389,813 389,812 389,806 388,805 388,804 391,802 395,802 396,803 396,809 397,810 396,811 396,814 397,815 444,815 445,816 446,816 448,818 448,820 449,821 449,822 448,823 448,826 447,827 447,829 445,832 444,832 442,834 396,834 394,836 392,836 391,835 335,835 334,835 334,843 332,846 326,846 325,847"/><TextEquiv index="1"><Unicode>“donnez pas!“</Unicode></TextEquiv></TextLine><TextLine id="r2_l016"><Coords points="947,894 946,893 946,886 946,886 910,886 909,885 909,883 909,883 880,883 879,882 861,882 860,881 423,880 393,880 392,880 392,890 392,891 107,890 107,891 107,892 107,892 106,892 105,892 105,845 106,844 510,845 511,844 512,844 513,843 946,844 946,843 946,826 947,826 948,826 948,826 948,893 948,894"/><TextEquiv index="1"><Unicode>D'abord elle ne fixoit rien „De tout</Unicode></TextEquiv></TextLine><TextLine id="r2_l017"><Coords points="946,939 946,938 946,936 945,936 700,935 699,934 259,933 257,935 253,935 252,936 105,936 105,936 105,893 106,892 381,893 382,892 383,892 384,891 606,891 607,890 609,890 610,889 614,889 615,890 794,891 797,894 948,894 948,894 948,938 947,939"/><TextEquiv index="1"><Unicode>“ce qui me frappe, qu'eſt-ce qui eſt vous,</Unicode></TextEquiv></TextLine><TextLine id="r2_l018"><Coords points="946,983 945,982 689,981 688,980 581,980 581,980 581,971 580,970 248,969 226,969 225,970 107,970 107,971 107,981 106,981 105,981 105,981 105,937 105,936 295,936 296,935 384,936 385,935 447,935 448,934 449,935 753,935 754,934 755,934 756,934 760,934 762,936 823,936 826,939 947,939 948,939 948,982 947,983"/><TextEquiv index="1"><Unicode>“me diſoit-elle? Eſt-ce cette grande figure</Unicode></TextEquiv></TextLine><TextLine id="r2_l019"><Coords points="946,1029 946,1028 946,1014 945,1014 906,1014 904,1016 902,1016 901,1017 899,1017 898,1018 895,1018 894,1017 854,1017 853,1016 808,1016 807,1015 805,1015 804,1014 759,1014 758,1015 729,1014 728,1015 727,1014 715,1014 714,1013 666,1013 666,1014 666,1025 665,1025 661,1025 660,1024 651,1024 650,1023 649,1023 649,1023 649,1020 648,1019 610,1019 609,1020 607,1020 605,1018 605,1013 604,1012 538,1012 490,1012 489,1013 432,1013 431,1014 378,1014 378,1014 378,1023 377,1024 376,1024 375,1025 369,1025 368,1024 367,1024 366,1022 366,1013 365,1013 349,1013 349,1013 349,1025 348,1026 346,1026 346,1025 346,1013 345,1013 326,1013 325,1014 296,1013 295,1014 205,1014 205,1015 205,1023 204,1024 204,1025 203,1025 193,1025 193,1025 193,1015 192,1014 191,1014 190,1013 187,1013 186,1012 144,1012 143,1013 107,1013 107,1014 107,1024 106,1024 105,1024 105,1024 105,982 105,981 106,981 107,982 107,989 107,989 143,989 144,990 144,991 144,991 226,991 227,991 227,984 229,981 231,981 233,983 233,984 234,985 234,993 234,993 274,993 275,993 275,992 276,991 276,990 277,989 277,988 278,987 278,986 281,982 283,982 284,981 328,982 329,981 330,981 331,980 338,980 341,982 341,990 341,991 409,991 410,990 410,980 410,980 411,980 412,979 413,979 414,980 415,980 417,981 417,984 418,985 418,986 419,987 419,988 420,989 420,991 420,992 463,992 464,991 464,981 464,981 469,981 470,980 472,980 474,981 474,990 474,991 543,991 544,990 560,990 561,989 579,989 580,989 580,981 580,980 585,980 587,982 587,1000 588,1001 588,1003 588,1003 638,1003 639,1003 639,998 640,997 640,996 642,994 642,993 642,992 643,992 644,991 646,991 647,990 686,990 687,990 687,982 687,981 693,981 695,983 696,983 697,984 697,991 697,991 790,992 791,991 791,988 792,987 792,986 796,982 808,982 809,982 809,992 809,993 852,993 853,992 853,987 856,984 880,984 881,983 884,983 886,984 886,985 887,986 887,993 887,994 901,994 904,997 945,997 946,996 946,983 946,983 947,983 948,983 948,1028 947,1029"/><TextEquiv index="1"><Unicode>“qui eſt ſi près de moi, qui me ſemble</Unicode></TextEquiv></TextLine><TextLine id="r2_l020"><Coords points="946,1073 945,1072 748,1071 747,1070 661,1070 661,1070 661,1060 660,1059 287,1058 286,1059 285,1059 285,1060 285,1069 284,1069 283,1069 282,1070 105,1070 105,1070 105,1025 105,1024 513,1025 514,1024 586,1024 587,1025 814,1026 815,1027 816,1027 818,1029 947,1029 948,1029 948,1072 947,1073"/><TextEquiv index="1"><Unicode>“faire partie de moi-même? - C'eſt moi</Unicode></TextEquiv></TextLine><TextLine id="r2_l021"><Coords points="105,1116 105,1116 105,1071 105,1070 425,1071 426,1070 488,1070 489,1069 491,1069 492,1068 509,1068 510,1069 605,1069 606,1070 663,1070 664,1071 764,1072 765,1073 947,1073 948,1073 948,1116 947,1117 946,1117 946,1116 946,1115 945,1115 205,1113 204,1114 203,1114 202,1115 107,1115 106,1116"/><TextEquiv index="1"><Unicode>“qui vous embraſſe, lui répondis-je; &amp;</Unicode></TextEquiv></TextLine><TextLine id="r2_l022"><Coords points="946,1161 946,1152 946,1152 896,1152 895,1151 894,1151 893,1150 741,1149 740,1150 740,1160 740,1160 706,1160 705,1159 703,1159 702,1159 702,1158 702,1157 701,1157 700,1157 700,1155 699,1154 699,1149 699,1148 572,1148 571,1149 571,1159 571,1159 566,1159 565,1159 565,1149 565,1148 538,1148 497,1148 496,1149 290,1148 289,1149 274,1149 273,1150 194,1150 192,1152 192,1156 190,1158 189,1158 188,1159 107,1159 107,1160 105,1160 104,1160 105,1117 105,1116 185,1116 186,1115 245,1115 246,1114 247,1115 383,1116 385,1114 386,1114 387,1113 390,1113 391,1114 405,1114 406,1115 482,1115 483,1115 483,1116 484,1117 484,1124 484,1125 614,1125 615,1125 615,1116 615,1115 616,1115 617,1114 671,1114 674,1117 674,1124 674,1124 689,1124 690,1125 741,1125 742,1126 945,1127 946,1126 946,1117 946,1117 947,1117 948,1117 947,1161 947,1162"/><TextEquiv index="1"><Unicode>“je l'embraſſai. Je ne diſtingue encore</Unicode></TextEquiv></TextLine><TextLine id="r2_l023"><Coords points="946,1206 778,1206 777,1205 778,1205 946,1205 946,1204 946,1196 946,1196 596,1195 588,1195 587,1196 587,1202 586,1203 342,1203 341,1204 107,1203 107,1204 107,1205 107,1205 105,1205 104,1205 104,1161 105,1160 377,1161 378,1160 434,1160 435,1159 875,1160 877,1162 947,1162 947,1162 947,1206 947,1207"/><TextEquiv index="1"><Unicode>“rien, reprit-elle; j'éprouve des ſenſa-</Unicode></TextEquiv></TextLine><TextLine id="r2_l024"><Coords points="946,1250 946,1247 946,1247 620,1246 619,1247 557,1247 556,1247 556,1240 556,1239 190,1238 148,1238 147,1239 107,1239 107,1240 107,1249 107,1249 105,1249 104,1249 104,1206 105,1205 207,1205 208,1207 208,1213 209,1213 523,1214 523,1213 523,1207 525,1206 526,1206 527,1205 528,1205 529,1204 545,1204 546,1205 870,1206 871,1207 947,1207 947,1207 947,1250 947,1251"/><TextEquiv index="1"><Unicode>“tions toutes nouvelles pour moi.; des</Unicode></TextEquiv></TextLine><TextLine id="r2_l025"><Coords points="105,1295 104,1295 104,1250 105,1249 261,1249 262,1248 479,1249 480,1248 482,1248 483,1247 619,1247 620,1248 818,1249 818,1249 818,1250 819,1251 947,1251 947,1251 947,1295 947,1296 822,1296 821,1295 821,1293 821,1293 584,1292 583,1291 580,1291 577,1289 577,1284 577,1283 247,1282 246,1283 197,1283 196,1284 195,1284 194,1285 194,1294 194,1294 189,1294 188,1295"/><TextEquiv index="1"><Unicode>“plaiſirs d'un ordre ſupérieur, mais qui</Unicode></TextEquiv></TextLine><TextLine id="r2_l026"><Coords points="946,1341 946,1339 946,1339 335,1338 334,1339 107,1338 107,1339 105,1339 104,1339 104,1296 105,1295 264,1295 265,1294 266,1294 267,1293 269,1293 270,1292 552,1293 552,1293 552,1292 555,1289 558,1289 559,1291 559,1292 560,1292 627,1292 627,1293 627,1294 628,1294 821,1295 822,1296 947,1296 947,1296 947,1341 947,1342"/><TextEquiv index="1"><Unicode>“me frappent trop péniblement. -- Vous</Unicode></TextEquiv></TextLine><TextLine id="r2_l027"><Coords points="946,1408 946,1385 945,1385 107,1383 106,1384 104,1384 104,1384 104,1340 105,1339 107,1339 107,1340 107,1347 107,1347 603,1348 603,1348 603,1341 605,1339 607,1339 608,1338 609,1338 610,1337 612,1337 613,1338 757,1339 758,1340 831,1340 833,1342 947,1342 947,1342 947,1408 946,1409"/><TextEquiv index="1"><Unicode>“vous y accoutumerez, lui répliquai-je,</Unicode></TextEquiv></TextLine><TextLine id="r2_l028"><Coords points="104,1431 104,1431 104,1385 104,1384 445,1385 447,1383 449,1383 450,1382 455,1382 456,1383 610,1383 611,1384 695,1384 696,1385 696,1393 696,1393 754,1393 755,1395 756,1395 758,1396 758,1397 760,1400 761,1400 762,1400 762,1401 763,1402 762,1403 762,1404 757,1409 757,1410 753,1414 753,1415 751,1416 749,1416 748,1417 742,1417 741,1418 707,1418 706,1417 257,1416 256,1417 226,1417 225,1418 187,1418 186,1419 143,1419 142,1420 107,1420 107,1421 107,1431 106,1431"/><TextEquiv index="1"><Unicode>“alors vous en ferez enchantée.“</Unicode></TextEquiv></TextLine><TextLine id="r2_l029"><Coords points="104,1474 104,1474 104,1432 104,1431 304,1432 305,1431 305,1430 306,1429 307,1429 308,1428 309,1428 310,1427 475,1427 476,1428 709,1428 710,1429 945,1430 946,1429 946,1409 946,1409 947,1409 947,1472 946,1473 946,1472 946,1469 945,1469 805,1469 804,1467 804,1463 803,1463 772,1463 771,1462 592,1461 592,1462 592,1464 591,1465 591,1467 590,1468 590,1469 587,1471 586,1471 585,1472 415,1472 414,1473 406,1473 405,1471 405,1463 404,1463 210,1462 209,1463 107,1463 107,1464 107,1474 106,1474"/><TextEquiv index="1"><Unicode>A meſure qu'elle voyoit mieux, elle</Unicode></TextEquiv></TextLine><TextLine id="r2_l030"><Coords points="104,1518 104,1518 104,1475 104,1474 274,1474 275,1473 345,1474 346,1473 424,1473 425,1472 946,1473 947,1473 947,1518 946,1519 945,1518 405,1517 404,1518 255,1517 254,1518"/><TextEquiv index="1"><Unicode>avoit plus de plaiſir; &amp; à chaque inſtant</Unicode></TextEquiv></TextLine><TextLine id="r2_l031"><Coords points="104,1563 104,1563 104,1519 104,1518 311,1519 312,1518 315,1518 316,1517 572,1517 573,1516 650,1516 651,1517 751,1517 752,1518 946,1519 947,1519 947,1559 946,1560 946,1559 946,1558 945,1558 895,1558 894,1556 894,1554 893,1554 574,1553 573,1554 363,1554 363,1554 363,1563 362,1564"/><TextEquiv index="1"><Unicode>elle me donnoit un-baiſer ſi tendrement,</Unicode></TextEquiv></TextLine><TextLine id="r2_l032"><Coords points="104,1628 103,1628 104,1564 104,1563 217,1563 218,1562 328,1563 329,1562 570,1562 571,1561 590,1561 591,1560 896,1561 898,1559 903,1559 904,1558 905,1558 906,1558 906,1559 906,1560 946,1560 947,1560 947,1585 946,1586 910,1586 909,1586 910,1587 911,1587 912,1588 913,1588 913,1588 912,1589 912,1591 909,1595 908,1595 906,1596 906,1601 905,1602 905,1603 905,1604 874,1604 872,1606 871,1606 870,1607 417,1606 416,1606 416,1607 415,1609 407,1609 406,1610 149,1609 148,1610 107,1610 107,1611 107,1628 107,1628"/><TextEquiv index="1"><Unicode>qu'il fembloit que ce baiſer m'étoit appuyé</Unicode></TextEquiv></TextLine></TextRegion><ImageRegion id="r3"><Coords points="348,114 347,115 336,115 336,117 334,118 334,129 336,130 336,132 338,134 338,143 336,146 336,147 334,148 334,157 336,158 381,158 382,157 385,157 387,158 425,158 426,157 432,157 433,158 485,158 486,157 533,157 535,159 535,163 536,164 571,164 572,163 573,163 574,162 574,159 575,158 577,158 578,159 611,159 612,158 616,158 617,159 652,159 653,158 672,158 673,159 707,159 709,158 710,158 710,157 711,156 711,143 710,143 709,142 702,142 701,141 701,137 704,134 704,123 703,122 663,122 662,123 617,123 616,125 615,125 614,123 574,123 573,125 572,125 571,126 537,126 536,125 536,123 479,123 478,122 442,122 440,125 440,132 439,133 439,134 438,135 436,134 436,128 435,127 435,126 434,125 422,125 421,123 398,123 397,122 397,119 396,118 396,117 388,117 387,115 385,115 384,114"/></ImageRegion></Page></PcGts>