1116 1854
131 147 904 202 deux beautés. Je venois viſiter Tatonille
137 200 905 247 chaque ſoir; je lui portois à manger; je
106 244 904 292 la menois promener au ſoleil couchant; &
134 290 903 337 j'aidois, autant que je pouvois, les progrès
134 333 906 381 de ſa vue. Je vais raconter quelques ſcenes
136 378 906 428 que je pourrois mettre également ſur le
129 425 938 472 compte d'Almanzine, mais qui me paru-
134 469 906 516 rent plus frappantes dans ſa petite rivale,
133 514 907 560 parce qu'elle étoit encore plus neuve que
133 558 453 603 la jeune princeſſe.
185 616 910 661 Un jour il fit un vent aſſez violent; la
138 660 908 707 pauvre enfant eut une frayeur inexprima-
136 703 911 750 ble. Ah! mon cher ami, me dit - elle,
138 743 905 794 “quel eſt cet eſprit inviſible qui veut
135 793 906 840 “nous entraîner?“ Je lui expliquai ce
138 838 911 884 que c'étoit que le vent; elle fut long-
138 881 911 930 temps à s'accoutumer à ſes effets, & à ce
141 925 908 973 trouble de la nature que ſon ſouffle met en
138 985 361 1017 mouvement.
186 1029 914 1076 Le lendemain il plut: nouvelle ſurpriſe,
137 1075 909 1121 nouvelle frayeur; elle ſe etoit dans mes
140 1120 911 1161 bras: Ah! mon cher Merveil, me di-
140 1165 909 1211 “ſoit-elle, le ciel fond ſur nous; il veut
134 1222 437 1258 “nous noyer.“
176 1265 912 1314 Quelques jours après il y eut un orage.
143 1309 912 1358 Sa terreur fut au comble; les éclairs la
139 1355 910 1401 firent trembler. Mais quand le tonnerre
138 1397 921 1438 vint à rouler dans la vaſte étendue des
137 1446 908 1494 cieux, alors elle ſe jeta dans mes bras à
139 1489 914 1538 corps perdu. „O mon ami, ſauve-moi,
141 1533 925 1594 “s'écria-t-elle! Il vient, il vient le grand
836 101 918 151 te
