1116 1854
180 93 256 133 L.
195 139 977 191 les refuſer. Toutes méritoient qu'on leur
194 189 975 237 rendît hommage; toutes recurent le mien;
194 234 971 282 de ſorte que je pus regarder ce grand enclos
196 279 974 331 comme mon ſerrail; & jamais monarque
198 325 714 363 de l'Aſie n'en eut un ſi beau.
198 369 971 417 Ceux qui ont lu les Mémoires Turcs,
198 411 972 459 doivent connoître le temple de Jatab & ſes
198 458 981 505 heureux prêtres, qui jouiſſoient des prémi-
199 504 970 555 ces de toutes les vierges du canton. Je me
197 545 971 595 ſuis rappellé cent fois ce livre enchanteur
195 592 643 629 dans mon brillant Eliſée.
209 637 972 686 Je jouiſſois donc des plus heureux paſſe-
199 682 975 729 temps, mais qui n'affectoient que les ſens;
200 729 973 783 mon cœur y prenoit peu de part; car je
199 773 974 818 n'éprouvois pas un veritable amour pour
199 817 972 864 mes deux favorites; j'avois beſoin de goû-
199 862 973 909 ter les plaiſirs de l'ame. Je me trouvois
200 906 975 955 plus heureux dans la mine quand mon eſ-
202 952 973 1000 prit s'occupoit à policer le peuple Gnôme,
203 995 976 1043 & à lui enſeigner des arts que j'étois obligé
199 1042 975 1088 d'apprendre moi-même. Il n'y a rien dont
200 1085 979 1134 on ſe laſſe ſi-tôt que des plaiſirs. D'ailleurs,
201 1131 971 1178 je voyois que la jalouſie faiſoit naître quel-
201 1172 975 1224 que aigreur entre mes deux beautés. D'abord
201 1222 971 1268 elles ſe firent des amitiés exceſſives, qui me
201 1265 975 1312 donnerent un ſoupcon de la haine qu'elles
200 1308 977 1357 vouloient ſe cacher réciproquement; en-
200 1354 980 1401 ſuite cette haine parut malgré tous leurs
202 1399 976 1445 efforts. Peu-à-peu elles ſe gênerent moins
201 1444 988 1493 pour la cacher; & l'enfer alloit naître dans
202 1489 999 1536 les champs Eliſées. Je ſentis que, pour ac-
205 1533 977 1578 corder ces deux femmes, il falloit les ſé-
