1116 1854
183 142 1029 203 ne, la lumiere artificielle aſſez agréable,
183 198 1028 245 mais je ne tardai pas à ſentir que rien ne
183 242 1028 291 peut valoir le jour. Je fus bientôt ordonné
183 287 1028 335 prêtre Gnôme, avec des cérémonies plai-
183 332 1028 380 ſamment graves. Ce nouveau genre de vie
183 375 1028 429 avoit ſes agréments; j'allois preſque tous
183 422 1028 471 les jours voir ma chere Tatonille, & je me
183 468 1028 517 partageois entre les vivants & les morts.
183 510 1028 561 Cette diverfité avoit quelque choſe de pi-
183 557 1028 603 quant. D'ailleurs, une infinité de très-jo-
182 601 1028 650 lies perſonnes venoient me conſulter ſur
182 646 1027 694 leurs fautes, & mettre leur conſcience en-
182 693 1027 739 tre mes mains; cela me valoit mille at-
182 737 1027 784 tentions de leur part; & je voyois que les
182 780 1027 829 femmes ont beaucoup de dévotion pour
182 826 1027 874 leur directeur, quand il eſt jeune. Tous ces
182 872 1027 920 privileges pouvoient avoir quelques dou-
182 917 1027 963 ceurs; mais il m'étoit bien pénible d'ai-
182 961 1027 1023 der à tromper les hommes, & de fonder
182 1005 775 1059 mes plaiſirs ſur leurs erreurs.
182 1037 1027 1098 J'éprouvai dans la mine une nouvelle
181 1091 1027 1144 ſorte de volupté. Depuis mon retour, la
181 1139 1026 1189 tendre obſcurité qui régnoit dans ſes re-
181 1185 1026 1235 coins divers m'affectoit agréablement. La
181 1232 1026 1278 lumiere d'une huile plus pure que l'am-
181 1274 1026 1324 broſie, avoit ſes graces; elle répandoit ſur
181 1323 1026 1369 tous les objets un preſtige enchanteur. D'ail-
181 1365 1026 1414 leurs on étoit, dans ce ſéjour, à l'abri de
181 1410 1026 1459 l'intempérie des airs, & de l'alternative
181 1456 1026 1504 des ſaiſons. La ſituation particuliere de ce
181 1502 1026 1550 peuple lui inſpiroit des idées qui n'étoient
180 1546 1026 1597 qu'à lui, & qui donnoient un ton ſingulier
