1116 1854
829 105 914 150 L.
353 341 650 376 LETTRE
123 425 891 480 Du Gnôme Sombreval à Phoſphorine, ſon
426 493 566 538 Amante.
117 150 896 203 à ſa poéſie. En voici quelques échantillons
120 197 895 256 que j'ai traduits, & que paſſeront ceux qui
120 244 606 288 n'aiment que les aventures.
179 571 895 618 „Que fais-tu, ma chere Phoſphorine,
98 617 896 664 “ô toi, plus belle à mes yeux que la lam-
127 661 898 707 “pe d'or qui brûle dans le ſanctuaire du
127 706 896 752 “Dieu Grondinabondo, dont l'huile bal-
128 751 896 797 “ſamique répand au loin les plus ſuaves
130 796 899 843 “odeurs? La nuit me ſemble exiſter par-
131 839 928 887 “tout où tu n'es pas; & ſans toi je ne ſau-
131 884 898 927 “rois vivre. En cherchant de tous côtés la
132 928 899 977 “trace précieuſe de tes pas, je me ſuis
132 975 898 1022 “ſouvent égaré dans des cavernes profon-
132 1021 898 1068 “des, où la main des hommes, par une
132 1063 900 1112 “téméraire clarté, n'avoit point oſé vio-
132 1106 902 1157 “ler les vénérables ténebres entaſſées de-
133 1155 901 1202 “puis la création du monde. Quelle hor-
134 1200 901 1246 “reur m'environnoit! Il ſembloit que
113 1242 902 1290 “j'étois dans l'anéantiſſement, hors de
134 1289 903 1335 “l'empire de la nature. Tu approchois,
137 1334 927 1382 “le ſon de tes pas ſe cadencoit à mon
134 1379 903 1420 oreille, & t'annonçoit à mon cœur. Je
135 1422 903 1470 “reſpirois de loin ta douce haleine, plus
137 1468 904 1516 “pure que l'air oéleſte dont jouiſſent les
139 1513 904 1560 “morts bienheureux dans les régions de
137 1555 905 1606 “la lumiere. Ta timide voix percoit le
