1116 1854
247 880 1009 931 O mon cher Sombreval, enfin ta let-
178 929 1009 975 “tre heureuſe, comme l'air ouvert qu'on
201 973 1009 1021 “reſpire ſur le bord du grand fleuve, m'a
162 1018 1009 1066 “rendu l'ame & la vie. Le grand-prêtre
162 1062 1008 1113 “Profondon s'eſt emparé de ton amante;
162 1108 1008 1156 “il eſt venu me ſaiſir dans l'inſtant que je
162 1151 1008 1203 “priois, ſur les marches du ſanctuaire,
162 1197 1008 1245 “le Dieu des ſouterrains, pour l'accom-
162 1242 1008 1290 “pliſſement de nos vœux, pour notre
162 1287 1008 1334 “prompt hymen. Il m'a entraînée dans le
162 1332 1008 1379 “profond abyme, que n'a jamais vu la lu-
162 1376 1008 1424 “miere, par qui l'on voit tout. Il m'a dit
162 1420 1008 1469 “qu'il vouloit me rendre heureuſe; mais
161 1465 1008 1513 “comment puis-je l'être ſans toi? Il m'entre-
161 1511 973 1559 “tient d'un ſéjour céleſte où il veut me
161 1555 993 1611 “tranſporter, où une lampe unique, éter-
855 1600 973 1636 “nelle
186 101 261 151 “
202 157 980 210 “ſilence auguſte des ſomterrains, appel-
203 208 972 249 “lant doucement ton amant, comme la
201 254 973 299 “voix du Créateur appella mon ame à la
199 298 983 345 “vie. Je ſaiſiſſois ta douce main, que tu
200 343 967 387 “me tendois dans l'ombre. Je l'appuyois
200 387 969 433 “ſur mon cœur, qui battoit avec un ten-
201 430 971 468 “dre frémiſſement. Alors l'obſcurité ſe
202 476 970 523 “diſſipoit; je te voyois des yeux de mon
201 520 970 569 “ame, ou plutôt Pobſcurité avoit des
201 566 971 612 “charmes, que la lumiere la plus bril-
201 609 971 657 “lante ne peut égaler. Viens donc, ô ma
203 655 882 702 “chere Phoſphorine, viens conſoler
199 700 970 748 “amant qui languit loin de toi, qui ne
200 746 822 792 “peut reſpirer que dans tes bras.“
370 806 800 867 Réponſe de Phoſphorine.
