1116 1854
275 396 993 443 „O mon cher Voutondo, cœur plus
221 441 993 487 “pur que l'or qui compoſe le tabernacle
220 486 991 535 “du Dieu Grondinabondo, c'eſt à toi que
218 530 990 576 “je tends les bras, du fond de l'abyme où
218 576 988 623 “je gémis. O mon ami, tout eſt perdu
218 621 987 667 “pour moi! La belle Phoſphorine, pru-
216 665 988 711 “nelle de la nature, que le Dieu des Alfon-
216 710 989 755 “dons regardoit avec complaiſance, n'exiſte
216 756 988 802 “plus pour moi. Le grand - prêtre Pro-
217 800 990 846 “fondon l'a jugée digne de ſes embraſſe-
214 845 988 893 “ments auguſtes; honneur ſublime que je
214 890 987 938 “paie de mes larmes, & qui fait couler
214 935 985 981 “celles de mon amante! Il l'avoit enlevée
214 979 987 1026 “& renfermée dans un ſouterrain profond,
214 1023 986 1071 “ſous le ſanctuaire de notre divinité, aſyle
208 1069 987 1116 “ſacré, d'où les oracles s'élevent pour
214 1114 987 1161 “retentir à nos oreilles. Il a voulu enſuite
213 1158 987 1206 “la tranſporter dans la terre de vie, ſéjour
213 1202 985 1250 “élevé au deſſus de nos têtes, où nous ne
213 1248 985 1295 “pouvons être admis qu'après avoir été dé-
212 1292 985 1341 “pouillés de l'enveloppe fragile où languit
213 1338 986 1385 “notre ame exilée. Elle a gémi d'un projet
212 1382 984 1430 “qui faiſoit ſa gloire; elle aimoit mieux
213 1427 983 1473 “cent fois reſpirer avec moi dans les ca-
213 1472 984 1519 “vernes ſouterraines, que de jouir loin de
212 1516 982 1565 “moi de l'immortalité, dans les campagnes
211 1560 982 1612 “de l'Ether. On a daigné m'introduire au-
210 100 296 152 “e
225 161 1001 210 “gnent à mes yeux, par-tout où je ne te
230 208 441 253 “vois pas.“
314 303 899 348 Sombreval à Voutondo, ſon ami.
367 94 859 142 vti
