1116 1854
138 173 1005 228 “terre: on l'a dérobé à mes embraſſe-
139 224 1005 273 “ments, & moi je reſte ſeul ici, comme
139 270 1005 320 “la lampe ſolitaire qui brûle ſous une
139 314 1005 363 “voûte écartée, où nul mortel ne porte ſes
139 359 1005 409 “pas. Je verſe des pleurs, comme la
139 406 1005 454 “fontaine plaintive, dont l'eau filtrée au
139 452 1005 499 “travers des rochers, coule en murmu-
139 495 1005 552 “rant ſous les cavernes retentiſſantes.
139 540 1005 595 “Mais pourquoi m'affliger? Ma Phoſ-
139 584 1005 636 “phorine eſt heureuſe; elle voit le ciel à
139 631 1006 680 “découvert; elle reſpire ſous les rayons
140 676 1006 726 “de ce grand œil de la nature, dont nous
140 720 1006 771 “appercevons quelquefois l'image dans
140 765 1006 817 “notre ſanctuaire. Le pontife ſuprême,
140 809 1006 861 “dans un aſyle ſacré, l'honore de ſes ſain-
140 855 1006 907 “tes faveurs. Il jouit des appas de Phoſ-
140 901 1006 952 “phorine, qui ſont auſſi beaux que ceux
140 946 1006 995 “de ſon vrai corps, quoiqu'elle ne ſoit
140 988 1006 1040 “plus qu'une ombre légere. Hélas! c'eſt
140 1035 1006 1084 “cela même qui me tourmente. Oſerai-je
140 1080 1007 1130 “t'avouer un ſecret qui devroit être enſe-
141 1125 1007 1173 “veli dans les plus profondes abymes? Je
141 1170 1007 1218 “crois que mon ame oſe être jalouſe du
141 1214 1007 1264 “bonheur dont jouit le grand-prêtre, avec
141 1260 1007 1309 “celle de mon amante; & les plaiſirs
141 1305 1007 1352 “qu'il goûte ſont autant de coups de poi-
141 1350 1007 1398 “gnard pour mon cœur. Pardonne, ô mon
141 1393 1007 1442 “Dieu, des foibleſſes que je déplore.
141 1439 1007 1488 “Viens donc, ô cher Voutondo, viens
141 1484 1007 1533 “fortifier ma vertu & ma foi; viens con-
141 1530 1008 1587 “ſoler un ami qui n'a plus que toi dans
141 1573 528 1617 “ce monde.“
203 123 289 162 e
