1116 1854
298 1395 697 1434 Sombreval à Voutondo.
183 1487 897 1535 Applaudis-moi, mon cher Voutondo,
125 1533 897 1582 “je ſuis au comble du bonheur; puiſſe
122 90 199 122 e
122 129 894 182 “un torrent de délices, tu me pleures ſans
129 178 899 227 “doute; tu égares tes pas dans les grottes
120 224 896 273 “ſolitaires, ſur les bords les plus lointains
128 269 897 315 “du grand fleuve; tu me demandes aux
118 312 897 362 “échos caverneux, & tes gémiſſements rou-
120 360 894 395 “lent fous nos voûtes retentiſſantes: tu me
126 404 895 452 “cherches par-tout où nous avons reſpiré
127 448 894 493 “enſemble dans les jours de notre intimité:
121 491 896 539 “tu t'étends ſur ma tombe; tu échauffes
123 538 897 585 “de tes baiſers la pierre froide qui cou-
124 584 895 631 “vre mon corps; & tes jours ne ſont
122 628 899 675 “qu'une longue nuit, dont les heures pé-
122 674 898 720 “nibles ſe traînent dans le deuil. Cependant
127 717 898 764 “j'oſe jouir ſur les fleurs des plaiſirs les
126 763 899 810 “plus doux. Ah! je me les reproche, puiſ-
112 808 893 854 “que tu ne les partages pas! J'aimerois
126 852 901 898 “mieux pleurer encore avec toi, ſous nos
123 897 898 942 “cavernes ſombres, que d'être heureuſe
124 942 902 985 “loin de toi. Je te tends mes bras à tra-
125 986 899 1033 “vers les mondes qui nous ſéparent; con-
124 1032 901 1078 “ſole-toi, notre bonheur commun va bien-
126 1077 898 1122 “tôt commencer; oui, bientôt je dépoſe-
124 1121 898 1166 “rai le fruit auguſte des embraſſements du
126 1164 901 1212 “pontife, & je revolerai ſoudain vers la
119 1210 899 1257 “vie & vers toi. Adieu, mon bien aimé;
124 1255 899 1301 “mon ombre t'embraſſe; puiſſe mon baiſer
126 1300 619 1346 “ſe repoſer ſur tes levres.“
