1116 1854
859 119 920 152 Lae.
713 1588 787 1644 ss
136 151 943 209 “ma joie illimitée ſe répandre dans ton
136 206 942 254 “ame! Ma chere Phoſphorine eſt revenue
136 250 942 300 “à moi du ſéjour de la mort; je l'ai vue
136 295 942 343 “plus belle que la lumiere, plus éblouiſ-
136 340 942 391 “ſante que des millions de flambeaux,
136 385 942 435 “couronnée de ces fleurs brillantes qui
136 428 942 480 “naiſſent dans le ſéjour qu'elle a quitté;
136 475 942 524 “elle m'a tendu ſes bras en tremblant d'une
136 519 942 571 “douce joie. Je ſuis reſſuſcité avec elle;
136 564 942 614 “& le pontife ſuprême, le même qui l'a
135 610 942 657 “honorée dans l'autre monde de ſes em-
135 652 941 703 “braſſements, a daigné m'unir à elle d'un
135 698 941 750 “lien ſacré, qui me rend poſſeſſeur de
135 744 941 794 “ſes appas. Qui pourroit te décrite les plai-
135 788 941 839 “ſirs ineffables que j'ai goûtés avec elle,
135 834 941 883 “ſous les auſpices de l'hymen? Elle ſe
135 879 941 927 “vante que le grand-prêtre en a fait reſ-
135 924 941 972 “ſentir de pareils à ſon ombre, quand
135 967 941 1016 “elle étoit dans le ſéjour céleſte, & qu'elle
135 1013 941 1063 “a mis au monde un fils ſpirituel (c'eſt
134 1058 941 1109 “ſon terme) qui doit occuper ſans doute
134 1104 940 1152 “un des premiers trônes du monde. Croi-
134 1148 940 1198 “rois-tu que cette confidence indiſcrette &
134 1194 940 1243 “funeſte altere un peu, s'il eſt poſſible,
134 1238 940 1287 “le pur amour que je lui porte? Elle a
134 1283 940 1333 “beau me dire que c'eſt ſon ame ſeule
134 1328 940 1378 “qui a concu & mis au monde un fils,
134 1372 940 1423 “je trouverois ſon corps plus pur, ſi ſon
134 1418 940 1467 “ame étoit vierge. Te le dirai-je même?
134 1463 940 1511 “Ce grand-prêtre, dont on me dit que
134 1507 940 1555 “les careſſes ſont ſi honorables & méritent
133 1552 940 1602 “tant de reconnoiſſance, m'inſpire je ne
