1116 1854
161 156 937 202 feroit peut - être un tour chez eux. Ils lui
157 201 936 249 répondirent qu'il y verroit de fort belles
155 245 934 292 choſes; mais que, s'il vouloit ſe laiſſer
158 288 932 339 empoiſonner, on lui en feroit voir encore
162 335 931 383 de plus belles. En un mot, ils lui parle-
161 376 929 430 rent, ſelon les préjugés de leur religion,
157 425 931 474 qui étoient vraiment comiques. Il en rit
159 471 931 522 de tout ſon cœur. „Mes bonnes gens,
156 515 930 562 “leur dit-il, vous êtes bien drôles; mais
159 560 927 608 “il ne m'eſt pas poſſible de contracter avec
159 606 928 652 “des cerveaux comme les vôtres. Cepen-
157 652 926 698 “dant, que juger de votre nation par ſes
156 693 926 743 “députés? “Il leur écrivit une petite let-
151 740 927 788 tre qu'il leur remit, en leur diſant: „voilà
155 778 894 835 “mà réponſe, portez-la à vos maîtres.“
169 829 926 877 Cètte réponſe étoit inintelligible pour
153 875 925 922 eux. Je leur demandai, à leur retour, des
152 919 925 968 nouvelles de ce général; ils me répondi-
153 964 926 1012 rent qu'il étoit plaiſant, & qu'il diſoit
152 1010 924 1058 beaucoup de mots ſemblables à ceux que
151 1056 692 1101 je prononcois dans ma colere.
198 1100 922 1147 Les prêtres exorciſerent ſa lettre; &,
150 1145 921 1192 après l'avoir miſe ſur l'autel, la ſomme-
150 1190 921 1236 rent juridiquement de répondre, & d'ex-
148 1234 922 1281 pliquer ſon contenu; la lettre reſta muette.
150 1279 918 1328 On vouloit, pour la punir, la condamner
151 1324 920 1372 au feu; mais la vie en dépendoit; car
148 1369 919 1416 on avoit beſoin de vivres. Enfin, après
147 1413 920 1461 avoir cherché toutes ſortes de moyens, le
144 1454 921 1506 dernier dont on s'aviſa fut de s'adreſſer à
148 1504 919 1551 moi. On vint me prier de faire les opéra-
145 1548 927 1607 ons les plus efficaces pour forcer la
872 111 934 146 1o
