1116 1854
249 292 957 337 LIVRE TROISIEME.
221 101 287 135 a
219 401 276 428 L
219 405 984 468 Nous eûmes beaucoup de peine, mes
216 464 985 513 compagnons ambaſſadeurs & moi, à re-
212 507 984 557 joindre le général étranger, qui couroit
214 555 983 602 fort vîte. Enfin nous l'atteignîmes, & nous
211 598 981 638 fûmes admis dans ſon conſeil. Tout le monde
212 643 979 693 y étoit vêtu à la françoiſe; tout le monde
212 689 983 738 parloit françois. Je ne comprenois rien à cela.
211 734 982 783 Mes compagnons, qui me reſpectoient
209 781 979 827 beaucoup, s'imaginoient que mes habits
209 823 979 873 ſacerdotaux inſpiroient pour moi à ces
210 866 979 919 étrangers la plus profonde vénération; mais
210 914 979 962 à peine parus-je devant ces guerriers ſingu-
207 958 978 1008 liers, qu'il s'éleva parmi eux un rire
207 1001 976 1051 inextinguible. C'étoit à mes habits majeſ-
207 1049 975 1095 tueux que je devois ce gracieux accueil.
206 1093 974 1141 Je reconnus bien là des Francois. Il eſt vrai
204 1138 974 1185 que j'étois drôlement fagoté. J'avois des
205 1182 974 1231 cornes ſur la tête; mes bras étoient paſſés
204 1229 970 1277 dans une eſpece de culotte, & ſur-tout je
204 1274 972 1322 portois devant moi la figure d'un très-gros
201 1319 401 1365 Priape.
250 1361 971 1411 On dit au général, à notre arrivée, que
200 1407 966 1463 nous étions les députés du peuple Gnôme.
206 1453 968 1502 Oh les fous! répondit-il en nant, voyez
198 1499 967 1546 “leur accoutrement. Je le priai, dans
195 1544 968 1595 “ma langue naturelle, de ne pas faire at-
