1116 1854
866 119 928 153 L
156 162 931 209 “tention à l'habit, qui varioit toujours ſelon
156 208 931 255 les différents pays..... „Quoi! dit-il en
151 254 931 300 “m'interrompant, vous parlez notre lan-
162 298 929 343 “gue! êtes-vous François?“ Je lui répondis
154 344 931 388 quo oui. -- „Morbleu, reprit-il, il y a
162 387 927 435 “des François par-tout, juſques ſous terre.
153 429 929 478 “Mais, mon cher ami, qu'êtes-vous allé
163 477 929 524 “faire parmi ces extravagants?“ --
152 521 931 569 „Monſieur, lui répondis-je, ces gens ont
152 566 927 614 “leurs préjugés à eux comme leurs habits;
152 610 930 659 “mais dépouillez-les de cette enveloppe,
161 656 928 693 “& vous trouverez ſous cette écorce la
165 700 929 749 “même étincelle de bons ſens que chez les
149 748 928 788 “autres hommes. D'ailleurs, ils ont les
150 792 929 837 “mêmes beſoins; ils ont faim. Ils vous
148 836 922 883 “offrent de l'or, donnez-leur du pain.“
127 880 930 926 -- „Bon, répondit-il, voilà ce que j'ap-
129 927 930 971 “pelle parler: hé bien, Monſieur, on leur
150 971 929 1016 “en donnera. Mais ſuivant le vieux pro-
161 1017 929 1061 “verbe, en donnant donnant. Mandez à
135 1060 928 1107 “vos Gnômes qu'ils envoient de l'or ſur le
160 1105 928 1150 “champ; on leur remettra des vivres,
149 1147 928 1195 “ipſo facto; on recevra d'une main, on
147 1194 927 1230 donnera de l'autre.“ Il nomma des com-
147 1238 927 1285 miſſaires pour s'arranger avec moi, & me
158 1283 927 1330 ſouhaita le bon jour. J'envoyai mes deux
160 1328 928 1375 compagnons députés dire aux Gnômes
128 1372 925 1419 qu'ils envoyaſſent à l'entrée du fleuve, ſous
156 1416 926 1465 la voûte, une quantité d'or que je déter-
133 1463 924 1511 minai; & je réglai, avec les commiſſaires,
161 1507 833 1554 ce qu'ils devoient fournir en échange.
149 1551 924 1598 Le général m'invita à dîner. On man-
