1116 1854
226 103 294 137 L
225 156 993 204 formois les projets les plus agréables; je
226 202 993 249 me promettois de retourner bientôt en
226 245 995 293 France; & déja je me voyois poſſeſſeur
228 290 998 338 de ma Julie. Mais on ſait comment la for-
228 335 996 381 tune m'a toujours traité, & avec quelle
227 378 996 428 promptitude elle m'a conſtamment ſoufflé
227 425 997 473 ſes préſents, preſque dans l'inſtant qu'elle
227 470 996 518 me les offroit; ainſi l'on ſe doute bien que,
228 514 998 561 ſi je ſuis à préſent Créſus, je vais être
227 559 997 607 bientôt lrus. Rien de plus ſimple que le
226 603 856 652 procédé par lequel je fus dévaliſé.
263 649 994 697 Mes porte-faix étoient nombreux, & je me
227 694 995 739 trouvois ſeul à leur merci; ils étoient de
228 740 994 786 plus voleurs, & je ne pouvois les empê-
228 785 995 830 cher de me voler. Je reconnus alors com-
226 829 994 876 bien j'avois eu tort de refuſer l'eſcorte que
227 874 994 931 le général m'avoit offerte. Les brigands
229 919 995 966 commencerent par marcher d'une vîteſſe
225 964 995 1010 étonnante, tellement que j'avois peine à les
225 1008 996 1054 ſuivre; ils arriverent bientôt dans une
228 1053 995 1100 grande forêt. Là, chacun s'enfonca de ſon
226 1097 996 1144 côté parmi les arbres; je courois tantôt
228 1144 993 1190 après l'un, tantôt après l'autre; mais je ne
228 1189 994 1235 pouvois les pourſuivre tous à la fois. J'avois
225 1234 994 1281 beau les appeller & leur crier: „Mais
225 1279 995 1325 “ſongez donc que cela m'appartient, que
226 1325 995 1371 “c'eſt toute ma fortune:“ ils étoient ſans
223 1369 994 1415 oreilles, mais non ſans jambes; je les
225 1414 996 1460 perdis bientôt de vue l'un après l'autre. Je
225 1458 995 1502 vins à bout d'en attraper un, mais deux
224 1502 993 1548 autres enleverent ſon fardeau; & me laiſ-
222 1545 992 1595 ſerent l'homme, qui ſut auſſi ſe défaire de
