1116 1854
826 121 896 166 L
123 176 895 224 moi Je me trouvai bientôt ſeul au milieu
121 223 893 269 de quatre autres coquins, qui m'avoient
123 266 892 313 ſuivi, malgré moi, pour me porter moi-
125 311 894 354 même. „Oh! me dirent-ils, il eſt inutile
125 357 894 404 “de courir; vous ne les reverrez jamais,
121 403 897 437 “nous vous le cautionnons.“ Je ne trouvai
125 446 895 492 pas ce propos conſolant, quoiqu'ils ſem-
124 490 893 538 blaſſent me parler ainſi pour me conſoler.
133 536 897 582 „Monſieur, ajouterent-ils, vous voyez que
125 583 897 629 “nous n'avons pas notre part du gain que
128 627 894 674 “ces meſſieurs viennent de faire; nous
126 669 901 717 “eſpérons que vous voudrez bien nous dé-
126 716 382 763 “dommager.“
175 761 899 809 “Qu'appellez - vous vous dédommager?
128 805 894 852 “leur répondis-je. Etes-vous auſſi des vo-
129 851 899 895 “leurs? voudriez-vous, malheureux, votre
128 899 426 944 “part du vol?
575 899 899 940 Mais au moins,
131 944 899 988 “reprirent - ils, vous devez nous payer
129 988 896 1033 “pour avoir voulu vous porter. Les co-
130 1031 899 1077 “quins! Je leur répondis: ma foi, je
119 1074 898 1124 “n'ai pas le ſou; ces brigands m'ont réduit
129 1122 897 1168 “à la derniere miſere. -- Vous ne trou-
131 1166 897 1214 “verez pas mauvais du moins, dirent-ils,
129 1212 899 1257 “que nous tâchions de tirer parti de vos
131 1256 895 1302 “habits: vous voyez que nous ſommes
130 1299 897 1349 “accommodants. -- Comment, ſcélérats!
131 1344 897 1393 “m'écriai - je.“ Ils ne firent pas atten-
129 1390 896 1438 tion à mes cris, &, triomphant aiſément
130 1434 898 1482 de ma foible réſiſtance, ils me dépouillerent
134 1481 898 1528 avec la plus rigoureuſe exactitude. Ils re-
135 1526 897 1572 gardoient en pitié mes habits baroques.
119 1569 895 1618 „Mais voyez un peu, diſoient-ils, quels
