1116 1854
231 124 301 158 L.
226 175 1003 222 “habits extravagants! que diable veut-il
229 220 1004 266 “que nous faſſions de cela? Nous n'en
230 265 1006 312 “tirerons pas de quoi nous rafraîchir. En
229 311 1007 353 “vérité, nous avons fait là une belle jour-
230 356 1006 402 “née.“ Je l'avois faite plus mauvaiſe
232 401 1005 448 qu'eux. „Et le joli mignon, ajoutoient-ils;
229 445 1006 492 “il faut des porteurs à cela! (Je ne les
230 490 1007 537 avois ni demandés, ni employés.) „Ah!
227 536 1007 582 “drôle, tu mériterois bien que nous nous
229 579 1006 627 “payaſſions ſur tes épaules; mais cela ſe
233 627 1007 673 “retrouvera.“ A ces mots, ils me grati-
234 669 1028 717 fierent de quelques coups de poings, me
235 717 836 763 jeterent par terre, & diſparurent.
282 761 1006 806 Je me levai roué de coups & tout nu,
230 806 1003 852 perdu dans un grand deſert ſablonneux.
226 851 1006 898 Que faire? Je m'avançai lentement du
228 896 1005 941 côté par où j'avois vu mes bourreaux
228 940 1007 986 s'échapper. La nuit vint; elle fut des plus
228 985 1004 1033 noires. Que devenir? „Hélas! me diſois-je,
228 1031 1005 1078 “pourquoi ai-je quitté le ſéjour des Gnô-
232 1075 1004 1123 “mes? Je ſerois à préſent bien à mon aiſe
235 1121 1003 1166 “dans le lit d'Almanzine, ou de quelque
229 1164 1004 1213 “autre beauté, dans l'abondance royale,
236 1210 1005 1257 “dans le ſein des voluptés; & je me vois,
234 1256 1004 1303 “ô Dieu!.. ſi riche, il n'y a qu'un moment,
228 1300 1004 1348 “formant de ſi agréables projets.... Ah! je
233 1344 1005 1394 “ſuis né pour être malheureux! O ma Julie,
228 1389 1005 1437 “où es-tu? Si tu voyois ainſi ton amant, tu
227 1436 1004 1482 “le plaindrois. Tout lui manque, mais,
224 1479 1003 1527 “au ſein des déſerts, il ne penſe qu'à toi,
226 1527 1007 1573 “il ne regrette que toi.“ En prononcant
229 1570 1006 1617 ces tendres complaintes, j'entendois, de
