1116 1854
95 158 919 212 temps en temps, les rugiſſements des lions
95 207 918 257 qui me tiroient fort déſagréablement de ma
95 255 918 304 rêverie amoureuſe; il tomboit du verglas
95 300 918 347 ſur ma chair nue; je ne pouvois me cou-
95 343 918 393 cher; &, pour m'échauffer du moins, il
95 387 918 446 falloit toujours marcher, au riſque de
95 435 645 486 m'égarer de plus en plus.
95 473 918 529 Je courus toute la nuit dans l'ombre
95 522 918 572 la plus épaiſſe. Heureuſement je ne ren-
95 571 918 617 contrai ni pierre ni foſſé pour me caſſer
94 616 918 663 le cou J'étois dans un grand déſert, où
94 660 917 708 il n'y avoit que du ſable; j'enfoncois aiſé-
94 706 917 755 ment, & je me débarraſſois avec peine;
94 751 917 801 mais au moins cet exercice m'échauffoit,
94 796 917 843 parce qu'il étoit pénible. Malgré l'embar-
94 839 917 887 ras où j'étois plongé, je m'occupois beau-
94 886 917 932 coup des moyens de revoir ma Julie, & de
94 930 917 977 renouer mon mariage avec elle, comme ſi
94 974 917 1022 j'avois été ſûr qu'elle fût encore au monde.
94 1016 917 1068 J'étois auſſi fort inquiet ſur la maniere de
94 1064 917 1114 me trouver à l'audience de la reine, dont le
93 1108 916 1159 général m'avoit parlé; car c'étoit le lende-
93 1154 916 1202 main qu'il m'avoit donné rendez-vous,
93 1199 916 1247 pour me préſenter à elle. Comment m'y
93 1242 916 1293 trouver? comment y paroître décemment?
93 1285 916 1338 Etois-je loin ou près de la réſidence de ſa
93 1334 916 1380 majeſté? D'ailleurs, on a beau être dans
93 1379 916 1426 le même lieu que les grands, on eſt
93 1424 916 1482 toujours bien loin d'eux, quand on eſt
93 1470 261 1513 tout nu.
93 1507 916 1561 Le jour commencoit à poindre, & j'ap-
92 1559 916 1608 percevois des habitations, & même de
822 110 895 151 Lrie
