1116 1854
842 134 904 169 re
135 178 909 226 suiſſe. Il alla froidement m'annoncer à S. E.
138 221 906 279 qui étoit dans un appartement voiſin; & il
139 267 905 317 repéta, mot pour mot, tout ce qu'on lui
139 315 923 364 avoit dit, ſans ajouter une parole ſur l'état
142 357 910 405 où j'étois. J'entendis tout de la porte: la
138 403 911 453 reine étoit juſtement avec M. de Trombon-
142 450 905 498 Tonnerre. „ Ah! bon, dit-il, juſtement,
142 494 908 542 “Madame, c'eſt ce drôle de corps que
141 539 908 588 “j'ai annoncé à V. M. Je l'attendois;
142 584 909 631 “qu'on le faſſe entrer.“ J'étois déja der-
141 629 911 677 riere un paravent, le général s'avancoit,
142 674 909 720 en diſant: „Madame, j'ai l'honneur de vous
141 719 911 769 “préſenter M. l'ambaſſadeur;“ & M. l'am-
141 763 911 809 baſſadeur paroît. La reine s'écrie: Ah, l'hor-
143 808 909 857 reur! & ſe ſauve; le brave guerrier reſte
143 852 910 901 la bouche béante & les bras abattus, &
142 898 911 946 moi, dans ma nudité, je demeure auſſi
143 945 909 992 immobile que lui. Oh, oh, dit-il enfin,
144 989 914 1037 “que ſignifie cette comédie? Qu'eſt-ce que
144 1033 938 1081 “ce poliſſon qu'on a laiſſé entrer ici?“
146 1080 913 1128 On lui répond que c'eſt le prêtre Gnôme
145 1125 912 1172 qu'il attendoit: les domeſtiques, arrêtés à
137 1171 914 1217 la porte, ne pouvoient étouffer leurs éclats
145 1215 913 1262 de rire. „Que veut dire ceci? s'écria-t-il
141 1259 914 1307 “en colere. Y a-t-il ici quelqu'un qui oſe
143 1301 913 1348 “prétendre à ſe jouer de moi?“ Je vis
145 1349 912 1397 bien qu'il ne me reconnoiſſoit pas. „Mon-
146 1395 911 1442 ſieur, lui dis-je, daignez pardonner à vos
147 1440 913 1485 “gens, auſſi-bien qu'à moi. Je ne ſuis que
146 1484 912 1531 “trop méconnoiſſable. Puiſſe au moins ma
146 1530 917 1583 “voix rappeller à votre mémoire l'infor-
145 1574 915 1620 “tuné prêtre Gnôme que vous avez daigne
741 1622 824 1665 F
