<PcGts xmlns="http://schema.primaresearch.org/PAGE/gts/pagecontent/2017-07-15" xmlns:xsi="http://www.w3.org/2001/XMLSchema-instance" xsi:schemaLocation="http://schema.primaresearch.org/PAGE/gts/pagecontent/2017-07-15 http://schema.primaresearch.org/PAGE/gts/pagecontent/2017-07-15/pagecontent.xsd"><Metadata><Creator/><Created>2020-09-17T09:58:08</Created><LastChange>1970-01-01T00:00:00</LastChange><Comments/></Metadata><Page imageFilename="0132.png" imageHeight="1854" imageWidth="1116"><ReadingOrder><OrderedGroup id="g1"><RegionRefIndexed index="0" regionRef="r2"/><RegionRefIndexed index="1" regionRef="r1"/></OrderedGroup></ReadingOrder><TextRegion id="r1" type="paragraph" orientation="-0.0"><Coords points="898,171 897,172 896,172 895,173 894,173 893,174 888,174 887,175 887,177 886,178 886,185 884,187 883,187 882,188 881,187 881,186 880,186 879,185 878,185 877,184 841,184 840,185 838,185 837,186 819,186 818,185 814,185 813,184 813,180 778,180 777,179 777,177 776,176 776,173 740,173 739,174 738,174 736,176 726,176 725,177 725,186 724,187 721,187 719,185 696,185 695,184 695,180 660,180 660,181 658,183 644,183 643,184 643,185 642,186 617,186 616,185 616,178 615,177 615,174 614,173 580,173 579,174 578,174 576,176 555,176 554,177 552,177 551,178 551,185 550,186 494,186 493,185 493,176 492,175 492,174 491,173 449,173 447,175 447,176 446,177 446,178 445,179 444,179 444,180 443,181 443,185 442,186 439,186 438,185 422,185 421,184 421,174 420,173 348,173 347,174 346,174 346,176 345,177 345,180 344,181 317,181 316,182 316,183 315,184 273,184 272,185 249,185 248,186 247,186 245,184 199,184 198,185 198,200 199,201 198,202 197,202 196,203 196,215 197,215 198,216 235,216 236,215 242,215 244,213 246,213 247,214 248,214 249,215 294,215 295,214 318,214 319,215 319,219 354,219 354,218 355,217 355,216 356,215 434,215 435,214 435,203 436,202 438,202 439,203 439,213 441,215 456,215 457,216 551,216 552,217 552,219 586,219 586,218 587,217 671,217 672,216 720,216 721,215 725,215 726,216 763,216 764,215 778,215 778,202 777,202 776,201 776,192 777,191 778,192 778,198 782,198 784,200 784,201 785,202 785,206 787,208 787,210 785,212 783,212 782,213 782,214 781,215 780,215 780,217 778,219 743,219 742,220 741,220 738,223 738,224 737,225 736,225 736,227 735,228 735,230 734,231 726,231 725,232 669,232 668,231 632,231 631,232 608,232 607,231 572,231 571,232 534,232 533,231 490,231 489,232 420,232 419,231 419,220 418,219 382,219 380,221 361,221 360,222 360,231 361,232 361,233 362,234 363,234 364,235 365,235 366,236 366,237 365,238 365,245 364,246 360,246 359,245 359,244 358,243 358,232 357,231 354,231 353,230 316,230 315,229 285,229 283,227 283,222 282,221 282,220 246,220 244,222 244,228 243,229 199,229 199,245 198,246 196,246 195,247 195,260 231,260 232,259 234,259 235,258 236,258 238,256 241,256 242,257 242,268 243,268 244,269 243,270 243,272 242,273 198,273 198,291 199,292 198,293 196,293 196,305 198,307 232,307 234,305 236,305 237,304 242,304 243,303 243,302 244,301 245,301 246,302 248,302 249,303 250,303 251,304 253,304 254,305 289,305 290,304 292,304 293,305 324,305 326,307 428,307 429,308 465,308 466,307 494,307 495,308 533,308 534,307 565,307 566,306 567,307 591,307 592,308 632,308 633,307 635,307 636,308 671,308 672,307 676,307 676,305 677,304 678,304 679,303 680,304 680,306 681,307 681,308 715,308 716,309 716,311 715,312 694,312 692,314 691,314 690,315 690,316 688,318 688,319 687,320 687,322 686,323 669,323 668,324 622,324 621,323 621,320 586,320 584,322 573,322 572,323 538,323 537,322 537,315 536,314 536,313 535,312 534,312 533,311 495,311 494,312 492,312 491,313 491,314 490,315 490,316 489,317 488,317 487,318 487,319 486,320 486,322 485,323 463,323 462,322 462,311 461,310 415,310 414,311 413,311 412,312 411,312 410,313 410,320 408,322 363,322 362,323 354,323 353,322 353,321 352,320 339,320 338,319 338,311 337,310 276,310 275,309 241,309 240,310 239,310 238,311 238,317 237,318 196,318 195,319 195,329 196,330 196,337 195,338 195,351 232,351 234,349 292,349 294,351 329,351 329,350 330,349 349,349 351,351 353,351 354,352 355,352 356,353 356,362 357,362 358,363 398,363 399,362 401,362 402,361 402,353 403,352 420,352 421,353 420,354 420,355 419,356 419,361 418,362 418,366 417,367 383,367 382,368 348,368 347,367 333,367 332,366 294,366 293,365 293,355 292,354 291,354 290,353 254,353 253,354 250,354 250,363 248,365 245,365 244,364 244,363 198,363 198,379 199,380 199,382 198,383 198,396 199,397 234,397 235,396 236,396 237,395 242,395 242,394 243,393 252,393 254,395 275,395 276,396 347,396 348,397 366,397 367,398 389,398 390,399 390,400 389,401 389,402 388,403 388,412 387,413 386,412 351,412 350,413 347,413 346,412 324,412 323,411 314,411 312,409 312,400 311,400 310,399 249,399 248,400 246,400 246,402 245,403 245,405 243,407 243,409 242,410 199,410 198,411 197,411 196,412 196,422 198,424 198,426 197,427 196,427 196,441 197,441 198,442 233,442 234,441 235,441 236,440 255,440 256,441 266,441 267,442 301,442 302,441 338,441 339,442 339,444 337,446 289,446 289,447 288,448 288,455 287,456 253,456 252,457 245,457 244,458 244,461 243,462 243,471 244,472 244,473 243,474 243,475 242,476 242,485 244,487 278,487 279,486 280,486 281,485 291,485 292,486 336,486 338,488 337,489 337,495 336,496 336,501 335,502 332,502 331,501 331,491 294,491 293,492 293,500 292,501 279,501 278,502 245,502 244,501 234,501 233,500 198,500 198,520 197,521 196,521 196,522 195,523 195,533 196,534 231,534 232,533 241,533 241,532 242,531 274,531 276,533 276,535 277,535 278,536 278,537 279,537 280,538 317,538 319,536 319,535 320,534 321,534 322,533 496,533 497,534 496,535 479,535 478,536 478,537 477,538 477,539 476,540 476,545 475,546 471,546 470,545 470,538 469,537 432,537 431,538 431,546 429,548 393,548 392,549 391,548 391,537 390,536 355,536 353,538 353,546 351,548 244,548 243,547 243,546 198,546 195,549 195,559 196,560 197,560 198,561 198,565 197,566 196,566 195,567 195,578 196,579 233,579 234,578 236,578 237,577 242,577 242,575 243,574 244,574 245,573 246,574 246,577 247,578 248,578 249,579 282,579 282,578 283,577 307,577 308,578 382,578 383,577 389,577 390,578 394,578 395,579 395,581 394,582 362,582 361,583 361,586 360,587 360,592 359,593 348,593 347,592 346,592 345,591 345,590 311,590 309,592 309,593 308,594 296,594 295,593 259,593 258,594 247,594 246,595 245,595 243,593 242,593 241,592 196,592 196,593 195,594 195,603 196,604 196,607 197,607 198,608 198,609 197,610 195,610 194,611 194,623 195,624 230,624 231,623 233,623 234,622 235,622 236,623 285,623 286,624 316,624 317,625 317,632 318,633 318,634 358,634 362,630 362,625 363,624 379,624 380,625 442,625 443,624 475,624 476,623 483,623 484,622 484,621 486,619 486,618 487,617 487,616 491,612 491,600 490,599 490,597 488,595 487,595 486,594 449,594 448,595 440,595 440,609 441,610 440,611 435,611 434,610 434,600 432,598 432,597 431,596 432,595 432,594 433,593 433,590 434,589 439,589 440,588 440,579 441,578 472,578 473,579 544,579 545,580 591,580 592,579 594,579 595,580 631,580 632,579 701,579 702,578 745,578 746,579 746,581 745,582 683,582 680,585 680,595 679,596 677,596 676,595 660,595 659,594 659,588 658,587 658,586 657,585 621,585 620,586 619,586 619,587 618,588 618,594 617,595 571,595 570,594 570,582 533,582 531,584 513,584 512,585 512,589 511,590 511,592 510,593 509,593 509,595 508,596 508,597 507,598 507,599 506,600 506,601 505,602 505,608 503,610 502,610 501,611 500,611 499,612 499,622 500,623 534,623 535,624 548,624 549,625 598,625 599,624 616,624 617,625 617,626 615,628 586,628 584,630 565,630 564,631 564,641 566,641 567,642 567,643 568,644 567,645 567,655 566,656 565,655 558,655 557,654 557,643 556,642 556,641 555,640 552,640 551,639 521,639 520,638 520,629 519,629 518,628 448,628 447,629 405,629 404,630 403,630 402,631 401,631 400,632 399,632 399,639 398,640 397,639 339,639 338,640 249,640 248,639 202,639 201,640 198,640 197,641 195,641 194,642 194,643 193,644 193,655 192,656 192,667 193,668 193,678 194,679 194,680 195,680 196,681 199,681 200,682 200,689 198,691 198,696 197,697 196,697 196,706 197,706 198,707 198,710 200,712 201,712 202,713 204,713 205,714 321,714 323,716 323,725 324,726 358,726 359,725 366,725 366,715 367,714 387,714 389,716 389,724 391,726 396,726 397,727 430,727 431,728 431,730 430,731 415,731 414,730 381,730 380,731 366,731 365,730 330,730 329,731 315,731 312,728 303,728 302,727 302,725 301,724 301,723 300,722 300,720 263,720 263,724 262,725 261,725 261,726 260,727 260,728 258,730 237,730 236,729 236,720 234,718 198,718 197,719 194,719 192,721 192,731 193,732 193,733 194,733 195,734 195,745 194,746 193,746 193,760 256,760 256,759 257,758 259,758 261,760 332,760 333,759 334,760 405,760 406,761 406,771 432,771 433,772 433,776 432,777 427,777 426,776 353,776 351,774 338,774 337,773 337,765 336,764 293,764 290,767 290,772 288,774 265,774 264,775 196,775 196,777 195,778 195,787 199,791 199,793 200,794 200,795 202,797 202,799 203,800 203,803 204,803 205,804 205,805 289,805 290,804 293,804 294,805 299,805 300,806 333,806 334,805 336,805 337,804 344,804 345,805 345,815 348,818 383,818 383,817 384,816 385,816 386,815 387,815 388,814 390,814 390,807 391,806 417,806 418,805 548,805 549,806 566,806 567,807 601,807 602,806 603,806 603,804 604,803 605,804 606,804 607,805 641,805 642,804 643,804 644,803 649,803 650,804 651,804 652,805 672,805 673,806 673,808 672,809 644,809 642,811 632,811 631,812 631,813 630,814 630,820 629,821 628,821 626,819 626,811 617,811 616,810 616,809 579,809 577,811 575,811 574,812 574,821 573,822 571,822 570,823 555,823 554,822 552,822 551,821 500,821 499,822 493,822 492,823 490,823 490,833 489,834 468,834 466,832 466,827 465,826 465,825 464,824 464,823 463,823 462,822 446,822 445,821 444,821 443,820 410,820 409,821 295,821 294,822 279,822 278,821 278,811 276,809 243,809 240,812 237,812 236,813 236,818 235,819 206,819 205,820 195,820 195,837 194,838 194,840 193,841 193,850 195,852 231,852 232,851 233,851 234,850 237,850 238,851 242,851 243,852 257,852 258,853 256,855 251,855 250,856 238,856 238,857 237,858 237,863 236,864 205,864 204,865 195,865 195,867 194,868 194,871 193,872 193,881 194,882 194,884 193,885 193,897 194,898 230,898 230,897 231,896 233,896 234,895 235,895 236,896 236,897 237,898 289,898 289,897 290,896 364,896 366,898 366,907 368,907 369,908 405,908 406,907 409,907 410,906 410,897 411,896 426,896 428,898 462,898 462,897 463,896 502,896 505,899 505,901 538,901 538,900 539,899 540,899 541,898 573,898 574,897 575,898 586,898 587,899 587,900 586,901 558,901 556,903 555,903 554,904 553,904 553,911 551,913 538,913 537,912 537,911 502,911 501,910 490,910 487,907 487,904 486,903 486,902 450,902 449,903 449,904 448,905 448,908 446,910 421,910 420,911 341,911 340,910 304,910 303,911 258,911 256,913 242,913 239,910 194,910 194,917 193,918 193,928 194,929 194,930 192,932 192,942 194,944 229,944 230,945 230,953 231,954 265,954 266,953 266,944 267,943 278,943 279,942 351,942 352,943 352,952 354,952 355,953 390,953 391,952 397,952 398,951 398,943 399,942 530,942 531,943 531,945 530,946 501,946 500,947 497,947 495,949 494,949 494,955 492,957 398,957 397,956 397,955 362,955 360,957 320,957 319,956 319,954 318,953 318,949 317,948 317,946 280,946 280,949 279,950 279,953 278,954 278,957 277,958 251,958 249,960 245,960 242,957 206,957 205,958 196,958 196,960 195,961 194,961 194,973 195,974 195,975 194,976 194,987 195,988 235,988 236,987 240,987 241,988 318,988 319,987 423,987 424,988 424,989 423,990 402,990 401,991 352,991 352,1002 351,1003 350,1003 349,1004 349,1013 347,1015 333,1015 332,1014 332,1004 333,1003 333,994 332,993 332,992 331,991 295,991 294,992 294,1001 293,1002 280,1002 279,1003 269,1003 268,1004 244,1004 243,1003 243,1002 242,1001 195,1001 195,1003 193,1005 193,1017 195,1019 194,1020 193,1020 192,1021 192,1032 241,1032 242,1033 252,1033 253,1034 277,1034 278,1035 276,1037 276,1038 275,1039 275,1047 274,1048 242,1048 241,1047 239,1047 238,1046 194,1046 193,1047 193,1062 194,1063 192,1065 192,1066 191,1067 191,1076 193,1078 230,1078 231,1077 238,1077 238,1074 241,1071 242,1072 242,1073 244,1075 244,1076 258,1076 259,1077 296,1077 297,1076 325,1076 326,1077 326,1078 325,1079 283,1079 280,1082 279,1082 279,1092 278,1093 243,1093 242,1092 241,1092 240,1091 193,1091 193,1097 192,1098 192,1107 193,1108 192,1109 192,1122 193,1123 228,1123 229,1122 230,1122 231,1121 236,1121 237,1122 237,1132 238,1133 252,1133 253,1134 253,1136 252,1137 249,1137 247,1139 237,1139 236,1138 236,1137 200,1137 196,1141 195,1141 193,1143 193,1152 192,1153 192,1166 194,1168 323,1168 323,1167 324,1166 397,1166 398,1165 402,1165 403,1166 429,1166 431,1168 453,1168 454,1169 453,1170 453,1171 452,1172 452,1173 451,1174 451,1175 450,1176 450,1177 449,1178 449,1179 448,1180 439,1180 438,1179 438,1170 402,1170 401,1171 399,1171 398,1172 397,1172 397,1179 396,1180 363,1180 362,1179 362,1169 327,1169 326,1170 314,1170 313,1171 301,1171 300,1172 279,1172 278,1173 275,1173 274,1172 237,1172 236,1173 232,1173 232,1180 231,1181 191,1181 191,1200 190,1201 188,1201 188,1213 189,1213 190,1214 190,1215 225,1215 226,1214 227,1214 228,1213 234,1213 235,1212 268,1212 269,1213 307,1213 308,1214 341,1214 341,1213 342,1212 396,1212 397,1211 398,1212 431,1212 432,1213 431,1214 431,1215 430,1216 430,1217 429,1218 429,1219 428,1220 428,1221 427,1222 427,1223 426,1224 426,1225 424,1227 393,1227 392,1228 378,1228 377,1227 377,1219 376,1218 376,1217 339,1217 339,1219 338,1220 338,1224 337,1225 308,1225 305,1228 301,1228 300,1227 290,1227 289,1226 289,1216 254,1216 253,1217 250,1217 247,1220 247,1228 246,1229 242,1229 241,1228 195,1228 194,1229 194,1246 193,1247 193,1258 194,1259 198,1259 199,1260 234,1260 235,1259 237,1259 238,1258 239,1258 241,1256 242,1257 243,1257 244,1258 263,1258 264,1259 311,1259 312,1258 333,1258 334,1257 336,1257 337,1258 337,1266 338,1267 365,1267 366,1268 366,1272 365,1273 355,1273 354,1274 351,1274 350,1275 336,1275 334,1273 334,1264 333,1264 332,1263 298,1263 297,1264 296,1264 295,1265 295,1273 294,1274 264,1274 263,1275 242,1275 241,1274 240,1274 239,1273 232,1273 231,1272 195,1272 195,1273 194,1274 194,1276 193,1277 193,1289 194,1290 194,1292 193,1293 193,1305 229,1305 230,1304 231,1304 232,1303 238,1303 239,1302 240,1302 241,1301 243,1303 245,1303 246,1304 322,1304 323,1305 323,1311 324,1312 343,1312 345,1314 345,1316 344,1317 314,1317 313,1318 309,1318 308,1319 287,1319 286,1318 286,1307 250,1307 250,1308 249,1309 229,1309 228,1310 228,1316 227,1317 198,1317 197,1318 190,1318 190,1335 191,1336 191,1337 190,1338 190,1351 227,1351 228,1350 228,1349 229,1348 230,1349 266,1349 268,1351 268,1358 269,1359 270,1359 271,1360 306,1360 307,1359 309,1359 310,1358 311,1358 311,1356 312,1355 312,1354 313,1353 314,1353 315,1352 315,1348 316,1347 364,1347 365,1348 365,1349 364,1350 364,1351 363,1352 363,1353 362,1354 362,1355 361,1356 361,1357 360,1358 360,1359 359,1360 359,1361 357,1363 253,1363 251,1365 237,1365 236,1364 236,1363 191,1363 190,1364 190,1377 191,1378 191,1382 190,1383 190,1395 227,1395 227,1394 228,1393 341,1393 342,1394 342,1395 341,1396 341,1397 340,1398 340,1399 339,1400 339,1401 338,1402 338,1403 337,1404 337,1405 336,1406 336,1407 332,1411 331,1411 330,1412 329,1411 328,1411 327,1410 314,1410 313,1409 294,1409 293,1408 293,1405 292,1404 292,1397 256,1397 255,1398 254,1398 253,1399 250,1399 250,1409 249,1410 237,1410 236,1409 190,1409 190,1413 189,1414 188,1414 188,1424 189,1424 190,1425 190,1426 189,1427 188,1427 187,1428 187,1439 188,1440 189,1440 190,1441 224,1441 225,1440 226,1440 227,1439 228,1440 228,1448 229,1449 229,1450 273,1450 274,1449 274,1439 275,1438 289,1438 290,1439 319,1439 320,1440 319,1441 319,1442 318,1443 318,1444 317,1445 317,1446 316,1447 316,1448 315,1449 315,1450 314,1451 314,1452 313,1453 313,1454 312,1455 304,1455 303,1454 239,1454 238,1455 237,1455 236,1454 235,1454 234,1453 199,1453 198,1454 190,1454 190,1458 188,1460 188,1469 189,1469 190,1470 190,1471 189,1472 188,1472 188,1485 189,1485 190,1486 224,1486 225,1485 226,1485 228,1483 234,1483 235,1482 236,1482 237,1483 238,1483 239,1484 240,1484 241,1485 241,1493 243,1495 284,1495 285,1494 286,1494 286,1486 287,1485 296,1485 297,1486 296,1487 296,1488 295,1489 295,1490 294,1491 294,1492 293,1493 293,1494 292,1495 292,1496 291,1497 291,1499 290,1500 283,1500 282,1499 282,1498 249,1498 248,1499 200,1499 199,1500 192,1500 191,1501 190,1501 189,1502 187,1502 187,1514 188,1515 189,1515 190,1516 189,1517 188,1517 188,1520 187,1521 187,1530 192,1530 193,1531 227,1531 228,1530 252,1530 253,1529 274,1529 275,1530 275,1531 274,1532 274,1533 273,1534 273,1535 272,1536 272,1537 271,1538 271,1539 270,1540 270,1541 269,1542 269,1543 267,1545 256,1545 253,1542 253,1541 246,1541 245,1540 245,1535 207,1535 206,1536 205,1536 204,1537 203,1537 203,1544 202,1545 190,1545 187,1548 186,1548 186,1549 185,1550 185,1569 186,1570 186,1571 187,1571 188,1572 189,1572 190,1573 190,1574 191,1574 194,1577 228,1577 228,1576 229,1575 251,1575 252,1576 252,1577 251,1578 251,1579 250,1580 250,1581 249,1582 249,1583 248,1584 248,1585 247,1586 247,1588 246,1589 235,1589 234,1588 188,1588 187,1589 185,1589 185,1600 187,1602 187,1603 186,1604 185,1604 185,1617 186,1618 214,1618 215,1619 245,1619 246,1620 246,1621 247,1622 249,1622 250,1623 286,1623 286,1620 287,1619 287,1607 286,1606 286,1605 285,1604 279,1604 278,1603 278,1602 276,1602 275,1601 275,1590 274,1589 249,1589 248,1588 249,1587 249,1586 250,1585 250,1584 251,1583 251,1582 252,1581 252,1580 253,1579 253,1578 254,1577 254,1576 255,1575 299,1575 301,1577 348,1577 348,1576 349,1575 367,1575 369,1577 403,1577 403,1576 404,1575 444,1575 446,1577 446,1584 447,1585 485,1585 485,1584 486,1583 486,1582 487,1581 487,1580 490,1577 740,1577 741,1578 796,1578 797,1579 797,1588 799,1590 836,1590 837,1589 844,1589 845,1588 845,1580 847,1578 875,1578 876,1579 914,1579 915,1578 916,1578 917,1577 917,1576 918,1575 923,1575 925,1577 950,1577 951,1578 988,1578 989,1577 989,1576 991,1574 991,1563 990,1563 989,1562 989,1560 988,1559 988,1556 987,1555 987,1546 986,1545 986,1544 984,1544 983,1543 943,1543 942,1544 917,1544 916,1545 898,1545 897,1544 860,1544 859,1545 829,1545 828,1546 803,1546 800,1549 799,1548 799,1547 798,1546 796,1546 795,1545 783,1545 782,1544 782,1538 780,1536 780,1535 782,1533 849,1533 849,1532 850,1531 907,1531 908,1530 937,1530 938,1529 950,1529 951,1530 990,1530 991,1529 991,1516 993,1514 993,1502 991,1500 991,1497 989,1497 988,1496 988,1495 952,1495 951,1496 951,1497 950,1498 936,1498 935,1499 911,1499 910,1500 884,1500 883,1501 870,1501 869,1502 818,1502 817,1501 753,1501 752,1500 716,1500 714,1498 714,1491 713,1490 673,1490 672,1491 669,1491 668,1490 633,1490 632,1491 632,1499 631,1500 586,1500 585,1499 585,1490 549,1490 548,1491 546,1491 545,1492 544,1492 544,1493 543,1494 543,1499 542,1500 533,1500 532,1499 504,1499 502,1497 502,1490 501,1490 500,1489 500,1488 443,1488 442,1489 442,1495 441,1496 441,1498 440,1499 433,1499 432,1498 432,1487 392,1487 391,1488 390,1488 390,1491 389,1492 385,1492 384,1493 384,1500 382,1502 382,1503 381,1504 381,1514 380,1515 377,1515 376,1514 376,1509 377,1508 377,1502 378,1501 380,1501 381,1500 381,1490 380,1489 380,1488 356,1488 355,1487 355,1486 356,1485 357,1485 358,1484 391,1484 392,1483 403,1483 404,1484 438,1484 439,1483 440,1483 441,1482 442,1482 442,1481 443,1480 443,1479 444,1478 445,1478 446,1477 447,1478 447,1482 448,1482 449,1483 469,1483 470,1484 536,1484 537,1483 537,1479 538,1478 539,1479 539,1482 540,1483 541,1483 542,1484 543,1484 544,1485 591,1485 592,1486 674,1486 675,1485 681,1485 683,1483 683,1482 687,1478 687,1477 689,1475 690,1476 690,1485 691,1485 692,1486 727,1486 728,1485 775,1485 776,1484 776,1483 777,1482 780,1485 784,1485 785,1486 799,1486 800,1487 861,1487 862,1488 895,1488 895,1487 896,1486 905,1486 906,1485 908,1485 908,1484 909,1483 910,1483 911,1484 913,1484 914,1485 948,1485 949,1484 987,1484 989,1482 990,1482 990,1480 991,1479 992,1479 993,1478 993,1469 991,1467 991,1456 988,1453 988,1451 952,1451 951,1452 951,1453 950,1454 914,1454 913,1453 913,1443 912,1442 896,1442 895,1441 896,1440 897,1440 898,1439 952,1439 953,1440 990,1440 991,1439 993,1439 993,1426 992,1425 992,1424 994,1422 994,1411 993,1410 990,1410 989,1409 989,1407 988,1406 952,1406 951,1407 944,1407 943,1406 943,1399 942,1398 941,1398 940,1397 942,1395 942,1393 943,1392 991,1392 992,1391 993,1391 995,1389 995,1382 997,1380 997,1367 996,1366 996,1365 995,1365 994,1364 994,1363 993,1362 990,1362 989,1361 987,1361 986,1360 986,1358 973,1358 972,1357 972,1349 936,1349 934,1351 932,1351 931,1352 930,1352 930,1353 929,1354 929,1364 930,1365 931,1365 933,1367 933,1375 932,1376 904,1376 902,1374 902,1370 900,1368 899,1368 898,1367 865,1367 864,1366 864,1364 865,1363 899,1363 900,1362 900,1353 901,1352 902,1352 903,1351 906,1351 907,1350 907,1349 909,1347 973,1347 974,1346 975,1346 976,1345 976,1343 977,1342 996,1342 997,1341 997,1340 998,1339 998,1330 997,1329 997,1324 989,1324 988,1323 988,1319 981,1319 980,1318 980,1317 979,1316 942,1316 941,1317 927,1317 926,1316 891,1316 889,1318 888,1318 887,1319 885,1319 885,1320 882,1323 871,1323 870,1322 870,1312 869,1311 869,1310 833,1310 832,1311 831,1311 831,1312 830,1313 830,1320 829,1321 828,1320 793,1320 791,1322 760,1322 758,1320 690,1320 689,1319 588,1319 587,1318 587,1312 584,1312 582,1310 582,1309 581,1308 546,1308 545,1309 543,1309 542,1310 541,1310 541,1317 540,1318 534,1318 533,1317 533,1308 532,1307 497,1307 496,1308 493,1308 492,1309 491,1309 490,1310 490,1315 489,1316 461,1316 460,1317 440,1317 439,1318 434,1318 433,1317 433,1316 432,1315 432,1305 390,1305 389,1304 389,1303 390,1302 396,1302 397,1303 433,1303 434,1302 453,1302 454,1303 595,1303 596,1304 661,1304 662,1305 662,1315 698,1315 698,1305 699,1304 719,1304 720,1305 758,1305 760,1307 798,1307 798,1306 799,1305 814,1305 816,1307 867,1307 869,1305 894,1305 895,1304 913,1304 913,1303 914,1302 960,1302 961,1303 998,1303 999,1302 1000,1302 1001,1301 1002,1301 1002,1288 1001,1288 1000,1287 999,1287 998,1286 997,1286 996,1285 990,1285 989,1284 989,1281 990,1280 999,1280 1000,1279 1000,1269 998,1269 997,1268 952,1268 951,1269 944,1269 942,1271 935,1271 934,1270 934,1269 935,1268 938,1268 939,1267 942,1267 942,1257 943,1256 993,1256 993,1255 994,1254 995,1254 995,1253 996,1252 996,1230 995,1229 995,1228 994,1227 994,1226 993,1225 991,1225 990,1224 980,1224 979,1223 979,1216 978,1215 976,1215 975,1214 940,1214 938,1216 938,1224 937,1225 924,1225 922,1227 907,1227 906,1226 906,1225 867,1225 865,1227 864,1227 863,1228 863,1229 862,1230 861,1230 860,1231 853,1231 852,1230 833,1230 831,1228 831,1220 794,1220 794,1222 793,1223 793,1228 792,1229 760,1229 759,1230 758,1230 757,1231 750,1231 749,1230 749,1217 712,1217 709,1220 709,1227 708,1228 680,1228 679,1229 659,1229 658,1228 643,1228 642,1227 553,1227 552,1228 524,1228 523,1227 523,1221 522,1220 522,1217 504,1217 502,1215 501,1215 500,1214 493,1214 492,1213 493,1212 543,1212 544,1213 583,1213 584,1212 591,1212 592,1213 628,1213 629,1212 630,1212 631,1213 667,1213 668,1214 802,1214 803,1215 836,1215 838,1213 838,1212 840,1210 841,1210 843,1212 879,1212 880,1213 880,1221 881,1222 921,1222 922,1221 924,1221 924,1213 925,1212 975,1212 976,1211 976,1210 977,1209 977,1208 979,1206 994,1206 995,1205 995,1204 996,1203 996,1191 995,1190 989,1190 988,1189 988,1185 987,1184 987,1183 975,1183 974,1182 974,1181 973,1180 971,1180 970,1179 935,1179 934,1180 893,1180 892,1179 892,1177 893,1176 936,1176 936,1175 937,1174 937,1167 938,1166 951,1166 953,1168 988,1168 988,1167 989,1166 994,1166 995,1165 995,1154 994,1153 994,1152 993,1151 993,1148 991,1146 991,1143 990,1142 990,1127 989,1126 989,1125 988,1124 988,1123 989,1122 996,1122 996,1121 997,1120 997,1107 996,1107 994,1105 995,1104 995,1079 994,1078 962,1078 961,1077 961,1076 962,1075 964,1075 965,1074 966,1074 967,1073 968,1073 968,1072 969,1071 991,1071 992,1070 993,1070 994,1069 994,1056 993,1055 993,1053 988,1053 987,1052 974,1052 968,1046 966,1046 965,1045 943,1045 942,1044 906,1044 905,1045 873,1045 872,1044 872,1041 869,1038 867,1038 866,1037 831,1037 830,1038 828,1038 827,1037 825,1037 823,1035 787,1035 785,1037 783,1037 781,1039 780,1039 779,1040 778,1040 776,1042 776,1043 774,1045 740,1045 739,1046 738,1046 737,1047 721,1047 720,1046 684,1046 684,1048 683,1049 680,1046 680,1044 679,1043 679,1041 678,1040 677,1040 676,1039 676,1035 675,1035 674,1034 648,1034 647,1033 648,1032 697,1032 698,1033 733,1033 734,1032 786,1032 787,1031 856,1031 857,1030 887,1030 887,1029 888,1028 893,1028 895,1030 981,1030 982,1029 982,1028 983,1027 994,1027 996,1025 996,1016 995,1015 995,1009 990,1009 989,1008 989,1002 981,1002 980,1001 980,1000 862,1000 861,1001 807,1001 806,1002 803,1002 802,1001 790,1001 789,1000 789,994 786,991 784,991 783,990 747,990 746,991 743,991 742,992 742,994 741,995 741,1001 740,1002 720,1002 719,1001 665,1001 664,1002 654,1002 653,1001 653,990 652,989 615,989 614,990 613,990 612,991 593,991 591,993 590,993 590,1002 589,1003 574,1003 573,1002 539,1002 538,1001 539,1000 539,999 540,998 540,997 541,996 541,995 542,994 542,993 543,992 543,991 544,990 544,989 546,987 646,987 647,986 659,986 660,987 660,997 661,997 662,998 698,998 699,997 705,997 705,988 706,987 716,987 717,988 754,988 755,987 783,987 784,986 861,986 862,987 862,992 863,993 898,993 898,992 899,991 900,991 902,989 902,988 906,984 995,984 996,983 996,971 995,970 995,964 994,963 994,954 887,954 887,955 886,956 886,957 885,958 884,958 883,957 880,957 879,956 879,955 826,955 825,954 825,945 824,944 789,944 788,945 776,945 775,946 757,946 756,947 756,949 755,950 755,952 754,953 754,955 752,957 752,958 751,959 750,959 750,965 749,966 749,968 748,969 748,971 747,972 746,971 746,961 745,960 744,960 743,959 742,959 741,958 741,957 681,957 680,956 680,947 679,946 640,946 640,955 638,957 629,957 628,958 612,958 611,957 578,957 577,958 561,958 560,957 561,956 561,955 563,953 572,953 573,952 573,944 574,943 576,943 577,942 709,942 710,943 749,943 750,942 805,942 805,941 806,940 832,940 834,942 834,948 835,949 870,949 877,942 877,940 878,939 886,939 887,940 922,940 923,939 924,939 925,940 956,940 958,942 991,942 993,940 994,940 994,938 995,937 995,928 991,924 991,910 989,910 988,909 927,909 926,910 925,910 924,909 924,899 923,898 888,898 887,899 886,899 885,900 885,908 884,909 865,909 864,910 863,910 862,911 862,923 861,924 855,924 854,923 855,922 856,922 857,921 857,911 855,909 792,909 791,910 734,910 733,911 724,911 723,912 722,912 721,911 721,902 711,902 710,901 710,897 711,896 724,896 726,898 761,898 761,897 762,896 763,896 764,895 766,895 767,894 825,894 826,895 859,895 860,894 927,894 928,895 950,895 951,896 951,903 952,904 991,904 992,903 993,903 994,902 995,902 996,901 996,899 997,898 997,896 998,895 998,884 997,883 997,880 996,879 996,878 997,877 1002,877 1002,867 994,867 993,866 969,866 968,865 953,865 952,864 952,860 953,859 987,859 988,858 989,858 994,853 994,852 995,851 995,849 996,848 996,837 994,835 994,833 993,833 991,831 973,831 972,830 972,822 971,821 968,821 967,820 946,820 945,819 909,819 908,818 908,816 873,816 871,818 871,819 870,820 869,820 868,821 847,821 846,820 844,820 843,819 806,819 805,820 776,820 775,821 770,821 769,820 749,820 748,819 748,812 747,811 747,809 746,808 709,808 708,807 709,806 725,806 726,805 756,805 757,804 759,804 760,805 830,805 831,804 949,804 950,805 996,805 997,804 997,801 998,800 998,794 1000,792 1000,783 998,781 998,779 996,777 996,776 991,771 991,770 990,769 976,769 975,768 975,763 964,763 963,762 944,762 943,761 944,760 974,760 974,759 975,758 976,758 979,755 996,755 996,753 997,752 997,741 996,740 996,739 995,738 990,738 989,737 989,736 983,736 982,735 982,731 974,731 973,730 959,730 958,729 958,728 957,727 957,717 958,716 993,716 993,715 994,714 995,714 997,712 997,711 998,710 998,692 997,691 997,688 995,686 995,685 994,684 993,684 992,683 989,683 988,682 976,682 975,681 975,680 976,679 989,679 989,676 990,675 992,675 993,674 993,673 994,672 994,671 996,669 996,655 995,655 993,653 991,653 990,652 973,652 972,651 972,645 971,644 971,643 968,640 967,640 966,639 949,639 948,638 908,638 907,637 907,630 906,629 906,626 864,626 862,628 853,628 852,627 852,626 815,626 812,629 811,629 811,638 810,639 697,639 696,638 660,638 658,640 651,640 650,639 650,634 651,633 652,633 653,632 653,631 654,630 654,629 655,628 655,626 656,625 657,625 658,624 674,624 675,623 676,623 677,622 680,622 681,623 722,623 723,624 756,624 757,623 783,623 784,624 820,624 821,623 852,623 853,622 855,622 856,623 927,623 928,624 931,624 932,625 996,625 997,624 997,623 998,622 998,612 996,610 996,604 995,603 995,597 993,595 992,595 991,594 986,594 984,592 950,592 950,593 949,594 929,594 928,595 925,595 924,594 924,584 923,583 923,582 886,582 885,583 885,586 884,587 867,587 866,588 866,590 864,592 857,592 856,593 833,593 832,594 814,594 813,593 760,593 759,594 757,594 756,593 756,587 757,586 782,586 783,585 785,585 785,584 786,583 786,582 787,581 787,580 789,578 917,578 918,579 934,579 935,580 954,580 955,581 955,586 956,586 957,587 994,587 995,586 996,586 1003,579 1003,570 1002,569 1002,567 1000,565 999,565 998,564 998,563 997,562 997,561 980,561 979,560 979,553 977,551 976,551 975,550 977,548 977,537 979,535 990,535 991,534 995,534 996,533 997,533 997,531 998,530 998,511 997,510 997,505 996,504 989,504 988,503 988,502 979,502 977,500 977,494 938,494 937,495 937,502 935,504 930,504 929,503 929,502 863,502 862,503 861,503 860,502 849,502 848,501 848,493 847,492 838,492 837,491 837,490 840,487 875,487 876,488 996,488 997,487 997,476 995,476 994,475 994,474 995,473 996,473 997,472 998,472 1000,470 1000,461 999,460 997,460 996,459 996,453 995,452 995,449 993,447 991,447 990,446 951,446 950,447 949,447 948,448 946,448 945,449 938,449 937,450 913,450 912,451 911,451 911,453 910,454 910,457 909,458 885,458 884,457 885,456 885,447 884,446 884,444 849,444 846,447 836,447 835,448 833,448 833,457 832,458 830,458 830,462 829,463 829,470 828,471 813,471 812,470 812,463 807,458 791,458 790,457 790,449 789,449 788,448 753,448 752,449 750,449 750,457 749,458 745,458 743,456 743,449 742,448 731,448 730,447 694,447 693,448 690,448 690,454 689,455 655,455 655,456 654,457 646,457 645,456 645,447 644,446 645,445 645,444 646,443 747,443 748,442 771,442 771,430 772,429 776,429 778,427 778,426 779,425 779,414 778,413 778,409 776,407 776,406 774,404 774,403 771,403 770,402 734,402 733,403 733,406 732,407 728,407 728,413 727,414 706,414 705,413 705,403 668,403 667,404 667,413 666,414 628,414 627,413 567,413 566,414 565,413 565,410 566,409 573,409 573,408 574,407 575,407 576,406 577,406 578,405 578,404 579,403 579,400 580,399 591,399 592,398 595,398 596,399 596,409 639,409 639,408 640,407 640,399 641,398 676,398 677,397 691,397 692,398 747,398 748,397 879,397 880,396 892,396 894,398 930,398 931,397 993,397 994,396 995,396 996,395 996,393 997,392 998,392 1000,390 1000,381 998,379 998,377 997,376 997,369 996,368 982,368 981,367 864,367 863,366 863,355 827,355 826,356 823,356 821,358 821,366 820,367 800,367 799,368 728,368 727,369 659,369 658,368 659,367 667,367 667,354 668,353 799,353 800,352 822,352 823,351 835,351 836,352 837,352 838,353 872,353 874,351 952,351 953,352 954,352 955,353 993,353 994,352 996,352 1000,348 1000,340 1001,339 1001,327 1000,326 1000,324 999,323 997,323 996,322 996,321 995,320 957,320 955,322 944,322 943,321 943,314 939,310 899,310 898,311 896,311 896,312 895,313 895,315 893,317 893,319 892,320 892,321 891,322 881,322 880,321 880,314 879,313 879,312 876,312 875,311 836,311 836,312 835,313 835,319 834,320 821,320 820,319 820,310 784,310 783,311 782,311 781,312 779,312 779,320 777,322 760,322 759,323 738,323 736,321 736,318 738,316 749,316 749,308 750,307 873,307 873,306 874,305 885,305 887,307 927,307 927,306 928,305 933,305 935,307 953,307 954,308 956,308 957,309 993,309 994,308 994,307 995,306 995,305 996,304 996,294 994,292 984,292 983,291 983,287 984,286 984,266 986,264 1000,264 1000,262 1001,261 1001,260 1002,259 1002,249 998,245 990,245 989,244 989,232 982,232 979,229 964,229 962,227 962,222 960,220 961,219 1002,219 1002,218 1003,217 1003,205 1002,204 1002,203 998,203 997,202 998,201 999,201 1000,200 1001,200 1002,199 1002,198 1003,197 1003,184 1002,184 1001,183 1000,183 997,180 997,179 996,178 960,178 959,179 937,179 936,178 936,177 935,176 935,171"/><TextEquiv><Unicode/></TextEquiv><TextLine id="r1_l001"><Coords points="942,225 941,225 941,213 941,212 927,212 926,211 826,211 825,212 825,223 825,223 800,223 796,220 796,212 796,211 748,211 747,212 655,212 654,213 571,213 570,214 569,214 568,214 568,213 568,212 474,212 473,211 339,211 338,212 338,214 337,215 335,214 335,211 335,210 278,210 277,211 267,211 266,212 216,212 215,213 212,211 212,209 213,208 213,190 215,188 229,188 230,189 289,189 290,188 332,188 334,186 361,186 361,186 361,182 362,181 362,180 363,179 364,179 365,178 377,178 378,177 379,177 380,178 404,178 404,179 404,189 405,189 459,189 459,189 459,187 460,186 460,184 461,183 461,182 465,178 466,178 467,177 473,177 474,178 475,178 475,179 475,180 476,181 476,190 477,190 566,190 566,190 566,185 567,184 567,183 569,181 570,181 571,180 593,180 594,179 595,179 596,178 597,178 598,180 598,182 599,183 599,190 600,190 659,190 659,190 659,188 660,187 676,187 676,187 676,185 677,184 678,186 678,189 679,189 702,189 703,190 741,190 741,190 741,182 743,180 753,180 754,179 755,179 757,177 759,177 759,178 759,181 760,182 760,184 761,184 797,184 797,185 797,189 798,189 801,189 802,190 854,190 855,189 857,189 858,188 860,188 861,189 901,189 901,189 901,184 903,182 903,181 905,179 909,179 910,178 912,178 912,178 912,177 913,176 914,176 915,175 918,175 918,176 918,181 919,182 919,183 920,183 976,183 977,182 979,182 981,185 981,186 983,187 984,187 985,188 986,188 986,189 986,190 987,191 987,212 984,215 982,215 981,214 965,214 963,212 945,212 944,213 944,225 944,225"/><TextEquiv index="1"><Unicode>“accueillir favorablement il y a deux</Unicode></TextEquiv></TextLine><TextLine id="r1_l002"><Coords points="258,264 257,264 257,257 257,256 212,256 211,256 211,253 213,251 214,251 214,251 214,236 215,235 215,234 216,233 260,233 260,233 260,227 263,224 398,224 399,223 401,223 402,225 402,235 403,235 751,235 751,235 751,233 752,232 752,231 754,229 754,228 758,224 759,224 760,223 856,223 858,225 945,225 946,227 946,233 947,233 962,233 965,236 972,236 972,237 972,238 973,239 973,249 974,249 982,249 982,250 982,251 985,254 985,255 984,256 984,257 983,258 983,259 982,260 979,260 978,259 968,259 967,258 689,258 688,259 687,258 472,258 471,257 265,257 262,260 262,261 259,264"/><TextEquiv index="1"><Unicode>“jours. Il me reconnut en effet à la voix.</Unicode></TextEquiv></TextLine><TextLine id="r1_l003"><Coords points="213,269 980,269 980,313 213,313"/><TextEquiv index="1"><Unicode>“Comment! c'eſt donc vous? me dit-il.</Unicode></TextEquiv></TextLine><TextLine id="r1_l004"><Coords points="649,361 648,361 648,350 648,349 621,349 620,350 589,350 588,349 572,349 571,348 492,348 491,349 458,349 457,348 443,348 442,349 442,360 442,360 441,360 440,361 437,361 436,361 436,349 436,348 386,348 385,349 385,357 384,358 383,358 382,359 374,359 372,358 372,349 372,348 371,348 370,347 368,347 367,346 313,346 312,347 311,347 310,346 216,346 215,347 212,347 210,346 211,345 211,324 213,322 254,322 254,322 254,316 257,313 259,313 260,314 320,314 321,316 321,317 322,318 322,325 323,325 335,325 336,326 426,326 426,326 426,318 428,316 429,316 430,315 431,315 432,314 444,314 445,316 445,327 446,327 502,327 502,327 502,326 503,325 503,323 505,321 505,320 509,316 512,316 513,315 516,315 517,316 518,316 519,318 519,319 520,320 520,327 521,327 589,327 590,326 601,326 602,325 604,325 604,326 604,328 605,328 685,328 686,327 703,327 703,327 703,325 704,324 704,323 706,321 706,320 708,318 709,318 710,317 711,317 712,316 718,316 720,319 720,326 721,326 795,326 795,326 795,317 796,316 798,316 799,315 800,315 801,314 803,314 803,315 803,322 804,323 804,325 805,325 851,325 851,325 851,319 852,318 852,316 853,315 857,315 858,316 860,316 861,317 863,317 863,318 863,321 864,321 910,321 911,320 911,319 912,318 912,317 914,315 915,315 916,314 922,314 923,315 924,315 924,316 924,317 926,319 926,326 927,326 972,326 973,325 975,325 976,324 977,325 979,325 981,327 982,327 983,329 983,332 984,333 984,335 983,336 983,344 979,348 977,348 976,349 972,349 971,348 970,348 969,347 858,347 857,348 856,348 855,349 854,348 853,348 852,347 819,347 806,347 805,348 783,348 782,349 652,349 651,350 651,360 650,361"/><TextEquiv index="1"><Unicode>“Mais quelle eſt cette maſcarade? eſt-ce</Unicode></TextEquiv></TextLine><TextLine id="r1_l005"><Coords points="539,406 538,405 407,405 405,404 405,395 405,394 384,394 383,393 216,393 213,391 213,369 214,368 265,368 265,368 265,360 267,358 270,358 271,357 274,357 277,360 442,360 443,361 841,361 842,360 843,360 844,359 846,359 847,361 847,371 848,371 964,371 965,372 979,372 980,374 980,376 981,377 981,382 982,383 982,385 983,386 979,390 979,391 979,391 978,392 977,392 976,393 914,393 913,394 625,394 624,395 624,403 622,405 543,405 542,406"/><TextEquiv index="1"><Unicode>“dans cet équipage que vous voulez vous</Unicode></TextEquiv></TextLine><TextLine id="r1_l006"><Coords points="623,452 622,452 622,440 622,439 540,439 539,438 367,438 366,439 366,447 365,448 364,448 363,449 357,449 354,447 354,438 354,437 285,437 284,438 283,437 272,437 271,436 219,436 218,437 217,437 216,438 214,438 212,437 212,418 213,417 213,416 214,415 215,415 216,414 259,414 259,414 259,412 261,410 261,408 262,407 262,406 263,405 264,405 265,404 266,404 267,403 274,403 275,404 294,404 295,405 296,405 296,406 296,415 297,415 306,415 307,416 403,416 403,416 403,409 405,407 405,406 406,405 424,405 425,404 433,404 433,405 433,407 434,408 434,416 435,416 471,416 472,415 474,415 475,416 537,416 537,416 537,407 538,406 543,406 543,407 543,409 546,412 546,413 548,415 548,417 549,417 610,417 611,418 683,418 683,418 683,409 685,407 689,407 689,408 689,418 690,418 744,418 744,418 744,413 746,411 749,411 749,411 749,408 751,406 754,406 755,407 757,407 757,408 757,409 761,413 761,415 762,416 762,419 763,420 762,421 762,422 759,425 756,425 755,426 755,438 755,438 731,438 730,439 629,439 628,440 628,452 628,452"/><TextEquiv index="1"><Unicode>“faire préſenter à une reine?</Unicode></TextEquiv></TextLine><TextLine id="r1_l007"><Coords points="827,497 826,497 826,485 826,484 822,484 821,485 821,487 817,491 816,491 815,492 814,492 812,491 812,490 812,489 795,489 794,490 794,496 794,496 793,496 792,496 792,490 792,489 769,489 768,490 768,491 767,492 766,492 764,491 764,485 764,484 644,484 643,485 643,494 642,495 636,495 635,494 634,494 633,494 633,486 633,485 572,485 571,486 564,486 563,485 562,485 561,484 497,484 496,485 496,487 496,487 492,491 491,491 490,492 489,492 486,490 486,485 486,484 422,484 421,483 360,483 359,484 359,495 359,495 354,495 353,495 353,484 352,482 308,482 307,481 264,481 263,482 262,482 261,483 258,481 259,480 259,467 260,466 260,463 262,461 269,461 270,460 304,460 304,460 304,453 305,452 305,451 306,450 341,450 342,451 343,451 344,453 344,461 345,461 393,461 393,461 393,460 394,459 394,457 395,456 395,455 396,454 396,453 398,451 399,451 400,450 405,450 406,449 407,450 408,450 410,453 410,462 411,462 462,462 463,463 469,463 470,465 470,466 471,467 471,476 472,476 528,476 528,476 528,458 528,457 527,457 525,456 525,454 527,452 529,452 530,451 535,451 536,452 565,452 566,453 567,453 567,454 567,456 568,457 568,463 569,463 620,463 620,463 620,457 621,456 621,453 622,452 627,452 627,453 627,462 628,462 645,462 646,461 671,461 671,461 671,460 672,459 705,459 705,459 705,456 706,455 706,453 707,452 709,452 710,451 713,451 714,452 771,452 772,453 773,453 773,454 773,462 774,462 788,462 789,463 791,463 795,468 795,475 796,475 845,475 845,475 845,468 846,467 846,464 847,463 848,463 848,463 848,453 849,452 852,452 853,451 862,451 863,450 864,450 865,449 867,449 867,450 867,451 868,452 868,462 869,462 926,462 926,462 926,459 927,458 927,456 928,455 929,455 930,454 954,454 955,453 962,453 963,452 964,452 965,451 967,451 968,450 974,450 975,451 976,451 978,454 978,457 979,458 979,463 981,464 982,464 983,466 981,468 981,483 979,485 944,485 943,484 831,484 830,485 830,497 830,497"/><TextEquiv index="1"><Unicode>“Monſieur, lui répondis-je, il m'eſt</Unicode></TextEquiv></TextLine><TextLine id="r1_l008"><Coords points="954,542 953,542 953,540 953,539 952,539 950,538 950,531 950,530 894,530 893,531 893,539 892,540 883,540 882,539 881,539 880,539 880,530 880,529 791,529 790,530 790,539 789,540 779,540 777,539 777,531 777,530 766,530 765,529 659,529 658,530 562,530 561,531 559,531 558,530 514,530 513,529 386,529 385,528 374,528 373,529 373,541 373,541 372,541 371,541 371,529 371,528 305,528 304,529 304,530 303,531 303,532 302,533 301,533 300,534 296,534 295,533 294,533 293,533 293,532 292,531 292,529 292,528 218,528 217,529 215,529 214,530 211,528 212,527 212,526 213,525 213,506 215,504 216,505 227,505 228,506 295,506 296,505 309,505 309,505 309,497 311,495 359,495 359,496 359,497 360,497 413,497 414,496 415,497 416,497 416,498 416,500 417,501 417,508 418,508 448,508 449,507 492,507 492,507 492,499 494,497 496,497 497,496 499,496 500,495 501,496 502,496 502,497 502,504 503,505 503,508 504,508 535,508 536,509 611,509 611,509 611,501 614,498 615,498 616,497 618,497 619,498 630,498 630,499 630,502 631,503 631,508 632,508 745,508 745,508 745,499 747,497 751,497 752,496 753,496 754,497 755,497 755,498 755,508 756,508 802,508 803,507 825,507 825,507 825,500 826,499 826,498 827,497 831,497 831,498 831,507 832,507 913,507 914,508 953,508 953,508 953,500 955,498 960,498 961,500 961,506 962,506 970,506 971,507 972,507 973,508 979,508 981,511 981,515 982,516 982,526 980,528 980,529 980,529 979,529 978,530 975,530 974,531 962,531 961,532 961,541 960,542"/><TextEquiv index="1"><Unicode>“arrivé bien des malheurs depuis que je</Unicode></TextEquiv></TextLine><TextLine id="r1_l009"><Coords points="904,587 903,587 903,575 903,574 772,574 771,575 771,577 769,579 769,580 768,581 766,581 765,582 764,582 761,580 761,575 761,574 685,574 684,575 646,575 645,576 562,576 561,575 490,575 489,574 472,574 424,574 423,575 423,584 422,585 417,585 416,586 416,587 416,587 411,587 410,587 410,575 410,574 325,574 324,573 266,573 265,574 265,575 265,575 264,574 240,574 216,574 215,575 213,575 211,574 211,554 214,551 226,551 227,552 369,552 369,552 369,543 371,541 375,541 375,542 375,553 376,553 409,553 410,552 446,552 446,552 446,544 449,541 494,541 496,539 498,539 500,542 500,543 501,543 543,543 544,544 612,544 612,544 612,543 613,542 613,541 615,539 650,539 652,542 652,554 653,554 701,554 702,553 714,553 714,553 714,546 716,544 716,543 718,541 739,541 739,541 739,540 740,539 744,539 745,541 745,553 746,553 787,553 789,551 792,551 793,552 951,552 951,552 951,549 952,548 952,546 953,545 953,543 954,542 961,542 961,543 961,558 962,559 962,566 963,566 981,566 982,568 982,569 985,572 985,574 986,575 979,582 978,582 977,583 973,583 971,582 971,577 971,576 952,576 951,575 935,575 934,574 906,574 905,575 905,587 905,587"/><TextEquiv index="1"><Unicode>“vous ai quitté. J'ai été volé, tourmenté,</Unicode></TextEquiv></TextLine><TextLine id="r1_l010"><Coords points="337,631 336,630 335,630 334,630 334,629 333,628 333,621 333,620 303,620 302,619 239,619 214,619 213,620 212,620 210,619 210,617 211,616 211,599 212,598 212,597 213,596 224,596 225,597 226,597 227,598 275,598 276,597 278,597 279,598 325,598 328,595 329,596 330,596 331,597 376,597 376,597 376,592 377,591 377,589 379,587 416,587 416,588 416,600 417,600 456,600 457,599 465,599 466,598 469,598 473,603 473,604 474,605 474,607 475,607 521,607 522,606 522,605 523,604 523,602 525,600 525,598 526,597 526,596 527,595 527,593 528,592 528,589 529,588 548,588 550,586 551,586 552,587 553,587 553,588 553,599 554,599 634,599 634,599 634,593 635,592 635,591 637,589 640,589 641,591 641,592 642,593 642,599 643,599 695,599 695,599 695,591 696,590 696,589 697,588 699,588 700,587 702,587 703,586 736,586 737,587 738,587 740,590 740,598 741,598 775,598 776,597 796,597 797,598 849,598 850,597 873,597 874,596 882,596 882,596 882,593 884,591 900,591 900,591 900,590 903,587 907,587 908,589 908,598 909,598 965,598 966,597 966,596 967,595 968,597 968,598 969,598 975,598 977,601 977,602 978,603 978,608 979,609 979,615 982,618 980,620 980,621 980,621 949,621 948,620 944,620 943,619 804,619 803,620 801,620 800,619 741,619 740,620 739,620 738,619 658,619 657,620 641,620 639,622 639,623 637,625 637,626 636,627 636,628 635,629 634,629 633,629 633,621 633,620 582,620 581,621 565,621 564,620 552,620 551,619 517,619 515,618 515,610 515,609 474,609 471,612 471,613 469,615 469,616 466,619 459,619 458,620 442,620 441,621 441,625 441,625 440,625 440,621 440,620 426,620 425,621 411,621 410,622 409,621 396,621 395,620 347,620 346,621 346,623 345,624 345,626 341,630 339,630 338,631"/><TextEquiv index="1"><Unicode>“martyriſé“ Alors je lui racontai en</Unicode></TextEquiv></TextLine><TextLine id="r1_l011"><Coords points="871,677 870,677 870,666 870,665 817,665 816,666 816,674 815,675 814,675 813,676 806,676 803,674 803,666 803,665 655,665 654,666 643,666 642,665 595,665 594,666 546,666 545,665 474,665 473,666 419,666 418,665 295,665 260,665 259,666 232,666 231,667 231,671 228,674 228,675 228,675 227,675 226,676 225,676 224,677 213,677 212,676 211,676 210,676 210,675 208,673 208,662 209,661 209,649 212,646 213,646 214,645 216,645 217,644 218,644 219,643 231,643 232,644 355,644 356,643 415,643 415,643 415,637 416,636 417,636 418,635 419,635 420,634 421,634 422,633 464,633 465,632 501,632 502,633 503,633 503,634 503,644 504,644 530,644 531,643 534,643 535,644 537,644 538,645 580,645 580,645 580,636 582,634 601,634 603,632 630,632 631,631 632,632 633,632 633,633 633,642 634,642 679,642 680,643 827,643 827,643 827,634 828,633 829,633 830,632 831,632 833,630 834,630 835,631 883,631 884,630 885,630 886,631 889,631 889,632 889,634 890,635 890,642 891,642 931,642 932,643 949,643 950,644 951,644 954,648 954,649 955,650 955,656 956,656 973,656 974,657 976,657 978,659 979,659 980,661 979,662 979,665 977,667 977,668 976,669 976,670 975,671 974,671 972,673 972,675 972,675 970,675 969,675 969,674 969,673 967,673 965,672 965,666 965,665 942,665 941,664 875,664 874,665 874,677 874,677"/><TextEquiv index="1"><Unicode>gros mon hiſtoire. Il la trouva plaiſante,</Unicode></TextEquiv></TextLine><TextLine id="r1_l012"><Coords points="414,723 413,722 408,722 405,720 405,712 405,711 388,711 387,710 350,710 349,711 349,721 349,721 342,721 341,722 338,720 338,712 338,711 271,711 270,710 241,710 230,710 229,711 224,711 223,710 221,710 220,709 219,709 218,708 217,708 214,706 214,704 212,702 213,701 213,697 215,695 215,688 216,687 216,684 217,683 217,682 220,679 222,679 223,678 227,678 228,679 229,679 231,682 231,689 232,689 245,689 246,690 343,690 344,689 361,689 361,689 361,681 362,680 365,680 368,677 369,677 370,678 400,678 401,680 401,690 402,690 438,690 439,689 449,689 449,689 449,682 452,679 455,679 455,680 455,688 456,688 468,688 468,689 468,690 469,690 501,690 502,689 524,689 525,688 529,688 530,689 531,689 531,690 531,691 532,691 565,691 566,690 579,690 579,690 579,680 580,679 585,679 586,681 586,690 587,690 612,690 613,689 636,689 637,688 638,688 641,691 642,691 643,693 643,705 644,705 672,705 672,705 672,682 675,679 693,679 694,678 695,678 696,677 697,677 698,679 698,691 699,691 729,691 730,690 739,690 740,689 760,689 760,689 760,683 763,680 767,680 769,683 769,684 770,685 770,689 771,689 818,689 819,688 868,688 868,688 868,680 869,679 869,678 870,677 875,677 875,678 875,679 876,680 876,687 877,687 892,687 893,688 912,688 913,689 943,689 944,688 946,688 947,687 947,680 949,678 951,678 952,677 954,677 955,676 956,676 957,677 958,677 958,678 958,686 959,686 971,686 972,687 974,687 976,689 977,689 981,694 981,697 982,698 982,705 981,706 981,708 979,710 978,710 977,711 976,711 975,712 972,712 971,711 968,711 967,710 914,710 913,709 864,709 863,710 862,709 831,709 830,710 829,710 828,711 827,710 782,710 781,711 728,711 727,710 686,710 685,711 652,711 651,712 647,712 646,711 579,711 578,710 562,710 561,709 510,709 509,710 506,710 505,711 503,711 502,710 501,710 500,709 470,709 469,710 455,710 454,711 426,711 425,712 425,714 424,715 424,717 423,718 423,719 422,720 422,721 421,722 419,722 418,723"/><TextEquiv index="1"><Unicode>&amp; me plaignit en riant. Il m'examina de</Unicode></TextEquiv></TextLine><TextLine id="r1_l013"><Coords points="517,769 516,769 516,756 516,755 469,755 468,756 453,756 452,757 435,757 434,758 434,766 433,767 427,767 426,768 425,767 423,767 422,767 422,757 422,756 210,756 209,756 209,755 208,754 208,726 211,723 214,723 215,722 217,722 219,725 219,734 220,734 276,734 276,734 276,732 277,731 277,730 278,729 278,725 279,724 282,724 283,726 283,727 284,728 284,729 285,730 285,733 286,733 296,733 298,735 345,735 346,734 348,734 349,735 396,735 397,734 398,734 399,735 446,735 446,735 446,728 447,727 447,726 449,724 489,724 490,723 491,723 492,722 494,722 495,724 495,734 496,734 509,734 511,736 512,736 512,737 512,738 513,739 513,740 514,741 514,747 515,747 564,747 564,747 564,739 566,737 568,737 570,735 645,735 646,734 680,734 681,733 683,733 684,734 757,734 757,734 757,733 758,732 789,732 790,731 796,731 796,732 796,733 797,733 876,733 877,732 930,732 930,732 930,724 931,723 933,723 934,722 936,722 937,721 940,721 940,722 940,733 942,734 956,734 957,735 965,735 966,737 966,741 967,741 973,741 974,742 978,742 979,744 979,745 980,746 980,750 979,751 962,751 961,752 961,753 960,754 959,754 957,756 952,756 951,755 937,755 936,754 884,754 883,755 853,755 852,756 852,764 851,765 849,765 848,766 845,766 843,765 843,756 843,755 788,755 787,756 611,756 610,757 609,757 608,756 543,756 542,757 542,759 539,762 538,762 537,763 535,763 533,762 533,756 533,755 520,755 519,756 519,769 519,769"/><TextEquiv index="1"><Unicode>la tête aux pieds, me retournant par de-</Unicode></TextEquiv></TextLine><TextLine id="r1_l014"><Coords points="365,813 364,812 363,812 362,811 361,811 360,811 360,802 360,801 317,801 316,802 315,801 222,801 220,800 220,799 219,798 219,796 218,795 218,793 214,789 214,786 214,785 213,785 212,785 212,784 211,783 212,782 212,780 214,778 215,779 281,779 282,778 306,778 306,778 306,772 310,768 316,768 317,769 319,769 320,771 320,776 321,777 321,778 322,778 334,778 336,780 449,780 449,780 449,772 451,770 452,770 453,769 454,769 455,768 457,768 458,770 458,779 459,779 514,779 514,779 514,770 515,769 520,769 520,770 520,771 521,772 521,779 522,779 550,779 551,780 557,780 558,781 574,781 575,782 622,782 622,782 622,781 624,779 630,779 631,778 631,770 632,769 674,769 675,770 724,770 725,769 728,769 729,768 731,768 732,769 734,769 737,773 737,779 738,779 841,779 842,778 916,778 917,777 917,774 918,773 918,772 919,771 919,766 922,763 924,763 927,766 946,766 947,767 958,767 959,769 959,773 960,773 973,773 975,776 975,777 979,781 979,782 982,785 982,787 983,788 982,789 982,796 981,797 981,799 979,801 967,801 966,800 820,800 815,800 814,801 709,801 708,802 705,802 704,801 692,801 691,802 691,810 691,810 690,810 688,809 688,802 688,801 587,801 586,802 585,802 584,803 583,802 566,802 565,801 401,801 400,802 374,802 373,803 373,810 373,810 371,810 369,812 368,812 367,813"/><TextEquiv index="1"><Unicode>vant &amp; par derriere. „C'eſt une comédie</Unicode></TextEquiv></TextLine><TextLine id="r1_l015"><Coords points="357,858 354,856 354,848 354,847 328,847 327,846 284,846 282,848 279,848 278,849 278,850 276,852 275,851 274,851 273,851 273,849 273,848 259,848 258,847 216,847 215,848 212,848 209,846 210,845 210,844 211,843 211,825 212,824 221,824 222,823 251,823 251,823 251,820 252,819 252,818 254,816 256,816 257,815 258,815 259,814 260,814 261,816 261,826 262,826 311,826 312,825 426,825 427,824 429,826 445,826 446,827 447,827 449,830 449,831 450,832 450,838 451,838 505,838 505,838 505,829 507,827 509,827 510,826 516,826 517,825 534,825 535,826 536,826 537,827 587,827 588,826 590,826 590,826 590,817 592,815 594,815 595,814 599,814 600,815 659,815 660,814 661,814 662,813 663,814 664,814 664,815 664,824 665,825 665,827 666,827 712,827 715,824 715,820 720,815 721,815 722,814 723,814 724,813 729,813 730,815 730,816 731,817 731,824 732,824 822,824 823,823 827,823 828,824 829,824 830,825 885,825 886,824 887,824 890,821 891,821 893,823 928,823 929,824 950,824 951,825 954,825 955,827 955,836 956,836 975,836 976,837 977,837 977,838 977,840 979,842 979,844 978,845 978,847 977,848 977,849 976,850 976,851 974,853 973,853 972,854 971,854 970,855 969,855 968,854 967,854 966,854 966,853 965,852 965,848 965,847 945,847 944,846 942,846 941,845 858,845 857,846 692,846 691,847 691,848 690,849 690,852 687,855 686,855 685,856 684,856 682,855 682,848 682,847 598,847 597,846 556,846 555,847 477,847 476,848 476,849 471,854 470,854 469,855 468,855 466,854 466,849 466,848 441,848 440,847 369,847 367,849 367,852 365,854 365,855 364,856 363,856 361,858"/><TextEquiv index="1"><Unicode>“larmoyante, me dit-il; ſur mon ame,</Unicode></TextEquiv></TextLine><TextLine id="r1_l016"><Coords points="678,904 674,901 674,900 674,899 412,899 394,899 393,900 393,902 392,903 389,903 388,904 386,904 385,903 383,903 382,903 382,902 381,901 381,894 381,893 211,893 209,892 209,877 210,876 210,874 211,873 211,870 212,869 221,869 222,868 253,868 253,868 253,863 254,862 254,861 255,860 267,860 268,859 485,859 486,858 791,858 792,857 928,857 929,856 933,856 934,858 934,863 935,864 935,869 936,869 951,869 952,870 976,870 977,871 985,871 986,873 986,873 983,873 982,874 982,891 980,893 980,894 979,895 979,897 978,898 977,898 975,900 974,900 973,901 907,901 906,902 906,903 906,903 905,903 904,903 904,894 904,893 694,893 693,894 693,899 690,902 689,902 688,903 687,903 686,904"/><TextEquiv index="1"><Unicode>“il a la plus drôle de figure du monde;</Unicode></TextEquiv></TextLine><TextLine id="r1_l017"><Coords points="246,949 246,940 246,939 213,939 212,940 211,940 208,938 208,937 209,936 209,924 210,923 210,916 211,915 223,915 225,917 274,917 275,916 320,916 321,915 324,915 325,916 437,916 438,915 463,915 463,915 463,914 464,913 464,911 465,910 465,908 467,906 469,906 469,907 469,908 471,910 471,912 472,913 472,914 473,914 484,914 486,916 521,916 522,917 569,917 569,917 569,910 570,909 570,908 571,907 573,907 575,905 577,905 578,907 578,910 579,910 581,910 581,911 581,916 582,916 653,916 655,914 686,914 686,914 686,908 687,907 689,907 690,906 691,906 692,905 693,905 694,906 705,906 705,907 705,915 706,915 798,915 799,914 808,914 809,913 901,913 901,913 901,905 903,903 908,903 908,904 908,914 909,914 943,914 944,913 971,913 972,914 974,914 975,916 975,930 978,933 977,934 977,936 977,936 976,936 975,937 974,937 973,936 861,936 859,938 859,939 854,944 851,944 849,943 849,937 849,936 790,936 789,937 760,937 759,938 733,938 732,939 727,939 726,938 704,938 703,937 642,937 641,938 559,938 558,939 557,939 556,940 556,948 555,949 549,949 548,949 548,948 547,947 547,939 547,938 382,938 381,939 381,947 380,948 374,948 373,949 372,949 371,948 369,948 368,948 368,939 368,938 339,938 338,937 292,937 291,938 262,938 261,939 250,939 249,940 249,949 248,950"/><TextEquiv index="1"><Unicode>“on ne peut être plus malheureux, ni en</Unicode></TextEquiv></TextLine><TextLine id="r1_l018"><Coords points="679,994 678,993 677,993 676,993 676,983 676,982 630,982 629,983 553,983 552,982 503,982 502,983 502,992 501,993 499,993 498,994 442,994 439,992 439,984 439,983 302,983 301,984 212,984 210,983 210,967 212,965 212,963 213,962 221,962 222,961 225,961 226,962 293,962 293,962 293,960 294,959 294,958 295,957 295,955 296,954 296,951 297,950 300,950 300,951 300,952 301,953 301,955 302,956 302,959 303,960 303,961 304,961 378,961 379,960 381,960 382,961 510,961 510,961 510,954 511,953 512,953 513,952 516,952 517,951 518,951 519,950 521,950 522,952 522,961 523,961 542,961 543,962 593,962 594,961 595,961 596,962 644,962 645,961 656,961 656,961 656,952 658,950 661,950 662,951 663,951 663,952 663,961 664,961 694,961 695,960 696,961 769,961 770,960 770,958 771,957 771,955 772,954 772,952 774,950 792,950 793,949 805,949 806,948 807,948 808,950 808,960 809,960 903,960 904,959 913,959 914,958 975,958 976,959 977,959 977,960 977,968 978,969 978,975 979,976 979,979 978,980 978,981 978,981 888,981 887,982 887,983 886,984 886,985 884,987 882,987 881,988 879,988 877,987 877,983 877,982 767,982 766,983 738,983 737,984 734,984 733,983 689,983 688,984 688,993 688,993 683,993 682,994"/><TextEquiv index="1"><Unicode>“même temps plus comique. Allons, mon</Unicode></TextEquiv></TextLine><TextLine id="r1_l019"><Coords points="294,1041 293,1041 293,1030 293,1029 271,1029 270,1030 269,1029 258,1029 257,1028 209,1028 208,1028 208,1012 209,1011 209,1010 211,1008 211,1006 212,1005 225,1005 226,1007 226,1008 227,1008 285,1008 286,1007 296,1007 297,1006 310,1006 310,1006 310,997 311,996 314,996 316,999 315,1000 315,1019 316,1019 365,1019 365,1019 365,1009 366,1008 367,1008 367,1008 367,997 368,996 382,996 383,995 418,995 419,994 422,994 423,995 425,995 425,996 425,997 426,998 426,1006 427,1006 465,1006 467,1004 468,1004 468,1005 468,1006 469,1006 556,1006 557,1007 606,1007 606,1007 606,998 607,997 608,997 609,996 611,996 612,995 630,995 632,993 635,993 637,996 637,1006 638,1006 680,1006 681,1005 702,1005 703,1006 756,1006 756,1006 756,1004 757,1003 757,1000 758,999 758,998 761,995 763,995 764,994 766,994 767,995 769,995 772,999 772,1005 773,1005 877,1005 878,1004 931,1004 932,1003 961,1003 962,1004 963,1004 963,1005 963,1006 964,1006 972,1006 973,1008 973,1013 974,1013 978,1013 978,1014 978,1020 979,1021 977,1023 966,1023 965,1024 965,1025 964,1026 840,1026 839,1027 770,1027 769,1028 717,1028 716,1029 715,1029 714,1028 632,1028 631,1029 627,1029 626,1028 527,1028 509,1028 508,1029 507,1029 506,1028 424,1028 423,1027 374,1027 373,1028 342,1028 341,1029 341,1031 340,1032 340,1033 338,1035 336,1035 335,1036 333,1036 331,1035 331,1029 331,1028 297,1028 296,1029 296,1041 296,1041"/><TextEquiv index="1"><Unicode>“ami, il faut vous décroter &amp; vous cou-</Unicode></TextEquiv></TextLine><TextLine id="r1_l020"><Coords points="427,1084 424,1082 424,1072 424,1071 388,1071 387,1072 387,1074 387,1074 352,1074 351,1075 351,1076 346,1081 344,1081 342,1080 342,1073 342,1072 280,1072 279,1073 276,1073 275,1072 223,1072 222,1073 222,1074 222,1074 210,1074 207,1072 207,1071 208,1070 209,1070 209,1070 209,1052 211,1050 222,1050 223,1051 224,1051 225,1052 291,1052 291,1052 291,1044 292,1043 292,1042 293,1041 298,1041 298,1042 298,1051 299,1051 315,1051 316,1052 376,1052 377,1051 377,1042 378,1041 379,1041 380,1040 391,1040 392,1039 394,1039 395,1041 395,1048 396,1049 396,1050 397,1050 428,1050 429,1051 512,1051 513,1050 514,1051 554,1051 555,1052 599,1052 601,1050 602,1050 602,1050 602,1043 604,1041 605,1041 606,1040 610,1040 610,1041 610,1052 611,1052 654,1052 654,1052 654,1042 655,1041 655,1040 656,1039 658,1039 659,1040 660,1040 660,1041 660,1044 662,1046 662,1048 663,1049 663,1050 664,1050 704,1050 705,1051 754,1051 755,1050 756,1050 757,1049 791,1049 791,1049 791,1048 795,1044 796,1044 798,1042 799,1042 800,1041 803,1041 804,1040 807,1040 808,1041 850,1041 851,1042 852,1042 855,1045 856,1045 856,1046 856,1049 857,1049 921,1049 922,1048 925,1048 926,1049 948,1049 949,1050 952,1050 956,1055 956,1056 957,1056 970,1056 971,1057 976,1057 976,1058 976,1060 977,1061 977,1065 974,1068 952,1068 951,1069 950,1069 949,1070 948,1070 947,1071 946,1071 945,1072 945,1079 944,1080 944,1081 944,1081 933,1081 932,1081 932,1071 932,1070 870,1070 869,1071 868,1071 867,1072 863,1072 862,1071 819,1071 818,1072 818,1081 818,1081 817,1081 816,1082 815,1082 814,1083 811,1083 810,1082 809,1082 808,1081 806,1081 804,1079 803,1079 802,1079 802,1078 801,1077 801,1076 801,1075 769,1075 768,1074 758,1074 757,1073 670,1073 669,1074 584,1074 583,1073 529,1073 528,1072 481,1072 480,1073 438,1073 435,1076 435,1078 434,1079 434,1080 431,1083 429,1083 428,1084"/><TextEquiv index="1"><Unicode>“vrir; il y a remede à tout. Qu'on ap-</Unicode></TextEquiv></TextLine><TextLine id="r1_l021"><Coords points="968,1129 967,1129 967,1128 967,1127 783,1127 782,1127 782,1126 781,1125 781,1120 781,1119 755,1119 754,1118 353,1118 300,1118 299,1119 265,1119 264,1120 264,1128 263,1129 255,1129 253,1128 253,1120 253,1119 210,1119 208,1118 208,1103 209,1102 209,1096 210,1095 294,1095 294,1095 294,1087 295,1086 297,1086 298,1085 299,1085 300,1084 502,1084 503,1083 505,1083 507,1085 841,1085 842,1084 843,1084 844,1083 933,1083 933,1083 933,1082 934,1081 942,1081 943,1082 976,1082 978,1085 978,1111 979,1111 980,1111 980,1112 980,1115 981,1116 979,1118 972,1118 971,1119 971,1129 971,1129"/><TextEquiv index="1"><Unicode>“pelle mon valet de chambre, afin qu'il</Unicode></TextEquiv></TextLine><TextLine id="r1_l022"><Coords points="514,1175 513,1175 513,1164 513,1163 307,1163 306,1164 301,1164 300,1163 210,1163 208,1162 208,1158 209,1157 209,1148 212,1145 213,1145 214,1144 215,1144 217,1142 269,1142 269,1142 269,1135 271,1133 272,1133 273,1132 274,1132 276,1130 350,1130 351,1129 426,1129 427,1128 428,1129 429,1129 429,1130 429,1132 430,1132 655,1132 656,1131 658,1131 659,1130 851,1130 852,1129 973,1129 973,1130 973,1132 974,1133 974,1148 975,1149 975,1152 976,1153 976,1157 978,1159 978,1161 977,1162 973,1162 972,1163 922,1163 921,1164 921,1170 919,1172 910,1172 908,1171 908,1166 908,1165 609,1165 608,1166 608,1167 607,1168 607,1169 606,1170 606,1171 604,1173 601,1173 600,1174 517,1174 516,1175"/><TextEquiv index="1"><Unicode>“cherche dans ma garde - robe de quoi</Unicode></TextEquiv></TextLine><TextLine id="r1_l023"><Coords points="479,1220 478,1219 468,1219 467,1219 467,1218 466,1217 466,1209 466,1208 432,1208 431,1207 362,1207 361,1208 326,1208 325,1209 325,1210 325,1210 324,1210 323,1209 286,1209 285,1208 218,1208 217,1209 211,1209 209,1211 206,1211 205,1211 205,1210 204,1209 204,1207 206,1205 206,1187 207,1186 217,1186 218,1185 248,1185 248,1185 248,1179 249,1178 252,1178 254,1176 317,1176 318,1175 329,1175 330,1174 343,1174 344,1173 345,1173 346,1175 346,1184 347,1184 358,1184 359,1185 412,1185 412,1185 412,1179 413,1178 413,1177 414,1176 415,1176 416,1175 417,1175 418,1174 421,1174 421,1175 421,1185 422,1185 438,1185 439,1186 490,1186 491,1185 501,1185 502,1184 510,1184 510,1184 510,1182 511,1181 511,1178 512,1177 512,1176 513,1175 516,1175 516,1176 516,1177 517,1178 517,1179 518,1180 518,1182 519,1183 519,1185 520,1185 536,1185 537,1186 647,1186 647,1186 647,1179 648,1178 650,1178 651,1177 653,1177 654,1176 716,1176 717,1175 720,1175 721,1176 751,1176 751,1177 751,1188 752,1188 790,1188 791,1189 848,1189 848,1189 848,1187 849,1186 849,1185 850,1184 850,1183 854,1179 855,1179 857,1177 859,1177 860,1176 865,1176 866,1175 868,1175 869,1176 871,1176 872,1177 873,1177 875,1180 875,1184 876,1184 951,1184 952,1183 953,1184 956,1184 959,1187 970,1187 970,1188 970,1189 971,1190 971,1194 972,1194 978,1194 979,1196 979,1200 977,1202 962,1202 961,1203 961,1205 959,1207 959,1219 959,1219 957,1219 956,1219 956,1209 956,1208 909,1208 908,1209 908,1215 907,1216 907,1217 907,1217 905,1217 904,1218 898,1218 896,1217 896,1216 895,1215 895,1209 895,1208 823,1208 820,1211 819,1211 818,1210 685,1210 684,1209 561,1209 560,1208 486,1208 485,1209 485,1220 485,1220"/><TextEquiv index="1"><Unicode>“habiller le prêtre ambaſſadeur. Cepen-</Unicode></TextEquiv></TextLine><TextLine id="r1_l024"><Coords points="904,1266 903,1266 903,1253 903,1252 861,1252 858,1255 857,1255 856,1256 854,1256 853,1257 849,1257 848,1256 751,1256 750,1255 658,1255 657,1254 515,1254 514,1253 469,1253 439,1253 438,1254 436,1254 435,1253 434,1253 433,1252 380,1252 379,1253 361,1253 360,1254 360,1255 359,1256 359,1257 358,1258 358,1259 357,1260 357,1261 355,1263 353,1262 353,1255 353,1254 295,1254 294,1255 281,1255 280,1254 221,1254 220,1255 218,1255 217,1256 215,1256 214,1255 211,1255 208,1253 210,1251 210,1234 212,1232 263,1232 263,1232 263,1225 266,1222 268,1222 269,1221 270,1221 271,1220 272,1220 273,1222 273,1231 274,1231 323,1231 324,1230 326,1230 327,1231 354,1231 354,1231 354,1225 355,1224 355,1222 356,1221 359,1221 361,1224 361,1231 362,1231 470,1231 471,1230 471,1227 472,1226 472,1225 477,1220 485,1220 486,1221 505,1221 506,1223 506,1232 507,1232 569,1232 570,1231 592,1231 593,1230 594,1231 625,1231 626,1232 641,1232 642,1233 695,1233 696,1232 724,1232 724,1232 724,1225 725,1224 726,1224 727,1223 728,1223 730,1221 731,1221 732,1222 733,1222 733,1223 733,1233 734,1233 777,1233 778,1234 809,1234 809,1234 809,1228 810,1227 810,1225 811,1224 815,1224 815,1225 815,1234 816,1234 879,1234 879,1234 879,1233 881,1231 883,1231 884,1230 889,1230 890,1231 940,1231 941,1230 954,1230 954,1230 954,1221 956,1219 961,1219 962,1221 962,1229 963,1229 974,1229 975,1230 976,1230 978,1233 978,1234 979,1235 979,1237 980,1238 979,1239 979,1248 978,1249 978,1250 978,1250 977,1251 976,1251 975,1252 926,1252 925,1253 925,1263 925,1263 923,1263 922,1264 917,1264 916,1265 914,1265 913,1266"/><TextEquiv index="1"><Unicode>“dant je ne ſais comment la reine a pris</Unicode></TextEquiv></TextLine><TextLine id="r1_l025"><Coords points="679,1311 678,1311 678,1301 678,1300 613,1300 612,1299 471,1299 470,1298 417,1298 416,1299 414,1299 413,1298 350,1298 349,1299 349,1300 347,1302 347,1304 344,1307 342,1307 341,1308 340,1308 338,1307 338,1301 338,1300 263,1300 262,1299 216,1299 215,1300 214,1300 213,1301 210,1301 209,1301 209,1283 210,1282 210,1279 211,1278 211,1277 212,1276 214,1276 215,1277 222,1277 223,1278 224,1278 225,1279 280,1279 281,1278 311,1278 311,1278 311,1270 313,1268 314,1268 315,1267 316,1267 317,1268 318,1268 318,1269 318,1279 319,1279 367,1279 368,1278 371,1278 372,1277 381,1277 381,1277 381,1268 382,1267 383,1267 384,1266 385,1266 386,1265 387,1265 388,1264 401,1264 402,1266 402,1277 403,1277 453,1277 453,1277 453,1270 454,1269 454,1268 455,1267 456,1267 457,1266 540,1266 541,1265 547,1265 547,1266 547,1275 548,1275 549,1275 549,1276 549,1277 550,1277 610,1277 610,1277 610,1264 612,1262 613,1262 614,1263 619,1263 620,1264 621,1264 621,1265 621,1278 622,1278 676,1278 678,1276 725,1276 725,1276 725,1275 726,1274 726,1275 726,1276 728,1278 728,1279 729,1279 760,1279 761,1280 874,1280 875,1279 886,1279 886,1279 886,1269 888,1267 903,1267 904,1266 913,1266 914,1265 917,1265 917,1266 917,1275 918,1275 960,1275 961,1274 967,1274 968,1273 981,1273 982,1274 983,1274 983,1275 982,1276 981,1276 980,1277 980,1290 981,1290 982,1290 984,1292 985,1292 985,1293 985,1295 986,1296 985,1297 984,1297 982,1299 978,1299 977,1298 897,1298 896,1299 896,1300 896,1300 879,1300 878,1301 852,1301 851,1302 833,1302 832,1301 818,1301 783,1301 782,1302 776,1302 775,1301 737,1301 736,1300 682,1300 681,1301 681,1311 681,1311"/><TextEquiv index="1"><Unicode>“ceci; elle s'eſt ſauvée comme un oiſeau.</Unicode></TextEquiv></TextLine><TextLine id="r1_l026"><Coords points="872,1359 871,1358 812,1358 810,1357 810,1348 810,1347 763,1347 762,1348 761,1347 758,1347 757,1346 614,1346 613,1345 530,1345 529,1346 527,1346 526,1345 513,1345 512,1344 445,1344 444,1343 299,1343 298,1344 298,1348 296,1350 296,1351 295,1352 295,1353 294,1354 293,1354 292,1355 290,1355 289,1356 288,1356 287,1355 286,1355 285,1355 285,1354 284,1353 284,1346 284,1345 212,1345 210,1347 207,1347 205,1346 205,1324 207,1322 213,1322 214,1321 243,1321 243,1321 243,1316 246,1313 265,1313 267,1311 269,1311 269,1312 269,1324 270,1324 324,1324 326,1322 330,1322 331,1321 361,1321 361,1321 361,1315 362,1314 362,1313 364,1311 366,1311 367,1310 369,1310 370,1309 413,1309 414,1310 415,1310 415,1311 415,1320 417,1321 477,1321 478,1320 506,1320 506,1320 506,1315 508,1313 509,1313 510,1312 512,1312 513,1311 515,1311 516,1312 565,1312 566,1314 566,1317 567,1317 571,1317 571,1318 571,1323 572,1323 671,1323 672,1324 673,1324 674,1325 742,1325 743,1326 809,1326 810,1325 846,1325 846,1325 846,1319 847,1318 847,1316 848,1315 849,1315 850,1314 852,1314 852,1315 852,1316 853,1317 853,1326 854,1326 900,1326 901,1325 901,1324 902,1323 904,1323 907,1320 909,1320 910,1321 958,1321 959,1320 962,1320 963,1322 963,1323 964,1323 971,1323 972,1325 972,1328 973,1328 980,1328 981,1330 981,1334 982,1335 981,1336 981,1337 979,1339 961,1339 960,1340 960,1341 959,1342 957,1342 956,1343 892,1343 890,1345 890,1346 890,1346 889,1346 888,1347 886,1347 885,1348 884,1348 883,1349 883,1358 882,1359"/><TextEquiv index="1"><Unicode>“Il y a là-haut de bonnes ames qui pour-</Unicode></TextEquiv></TextLine><TextLine id="r1_l027"><Coords points="645,1402 643,1401 643,1393 643,1392 606,1392 605,1391 580,1391 579,1390 497,1390 496,1391 495,1391 494,1390 478,1390 477,1389 405,1389 404,1388 348,1388 347,1389 257,1389 256,1390 210,1390 209,1391 206,1391 205,1391 205,1370 207,1368 219,1368 220,1369 269,1369 270,1368 272,1368 273,1367 420,1367 422,1365 439,1365 439,1365 439,1360 442,1357 444,1357 445,1359 445,1367 446,1367 474,1367 476,1369 578,1369 579,1368 592,1368 593,1367 594,1369 594,1370 595,1370 649,1370 650,1369 657,1369 657,1369 657,1368 658,1367 685,1367 686,1366 686,1365 687,1364 700,1364 700,1364 700,1361 702,1359 706,1359 706,1360 706,1368 707,1368 757,1368 757,1368 757,1364 760,1361 761,1361 762,1360 763,1360 764,1359 808,1359 809,1360 846,1360 847,1362 847,1371 848,1371 881,1371 882,1372 883,1372 885,1375 885,1376 886,1377 886,1379 888,1380 945,1380 945,1380 945,1359 946,1358 946,1357 947,1356 948,1356 949,1355 951,1355 952,1354 955,1354 955,1355 955,1361 956,1361 968,1361 969,1363 969,1365 970,1365 972,1365 973,1366 975,1366 976,1367 977,1367 979,1370 979,1371 980,1372 980,1376 979,1377 979,1383 978,1384 978,1385 975,1388 926,1388 925,1389 925,1390 924,1391 924,1393 922,1395 921,1395 919,1397 917,1397 915,1396 915,1394 915,1393 812,1393 811,1392 657,1392 656,1393 656,1401 655,1402"/><TextEquiv index="1"><Unicode>“ront envenimer cette petite hiſtoire, le</Unicode></TextEquiv></TextLine><TextLine id="r1_l028"><Coords points="895,1448 894,1448 894,1436 894,1435 881,1435 879,1437 877,1437 876,1438 756,1438 755,1437 740,1437 739,1436 509,1436 508,1435 460,1435 459,1434 311,1434 310,1435 307,1435 306,1434 258,1434 257,1435 257,1445 256,1446 246,1446 245,1446 245,1445 244,1444 244,1438 244,1437 206,1437 203,1435 203,1434 204,1433 204,1420 205,1419 205,1414 206,1413 219,1413 220,1414 266,1414 266,1414 266,1404 267,1403 270,1403 272,1401 275,1401 275,1402 275,1409 276,1410 276,1413 277,1413 296,1413 297,1414 350,1414 351,1413 362,1413 362,1413 362,1405 364,1403 365,1403 366,1402 370,1402 370,1403 370,1409 371,1410 371,1413 372,1413 422,1413 422,1413 422,1405 423,1404 423,1403 424,1402 494,1402 494,1403 494,1404 495,1405 495,1414 496,1414 534,1414 535,1415 582,1415 583,1414 599,1414 600,1413 639,1413 639,1413 639,1406 640,1405 642,1405 644,1403 647,1403 648,1405 648,1415 649,1415 785,1415 785,1415 785,1407 786,1406 787,1406 788,1405 789,1405 790,1404 793,1404 793,1405 793,1406 794,1407 794,1417 795,1417 851,1417 851,1417 851,1408 853,1406 870,1406 871,1405 913,1405 914,1404 915,1404 916,1403 917,1403 918,1402 925,1402 926,1404 926,1412 927,1412 968,1412 968,1412 968,1411 969,1410 971,1410 972,1412 972,1413 974,1414 976,1414 977,1416 977,1434 976,1435 974,1435 973,1436 970,1436 969,1435 897,1435 896,1436 896,1448 896,1448"/><TextEquiv index="1"><Unicode>“plus charitablement du monde. Il faut</Unicode></TextEquiv></TextLine><TextLine id="r1_l029"><Coords points="259,1491 256,1489 256,1481 256,1480 210,1480 208,1482 206,1482 204,1481 204,1465 205,1464 205,1459 206,1458 214,1458 215,1457 217,1457 218,1458 286,1458 287,1459 336,1459 336,1459 336,1449 337,1448 379,1448 380,1447 392,1447 393,1446 407,1446 407,1447 407,1459 408,1459 470,1459 471,1458 500,1458 500,1458 500,1449 501,1448 506,1448 506,1449 506,1458 507,1458 520,1458 521,1459 523,1459 524,1460 593,1460 593,1460 593,1451 595,1449 596,1449 597,1448 601,1448 601,1449 600,1450 600,1460 601,1460 663,1460 664,1459 706,1459 706,1459 706,1453 707,1452 707,1451 708,1450 719,1450 720,1449 725,1449 726,1450 733,1450 734,1452 734,1460 735,1460 800,1460 800,1460 800,1453 801,1452 801,1451 802,1450 804,1450 805,1449 807,1449 808,1448 843,1448 844,1450 844,1452 845,1453 845,1454 847,1455 890,1455 891,1457 891,1458 892,1458 894,1458 894,1458 894,1449 895,1448 896,1448 896,1449 896,1458 897,1458 966,1458 968,1456 971,1456 971,1457 971,1458 975,1462 975,1473 976,1474 974,1476 974,1477 974,1477 973,1478 972,1478 970,1480 932,1480 931,1481 889,1481 888,1482 880,1482 879,1483 879,1484 879,1484 878,1484 877,1483 817,1483 816,1482 802,1482 801,1481 712,1481 711,1482 709,1482 708,1481 658,1481 657,1482 608,1482 607,1481 561,1481 560,1480 487,1480 486,1479 422,1479 421,1480 341,1480 339,1482 339,1484 336,1487 335,1487 335,1485 334,1484 334,1482 334,1481 270,1481 269,1482 269,1490 269,1490 268,1490 267,1491"/><TextEquiv index="1"><Unicode>“que j'aille voir cela.“ En diſant ces</Unicode></TextEquiv></TextLine><TextLine id="r1_l030"><Coords points="204,1492 977,1492 977,1535 204,1535"/><TextEquiv index="1"><Unicode>mots, M. de Trombon - Tonnerre courut</Unicode></TextEquiv></TextLine><TextLine id="r1_l031"><Coords points="201,1537 976,1537 976,1587 201,1587"/><TextEquiv index="1"><Unicode>chez la reine; on lui ferma la porte au</Unicode></TextEquiv></TextLine><TextLine id="r1_l032"><Coords points="202,1593 272,1593 272,1621 202,1621"/><TextEquiv index="1"><Unicode>nez.</Unicode></TextEquiv></TextLine></TextRegion><TextRegion id="r2" type="page-number" orientation="-0.0"><Coords points="263,117 261,118 259,118 258,119 257,119 256,120 254,120 249,126 249,127 247,128 209,128 208,129 202,129 202,130 201,132 201,141 203,143 203,144 202,146 202,147 201,148 201,157 203,159 241,159 242,158 288,158 289,157 290,157 292,156 293,156 294,155 294,154 296,151 296,134 297,133 297,130 298,129 298,119 296,117"/><TextEquiv><Unicode/></TextEquiv><TextLine id="r2_l001"><Coords points="218,122 283,122 283,156 218,156"/><TextEquiv index="1"><Unicode>n</Unicode></TextEquiv></TextLine></TextRegion><ImageRegion id="r3"><Coords points="396,117 393,119 361,119 360,120 360,121 359,122 359,125 358,126 337,126 337,137 339,140 339,143 338,144 337,144 336,146 336,156 338,158 406,158 407,159 442,159 443,158 478,158 479,157 479,154 480,152 482,154 482,158 483,159 535,159 536,158 581,158 582,159 624,159 625,158 628,158 629,159 667,159 668,158 669,158 670,157 685,157 687,158 809,158 811,157 821,157 822,158 857,158 860,155 860,146 859,144 858,144 857,143 857,142 858,141 858,129 856,127 856,126 855,126 853,125 851,125 850,123 848,123 847,122 807,122 806,123 725,123 724,125 721,125 720,123 628,123 626,125 587,125 586,126 585,126 584,125 578,125 577,123 543,123 542,125 490,125 488,123 454,123 453,125 434,125 433,123 433,122 432,121 432,120 431,119 431,118 429,117"/></ImageRegion></Page></PcGts>