<PcGts xmlns="http://schema.primaresearch.org/PAGE/gts/pagecontent/2017-07-15" xmlns:xsi="http://www.w3.org/2001/XMLSchema-instance" xsi:schemaLocation="http://schema.primaresearch.org/PAGE/gts/pagecontent/2017-07-15 http://schema.primaresearch.org/PAGE/gts/pagecontent/2017-07-15/pagecontent.xsd"><Metadata><Creator/><Created>2020-09-17T09:58:41</Created><LastChange>1970-01-01T00:00:00</LastChange><Comments/></Metadata><Page imageFilename="0133.png" imageHeight="1854" imageWidth="1116"><ReadingOrder><OrderedGroup id="g1"><RegionRefIndexed index="0" regionRef="r1"/><RegionRefIndexed index="1" regionRef="r2"/><RegionRefIndexed index="2" regionRef="r4"/></OrderedGroup></ReadingOrder><TextRegion id="r1" type="page-number" orientation="-0.0"><Coords points="928,98 928,99 927,100 920,100 918,101 918,105 917,106 916,106 915,105 915,101 914,100 879,100 878,101 878,108 877,110 873,110 872,111 870,111 870,121 871,122 871,127 870,128 870,137 872,140 909,140 910,139 911,140 911,144 913,146 947,146 949,144 949,143 954,137 954,134 960,128 960,125 962,122 962,121 964,120 964,113 966,111 966,101 962,98"/><TextEquiv><Unicode/></TextEquiv><TextLine id="r1_l001"><Coords points="887,103 950,103 950,143 887,143"/><TextEquiv index="1"><Unicode>e</Unicode></TextEquiv></TextLine></TextRegion><TextRegion id="r2" type="paragraph" orientation="-0.125"><Coords points="706,144 706,146 705,147 705,152 703,154 675,154 674,155 673,155 672,156 670,156 668,158 668,159 666,161 666,162 665,163 665,165 664,166 662,166 661,167 660,166 644,166 643,165 608,165 607,166 431,166 430,165 419,165 418,164 418,156 417,155 381,155 381,156 380,157 378,157 377,156 377,152 375,150 339,150 338,151 338,154 337,155 337,161 336,162 336,164 335,165 334,165 333,164 333,154 309,154 308,153 308,149 307,148 306,148 305,147 272,147 272,151 271,152 267,152 265,154 261,154 260,153 260,150 259,149 222,149 222,151 221,152 221,153 220,154 219,154 217,156 216,156 215,157 214,157 214,158 213,159 213,164 212,165 212,192 213,192 214,193 216,193 217,194 264,194 265,195 282,195 283,196 281,198 253,198 253,199 252,200 252,208 251,209 217,209 216,208 169,208 169,224 170,225 169,226 169,227 168,228 168,237 169,238 169,239 205,239 207,237 213,237 214,238 220,238 221,239 221,241 220,242 213,242 212,243 212,254 210,256 170,256 168,258 168,260 167,261 166,261 166,269 165,270 165,282 166,283 204,283 205,282 209,282 210,283 211,283 213,285 241,285 242,286 242,290 241,291 241,297 238,300 215,300 214,299 214,298 213,297 166,297 166,300 165,301 165,303 164,304 164,328 165,329 202,329 202,328 203,327 207,327 209,329 273,329 274,330 365,330 366,331 399,331 400,330 409,330 410,331 504,331 505,332 625,332 626,333 660,333 661,332 678,332 679,333 712,333 713,332 741,332 742,331 752,331 753,332 786,332 787,331 791,331 792,330 806,330 808,332 809,332 810,333 811,333 812,334 813,334 814,335 813,336 796,336 795,337 793,337 792,338 758,338 757,339 757,346 756,347 743,347 742,348 741,348 740,349 739,349 738,350 738,353 737,354 736,354 736,370 737,370 738,371 738,374 739,374 740,375 741,375 742,376 771,376 772,377 845,377 846,378 845,379 845,381 844,382 844,384 843,385 843,387 842,388 842,390 840,392 813,392 812,391 812,383 767,383 767,392 766,393 765,393 764,392 763,392 762,391 728,391 727,390 727,382 689,382 688,383 688,392 687,393 677,393 676,392 646,392 645,391 645,389 644,388 644,385 643,384 643,383 642,382 641,382 640,381 606,381 606,383 605,384 604,384 604,385 602,387 601,386 601,385 600,384 599,384 598,383 593,383 592,382 593,381 593,379 594,378 609,378 610,377 621,377 622,378 696,378 697,377 731,377 733,375 733,365 732,364 732,362 733,361 733,360 734,359 734,349 733,348 730,348 729,347 728,347 727,346 718,346 717,345 717,340 716,339 716,337 622,337 622,342 621,343 621,345 620,346 597,346 596,345 596,338 595,337 537,337 536,338 534,338 533,339 533,346 532,347 521,347 520,348 519,347 518,347 517,346 458,346 457,345 457,339 454,339 453,338 453,334 417,334 415,336 374,336 373,337 370,337 368,339 367,339 367,346 366,347 360,347 359,346 359,341 358,340 358,334 285,334 285,339 284,340 283,340 283,344 282,345 281,344 281,334 217,334 215,336 214,336 213,337 213,338 211,340 210,340 209,341 177,341 177,342 175,344 170,344 168,346 167,346 165,348 165,359 164,360 164,371 166,373 201,373 201,372 202,371 216,371 219,374 285,374 286,375 286,376 285,377 263,377 263,381 262,382 254,382 253,383 253,388 252,389 213,389 212,388 165,388 165,393 164,394 164,395 163,396 163,405 164,405 165,406 164,407 164,419 201,419 202,418 208,418 209,417 211,417 212,418 215,418 216,419 216,421 215,422 195,422 195,425 194,426 194,428 193,429 193,430 192,431 174,431 174,433 173,434 169,434 168,435 166,435 165,436 164,436 164,448 165,449 165,462 166,463 192,463 193,464 226,464 227,465 265,465 266,464 277,464 278,465 295,465 296,466 373,466 375,468 375,469 374,470 367,470 366,471 365,471 365,480 363,482 362,482 361,481 361,472 360,471 323,471 323,479 322,480 320,480 319,479 319,470 285,470 284,471 282,471 282,479 281,480 274,480 273,479 237,479 236,480 235,480 234,479 215,479 214,478 210,478 209,477 209,476 208,475 172,475 172,477 171,478 166,478 165,479 163,479 163,491 164,491 165,492 165,504 167,506 168,506 170,508 235,508 236,509 264,509 266,511 340,511 341,512 340,513 333,513 332,514 330,514 329,515 328,515 327,516 326,516 325,517 325,518 324,519 324,521 323,522 323,524 321,526 300,526 298,524 298,517 297,516 297,515 261,515 260,516 259,516 259,523 258,524 229,524 228,523 228,519 227,518 227,516 215,516 214,515 214,514 213,513 176,513 175,514 172,514 172,522 171,523 168,523 163,528 163,529 162,530 162,547 163,548 163,549 166,552 168,552 169,553 197,553 199,555 304,555 305,556 354,556 355,557 355,558 354,559 345,559 344,560 341,560 339,562 339,563 338,564 338,565 337,566 337,570 336,571 298,571 297,570 257,570 256,569 256,568 246,568 245,567 245,559 207,559 206,560 206,567 205,568 161,568 161,581 164,584 164,586 166,588 166,589 167,589 168,590 168,592 169,593 169,595 171,597 171,599 264,599 265,600 294,600 295,601 355,601 356,602 356,610 357,611 358,611 359,612 367,612 369,614 369,616 368,617 363,617 362,616 325,616 324,615 324,607 323,607 322,606 287,606 286,607 286,608 285,609 285,612 283,614 281,614 280,613 280,606 279,605 279,604 278,603 217,603 216,604 215,604 214,605 214,606 213,607 213,608 212,609 212,610 211,611 210,611 210,612 209,613 208,612 208,611 172,611 171,612 171,613 170,614 169,614 168,615 166,615 165,616 163,616 162,617 162,628 163,629 164,629 165,630 165,641 162,644 162,654 163,655 170,655 172,657 172,658 171,659 168,659 167,660 165,660 165,661 163,663 163,666 162,667 162,681 163,682 163,683 164,684 164,685 165,685 168,688 169,688 170,689 184,689 185,690 185,691 184,692 178,692 176,694 173,694 173,703 172,704 171,704 170,705 168,705 164,709 164,710 163,711 163,727 169,733 171,733 172,734 216,734 217,735 217,738 216,739 216,742 215,743 215,746 214,747 214,749 213,750 212,749 170,749 169,750 165,750 164,751 164,753 163,754 163,763 165,765 165,767 166,768 167,768 168,769 168,777 167,778 166,778 165,779 165,789 166,790 208,790 209,789 209,781 210,780 411,780 413,782 413,786 412,787 411,787 410,786 373,786 372,787 369,787 368,788 368,796 367,797 361,797 360,796 360,787 359,786 344,786 343,785 342,785 341,784 294,784 293,785 290,785 288,787 287,787 287,789 286,790 286,791 285,792 285,793 284,794 170,794 168,796 164,796 162,798 162,807 166,811 166,822 165,823 163,823 163,833 164,834 164,835 165,835 166,836 166,837 165,838 165,839 164,840 163,840 162,841 162,851 163,852 163,856 162,857 162,868 163,869 226,869 227,870 245,870 246,871 310,871 311,872 339,872 340,873 340,877 339,878 308,878 307,879 306,879 305,880 305,885 304,886 253,886 252,885 213,885 212,886 210,886 209,885 169,885 169,886 168,887 167,887 166,888 165,888 164,889 164,890 163,891 163,895 162,896 162,908 163,909 163,910 164,911 164,912 165,913 167,913 168,914 171,914 172,915 172,917 171,918 165,918 162,921 162,932 163,933 163,934 164,935 164,936 163,937 163,945 162,946 162,947 161,948 161,958 162,959 162,960 176,960 177,961 212,961 213,962 213,966 212,967 212,976 213,977 213,978 214,979 214,991 211,994 210,994 210,995 209,996 209,1005 211,1005 212,1006 219,1006 221,1008 220,1009 219,1009 218,1010 216,1010 213,1013 213,1017 212,1018 210,1018 207,1015 207,1013 206,1012 206,1009 205,1008 203,1008 202,1007 202,1006 163,1006 163,1017 166,1020 165,1021 165,1023 164,1024 164,1033 162,1035 162,1047 164,1049 165,1049 166,1050 216,1050 217,1049 224,1049 225,1050 233,1050 235,1052 234,1053 212,1053 210,1055 209,1055 208,1056 207,1056 206,1057 206,1060 205,1061 204,1061 203,1062 203,1063 202,1064 168,1064 166,1066 165,1066 164,1067 163,1067 163,1078 164,1079 164,1080 165,1081 164,1082 163,1082 162,1083 162,1092 163,1093 163,1095 164,1095 165,1096 200,1096 201,1095 229,1095 230,1096 248,1096 249,1097 361,1097 362,1098 387,1098 388,1099 409,1099 410,1100 410,1106 411,1107 411,1108 413,1110 458,1110 460,1108 461,1108 462,1107 462,1106 463,1105 464,1106 464,1111 463,1112 429,1112 428,1113 420,1113 419,1114 406,1114 405,1113 404,1113 403,1112 366,1112 365,1113 364,1113 363,1114 351,1114 350,1113 307,1113 306,1112 272,1112 271,1111 270,1111 269,1110 261,1110 260,1109 260,1100 259,1099 217,1099 215,1101 214,1101 214,1103 213,1104 213,1107 210,1110 207,1110 206,1109 206,1100 205,1099 204,1099 203,1098 169,1098 168,1099 166,1099 165,1100 162,1100 162,1101 161,1102 161,1112 164,1115 164,1117 163,1118 163,1126 161,1128 161,1140 163,1140 164,1141 220,1141 221,1140 234,1140 235,1141 264,1141 265,1142 331,1142 332,1143 437,1143 438,1144 471,1144 472,1143 478,1143 479,1144 525,1144 526,1143 536,1143 537,1144 537,1149 538,1150 548,1150 549,1151 549,1155 548,1156 548,1158 547,1159 509,1159 508,1158 508,1156 507,1155 507,1147 471,1147 470,1148 469,1148 468,1149 466,1149 466,1150 465,1151 465,1157 464,1158 457,1158 456,1157 456,1148 418,1148 417,1149 417,1158 416,1159 366,1159 365,1158 346,1158 345,1157 302,1157 301,1156 268,1156 267,1155 267,1147 266,1146 266,1144 230,1144 227,1147 225,1147 225,1155 224,1156 217,1156 216,1155 210,1155 209,1154 209,1153 208,1152 174,1152 172,1154 162,1154 162,1168 163,1169 162,1170 143,1170 143,1179 169,1179 170,1180 170,1183 171,1184 171,1185 172,1186 206,1186 207,1185 212,1185 213,1186 296,1186 297,1187 297,1198 339,1198 340,1197 341,1198 341,1201 340,1202 315,1202 314,1201 279,1201 278,1202 276,1202 275,1201 275,1192 274,1191 274,1190 273,1189 273,1188 234,1188 232,1190 231,1190 229,1192 228,1192 227,1193 227,1195 226,1196 225,1196 225,1200 223,1202 214,1202 213,1201 213,1188 174,1188 172,1190 170,1190 170,1199 169,1200 168,1200 167,1201 165,1201 164,1202 163,1202 162,1203 162,1205 161,1206 161,1207 160,1208 159,1208 159,1216 158,1217 125,1217 125,1227 159,1227 159,1226 161,1224 162,1225 162,1226 164,1228 165,1228 166,1229 176,1229 177,1230 190,1230 192,1232 190,1234 176,1234 175,1235 162,1235 162,1236 161,1237 161,1246 162,1247 163,1247 164,1248 164,1249 165,1250 165,1253 163,1255 163,1256 162,1257 162,1274 164,1276 201,1276 203,1278 203,1286 204,1287 205,1287 206,1288 233,1288 234,1289 234,1290 232,1292 209,1292 208,1291 208,1290 168,1290 163,1295 163,1296 162,1297 162,1314 163,1315 163,1316 164,1317 164,1318 165,1318 166,1319 168,1319 169,1320 191,1320 193,1322 227,1322 227,1321 228,1320 245,1320 247,1322 287,1322 287,1321 288,1320 296,1320 298,1322 339,1322 339,1321 340,1320 349,1320 351,1322 351,1324 350,1325 315,1325 314,1326 312,1326 311,1325 310,1325 309,1324 275,1324 274,1325 271,1325 270,1326 268,1326 267,1327 267,1328 266,1329 261,1329 260,1328 260,1326 259,1326 258,1325 224,1325 223,1326 219,1326 219,1336 218,1337 215,1337 214,1336 214,1331 213,1330 213,1325 212,1324 176,1324 175,1325 173,1325 172,1326 171,1326 171,1334 170,1335 170,1336 169,1337 165,1337 162,1340 162,1360 163,1361 163,1362 164,1363 164,1364 165,1365 168,1365 169,1366 193,1366 194,1367 230,1367 231,1366 248,1366 249,1367 286,1367 287,1366 295,1366 296,1367 341,1367 342,1368 377,1368 378,1367 386,1367 387,1368 421,1368 422,1367 423,1367 424,1366 424,1363 425,1362 426,1363 426,1364 427,1365 428,1365 429,1366 464,1366 465,1365 469,1365 472,1368 472,1369 471,1370 461,1370 458,1373 457,1373 456,1374 456,1375 454,1377 454,1381 453,1382 452,1382 451,1383 399,1383 398,1384 387,1384 385,1382 385,1380 384,1379 384,1376 383,1375 383,1371 382,1370 347,1370 346,1371 346,1374 344,1376 342,1376 341,1375 341,1374 340,1373 338,1373 337,1372 337,1371 298,1371 296,1373 293,1373 292,1374 290,1374 289,1375 288,1375 286,1377 286,1380 284,1382 283,1382 282,1383 208,1383 206,1381 171,1381 170,1382 161,1382 161,1399 160,1400 159,1400 159,1412 160,1412 161,1413 194,1413 195,1412 197,1412 198,1411 203,1411 204,1410 205,1410 206,1409 208,1411 211,1411 212,1412 268,1412 269,1411 283,1411 284,1410 285,1410 286,1409 287,1409 289,1411 291,1411 292,1412 295,1412 296,1413 336,1413 337,1412 344,1412 345,1413 423,1413 424,1412 454,1412 455,1413 506,1413 507,1412 508,1413 551,1413 552,1414 552,1428 551,1429 498,1429 497,1428 496,1428 495,1427 460,1427 459,1428 444,1428 443,1427 443,1419 442,1418 441,1418 440,1417 406,1417 405,1418 398,1418 397,1417 359,1417 359,1427 358,1428 309,1428 308,1427 308,1418 307,1417 297,1417 296,1416 296,1415 259,1415 257,1417 257,1418 256,1419 256,1426 255,1427 214,1427 213,1428 210,1428 208,1426 172,1426 171,1425 171,1415 137,1415 137,1425 170,1425 171,1426 170,1427 162,1427 162,1441 163,1442 163,1443 162,1444 162,1456 163,1457 199,1457 200,1456 202,1456 203,1457 250,1457 251,1458 287,1458 288,1457 296,1457 297,1458 335,1458 336,1457 359,1457 362,1460 396,1460 396,1459 397,1458 550,1458 551,1459 551,1472 550,1473 497,1473 495,1475 479,1475 478,1474 478,1473 454,1473 453,1472 453,1464 450,1461 412,1461 411,1462 410,1462 408,1464 407,1464 406,1465 405,1465 404,1466 404,1471 402,1473 390,1473 389,1472 389,1465 388,1464 388,1462 351,1462 349,1464 348,1464 347,1465 347,1472 346,1473 338,1473 337,1472 268,1472 267,1471 267,1468 266,1467 266,1466 265,1465 265,1464 264,1464 263,1463 229,1463 228,1464 225,1464 225,1470 224,1471 212,1471 211,1472 210,1472 208,1470 172,1470 171,1471 162,1471 162,1485 163,1486 163,1487 162,1488 162,1500 163,1501 199,1501 200,1500 204,1500 205,1501 235,1501 236,1502 270,1502 272,1504 271,1505 267,1505 265,1507 263,1507 263,1515 262,1516 210,1516 209,1515 198,1515 197,1514 163,1514 162,1515 162,1529 163,1530 163,1533 162,1534 162,1545 163,1546 198,1546 200,1544 206,1544 207,1545 208,1545 209,1546 209,1555 210,1556 213,1556 214,1557 236,1557 237,1558 237,1559 236,1560 162,1560 162,1579 161,1580 161,1589 162,1590 162,1591 163,1592 198,1592 198,1591 199,1590 225,1590 227,1592 264,1592 264,1591 265,1590 272,1590 274,1592 275,1592 276,1593 320,1593 321,1594 322,1594 323,1595 357,1595 358,1594 396,1594 397,1593 398,1593 399,1594 453,1594 454,1595 454,1596 487,1596 488,1595 489,1595 490,1594 522,1594 523,1593 559,1593 560,1594 562,1594 563,1595 590,1595 591,1596 592,1596 593,1597 594,1597 596,1599 636,1599 636,1595 637,1594 640,1594 641,1595 676,1595 676,1594 677,1593 682,1593 683,1594 717,1594 718,1593 785,1593 786,1592 807,1592 807,1591 808,1590 810,1590 812,1592 843,1592 844,1593 862,1593 863,1594 863,1603 909,1603 909,1594 910,1593 942,1593 943,1592 943,1590 944,1589 945,1589 945,1588 946,1587 953,1587 954,1586 955,1586 957,1584 962,1584 964,1582 964,1570 962,1568 940,1568 939,1567 939,1553 938,1552 902,1552 901,1553 901,1558 900,1559 886,1559 885,1558 885,1547 886,1546 911,1546 913,1548 954,1548 954,1547 955,1546 957,1546 960,1543 961,1543 962,1542 963,1542 964,1541 964,1534 965,1533 965,1532 966,1531 966,1519 965,1519 964,1518 964,1517 932,1517 931,1516 843,1516 842,1517 827,1517 825,1519 823,1517 790,1517 788,1519 786,1519 785,1518 785,1507 768,1507 767,1506 767,1505 768,1504 803,1504 803,1503 804,1502 819,1502 821,1504 855,1504 855,1503 856,1502 876,1502 877,1503 877,1514 945,1514 945,1391 946,1390 952,1390 953,1389 953,1376 952,1376 951,1375 952,1374 954,1374 955,1373 957,1373 957,1371 958,1370 958,1369 959,1368 959,1367 960,1366 963,1366 964,1365 964,1363 965,1362 965,1361 966,1360 966,1351 965,1350 965,1349 935,1349 932,1346 932,1342 933,1341 933,1326 896,1326 895,1327 884,1327 884,1330 883,1331 882,1331 880,1329 880,1327 870,1327 869,1326 811,1326 811,1336 827,1336 828,1337 828,1338 827,1339 823,1339 822,1340 821,1340 821,1341 819,1343 819,1344 818,1345 818,1351 817,1352 805,1352 804,1351 804,1340 806,1338 806,1329 805,1328 805,1327 804,1326 783,1326 782,1325 782,1324 784,1322 820,1322 821,1323 856,1323 857,1322 908,1322 909,1323 954,1323 955,1322 959,1322 959,1321 960,1320 960,1317 961,1316 961,1313 962,1312 967,1312 968,1311 968,1302 962,1302 961,1301 961,1298 960,1297 960,1293 938,1293 937,1292 916,1292 915,1291 915,1285 914,1284 914,1283 872,1283 872,1290 870,1292 840,1292 839,1293 815,1293 814,1292 814,1291 813,1290 779,1290 776,1293 667,1293 666,1292 666,1289 665,1288 665,1287 664,1286 663,1286 662,1285 625,1285 625,1287 624,1288 624,1293 623,1294 596,1294 595,1293 595,1282 558,1282 557,1281 557,1279 558,1278 563,1278 563,1277 564,1276 578,1276 580,1278 676,1278 676,1277 677,1276 686,1276 688,1278 725,1278 725,1277 726,1276 785,1276 787,1278 787,1283 789,1285 826,1285 828,1283 828,1282 830,1280 830,1279 831,1278 862,1278 862,1277 863,1276 947,1276 949,1274 949,1273 950,1272 960,1272 961,1271 961,1270 962,1269 962,1265 964,1263 964,1253 955,1253 954,1252 954,1251 955,1250 956,1250 957,1249 957,1247 958,1246 958,1237 957,1236 956,1236 955,1235 958,1232 959,1232 959,1231 960,1230 960,1221 958,1219 957,1219 955,1217 950,1217 949,1216 949,1208 947,1206 946,1206 945,1205 944,1205 943,1204 943,1203 927,1203 926,1202 927,1201 927,1189 928,1188 959,1188 962,1185 962,1183 964,1181 964,1180 965,1179 968,1179 968,1173 969,1172 969,1158 959,1158 958,1157 925,1157 924,1156 924,1149 923,1148 923,1147 913,1147 912,1146 876,1146 875,1147 872,1147 871,1148 870,1148 870,1156 869,1157 860,1157 859,1156 859,1147 858,1147 857,1146 820,1146 819,1147 818,1147 817,1148 789,1148 788,1147 753,1147 752,1148 750,1148 749,1149 748,1149 747,1150 747,1157 746,1158 742,1158 741,1157 741,1152 739,1150 739,1149 738,1149 737,1148 732,1148 731,1147 695,1147 694,1148 694,1149 693,1150 692,1150 692,1161 693,1161 694,1162 694,1163 692,1165 691,1165 690,1166 677,1166 676,1165 676,1156 677,1155 690,1155 690,1145 691,1144 716,1144 717,1143 819,1143 820,1142 836,1142 837,1143 901,1143 903,1141 912,1141 913,1142 914,1142 916,1144 947,1144 949,1146 949,1149 982,1149 982,1140 961,1140 960,1139 960,1118 958,1116 958,1115 957,1114 935,1114 934,1113 933,1113 932,1112 932,1108 899,1108 899,1112 898,1113 896,1113 895,1114 892,1114 891,1113 891,1110 887,1110 886,1109 886,1103 885,1102 885,1101 836,1101 835,1100 836,1099 865,1099 866,1098 913,1098 914,1097 917,1097 918,1098 957,1098 958,1097 960,1097 961,1096 961,1094 962,1093 962,1083 964,1081 968,1081 968,1070 967,1069 960,1069 959,1068 958,1068 957,1067 940,1067 939,1066 939,1057 938,1056 924,1056 923,1055 922,1055 921,1054 922,1053 937,1053 938,1052 942,1052 942,1051 943,1050 944,1050 945,1049 945,1048 946,1047 959,1047 959,1046 960,1045 960,1033 959,1033 958,1032 947,1032 946,1031 946,1028 945,1027 945,1026 943,1024 944,1023 944,1021 945,1020 945,1011 944,1011 943,1010 907,1010 906,1011 906,1018 905,1019 904,1019 903,1020 889,1020 888,1019 888,1012 880,1012 879,1011 879,1009 880,1008 902,1008 902,1007 903,1006 916,1006 918,1008 957,1008 957,1007 958,1006 960,1006 964,1002 964,989 965,988 968,988 969,987 969,977 964,977 962,975 962,973 964,971 967,971 967,970 968,969 968,960 933,960 933,962 931,964 924,964 923,965 911,965 909,967 908,967 906,969 906,971 905,972 904,972 904,974 902,976 878,976 877,977 848,977 847,976 847,966 811,966 810,967 808,967 807,968 805,968 805,976 804,977 782,977 780,975 780,969 778,969 777,968 777,967 741,967 740,968 738,968 737,969 735,969 734,968 734,967 733,967 732,966 698,966 697,967 695,967 694,968 691,968 691,977 690,978 689,977 689,976 656,976 655,975 656,974 656,971 657,970 657,968 658,967 658,965 659,964 659,962 660,961 660,959 661,958 661,956 662,955 662,953 663,952 663,950 664,949 664,947 665,946 665,944 666,943 666,940 667,939 667,937 668,936 668,934 669,933 669,931 670,930 670,928 671,927 671,925 672,924 672,922 673,921 673,919 675,917 682,917 683,916 684,917 883,917 884,918 957,918 958,917 959,917 961,915 961,904 962,903 962,902 964,900 968,900 968,887 921,887 920,888 906,888 904,886 904,884 906,882 910,882 911,881 911,874 913,872 914,872 915,873 928,873 929,874 964,874 966,872 966,868 967,867 971,867 971,858 970,857 968,857 967,856 967,847 966,846 966,845 958,845 957,844 958,843 969,843 969,834 953,834 952,833 952,831 915,831 914,832 914,834 913,835 903,835 903,836 902,837 902,842 901,843 871,843 870,842 844,842 843,841 819,841 818,840 818,837 819,836 827,836 829,838 871,838 873,836 873,828 874,827 878,827 879,828 945,828 946,827 946,824 947,823 952,823 953,822 963,822 964,821 964,820 965,819 965,816 966,815 968,815 969,814 969,804 968,803 945,803 943,801 943,800 942,799 918,799 917,798 907,798 906,797 906,793 904,793 903,792 903,791 902,790 899,790 898,789 898,788 899,787 901,787 902,786 905,786 906,785 907,785 909,783 919,783 920,784 920,790 921,791 956,791 957,790 958,790 959,789 960,789 960,788 961,787 961,786 962,785 963,785 964,784 964,779 965,778 968,778 968,764 939,764 938,763 938,754 931,754 930,753 895,753 894,754 878,754 877,753 877,743 876,742 844,742 843,741 825,741 823,739 823,738 825,736 826,736 828,738 863,738 863,737 864,736 902,736 904,738 959,738 959,737 960,736 961,736 962,735 963,735 964,734 964,726 965,725 965,720 966,719 968,719 969,718 969,709 968,708 968,707 942,707 940,705 940,697 904,697 903,698 901,698 900,699 900,705 899,706 871,706 870,705 866,705 865,704 865,698 863,698 862,697 828,697 827,698 827,706 826,707 798,707 797,706 786,706 785,705 785,698 749,698 749,699 748,700 748,705 747,706 743,706 742,705 743,704 743,701 744,700 744,698 745,697 745,695 746,694 746,693 747,692 773,692 774,691 818,691 819,692 925,692 927,694 964,694 964,692 965,691 965,681 962,681 960,679 960,677 961,676 962,676 962,675 963,674 964,674 965,673 965,663 964,662 859,662 858,661 858,659 859,658 880,658 881,657 886,657 886,656 887,655 887,654 889,652 889,649 891,647 919,647 920,648 954,648 955,647 959,647 960,646 960,645 961,644 961,623 960,622 960,619 959,618 945,618 944,617 945,616 945,606 907,606 906,607 904,607 903,608 903,617 902,618 889,618 888,617 844,617 843,618 842,618 841,617 772,617 771,616 771,615 772,614 772,613 773,612 775,612 775,611 776,610 776,602 777,601 781,601 782,602 811,602 812,603 812,610 847,610 847,602 848,601 872,601 873,602 941,602 942,601 942,597 943,596 961,596 962,595 962,594 964,592 964,590 965,589 967,589 967,578 961,578 960,577 942,577 940,575 940,573 902,573 901,572 901,570 900,569 900,566 899,565 860,565 860,566 859,567 859,571 858,572 808,572 807,571 807,565 806,565 805,564 789,564 788,563 788,562 789,561 789,559 791,557 826,557 827,558 912,558 913,557 916,557 917,558 952,558 953,557 958,557 959,556 960,556 960,554 961,553 961,546 962,545 981,545 982,544 982,533 981,532 981,531 968,531 967,530 967,529 955,529 954,528 923,528 922,527 922,521 923,520 958,520 965,513 965,512 966,511 966,510 968,508 968,491 967,490 933,490 932,491 931,491 931,494 930,495 923,495 921,497 920,496 920,472 919,471 882,471 881,472 879,472 878,473 878,482 877,483 874,483 873,482 873,469 874,468 902,468 902,467 903,466 923,466 925,468 964,468 965,467 965,466 966,465 966,455 964,453 965,452 965,451 966,450 966,449 968,447 968,436 962,436 961,435 951,435 950,434 950,429 949,428 948,428 947,427 911,427 911,435 910,436 908,436 907,435 907,426 906,425 906,423 907,422 944,422 945,421 968,421 968,411 965,411 964,410 964,407 965,406 967,406 968,405 968,396 945,396 944,395 944,394 943,393 942,393 941,392 891,392 889,390 889,382 852,382 851,383 849,383 849,391 848,392 844,392 843,391 844,390 844,388 845,387 845,385 846,384 846,382 847,381 847,379 849,377 897,377 898,376 899,377 920,377 921,378 957,378 958,377 959,377 962,374 962,370 964,368 967,368 968,367 968,358 967,357 967,356 966,356 965,355 965,348 957,348 956,347 913,347 912,348 895,348 895,349 894,350 892,348 891,348 889,346 889,344 888,343 888,340 887,339 887,338 886,337 886,336 885,335 885,334 850,334 848,336 820,336 819,335 818,335 817,334 816,334 815,333 814,333 813,332 812,332 811,331 812,330 821,330 822,331 825,331 826,332 906,332 907,333 941,333 942,332 944,332 945,331 957,331 957,330 958,329 958,319 959,318 960,318 962,316 964,316 964,315 965,314 965,302 964,301 964,298 961,295 961,294 959,292 959,291 958,290 929,290 928,289 929,288 943,288 944,287 945,287 947,285 947,284 949,282 949,281 950,280 965,280 966,279 966,276 967,275 967,265 949,265 947,263 947,260 946,259 946,257 947,256 947,244 949,242 960,242 961,241 962,241 964,239 965,239 965,238 966,237 966,216 964,214 964,212 945,212 944,211 944,201 931,201 930,200 894,200 893,201 892,201 891,202 891,210 889,212 880,212 879,211 879,210 871,210 870,209 870,202 869,201 866,201 865,200 865,197 866,196 960,196 964,192 964,191 965,190 965,185 966,184 968,184 968,173 965,173 964,172 964,170 961,167 961,166 947,166 946,165 946,156 945,155 845,155 844,156 844,162 843,163 826,163 825,164 819,164 818,165 818,168 817,169 815,169 815,170 814,171 813,171 812,170 812,169 811,169 810,168 808,168 807,167 807,166 794,166 793,165 793,154 792,153 792,152 791,151 756,151 755,152 755,154 754,155 754,157 753,158 753,165 752,166 726,166 725,165 725,157 726,156 740,156 741,155 741,144"/><TextEquiv><Unicode/></TextEquiv><TextLine id="r2_l001"><Coords points="739,204 738,204 735,202 735,194 735,193 535,193 534,192 492,192 491,192 491,198 491,199 490,199 489,198 489,192 489,192 444,192 443,193 440,193 439,192 399,192 398,191 324,190 323,191 282,191 281,190 234,190 233,189 231,189 230,188 229,188 227,187 228,185 227,184 227,171 228,170 228,167 229,166 229,164 230,163 230,162 230,161 231,161 234,158 235,158 238,156 238,154 238,153 286,153 287,153 287,152 287,151 288,151 291,154 291,157 291,157 353,158 354,157 354,155 355,154 357,154 360,156 360,158 360,159 399,159 401,160 401,168 401,169 412,169 413,170 518,170 519,171 566,171 567,170 569,170 570,171 622,171 624,169 625,169 626,170 626,171 626,171 678,171 679,170 680,170 681,170 681,168 682,167 682,166 683,165 683,164 686,160 687,160 688,159 690,159 691,158 693,158 694,159 706,159 707,160 707,161 708,162 708,171 708,171 720,171 721,171 721,152 722,150 723,150 724,151 724,171 724,171 767,171 768,171 768,166 769,165 769,163 770,162 770,160 771,159 771,157 771,156 774,156 777,159 777,170 777,170 833,171 834,170 834,169 835,168 841,168 842,167 859,167 860,166 860,160 861,159 927,159 928,160 929,160 930,160 930,169 930,170 980,170 981,169 981,151 981,151 984,151 985,151 984,203 984,204 982,204 981,203 981,192 981,192 900,192 899,193 898,193 897,192 864,192 863,191 863,190 863,190 849,190 848,190 848,202 848,203 847,203 846,202 846,190 846,190 833,190 832,190 832,199 832,200 831,199 831,190 831,190 806,190 804,191 804,192 804,193 774,192 773,193 750,193 748,195 748,197 746,199 746,200 743,203 743,204 743,204 741,204 740,205"/><TextEquiv index="1"><Unicode>8. M. étoit encore toute effrayée. „Mais</Unicode></TextEquiv></TextLine><TextLine id="r2_l002"><Coords points="982,251 981,250 981,248 981,248 563,247 562,248 557,248 556,249 125,248 124,248 124,194 125,193 125,194 125,201 125,201 301,201 302,202 425,203 425,203 425,204 426,205 792,206 793,205 823,205 824,204 825,204 826,203 830,203 831,204 984,204 984,204 984,250 984,251"/><TextEquiv index="1"><Unicode>“qu'eſt-ce donc? qu'ai-je vu, diſoit-elle</Unicode></TextEquiv></TextLine><TextLine id="r2_l003"><Coords points="527,295 526,294 526,293 526,293 259,292 258,291 125,291 124,291 124,249 125,248 277,248 279,246 348,247 349,248 349,249 350,250 722,250 723,249 925,250 925,249 925,248 927,247 931,247 931,247 931,250 932,251 984,251 984,251 984,292 984,293 907,293 906,294 904,294 903,295 898,295 897,294 896,294 895,293 894,293 893,292 893,291 891,289 891,284 891,284 541,283 540,283 540,290 539,291 539,292 539,293 531,293 530,293 530,294 530,295"/><TextEquiv index="1"><Unicode>“à ſes femmes, qui en vouloient au gé-</Unicode></TextEquiv></TextLine><TextLine id="r2_l004"><Coords points="982,338 981,337 981,330 981,330 643,329 642,328 448,328 447,327 152,326 125,326 125,327 125,336 125,336 124,336 124,292 125,291 125,292 387,293 388,294 391,294 392,295 714,295 715,294 937,295 938,294 981,294 982,293 984,293 984,293 984,337 984,338"/><TextEquiv index="1"><Unicode>“néral? Eſt-ce un homme? eſt-ce une bête?</Unicode></TextEquiv></TextLine><TextLine id="r2_l005"><Coords points="982,387 981,386 981,375 981,375 641,374 640,375 577,375 576,376 576,377 574,379 574,380 573,381 282,380 281,381 281,382 281,382 280,382 279,381 125,381 124,381 124,337 125,336 125,337 125,338 125,338 436,339 436,339 436,340 437,341 809,342 810,341 811,341 812,340 865,340 866,339 981,339 982,338 984,338 984,338 984,386 984,387"/><TextEquiv index="1"><Unicode>“Oh! le hideux objet! Et c'eſt là ce</Unicode></TextEquiv></TextLine><TextLine id="r2_l006"><Coords points="550,431 550,430 550,428 549,428 124,427 124,427 124,382 125,381 125,382 281,382 281,383 281,384 282,384 873,386 874,387 984,387 984,387 984,428 983,429 981,429 981,428 981,421 980,421 556,420 556,421 556,430 554,431"/><TextEquiv index="1"><Unicode>“qu'on appelle un Gnôme!“ Les hon-</Unicode></TextEquiv></TextLine><TextLine id="r2_l007"><Coords points="981,482 981,481 981,476 980,476 561,475 559,473 391,473 390,472 124,471 124,471 124,428 124,427 306,427 307,428 308,428 309,429 460,430 461,431 882,432 883,431 883,430 884,429 884,428 884,428 885,428 886,427 887,428 888,428 889,429 983,429 984,429 984,481 983,482"/><TextEquiv index="1"><Unicode>nêtes femmes lui répondirent que c'étoit</Unicode></TextEquiv></TextLine><TextLine id="r2_l008"><Coords points="981,523 981,522 981,521 980,521 615,520 614,519 415,519 414,518 408,518 406,516 124,515 124,515 124,472 124,471 125,472 125,473 125,473 387,474 388,475 850,476 851,475 851,474 852,473 855,473 857,475 901,475 903,476 903,481 903,482 983,482 984,482 984,522 983,523"/><TextEquiv index="1"><Unicode>un trait indigne de la part du général,</Unicode></TextEquiv></TextLine><TextLine id="r2_l009"><Coords points="981,567 980,566 615,565 591,565 590,566 584,566 584,566 584,562 583,561 125,560 124,561 124,561 124,516 124,515 356,516 357,515 357,514 357,514 358,515 359,515 360,516 362,516 364,517 364,520 364,521 762,521 763,520 766,520 767,519 881,520 882,521 903,521 904,521 904,522 904,523 983,523 984,523 984,566 983,567"/><TextEquiv index="1"><Unicode>d'avoir oſé jouer S. M. au point de lui faire</Unicode></TextEquiv></TextLine><TextLine id="r2_l010"><Coords points="746,609 744,607 441,607 388,607 387,608 386,608 385,609 258,608 258,608 258,606 257,605 124,605 124,605 124,562 124,561 125,562 366,563 367,564 368,564 369,565 489,565 490,566 589,566 590,567 980,568 981,567 983,567 984,567 984,608 983,609 757,608 756,609"/><TextEquiv index="1"><Unicode>voir une figure ſi indécente; qu'on n'ex-</Unicode></TextEquiv></TextLine><TextLine id="r2_l011"><Coords points="982,656 981,655 981,654 981,654 857,654 854,651 854,650 853,649 853,648 852,647 852,645 852,645 478,644 477,644 477,650 476,651 476,653 476,654 475,654 474,653 151,652 125,652 125,653 124,653 123,653 124,606 124,605 125,606 125,607 125,607 239,607 240,608 261,608 262,609 262,610 262,610 506,611 509,613 509,617 509,618 918,619 919,618 919,612 920,611 922,611 923,610 980,610 981,609 983,609 984,609 983,655 983,656"/><TextEquiv index="1"><Unicode>poſoit jamais un homme nu aux regards</Unicode></TextEquiv></TextLine><TextLine id="r2_l012"><Coords points="982,702 981,701 981,690 981,690 944,690 943,689 687,688 686,689 565,689 564,690 564,691 563,692 563,693 560,696 559,696 558,697 406,697 405,697 405,698 405,699 336,699 335,700 334,700 333,699 333,697 333,697 124,696 123,696 123,654 124,653 192,653 193,652 197,652 197,653 197,654 198,654 464,655 465,654 470,654 471,655 471,658 472,659 472,663 473,664 539,664 539,664 539,665 540,666 732,666 732,666 732,663 733,662 769,662 769,662 769,657 770,656 833,657 833,656 833,654 834,654 835,654 836,655 838,655 839,656 983,656 983,656 983,701 983,702"/><TextEquiv index="1"><Unicode>d'une jeune perſonne, encore moins à ceux</Unicode></TextEquiv></TextLine><TextLine id="r2_l013"><Coords points="982,747 981,746 981,744 981,744 617,743 614,746 606,746 605,745 573,745 572,744 234,743 233,742 124,742 123,742 123,697 124,696 125,696 125,697 198,697 200,699 337,700 337,700 337,701 338,702 385,702 386,703 765,703 766,702 843,703 845,701 923,701 924,702 983,702 983,702 983,746 983,747"/><TextEquiv index="1"><Unicode>d'une reine: qu'on ne promettoit point de</Unicode></TextEquiv></TextLine><TextLine id="r2_l014"><Coords points="982,795 981,794 981,792 981,792 715,791 714,791 714,790 714,789 125,788 125,789 125,791 125,791 124,791 123,791 123,743 124,742 252,742 253,741 258,741 260,744 260,746 261,746 807,748 808,747 810,747 811,746 812,746 813,745 826,745 827,746 859,746 860,747 983,747 983,747 983,794 983,795"/><TextEquiv index="1"><Unicode>préſenter un prêtre &amp; un ambaſſadeur,</Unicode></TextEquiv></TextLine><TextLine id="r2_l015"><Coords points="563,834 559,834 558,833 199,832 198,833 124,833 123,833 123,792 124,791 305,791 307,789 310,789 311,788 322,788 323,787 324,787 325,789 326,789 327,790 698,790 699,791 719,791 719,792 719,793 720,793 885,794 886,795 983,795 983,795 983,832 983,833 856,833 855,834 570,833 569,834 565,834 564,835"/><TextEquiv index="1"><Unicode>pour offrir l'objet le plus indécent; qu'en-</Unicode></TextEquiv></TextLine><TextLine id="r2_l016"><Coords points="487,880 487,870 487,870 364,870 362,871 362,872 357,877 125,876 125,877 125,878 124,878 123,878 123,878 123,834 124,833 198,833 198,834 198,835 199,835 674,836 675,835 678,835 679,834 686,834 687,833 981,834 982,833 983,833 983,833 983,880 982,881 981,881 980,880 775,879 774,878 773,878 771,876 771,874 770,873 770,871 770,870 489,870 488,870 488,880 487,881"/><TextEquiv index="1"><Unicode>fin on ne jouoit un tour auſſi ſanglant qu'à</Unicode></TextEquiv></TextLine><TextLine id="r2_l017"><Coords points="981,934 981,933 981,914 980,914 727,913 726,914 648,914 647,915 636,915 636,916 636,920 635,920 634,920 634,921 634,922 630,925 623,925 622,926 621,925 619,925 618,924 617,924 617,924 617,923 616,922 616,921 615,920 615,916 614,915 610,915 609,914 355,914 355,914 355,924 354,925 350,925 349,924 287,923 286,922 285,922 284,921 284,919 283,918 123,918 123,918 123,879 123,878 124,878 125,879 125,889 125,889 320,889 321,889 321,885 322,884 322,883 323,881 453,882 455,880 456,880 457,881 489,881 492,883 492,889 492,890 702,890 703,890 703,883 703,882 704,882 705,881 706,881 707,880 982,881 983,881 983,933 982,934"/><TextEquiv index="1"><Unicode>ceux qu'on vouloit outrager de la maniere</Unicode></TextEquiv></TextLine><TextLine id="r2_l018"><Coords points="123,977 123,977 123,919 123,918 124,918 125,919 125,920 125,920 190,920 191,921 424,922 425,923 426,923 428,924 428,925 427,926 427,927 426,928 426,937 426,938 444,938 445,939 446,939 447,939 447,940 448,941 448,943 449,945 543,945 545,946 543,948 462,948 462,948 464,950 461,953 458,953 458,953 458,957 455,960 241,959 241,960 241,961 241,961 474,962 475,962 475,963 473,965 241,964 241,965 241,967 240,967 238,967 237,968 125,968 125,969 125,977 124,977"/><TextEquiv index="1"><Unicode>la plus décidée.</Unicode></TextEquiv></TextLine><TextLine id="r2_l019"><Coords points="694,1017 694,1017 694,1005 693,1004 679,1004 678,1005 637,1005 637,1006 637,1013 633,1016 629,1016 629,1016 629,1015 628,1014 628,1005 627,1004 542,1004 541,1005 539,1005 538,1004 527,1004 526,1003 485,1003 470,1003 469,1004 442,1004 442,1004 442,1012 439,1015 430,1015 429,1014 428,1014 428,1013 428,1012 427,1012 393,1012 392,1011 391,1011 391,1010 391,1004 390,1004 361,1004 360,1003 315,1002 314,1003 311,1003 310,1002 272,1002 271,1003 269,1003 268,1002 227,1002 226,1001 225,1001 225,1001 226,1000 226,999 227,998 227,972 229,969 230,969 231,970 240,970 241,971 242,971 243,972 243,980 243,980 264,980 265,981 322,981 323,981 323,972 324,971 326,971 327,970 328,971 329,971 330,971 330,972 331,973 331,980 331,981 348,981 349,982 367,982 368,983 369,983 372,985 372,987 373,988 373,995 373,996 418,996 419,995 419,989 420,988 420,987 422,985 422,984 423,983 426,983 427,982 429,982 430,981 430,979 430,979 432,979 433,979 433,981 433,982 463,982 464,981 464,975 465,974 465,973 465,973 469,973 470,973 470,974 471,975 471,981 471,982 514,982 515,981 515,976 517,974 523,974 526,971 529,971 531,972 531,981 531,982 556,982 557,983 586,983 587,983 587,977 588,976 588,972 588,971 591,971 594,974 594,980 594,980 610,980 612,982 612,983 612,983 667,983 668,982 669,982 670,982 670,981 670,980 671,980 673,982 673,983 673,983 706,983 707,983 707,974 708,972 710,972 711,971 713,971 714,970 715,971 716,971 717,972 717,973 717,973 753,973 754,972 756,972 757,971 759,971 760,972 760,973 760,973 764,973 765,974 765,981 765,981 820,982 821,981 821,972 821,972 823,972 824,971 826,971 827,970 829,970 830,970 830,981 830,982 892,982 893,981 893,980 893,980 918,980 920,978 920,976 922,974 922,973 924,971 925,971 927,969 939,969 940,968 943,968 944,969 948,969 949,968 949,965 950,964 980,964 981,963 981,949 981,949 982,949 983,949 983,1015 982,1016 981,1016 981,1015 981,1000 980,1000 945,1000 942,1003 940,1003 939,1004 935,1004 934,1003 928,1003 928,1003 928,1015 927,1016 922,1016 922,1015 922,1003 921,1003 885,1003 884,1004 862,1004 862,1004 862,1013 861,1014 859,1014 858,1015 851,1015 850,1013 850,1004 849,1004 829,1004 828,1003 784,1003 783,1004 767,1003 766,1004 757,1004 756,1005 752,1005 751,1004 697,1004 697,1005 697,1016 695,1017"/><TextEquiv index="1"><Unicode>La reine, qui n'avoit pas d'abord penſé</Unicode></TextEquiv></TextLine><TextLine id="r2_l020"><Coords points="726,1061 726,1060 725,1059 725,1058 724,1057 359,1057 359,1057 359,1060 358,1061 353,1061 352,1060 250,1059 249,1058 123,1058 123,1058 123,1008 123,1007 124,1007 125,1008 125,1011 125,1011 185,1011 186,1012 241,1012 242,1013 287,1013 288,1014 294,1014 295,1015 784,1017 785,1016 982,1016 983,1016 983,1059 982,1060 736,1059 735,1060 727,1060 726,1061"/><TextEquiv index="1"><Unicode>à ſe fâcher, crut dès-lors ſa pudeur inté-</Unicode></TextEquiv></TextLine><TextLine id="r2_l021"><Coords points="643,1107 642,1106 432,1106 431,1105 430,1105 427,1102 426,1102 426,1101 426,1100 425,1100 123,1099 123,1099 123,1059 123,1058 226,1058 227,1057 232,1057 233,1058 300,1058 302,1060 842,1062 843,1061 900,1061 903,1058 904,1059 905,1059 906,1060 982,1060 983,1060 982,1106 982,1107 981,1106 981,1103 980,1102 648,1101 648,1102 647,1107 647,1107"/><TextEquiv index="1"><Unicode>reſſée à témoigner du reſſentiment, &amp; elle</Unicode></TextEquiv></TextLine><TextLine id="r2_l022"><Coords points="567,1153 566,1153 566,1149 565,1148 565,1147 565,1146 555,1146 553,1145 553,1141 553,1140 125,1139 125,1140 125,1148 125,1148 123,1148 122,1148 123,1100 123,1099 124,1099 125,1100 125,1101 125,1102 187,1102 188,1103 242,1103 243,1104 244,1104 244,1105 244,1106 245,1106 719,1107 720,1106 733,1106 734,1105 868,1106 869,1107 982,1107 982,1107 982,1150 982,1151 674,1150 673,1151 614,1151 613,1152 613,1153 613,1153"/><TextEquiv index="1"><Unicode>le fit avec toute la dignité poſſible. Elle ne</Unicode></TextEquiv></TextLine><TextLine id="r2_l023"><Coords points="673,1197 672,1197 672,1186 672,1185 555,1185 554,1186 554,1189 553,1190 553,1191 552,1191 552,1192 550,1195 548,1195 547,1196 540,1196 539,1195 538,1195 535,1192 535,1191 534,1190 534,1185 534,1185 505,1185 504,1184 420,1184 419,1183 353,1183 352,1184 324,1184 323,1184 323,1192 321,1194 315,1194 313,1193 313,1183 313,1182 189,1182 187,1181 187,1180 186,1179 186,1177 185,1175 125,1175 125,1176 125,1191 125,1191 123,1191 122,1191 122,1149 123,1148 125,1148 125,1149 125,1174 125,1174 177,1174 177,1174 177,1159 178,1158 190,1158 191,1157 192,1157 194,1159 241,1159 241,1159 241,1152 242,1151 243,1151 244,1150 245,1150 246,1149 247,1149 248,1148 249,1148 249,1149 249,1151 250,1152 250,1155 251,1156 251,1160 252,1160 328,1161 329,1162 347,1162 348,1163 432,1163 432,1162 432,1154 435,1152 487,1152 488,1151 490,1151 490,1151 490,1159 491,1160 491,1162 492,1163 563,1163 563,1163 563,1161 564,1160 564,1158 565,1157 565,1156 566,1155 566,1154 567,1153 656,1153 658,1151 659,1153 659,1156 660,1157 660,1171 661,1171 707,1171 708,1170 708,1156 709,1155 709,1154 712,1151 714,1151 715,1152 768,1152 769,1151 833,1152 834,1151 835,1151 836,1150 841,1150 842,1151 891,1151 892,1150 895,1150 896,1151 906,1151 906,1151 906,1152 907,1153 907,1160 908,1161 981,1161 981,1160 981,1151 982,1151 982,1151 982,1195 982,1196 981,1195 981,1184 981,1184 911,1184 910,1184 910,1195 910,1196 907,1196 906,1195 906,1184 906,1184 901,1184 900,1183 839,1183 838,1184 767,1183 766,1184 766,1194 766,1194 765,1194 765,1184 765,1183 738,1183 737,1184 722,1184 721,1185 688,1185 685,1188 685,1189 684,1190 684,1191 684,1191 683,1191 682,1192 679,1192 678,1192 678,1186 678,1185 676,1185 675,1186 675,1197 675,1197"/><TextEquiv index="1"><Unicode>voulut pas voir le général, &amp; lui fit dire</Unicode></TextEquiv></TextLine><TextLine id="r2_l024"><Coords points="123,1242 122,1242 122,1192 123,1191 125,1191 125,1192 125,1222 125,1222 175,1222 175,1222 175,1213 176,1212 176,1211 178,1209 178,1208 180,1206 181,1206 182,1205 183,1205 184,1204 185,1204 185,1204 185,1196 187,1194 190,1194 191,1193 196,1193 196,1194 196,1206 197,1206 240,1206 241,1205 241,1202 242,1201 242,1199 245,1196 246,1196 248,1194 249,1194 250,1193 256,1193 258,1196 258,1206 259,1206 295,1206 296,1205 357,1206 357,1205 357,1197 358,1197 359,1197 360,1196 361,1196 362,1195 364,1195 366,1197 366,1206 367,1207 377,1207 378,1208 432,1208 433,1206 433,1204 434,1203 434,1202 436,1200 436,1199 437,1199 438,1199 442,1195 449,1195 451,1197 450,1198 450,1206 451,1207 505,1207 505,1206 505,1199 507,1198 508,1198 510,1196 514,1196 514,1196 514,1200 515,1201 515,1204 516,1205 528,1205 531,1208 577,1208 577,1208 577,1202 578,1201 578,1199 579,1198 582,1198 583,1197 590,1197 591,1199 591,1208 592,1208 659,1208 660,1207 673,1207 673,1207 673,1198 674,1197 705,1197 707,1195 708,1195 709,1196 755,1196 756,1195 757,1195 758,1194 760,1194 761,1195 763,1195 763,1196 763,1199 764,1200 764,1206 765,1206 903,1207 903,1206 903,1202 904,1201 904,1200 905,1199 905,1196 906,1196 910,1196 910,1196 910,1207 911,1208 926,1208 927,1209 929,1209 932,1212 932,1221 933,1222 981,1222 981,1221 981,1196 982,1196 982,1196 982,1240 982,1241 981,1240 981,1230 981,1230 938,1230 936,1228 829,1228 828,1227 781,1226 780,1227 770,1227 769,1228 713,1228 712,1229 669,1229 668,1230 668,1238 667,1239 661,1239 660,1240 656,1240 654,1239 654,1230 654,1229 584,1229 583,1228 532,1228 531,1229 528,1229 527,1228 452,1228 451,1229 396,1229 395,1228 324,1228 320,1227 319,1228 313,1228 311,1226 266,1226 265,1227 263,1227 262,1228 261,1227 210,1227 209,1228 209,1238 209,1238 208,1238 208,1228 208,1227 207,1227 206,1226 194,1226 193,1225 183,1225 182,1224 181,1224 180,1223 125,1223 125,1224 125,1242 125,1242"/><TextEquiv index="1"><Unicode>de ſe rendre ſur le champ à ſon armée.</Unicode></TextEquiv></TextLine><TextLine id="r2_l025"><Coords points="123,1285 122,1285 122,1243 123,1242 176,1242 179,1239 191,1239 192,1238 207,1238 208,1237 210,1239 278,1239 279,1240 280,1240 281,1241 329,1242 329,1242 329,1250 330,1251 731,1251 732,1250 742,1250 742,1250 742,1242 743,1241 744,1241 745,1240 891,1241 891,1240 891,1238 892,1238 893,1239 939,1239 941,1241 982,1241 982,1241 982,1284 982,1285 981,1284 981,1281 981,1281 805,1281 804,1280 804,1279 803,1278 803,1275 803,1275 478,1274 477,1274 477,1282 476,1284 462,1284 461,1284 461,1285 461,1286"/><TextEquiv index="1"><Unicode>Il peſta beaucoup contre cet ordre, &amp; deſ-</Unicode></TextEquiv></TextLine><TextLine id="r2_l026"><Coords points="981,1335 981,1319 981,1319 767,1318 765,1320 765,1321 763,1323 705,1323 704,1324 704,1327 703,1328 703,1329 702,1330 700,1330 699,1331 609,1331 608,1331 608,1320 608,1319 387,1319 386,1319 386,1323 385,1324 385,1325 381,1330 372,1330 371,1329 370,1329 366,1325 366,1319 366,1319 125,1318 125,1319 125,1329 125,1329 123,1329 122,1329 122,1286 123,1285 258,1285 259,1286 456,1287 457,1286 578,1286 578,1287 578,1289 579,1289 646,1289 648,1292 648,1293 650,1294 888,1295 888,1294 888,1288 889,1288 890,1288 891,1287 981,1287 981,1286 981,1285 982,1285 982,1285 982,1335 981,1336"/><TextEquiv index="1"><Unicode>cendit en grondant. Il m'appercut au bas</Unicode></TextEquiv></TextLine><TextLine id="r2_l027"><Coords points="981,1377 981,1372 980,1372 503,1371 501,1373 500,1372 496,1372 495,1371 494,1371 493,1370 492,1370 490,1367 490,1366 487,1364 125,1363 125,1364 125,1374 124,1374 122,1374 122,1374 122,1330 123,1329 192,1329 193,1328 334,1329 334,1329 334,1330 335,1331 768,1331 769,1330 780,1330 781,1329 915,1330 916,1331 917,1331 917,1331 917,1335 917,1336 981,1336 982,1336 982,1377 981,1378"/><TextEquiv index="1"><Unicode>de l'eſcalier: „Quel diable auſſi, dit-il,</Unicode></TextEquiv></TextLine><TextLine id="r2_l028"><Coords points="651,1421 650,1420 650,1411 649,1410 149,1409 125,1409 125,1410 125,1420 124,1420 122,1420 122,1420 122,1375 122,1374 482,1375 483,1376 574,1376 575,1377 596,1377 598,1379 598,1385 598,1385 931,1386 932,1385 932,1383 933,1382 933,1381 933,1381 934,1381 935,1380 980,1380 981,1379 981,1378 981,1378 982,1378 982,1419 981,1420 918,1420 917,1421 658,1420 657,1421"/><TextEquiv index="1"><Unicode>“ces Gnômes ſont faits pour me porter</Unicode></TextEquiv></TextLine><TextLine id="r2_l029"><Coords points="892,1467 891,1466 573,1465 572,1464 571,1464 571,1464 571,1456 570,1455 125,1454 125,1455 125,1464 124,1464 122,1464 122,1464 122,1421 122,1420 422,1421 423,1422 425,1422 426,1423 738,1423 739,1422 741,1422 742,1421 910,1422 911,1421 980,1421 981,1420 982,1420 982,1466 981,1467"/><TextEquiv index="1"><Unicode>“malheur! Tout ce qui vient de chez epx</Unicode></TextEquiv></TextLine><TextLine id="r2_l030"><Coords points="686,1512 685,1511 283,1510 283,1510 283,1509 282,1508 122,1508 122,1508 122,1465 122,1464 433,1465 435,1466 435,1467 435,1468 890,1469 892,1467 981,1467 982,1467 982,1511 981,1512 690,1511 689,1512"/><TextEquiv index="1"><Unicode>“n'a pas le ſens commun. Voyez un peu</Unicode></TextEquiv></TextLine><TextLine id="r2_l031"><Coords points="981,1556 981,1546 980,1546 642,1545 641,1546 617,1546 617,1547 617,1554 616,1554 612,1554 611,1555 259,1554 258,1555 257,1554 253,1554 252,1553 122,1553 122,1553 122,1509 122,1508 124,1508 125,1509 125,1510 125,1510 377,1511 380,1513 380,1519 380,1520 683,1520 684,1520 684,1517 685,1516 685,1514 686,1512 764,1512 765,1511 879,1512 880,1511 881,1511 882,1512 981,1512 982,1512 982,1556 981,1557"/><TextEquiv index="1"><Unicode>“quel ajuſtement pour paroître devant une</Unicode></TextEquiv></TextLine><TextLine id="r2_l032"><Coords points="122,1602 121,1602 122,1554 122,1553 124,1553 125,1554 801,1556 802,1555 861,1555 862,1554 862,1553 863,1552 867,1552 868,1552 868,1555 868,1556 920,1556 921,1557 981,1557 982,1557 982,1560 981,1561 923,1561 922,1561 922,1567 923,1568 923,1572 924,1573 946,1573 947,1574 947,1577 946,1579 944,1579 943,1580 940,1580 939,1580 939,1581 939,1582 938,1582 937,1583 929,1583 928,1583 928,1584 928,1585 927,1585 926,1585 926,1587 925,1589 894,1589 893,1589 893,1598 892,1600 881,1600 879,1598 879,1595 879,1595 612,1594 611,1593 471,1593 469,1591 125,1590 125,1591 125,1602 125,1602"/><TextEquiv index="1"><Unicode>“reine. Nous avons fait là une belle équi-</Unicode></TextEquiv></TextLine></TextRegion><ImageRegion id="r3"><Coords points="392,93 392,95 390,97 389,97 388,98 387,98 385,99 380,99 380,112 381,112 382,113 382,126 380,128 378,128 378,139 425,139 426,137 426,129 427,128 428,129 428,137 429,139 477,139 478,140 524,140 526,139 581,139 582,140 582,144 584,146 618,146 619,144 621,144 622,143 622,142 623,141 623,140 624,139 704,139 705,140 757,140 758,139 758,125 757,125 756,123 753,123 752,122 752,114 749,112 749,108 748,107 747,107 745,105 713,105 711,103 676,103 675,104 675,105 674,106 669,106 668,107 663,107 662,106 592,106 592,107 590,108 585,108 584,107 584,106 582,105 574,105 573,104 573,100 572,99 538,99 538,100 536,103 536,105 535,106 530,106 529,107 527,107 526,106 488,106 488,108 487,110 487,112 486,113 486,114 485,115 485,117 484,118 483,117 483,113 482,112 482,110 480,108 480,107 475,101 441,101 441,104 439,106 438,105 438,100 429,100 428,99 428,96 426,93"/></ImageRegion><TextRegion id="r4" type="footnote" orientation="-0.0"><Coords points="755,1597 754,1599 754,1609 755,1610 757,1610 758,1611 758,1624 757,1625 756,1625 755,1626 755,1637 756,1638 791,1638 792,1637 801,1637 803,1636 803,1626 804,1625 805,1626 805,1637 809,1637 811,1638 811,1645 813,1647 856,1647 857,1646 857,1643 858,1641 860,1641 860,1634 862,1633 865,1633 865,1623 862,1623 860,1622 860,1621 859,1619 856,1619 855,1618 855,1614 853,1612 853,1611 815,1611 814,1610 814,1599 813,1597"/><TextEquiv><Unicode/></TextEquiv><TextLine id="r4_l001"><Coords points="771,1603 850,1603 850,1644 771,1644"/><TextEquiv index="1"><Unicode>Fa</Unicode></TextEquiv></TextLine></TextRegion></Page></PcGts>