1116 1854
185 125 251 158 Ln
236 168 956 222 Je gagnois tous les jours à leurs yeux;
190 214 957 261 & en moms de quinze jours, de marmiton
191 259 961 307 je devins maître. La dame du logis, c'eſt-
194 302 960 352 à-dire, la générale qui revint de la cam-
194 350 965 398 pagne, apprit mon hiſtoire, & commanda
195 395 963 442 qu'on m'amenât devant elle. Dès qu'elle
197 440 964 488 m'eut vu & entendu, elle me fit les
197 484 963 533 plus gracieuſes excuſes, pour l'imperti-
197 531 964 576 nence de ſes gens, ordonna que je fuſſe
197 574 967 623 logé dans un appartement de maître, & me
199 620 967 668 fit manger à ſa table. Auſſi-tôt tous ſes va-
201 667 969 712 lets, l'un après l'autre, vinrent me trouver,
203 712 970 758 me demandant pardon de l'air le plus
200 757 967 804 humble. Ils m'aſſurerent tous, chacun en
200 803 970 848 leur particulier, qu'ils m'avoient reconnu,
202 848 972 894 dès le premier coup d'œil, pour ce que
204 892 970 940 j'étois; que dans le fond de leur cœur,
206 938 974 985 ils s'étoient intéreſſés à moi, & m'avoient
206 984 971 1030 reſpecté en ſecret. C'étoient ceux mêmes
206 1029 970 1082 dont j'avois reçu- le plus d'outrage, qui
208 1075 743 1120 venoient me tenir ce langage.
254 1117 976 1165 Je pardonnai à tous, excepté à un mal-
208 1165 975 1212 heureux, que je crus devoir punir, com-
208 1210 974 1259 me on le verra par la ſuite. Je me liai
203 1255 983 1305 d'amitié avec le gouverneur des enfants du
208 1301 977 1352 général, qui étoit un brave homme. Je
209 1345 980 1393 lui demandai enfin où j'étois, & par quelle
211 1393 976 1439 étrange aventure je trouvois un peuple qui
212 1437 979 1488 parloit françois, au bout du monde, dans
213 1480 979 1530 un pays dont les Francois ne ſoupçonnoient
213 1528 1007 1579 pas l'exiſtence; je le priai de m'expliquer
212 1568 980 1624 pourquoi cette ville, qu'on nermmoit Paris-
