<PcGts xmlns="http://schema.primaresearch.org/PAGE/gts/pagecontent/2017-07-15" xmlns:xsi="http://www.w3.org/2001/XMLSchema-instance" xsi:schemaLocation="http://schema.primaresearch.org/PAGE/gts/pagecontent/2017-07-15 http://schema.primaresearch.org/PAGE/gts/pagecontent/2017-07-15/pagecontent.xsd"><Metadata><Creator/><Created>2020-09-17T10:01:23</Created><LastChange>1970-01-01T00:00:00</LastChange><Comments/></Metadata><Page imageFilename="0137.png" imageHeight="1854" imageWidth="1116"><ReadingOrder><OrderedGroup id="g1"><RegionRefIndexed index="0" regionRef="r4"/><RegionRefIndexed index="1" regionRef="r3"/><RegionRefIndexed index="2" regionRef="r1"/></OrderedGroup></ReadingOrder><TextRegion id="r1" type="footnote" orientation="-0.0"><Coords points="710,1612 709,1614 709,1624 711,1626 711,1639 710,1640 707,1640 705,1643 705,1652 707,1654 707,1655 754,1655 755,1654 755,1651 756,1650 758,1650 760,1651 760,1652 761,1653 762,1653 764,1655 801,1655 804,1653 805,1653 807,1651 807,1648 811,1645 811,1640 812,1639 818,1639 819,1638 819,1629 809,1629 808,1628 808,1626 809,1625 809,1615 808,1615 807,1614 774,1614 772,1615 771,1615 770,1616 767,1616 765,1615 753,1615 752,1614 745,1614 743,1612"/><TextEquiv><Unicode/></TextEquiv><TextLine id="r1_l001"><Coords points="722,1618 803,1618 803,1652 722,1652"/><TextEquiv index="1"><Unicode>E</Unicode></TextEquiv></TextLine></TextRegion><ImageRegion id="r2"><Coords points="366,111 366,112 365,113 354,113 354,115 353,117 353,126 354,127 354,132 355,133 355,140 353,142 353,154 399,154 399,147 400,146 402,146 403,147 403,151 404,152 555,152 556,154 556,157 557,158 595,158 595,157 596,156 596,154 597,152 733,152 733,151 734,150 734,140 732,137 725,137 724,136 725,135 725,123 723,121 721,121 719,119 681,119 680,120 654,120 652,118 617,118 615,120 572,120 572,121 571,122 566,122 565,121 565,118 519,118 516,120 465,120 464,119 454,119 453,118 421,118 420,117 420,113 417,113 414,111"/></ImageRegion><TextRegion id="r3" type="paragraph" orientation="-0.0"><Coords points="232,166 232,168 231,169 221,169 219,171 217,171 217,172 215,174 208,174 208,180 207,181 206,180 206,179 168,179 167,180 151,180 150,181 149,181 148,182 148,183 147,184 147,185 146,186 146,195 147,196 147,197 148,198 147,199 147,212 170,212 171,213 170,214 170,215 169,216 161,216 160,217 157,217 156,218 156,227 155,228 151,228 150,229 149,229 147,231 147,232 146,233 146,249 147,250 147,252 148,253 148,255 149,256 150,256 151,257 156,257 157,258 156,259 156,261 155,262 155,264 154,265 154,266 153,267 152,267 152,268 151,269 151,271 149,273 148,273 146,275 145,275 144,276 144,278 143,279 143,282 142,283 142,296 143,297 143,298 146,301 147,301 149,303 151,303 152,304 186,304 188,302 201,302 202,303 238,303 238,302 239,301 277,301 278,302 292,302 293,303 293,310 295,312 317,312 319,314 319,315 318,316 307,316 306,317 246,317 244,315 210,315 209,316 208,316 208,317 207,318 201,318 200,317 200,315 199,314 199,311 198,311 197,310 196,310 195,309 158,309 157,310 157,316 156,317 150,317 149,318 146,318 145,319 143,319 142,320 142,322 141,323 141,332 142,333 142,345 144,347 146,347 147,348 149,348 150,349 149,350 149,351 148,352 147,352 146,353 143,353 143,365 146,365 147,366 147,368 146,369 146,378 144,380 143,380 142,381 142,391 144,393 207,393 208,392 241,392 242,393 242,395 241,396 210,396 209,397 208,397 208,406 207,407 147,407 145,409 144,409 142,411 142,424 141,425 141,434 143,436 143,438 155,438 156,439 155,440 155,446 154,447 154,451 151,454 148,454 146,456 145,456 144,457 144,476 145,476 146,477 146,478 147,479 147,481 148,482 149,482 151,484 167,484 168,485 167,486 166,486 165,487 165,493 164,494 164,495 162,497 161,497 160,498 150,498 149,499 147,499 146,500 145,500 144,501 144,514 143,515 143,524 147,528 195,528 196,527 226,527 229,530 228,531 215,531 214,532 214,533 213,534 213,542 212,543 208,543 207,542 207,539 205,537 205,536 204,535 202,535 201,534 201,533 194,533 193,532 193,531 159,531 157,533 147,533 146,534 146,544 147,545 147,546 149,548 149,559 147,561 147,574 194,574 195,573 224,573 225,572 251,572 252,571 266,571 267,572 267,573 268,574 267,575 253,575 253,585 252,586 244,586 243,585 243,577 242,576 242,575 200,575 199,576 199,577 198,578 196,578 195,579 195,580 194,581 194,582 193,583 193,586 192,587 170,587 169,588 154,588 153,589 150,589 148,591 148,592 147,593 147,601 146,602 146,612 147,613 147,614 149,616 149,617 150,617 151,618 154,618 155,619 193,619 194,618 202,618 203,617 238,617 239,616 253,616 254,617 255,617 256,618 308,618 315,625 315,626 319,630 318,631 308,631 307,630 307,623 306,622 304,622 303,621 265,621 264,622 263,622 262,623 261,623 261,624 259,626 259,627 257,629 257,631 256,632 201,632 200,631 200,623 198,623 197,622 162,622 162,624 161,625 161,630 160,631 151,631 148,634 146,634 146,644 147,645 147,660 150,663 214,663 215,662 237,662 238,663 233,668 232,668 230,670 230,672 229,673 229,676 228,677 159,677 157,679 151,679 150,680 148,680 147,681 147,694 148,694 149,695 148,696 148,707 150,709 188,709 190,707 229,707 230,706 241,706 242,707 276,707 278,709 278,718 279,718 280,719 315,719 316,718 342,718 342,708 344,706 346,706 347,707 389,707 391,709 391,710 396,715 395,716 387,716 387,720 386,721 310,721 308,723 307,723 305,721 269,721 268,722 267,721 242,721 241,720 241,713 194,713 194,724 196,726 196,728 198,730 198,733 197,734 196,734 196,739 195,740 193,740 192,741 192,752 193,753 238,753 239,752 252,752 253,753 253,756 252,757 246,757 245,758 245,765 243,767 234,767 233,768 196,768 195,769 194,768 149,768 148,769 148,778 149,779 149,784 150,785 150,786 149,787 149,788 148,789 148,798 150,800 186,800 188,798 262,798 263,797 275,797 276,798 276,804 277,804 278,805 314,805 315,804 316,804 316,802 317,801 317,800 318,799 318,798 319,797 320,798 377,798 378,797 380,797 381,796 382,797 383,797 384,798 384,800 383,801 322,801 320,803 320,812 319,813 279,813 278,814 273,814 272,813 271,813 270,812 252,812 251,811 239,811 238,810 238,808 237,807 237,804 236,803 236,801 199,801 198,802 198,804 197,805 191,805 190,806 190,809 188,811 171,811 171,812 170,813 150,813 149,814 149,829 150,830 150,831 149,832 149,843 151,845 186,845 186,844 187,843 194,843 194,842 195,841 196,842 198,842 199,843 238,843 239,842 244,842 245,843 347,843 348,844 348,849 347,850 347,852 346,853 346,855 345,856 315,856 314,857 313,857 312,858 300,858 299,857 298,857 297,856 264,856 263,857 210,857 209,858 151,858 149,860 149,873 150,874 150,876 148,878 148,888 149,889 192,889 195,886 195,885 196,884 196,882 197,881 198,881 199,880 200,881 200,883 201,884 201,886 202,887 202,888 277,888 278,887 284,887 285,888 285,898 286,899 323,899 324,898 325,898 325,897 326,896 326,894 327,893 328,893 329,892 329,890 330,889 330,888 331,887 341,887 342,888 345,888 346,889 356,889 358,891 358,898 359,899 402,899 402,888 403,887 431,887 432,888 452,888 453,889 451,891 438,891 437,892 434,892 431,895 431,896 429,898 429,902 428,903 349,903 348,902 303,902 302,903 294,903 293,902 292,902 291,901 257,901 256,902 232,902 231,901 231,893 230,892 192,892 190,894 188,894 187,895 187,902 186,903 149,903 148,904 148,917 149,918 149,919 150,920 148,922 148,934 149,935 183,935 183,934 184,933 245,933 246,932 256,932 257,933 296,933 298,935 297,936 297,939 296,940 296,941 295,942 295,943 294,944 294,946 293,947 215,947 213,949 208,949 207,948 207,947 190,947 189,946 152,946 151,947 151,948 150,949 149,949 149,961 150,962 150,966 148,968 148,977 149,978 149,979 150,980 185,980 186,979 192,979 192,978 193,977 194,977 196,979 231,979 231,978 232,977 339,977 341,979 378,979 380,977 390,977 392,979 399,979 400,980 398,982 388,982 387,983 374,983 374,984 373,985 373,993 372,994 366,994 365,993 365,983 353,983 352,982 352,981 316,981 315,982 314,982 313,983 311,983 311,991 309,993 308,993 307,994 305,994 304,995 302,995 301,994 288,994 287,993 249,993 248,994 195,994 194,993 159,993 158,994 151,994 150,995 150,998 149,999 149,1009 150,1010 150,1011 149,1012 149,1013 148,1014 148,1024 149,1025 184,1025 185,1024 187,1024 188,1023 194,1023 199,1018 200,1019 200,1021 201,1022 201,1023 202,1024 260,1024 261,1023 299,1023 300,1022 301,1022 302,1021 302,1020 303,1019 304,1020 304,1021 305,1022 324,1022 325,1023 345,1023 346,1024 343,1027 342,1027 338,1031 337,1031 333,1035 332,1035 329,1038 259,1038 258,1037 247,1037 246,1036 246,1033 245,1032 245,1027 207,1027 206,1028 206,1032 205,1033 187,1033 187,1037 186,1038 162,1038 161,1039 154,1039 154,1056 153,1057 152,1057 152,1069 153,1069 154,1070 190,1070 192,1068 198,1068 199,1067 200,1068 214,1068 215,1069 263,1069 264,1068 324,1068 325,1067 328,1067 329,1068 346,1068 347,1069 348,1069 349,1070 350,1070 352,1072 353,1072 354,1073 355,1073 356,1074 357,1074 359,1076 360,1076 361,1077 362,1077 363,1078 364,1078 366,1080 367,1080 368,1081 369,1081 370,1082 371,1082 372,1083 371,1084 363,1084 362,1083 305,1083 304,1084 292,1084 290,1082 290,1076 289,1075 288,1075 287,1074 244,1074 243,1075 242,1075 241,1076 238,1076 238,1077 237,1078 235,1078 235,1081 234,1082 233,1082 232,1083 205,1083 204,1084 195,1084 194,1085 194,1104 193,1105 158,1105 158,1114 159,1115 190,1115 192,1117 192,1127 193,1128 192,1129 156,1129 155,1130 150,1130 150,1146 151,1147 150,1148 150,1149 149,1150 149,1160 150,1161 186,1161 187,1160 187,1159 188,1158 192,1158 193,1159 194,1159 196,1161 231,1161 231,1160 232,1159 243,1159 244,1158 277,1158 278,1159 311,1159 312,1158 316,1158 317,1159 360,1159 361,1158 374,1158 375,1159 412,1159 413,1158 428,1158 429,1159 452,1159 454,1161 454,1168 460,1168 461,1169 461,1177 462,1178 462,1186 463,1187 462,1188 443,1188 442,1187 442,1176 441,1176 440,1175 440,1174 428,1174 427,1173 333,1173 332,1172 298,1172 297,1173 216,1173 215,1174 199,1174 198,1175 197,1175 193,1171 157,1171 156,1172 156,1173 155,1174 150,1174 149,1175 149,1176 148,1177 148,1186 149,1187 149,1190 150,1191 150,1192 152,1194 152,1195 153,1195 154,1196 154,1199 155,1200 190,1200 193,1203 429,1203 431,1205 431,1211 432,1212 463,1212 464,1213 464,1219 463,1220 460,1220 459,1219 456,1219 455,1218 455,1217 421,1217 420,1218 419,1217 419,1208 382,1208 381,1209 378,1209 378,1219 377,1220 374,1220 373,1221 371,1221 369,1223 369,1224 368,1225 368,1226 367,1227 367,1231 366,1232 365,1232 363,1230 363,1229 362,1228 362,1221 361,1220 360,1220 359,1219 332,1219 331,1218 331,1217 320,1217 319,1216 319,1209 318,1208 264,1208 263,1209 261,1209 259,1211 259,1212 258,1213 258,1214 257,1215 257,1216 254,1219 205,1219 204,1220 200,1220 199,1219 187,1219 186,1218 186,1217 151,1217 150,1218 150,1219 149,1220 149,1234 150,1235 150,1236 151,1237 150,1238 149,1238 149,1241 148,1242 148,1249 147,1250 127,1250 127,1262 128,1263 153,1263 154,1264 154,1265 153,1266 150,1266 150,1268 149,1269 149,1295 150,1296 186,1296 187,1295 291,1295 292,1294 330,1294 331,1295 365,1295 366,1294 376,1294 377,1295 412,1295 413,1294 559,1294 560,1295 560,1308 559,1309 546,1309 545,1308 545,1298 544,1297 508,1297 507,1298 506,1298 504,1300 504,1301 503,1302 502,1302 502,1308 501,1309 492,1309 491,1310 473,1310 472,1311 470,1311 469,1310 446,1310 445,1309 433,1309 432,1308 397,1308 396,1309 361,1309 360,1310 322,1310 321,1309 296,1309 295,1308 295,1300 294,1299 294,1298 258,1298 257,1299 257,1309 256,1310 244,1310 243,1309 207,1309 206,1310 198,1310 197,1311 196,1311 195,1310 194,1310 193,1309 159,1309 158,1310 150,1310 149,1311 149,1316 148,1317 148,1326 149,1327 149,1341 186,1341 187,1340 193,1340 194,1339 197,1339 198,1340 199,1340 200,1341 200,1349 202,1351 244,1351 244,1350 245,1349 245,1341 246,1340 277,1340 278,1341 278,1349 320,1349 320,1342 322,1340 354,1340 355,1339 381,1339 382,1340 416,1340 417,1339 431,1339 432,1340 469,1340 470,1339 474,1339 475,1340 508,1340 509,1339 555,1339 556,1340 555,1341 555,1345 554,1346 554,1351 553,1352 553,1354 552,1355 493,1355 492,1354 471,1354 470,1353 470,1345 469,1344 420,1344 419,1345 411,1345 411,1354 410,1355 407,1355 406,1354 371,1354 370,1355 347,1355 346,1356 344,1356 343,1355 238,1355 237,1356 198,1356 197,1355 196,1355 195,1354 161,1354 160,1355 150,1355 149,1356 149,1359 148,1360 148,1369 149,1370 149,1386 150,1387 186,1387 186,1386 187,1385 193,1385 194,1384 213,1384 214,1385 252,1385 253,1384 302,1384 303,1385 339,1385 340,1384 341,1384 342,1383 344,1383 345,1384 346,1384 349,1387 384,1387 384,1386 385,1385 396,1385 397,1384 434,1384 435,1385 435,1388 434,1389 403,1389 403,1393 402,1394 402,1398 401,1399 399,1399 398,1400 368,1400 367,1399 301,1399 300,1398 300,1392 299,1391 298,1391 297,1390 241,1390 240,1391 237,1391 236,1392 235,1392 234,1391 234,1390 196,1390 193,1393 193,1398 192,1399 186,1399 185,1398 151,1398 151,1409 154,1409 155,1410 155,1419 154,1420 154,1431 155,1431 156,1432 190,1432 191,1431 325,1431 325,1430 326,1429 363,1429 365,1431 423,1431 424,1432 423,1433 412,1433 411,1434 410,1434 409,1435 408,1435 407,1436 406,1436 406,1438 404,1440 404,1441 403,1442 403,1444 401,1446 387,1446 385,1444 385,1434 384,1433 349,1433 347,1435 346,1435 345,1436 344,1436 344,1447 345,1447 346,1448 346,1455 347,1456 346,1457 336,1457 335,1458 332,1458 331,1457 331,1455 332,1454 332,1443 331,1442 331,1435 330,1435 329,1434 295,1434 294,1435 263,1435 262,1436 260,1436 260,1440 259,1441 258,1441 258,1444 256,1446 198,1446 196,1444 159,1444 157,1446 152,1446 151,1447 151,1448 150,1449 150,1459 151,1460 151,1464 150,1465 150,1475 152,1477 187,1477 188,1476 253,1476 254,1475 260,1475 261,1476 316,1476 317,1477 317,1482 355,1482 359,1478 359,1477 361,1475 364,1475 365,1476 401,1476 402,1475 420,1475 421,1476 431,1476 432,1477 432,1486 466,1486 467,1485 468,1485 469,1484 469,1482 470,1481 470,1480 471,1479 471,1478 473,1476 530,1476 531,1477 530,1478 530,1482 529,1483 529,1488 528,1489 528,1490 527,1491 514,1491 513,1492 509,1492 508,1491 506,1491 505,1490 505,1487 469,1487 468,1488 468,1490 467,1491 454,1491 453,1492 440,1492 439,1491 421,1491 420,1490 381,1490 380,1491 378,1491 377,1490 377,1486 341,1486 341,1488 339,1490 331,1490 330,1491 322,1491 321,1490 286,1490 285,1491 152,1491 152,1511 151,1512 151,1521 152,1522 189,1522 190,1521 195,1521 196,1520 199,1520 200,1521 200,1530 203,1533 238,1533 238,1532 239,1531 243,1531 245,1533 245,1536 244,1537 243,1536 242,1536 241,1535 198,1535 197,1536 196,1536 196,1551 197,1551 198,1552 197,1553 196,1553 196,1565 197,1565 198,1566 233,1566 234,1565 234,1564 235,1563 241,1563 241,1562 242,1561 243,1561 245,1559 246,1560 246,1564 247,1565 248,1565 249,1566 252,1566 253,1567 288,1567 289,1566 325,1566 326,1565 333,1565 334,1566 373,1566 374,1565 376,1565 378,1563 378,1562 380,1560 381,1561 381,1563 382,1563 384,1565 403,1565 404,1566 441,1566 442,1567 476,1567 477,1566 482,1566 483,1565 484,1565 485,1564 485,1561 486,1560 487,1561 487,1564 488,1565 489,1565 490,1566 491,1566 492,1567 529,1567 530,1566 559,1566 560,1565 561,1566 595,1566 596,1565 644,1565 645,1566 645,1567 651,1567 652,1568 652,1570 689,1570 689,1569 690,1568 690,1567 692,1565 748,1565 749,1566 749,1571 750,1572 784,1572 785,1573 785,1574 783,1576 783,1577 782,1578 782,1579 781,1580 763,1580 762,1579 740,1579 739,1578 705,1578 704,1579 680,1579 679,1580 674,1580 673,1581 672,1581 671,1580 633,1580 632,1579 590,1579 589,1580 586,1580 585,1581 560,1581 559,1580 523,1580 522,1581 498,1581 497,1582 456,1582 455,1583 455,1584 454,1585 454,1594 453,1595 436,1595 435,1594 434,1594 433,1593 433,1582 376,1582 375,1581 375,1574 339,1574 339,1575 338,1576 338,1579 337,1580 309,1580 308,1581 302,1581 301,1582 290,1582 288,1580 278,1580 276,1578 276,1575 243,1575 242,1576 242,1579 241,1580 188,1580 187,1579 154,1579 154,1598 155,1599 155,1600 154,1601 154,1603 153,1604 152,1604 152,1614 153,1614 154,1615 189,1615 190,1614 191,1614 191,1613 192,1612 199,1612 200,1611 200,1610 203,1607 204,1607 205,1608 205,1614 242,1614 242,1613 243,1612 261,1612 263,1614 298,1614 300,1612 302,1612 303,1611 307,1615 340,1615 341,1616 341,1622 342,1622 343,1623 382,1623 387,1618 392,1618 392,1613 393,1612 419,1612 421,1614 421,1617 422,1618 422,1621 423,1621 424,1622 454,1622 455,1623 501,1623 501,1618 502,1617 508,1617 509,1616 509,1614 511,1612 579,1612 581,1610 582,1610 584,1608 585,1609 588,1609 589,1610 589,1621 596,1621 597,1622 635,1622 636,1621 636,1613 637,1612 669,1612 670,1611 671,1611 673,1609 776,1609 777,1608 779,1608 779,1607 780,1606 781,1606 782,1607 782,1608 798,1608 799,1609 825,1609 826,1610 829,1610 830,1611 839,1611 840,1612 906,1612 908,1614 943,1614 943,1611 945,1609 946,1609 947,1608 948,1608 949,1607 949,1605 950,1604 958,1604 959,1603 959,1581 947,1581 946,1580 939,1580 936,1577 936,1572 900,1572 900,1579 899,1580 896,1580 895,1579 863,1579 862,1578 862,1577 835,1577 834,1576 834,1570 833,1569 833,1567 832,1566 793,1566 792,1565 792,1564 793,1563 794,1564 832,1564 833,1563 880,1563 881,1564 887,1564 888,1565 900,1565 901,1566 906,1566 907,1567 941,1567 942,1566 943,1566 945,1564 946,1564 946,1559 947,1558 947,1553 948,1552 949,1552 951,1550 960,1550 960,1537 958,1535 937,1535 936,1534 816,1534 815,1535 813,1535 812,1536 796,1536 795,1537 793,1537 791,1539 791,1540 789,1542 789,1548 788,1549 757,1549 756,1548 756,1539 755,1538 754,1538 753,1537 748,1537 747,1536 747,1527 746,1526 746,1524 745,1523 705,1523 704,1524 685,1524 684,1525 684,1535 683,1536 682,1535 648,1535 647,1536 619,1536 618,1535 618,1530 617,1529 617,1527 602,1527 601,1526 568,1526 567,1525 567,1524 515,1524 511,1528 510,1528 509,1529 509,1530 508,1531 508,1534 507,1535 507,1536 505,1538 488,1538 487,1537 426,1537 424,1535 390,1535 389,1536 387,1536 386,1537 384,1537 383,1538 382,1538 381,1539 381,1540 380,1541 375,1536 341,1536 340,1535 340,1534 312,1534 311,1533 311,1526 310,1526 309,1525 309,1524 300,1524 299,1523 264,1523 264,1524 262,1526 247,1526 246,1525 246,1521 247,1520 284,1520 285,1519 291,1519 292,1520 318,1520 319,1521 319,1527 355,1527 355,1521 356,1520 401,1520 402,1521 542,1521 543,1520 567,1520 568,1521 569,1521 570,1522 603,1522 604,1521 618,1521 619,1520 621,1520 622,1521 672,1521 673,1520 698,1520 699,1521 734,1521 735,1520 751,1520 752,1521 788,1521 789,1520 852,1520 853,1519 853,1506 847,1506 845,1504 845,1494 844,1493 843,1493 842,1492 808,1492 806,1490 806,1489 805,1488 771,1488 769,1490 768,1490 767,1491 757,1491 756,1490 756,1483 749,1483 748,1482 697,1482 696,1483 696,1490 695,1491 672,1491 670,1489 670,1484 669,1483 669,1482 668,1481 668,1480 626,1480 625,1481 625,1482 624,1483 624,1484 622,1486 622,1490 621,1491 619,1491 618,1490 618,1486 619,1485 619,1478 621,1476 664,1476 665,1477 700,1477 701,1476 726,1476 727,1475 793,1475 794,1476 795,1476 796,1477 830,1477 831,1476 840,1476 841,1477 841,1479 842,1480 878,1480 880,1478 880,1476 881,1475 906,1475 907,1476 907,1482 908,1483 910,1483 911,1484 911,1491 946,1491 946,1479 949,1476 949,1472 950,1471 961,1471 961,1458 931,1458 930,1457 930,1449 928,1447 914,1447 913,1446 913,1438 911,1436 874,1436 874,1438 873,1439 873,1444 871,1446 860,1446 859,1445 859,1444 822,1444 820,1446 814,1446 813,1447 811,1447 809,1445 809,1439 808,1438 808,1437 807,1436 790,1436 789,1435 789,1432 790,1431 929,1431 930,1430 930,1429 931,1428 931,1427 932,1426 949,1426 951,1424 951,1414 950,1413 950,1412 933,1412 932,1411 932,1406 931,1405 931,1401 932,1400 932,1389 933,1388 943,1388 944,1387 946,1387 949,1384 949,1382 950,1381 950,1378 951,1377 961,1377 961,1366 960,1365 960,1355 925,1355 924,1356 758,1356 757,1355 655,1355 653,1353 653,1349 651,1347 639,1347 638,1346 638,1342 601,1342 598,1345 596,1345 595,1346 595,1357 596,1358 596,1365 597,1366 597,1368 596,1369 575,1369 574,1368 574,1359 573,1358 573,1357 572,1356 571,1356 570,1355 556,1355 555,1354 555,1352 556,1351 556,1346 557,1345 557,1341 560,1338 577,1338 579,1340 615,1340 616,1339 618,1339 619,1338 649,1338 650,1339 652,1339 653,1340 687,1340 688,1339 703,1339 704,1340 739,1340 740,1339 742,1339 743,1338 754,1338 755,1339 756,1339 757,1340 761,1340 762,1341 797,1341 798,1340 859,1340 860,1341 860,1351 861,1351 862,1352 901,1352 902,1351 903,1351 903,1343 904,1342 932,1342 933,1341 946,1341 947,1340 948,1340 949,1339 949,1338 951,1336 951,1324 950,1323 950,1316 949,1315 949,1314 947,1314 946,1313 946,1312 906,1312 905,1311 877,1311 876,1310 866,1310 865,1309 865,1301 864,1300 864,1298 842,1298 841,1297 801,1297 800,1298 799,1298 798,1299 798,1300 797,1301 797,1302 796,1303 796,1307 795,1308 794,1308 794,1309 792,1311 780,1311 778,1309 733,1309 732,1310 724,1310 723,1309 723,1308 691,1308 690,1307 690,1305 689,1304 689,1303 688,1302 688,1301 687,1300 687,1298 652,1298 651,1299 651,1300 650,1301 650,1304 649,1305 648,1305 648,1308 647,1309 602,1309 601,1308 601,1298 600,1297 563,1297 562,1296 562,1295 563,1294 566,1294 567,1293 570,1293 571,1292 571,1291 572,1290 572,1289 573,1288 587,1288 588,1289 588,1292 589,1293 630,1293 631,1292 654,1292 655,1293 678,1293 679,1294 741,1294 742,1295 742,1304 744,1304 745,1305 782,1305 783,1304 785,1304 786,1303 786,1295 787,1294 819,1294 820,1295 856,1295 857,1294 858,1294 859,1295 862,1295 863,1296 900,1296 901,1295 906,1295 907,1296 907,1303 944,1303 945,1302 946,1302 947,1301 948,1301 949,1300 949,1296 952,1293 962,1293 962,1280 960,1278 925,1278 924,1279 915,1279 914,1278 914,1277 915,1276 917,1276 917,1265 904,1265 903,1264 903,1260 902,1259 902,1256 901,1256 900,1255 900,1254 899,1253 860,1253 859,1254 859,1255 858,1256 857,1256 857,1258 856,1259 856,1266 855,1267 827,1267 825,1265 808,1265 806,1263 797,1263 796,1262 796,1259 795,1258 762,1258 761,1257 761,1254 760,1253 745,1253 744,1252 705,1252 704,1253 699,1253 698,1254 698,1256 697,1257 695,1257 695,1261 693,1263 641,1263 640,1262 640,1261 639,1260 639,1258 638,1257 638,1256 637,1255 637,1253 633,1253 632,1252 632,1248 633,1247 651,1247 653,1249 653,1256 691,1256 694,1253 694,1252 695,1251 695,1248 696,1247 766,1247 768,1249 837,1249 838,1250 838,1251 873,1251 873,1250 874,1249 906,1249 907,1250 910,1250 911,1251 945,1251 947,1249 949,1249 949,1248 950,1247 952,1247 954,1245 959,1245 959,1236 960,1235 964,1235 964,1223 962,1223 961,1222 949,1222 948,1221 946,1221 945,1220 932,1220 931,1219 931,1207 932,1206 944,1206 945,1205 949,1205 949,1203 950,1202 950,1192 945,1192 944,1191 945,1190 949,1190 950,1189 950,1188 951,1187 951,1185 952,1184 961,1184 961,1173 957,1173 956,1172 947,1172 946,1171 946,1168 949,1165 949,1164 950,1163 950,1162 951,1161 951,1160 952,1159 961,1159 961,1158 962,1157 963,1157 964,1156 964,1144 963,1143 962,1143 961,1142 928,1142 927,1141 927,1130 924,1130 922,1128 887,1128 886,1127 886,1119 885,1118 882,1118 881,1117 881,1116 882,1115 888,1115 889,1114 912,1114 913,1115 952,1115 952,1111 953,1110 964,1110 964,1100 963,1099 962,1099 961,1098 961,1083 947,1083 946,1082 932,1082 931,1081 931,1079 930,1078 896,1078 896,1083 895,1084 838,1084 837,1085 818,1085 816,1083 816,1076 815,1075 815,1074 779,1074 778,1075 778,1082 777,1083 710,1083 709,1084 688,1084 687,1083 667,1083 666,1082 667,1081 667,1070 666,1070 665,1069 629,1069 629,1070 626,1073 608,1073 607,1074 607,1081 606,1082 599,1082 598,1083 584,1083 583,1084 500,1084 499,1085 494,1085 493,1084 493,1076 492,1075 492,1074 491,1074 490,1073 449,1073 448,1074 429,1074 428,1075 415,1075 414,1076 412,1076 412,1082 411,1083 391,1083 390,1084 377,1084 376,1083 375,1083 373,1081 372,1081 371,1080 370,1080 369,1079 368,1079 366,1077 365,1077 364,1076 363,1076 362,1075 361,1075 359,1073 358,1073 357,1072 356,1072 355,1071 354,1071 352,1069 353,1068 362,1068 363,1067 388,1067 389,1068 432,1068 433,1069 470,1069 470,1068 471,1067 471,1056 470,1055 464,1055 463,1054 463,1046 462,1045 462,1042 461,1041 460,1041 459,1040 458,1040 457,1039 434,1039 433,1038 424,1038 422,1036 422,1028 421,1027 371,1027 371,1038 370,1039 352,1039 351,1038 335,1038 334,1037 336,1035 337,1035 341,1031 342,1031 347,1026 348,1026 351,1023 365,1023 366,1024 401,1024 402,1023 523,1023 524,1024 525,1024 526,1025 559,1025 560,1024 561,1025 561,1033 562,1033 563,1034 565,1034 566,1035 600,1035 601,1034 607,1034 608,1033 608,1024 609,1023 646,1023 647,1022 650,1022 651,1023 727,1023 728,1022 732,1022 733,1023 737,1023 738,1024 798,1024 799,1025 799,1034 800,1035 844,1035 844,1026 845,1025 909,1025 910,1026 944,1026 945,1025 946,1025 951,1020 951,1017 952,1016 962,1016 962,996 961,995 935,995 933,993 933,987 932,986 932,983 929,983 928,982 930,980 948,980 949,979 950,979 950,978 951,977 952,977 952,976 953,975 953,967 954,966 956,966 957,965 962,965 965,962 965,951 964,951 963,950 933,950 932,949 932,942 931,941 931,940 930,940 929,939 893,939 892,940 892,946 891,947 844,947 843,946 843,937 842,936 805,936 804,937 803,937 803,946 802,947 697,947 694,950 693,950 692,951 691,951 690,950 659,950 658,949 655,949 654,948 654,947 619,947 617,949 611,949 610,948 610,947 565,947 563,949 528,949 527,948 527,947 516,947 515,946 515,934 516,933 550,933 552,935 552,941 553,942 587,942 587,941 588,940 589,940 590,939 592,939 593,938 593,937 594,936 594,934 595,933 632,933 633,932 710,932 711,931 712,931 713,932 749,932 750,933 806,933 807,932 841,932 842,933 904,933 906,935 945,935 945,934 946,933 949,933 952,930 952,921 953,920 962,920 962,919 964,917 964,907 947,907 946,906 945,906 944,905 944,904 935,904 934,903 933,903 932,902 932,901 914,901 913,900 913,895 912,894 911,894 910,893 891,893 890,892 887,892 886,891 886,890 887,889 890,889 891,888 892,888 895,891 930,891 931,890 931,889 932,888 933,888 934,887 935,887 936,886 936,885 937,884 949,884 949,883 950,882 951,882 951,879 952,878 960,878 960,867 946,867 944,865 939,865 937,863 937,862 935,860 937,858 937,846 938,845 945,845 946,844 949,844 952,841 952,830 954,828 964,828 965,827 965,816 949,816 948,815 947,815 946,814 946,808 938,808 937,807 937,805 902,805 898,809 898,813 897,814 896,814 895,815 893,815 892,814 892,807 891,806 891,804 889,804 888,803 852,803 851,804 796,804 796,806 795,807 794,807 794,813 793,814 771,814 770,815 765,815 764,814 747,814 746,813 746,801 710,801 708,803 707,803 706,804 704,804 704,805 703,806 703,813 702,814 623,814 622,815 621,814 590,814 589,813 575,813 574,812 574,806 564,806 563,805 563,803 529,803 528,804 522,804 521,805 521,813 520,814 489,814 484,809 484,808 475,799 476,798 603,798 604,799 645,799 646,798 647,798 648,797 648,796 650,794 651,795 651,796 653,798 676,798 677,799 715,799 716,798 737,798 738,799 778,799 779,798 781,798 782,799 792,799 793,800 832,800 833,799 848,799 849,798 859,798 860,799 895,799 896,800 949,800 950,799 952,799 952,786 951,785 954,782 959,782 959,781 960,780 965,780 965,769 964,768 939,768 938,767 938,761 937,760 936,760 935,759 935,758 902,758 901,757 902,756 927,756 928,755 946,755 946,745 951,740 951,739 952,738 952,737 953,736 961,736 962,735 964,735 965,734 965,725 964,724 964,723 928,723 927,724 909,724 908,723 908,716 906,716 904,714 903,714 902,713 864,713 863,714 862,714 860,716 860,724 859,725 857,725 856,724 856,723 819,723 818,724 816,724 815,723 815,713 800,713 799,712 758,712 757,713 746,713 746,714 745,715 745,719 744,720 732,720 731,721 724,721 721,724 717,724 716,723 716,721 695,721 694,720 694,713 693,712 692,712 691,711 691,710 657,710 656,711 646,711 645,712 644,712 643,713 640,713 639,714 639,721 637,723 595,723 594,722 594,720 595,719 595,710 594,709 556,709 556,712 555,713 555,717 554,718 553,718 553,721 551,723 539,723 538,722 538,721 500,721 498,723 466,723 465,722 465,721 422,721 421,720 421,716 400,716 397,713 397,712 393,708 394,707 398,707 399,706 411,706 412,707 447,707 448,706 449,706 449,705 450,704 450,694 449,693 449,692 448,692 447,691 442,691 441,690 442,689 442,680 441,679 441,678 440,677 438,677 436,675 402,675 401,676 399,676 398,677 384,677 383,676 383,668 382,667 356,667 352,663 353,662 432,662 433,661 434,661 435,662 489,662 490,661 491,661 492,660 497,660 498,661 556,661 557,662 592,662 593,663 593,672 629,672 630,671 630,670 632,668 632,667 633,666 633,663 634,662 652,662 653,661 665,661 666,662 694,662 695,663 695,669 696,670 732,670 733,669 733,664 734,663 868,663 870,665 870,674 915,674 915,664 916,663 951,663 951,660 952,659 960,659 960,650 959,649 959,645 957,643 957,640 955,638 955,623 908,623 906,625 906,632 905,633 716,633 715,632 676,632 675,633 668,633 666,631 665,631 663,629 663,628 662,627 662,626 659,626 658,625 637,625 636,624 636,623 635,622 611,622 610,621 575,621 574,622 573,622 572,623 571,623 571,632 570,633 568,633 567,632 565,632 564,631 535,631 534,630 534,621 531,618 495,618 494,619 492,619 491,620 491,630 490,631 487,631 486,632 473,632 472,631 472,621 471,620 471,619 435,619 434,620 434,621 433,622 432,622 431,623 429,623 429,630 428,631 427,630 427,623 426,622 426,621 425,620 425,619 424,619 423,618 388,618 387,619 384,619 381,622 381,624 380,625 380,626 378,628 378,629 377,630 377,631 376,632 366,632 365,631 365,628 363,626 363,621 362,620 362,619 337,619 336,618 337,617 362,617 363,616 424,616 425,617 460,617 461,616 552,616 556,612 557,612 557,600 558,599 559,600 559,611 560,612 560,614 561,615 563,615 564,616 632,616 633,615 636,615 637,616 652,616 653,617 696,617 697,618 697,625 698,626 698,627 699,628 701,628 702,629 744,629 745,628 747,628 748,627 748,626 749,625 749,619 750,618 764,618 765,617 768,617 769,618 832,618 833,619 833,628 834,628 835,629 877,629 878,628 878,619 879,618 913,618 914,617 930,617 931,616 931,613 932,612 947,612 948,611 949,611 950,610 950,601 949,600 949,599 947,597 929,597 928,596 928,594 930,592 938,592 939,591 939,590 942,587 942,575 902,575 900,577 898,577 897,578 895,578 894,579 894,580 893,581 893,582 892,583 892,585 891,586 891,587 890,588 830,588 829,589 816,589 815,588 815,586 814,585 814,577 778,577 777,578 776,578 775,579 774,579 774,588 773,589 752,589 751,588 706,588 705,587 705,577 704,576 704,575 695,575 694,574 694,573 693,572 694,571 695,571 696,572 717,572 718,573 769,573 770,574 806,574 807,573 807,560 805,560 804,559 804,551 803,551 801,549 801,548 803,546 805,546 806,545 806,533 805,533 804,532 804,531 765,531 762,534 761,534 760,535 760,536 759,537 758,537 758,541 757,542 757,543 756,544 740,544 739,543 694,543 693,544 691,544 690,545 690,550 689,551 684,551 683,550 683,543 682,543 681,542 669,542 668,541 668,539 669,538 694,538 695,539 732,539 733,538 734,538 734,530 735,529 759,529 760,528 761,528 762,529 810,529 811,530 811,538 812,539 814,539 816,541 816,544 817,544 818,545 818,546 820,548 820,553 818,555 812,555 811,556 811,557 810,558 809,558 809,571 810,571 811,572 812,572 813,573 944,573 947,570 947,569 949,567 949,565 950,564 959,564 959,553 950,553 949,552 949,549 947,547 947,545 946,545 945,544 937,544 936,543 936,539 933,539 932,538 932,534 931,533 931,531 889,531 888,532 888,533 887,534 886,534 885,535 885,536 884,537 884,539 882,541 882,542 880,544 865,544 864,543 864,535 863,534 855,534 853,532 853,530 855,528 858,528 859,527 862,527 863,528 897,528 898,527 948,527 949,526 950,526 950,516 949,515 949,514 948,513 950,511 950,499 949,499 948,498 947,498 946,497 946,495 945,494 931,494 930,493 930,491 929,490 929,487 928,487 927,486 892,486 891,487 891,491 890,492 889,492 889,493 888,494 888,495 886,497 878,497 877,496 877,492 876,491 876,487 875,486 840,486 839,487 835,487 834,488 834,495 832,497 820,497 819,496 819,495 821,493 821,484 822,483 856,483 857,482 859,482 859,481 860,480 862,482 947,482 947,481 949,479 949,469 947,467 947,463 946,462 946,455 945,454 945,453 944,452 944,451 914,451 913,450 913,441 912,440 871,440 870,441 869,441 864,446 864,449 863,450 863,453 862,454 860,454 859,455 857,453 800,453 799,454 771,454 770,455 769,455 768,456 766,454 765,454 764,453 749,453 748,452 748,441 701,441 700,442 698,442 697,443 696,443 694,441 658,441 657,442 656,442 655,443 653,443 652,444 652,450 651,451 623,451 622,450 622,440 585,440 584,441 583,441 582,442 581,442 581,450 580,451 561,451 559,453 558,453 557,454 556,454 555,453 553,453 552,452 552,451 533,451 532,450 421,450 420,451 402,451 400,449 400,442 399,441 363,441 362,442 360,442 359,443 359,450 358,451 302,451 301,450 301,440 264,440 263,441 260,441 260,450 259,451 254,451 252,453 251,452 251,451 241,451 239,449 239,443 238,442 200,442 200,450 199,451 195,451 194,450 194,439 195,438 229,438 229,437 230,436 290,436 292,438 326,438 326,437 327,436 426,436 427,435 428,435 429,434 430,434 432,432 433,433 434,433 435,434 438,434 439,435 461,435 462,436 498,436 499,435 500,435 504,431 507,434 508,434 509,435 534,435 535,436 557,436 559,438 593,438 593,437 594,436 626,436 628,438 665,438 665,437 666,436 670,436 672,438 720,438 720,437 721,436 721,433 723,431 724,432 724,433 725,434 725,435 728,438 734,438 735,439 839,439 840,438 841,438 842,437 842,436 844,434 845,435 846,435 847,436 863,436 865,438 944,438 949,433 949,411 948,410 947,410 946,409 945,409 944,408 944,407 927,407 926,406 926,405 927,404 927,395 878,395 877,396 864,396 863,397 863,406 862,407 822,407 821,406 786,406 785,407 780,407 779,406 779,400 778,399 776,399 775,398 732,398 731,399 727,399 725,401 725,402 723,404 723,405 722,406 721,406 721,410 720,411 720,421 719,422 713,422 712,421 713,420 713,411 712,410 712,409 711,408 711,407 710,407 709,406 644,406 643,407 639,407 638,406 565,406 564,405 564,399 563,398 563,395 527,395 526,396 524,396 523,397 522,397 522,405 521,406 511,406 510,407 507,407 505,409 505,410 504,411 503,410 502,410 501,409 501,407 500,406 484,406 483,405 483,400 482,399 482,393 444,393 442,395 441,395 440,396 440,405 439,406 436,406 435,407 433,407 432,408 431,408 430,407 430,406 431,405 431,403 432,402 432,392 403,392 402,391 403,390 449,390 450,391 540,391 541,390 580,390 581,391 637,391 638,392 654,392 655,393 689,393 690,392 691,392 692,391 698,391 699,392 767,392 768,393 788,393 790,395 790,399 791,400 826,400 827,399 828,399 829,398 829,397 831,395 831,394 833,392 861,392 862,391 878,391 879,392 944,392 946,390 946,380 945,379 945,378 944,377 944,366 943,365 943,363 942,363 941,362 900,362 899,363 887,363 886,362 821,362 819,364 819,365 818,366 818,368 817,369 816,369 816,371 815,372 815,375 814,376 812,376 811,375 811,367 809,365 808,365 807,364 807,363 768,363 767,362 710,362 709,363 673,363 672,362 667,362 666,361 666,354 665,353 665,351 629,351 628,352 627,352 626,353 625,353 625,361 624,362 619,362 618,361 523,361 522,360 457,360 456,361 442,361 440,359 441,358 442,358 442,348 431,348 430,347 413,347 412,346 413,345 447,345 448,346 482,346 483,345 527,345 528,346 569,346 570,345 581,345 582,346 621,346 622,345 623,346 639,346 640,347 737,347 738,348 738,355 739,356 775,356 778,353 778,350 779,349 779,348 780,347 869,347 871,345 873,347 927,347 928,346 928,342 929,341 950,341 950,340 951,339 951,338 952,337 952,326 928,326 927,325 927,308 926,307 888,307 888,309 887,310 887,316 886,317 780,317 779,318 778,318 777,319 752,319 751,318 739,318 738,317 738,308 735,305 676,305 673,308 670,305 634,305 632,307 631,307 631,308 630,309 630,315 629,316 585,316 584,315 573,315 572,314 572,311 571,310 571,308 570,307 570,305 567,305 566,304 529,304 528,305 526,305 524,307 524,310 523,311 523,315 522,316 519,316 518,315 519,314 520,314 520,304 519,303 519,301 520,300 574,300 575,301 614,301 615,300 629,300 631,302 697,302 698,301 717,301 718,302 766,302 767,301 768,301 769,302 769,311 770,312 775,312 777,314 812,314 812,313 813,312 814,312 815,311 815,302 816,301 817,301 818,302 942,302 943,301 944,301 945,300 945,298 946,297 946,275 945,274 944,274 943,273 931,273 930,272 894,272 893,271 893,263 892,262 892,261 855,261 855,269 853,271 842,271 841,272 814,272 813,271 768,271 767,272 764,272 763,271 673,271 672,270 672,261 645,261 644,260 647,257 647,255 648,254 649,254 651,256 711,256 712,257 776,257 777,256 800,256 801,257 884,257 885,256 886,257 905,257 906,258 941,258 942,257 943,257 944,256 945,256 946,255 946,254 947,253 947,230 944,227 865,227 864,226 864,215 826,215 825,216 805,216 804,217 803,217 801,219 801,225 799,227 790,227 789,226 789,219 787,217 787,216 786,215 736,215 735,216 734,216 733,217 733,218 732,219 731,219 730,220 730,221 729,222 728,222 728,223 726,225 713,225 711,227 689,227 688,226 688,225 677,225 676,224 676,214 640,214 639,215 636,215 635,216 634,216 634,227 636,227 637,228 637,237 636,238 626,238 625,237 625,228 624,227 622,227 619,224 602,224 601,223 601,213 600,213 599,212 599,211 600,210 604,210 606,212 943,212 945,210 945,209 947,207 947,185 946,184 945,184 944,183 942,183 940,181 931,181 930,180 930,171 893,171 892,172 892,180 891,181 887,181 886,180 886,176 885,175 885,173 884,173 883,172 881,172 880,171 867,171 866,170 833,170 831,172 830,172 829,173 829,178 827,180 786,180 784,178 749,178 747,180 662,180 661,179 662,178 662,168 661,168 660,167 660,166 626,166 624,168 595,168 594,169 593,169 592,170 591,170 590,171 589,171 589,178 588,179 556,179 555,178 555,169 553,169 552,168 477,168 476,169 473,169 468,174 466,172 466,171 465,170 434,170 433,169 433,168 398,168 397,169 396,169 395,170 394,170 393,171 370,171 369,172 369,179 368,180 360,180 359,179 359,173 358,172 358,168 307,168 306,169 304,169 303,170 302,170 300,172 299,172 298,173 298,174 297,175 297,177 296,178 296,179 295,180 263,180 262,179 262,178 263,177 268,177 268,166"/><TextEquiv><Unicode/></TextEquiv><TextLine id="r3_l001"><Coords points="580,218 579,218 579,217 579,216 567,216 564,214 564,212 563,211 563,207 563,206 433,206 432,207 311,207 309,209 307,207 258,207 257,208 257,209 255,211 255,212 253,214 249,214 247,213 247,209 247,208 200,208 199,209 197,209 196,210 195,209 192,209 191,208 164,208 162,207 162,192 161,191 162,190 162,189 164,187 165,187 167,185 173,185 174,184 183,184 184,183 224,183 224,183 224,180 225,179 231,179 233,177 233,176 234,175 235,175 237,173 242,173 243,174 244,174 244,175 244,178 245,179 245,185 246,185 248,185 248,185 248,172 250,170 252,170 252,171 252,185 253,185 311,185 312,184 312,183 313,182 313,181 314,180 314,179 319,174 320,174 321,173 322,173 323,172 341,172 341,173 341,175 342,175 410,175 411,174 412,174 413,173 414,173 415,172 416,172 416,173 416,174 417,174 489,174 490,173 492,173 493,172 536,172 537,173 538,173 538,174 538,183 539,183 605,183 605,183 605,176 606,175 607,175 608,174 609,174 610,173 611,173 612,172 642,172 643,171 644,171 645,172 646,172 646,173 646,185 647,185 763,185 766,182 767,182 768,184 768,185 769,185 818,185 819,184 844,184 844,184 844,178 845,177 846,177 849,174 850,174 851,175 913,175 913,176 913,178 914,179 914,186 915,186 924,186 925,187 927,187 928,188 930,188 931,190 931,203 927,207 924,207 923,208 875,208 874,207 802,207 801,208 799,208 798,207 714,207 713,208 666,208 665,207 585,207 584,208 584,218 584,218"/><TextEquiv index="1"><Unicode>neuf, reſſembloit ſi ſinguliérement au Paris</Unicode></TextEquiv></TextLine><TextLine id="r3_l002"><Coords points="285,263 283,262 283,254 283,253 223,253 222,254 197,254 196,253 168,253 167,252 166,252 164,251 164,250 163,249 163,248 162,247 162,245 161,244 161,239 163,237 163,236 166,233 167,233 168,232 172,232 172,232 172,223 173,222 174,222 175,221 177,221 178,220 186,220 186,220 186,219 188,217 190,217 191,218 192,218 192,219 192,221 193,221 220,221 221,223 221,226 222,227 222,231 223,231 379,231 379,231 379,230 381,228 382,229 407,229 408,230 499,230 500,229 556,229 557,228 557,227 558,226 558,224 563,219 564,219 565,218 566,218 567,217 569,217 570,218 584,218 584,219 584,229 585,229 603,229 605,231 607,231 608,232 650,232 650,232 650,222 653,219 656,219 657,218 659,218 660,220 660,230 661,230 743,230 743,230 743,229 744,228 744,227 745,226 745,225 747,223 748,223 751,220 753,220 754,219 769,219 770,220 771,220 771,221 771,223 772,223 818,223 820,221 821,221 822,220 842,220 843,219 847,219 847,220 847,231 848,231 927,231 931,236 931,249 928,252 927,252 926,253 925,253 924,254 923,254 922,253 818,253 817,252 760,252 759,253 729,253 728,252 631,252 627,256 626,256 625,257 623,257 620,255 620,253 620,252 586,252 585,251 483,251 482,252 455,252 449,258 445,258 444,258 444,252 444,251 391,251 390,252 320,252 319,253 296,253 295,254 295,262 294,263"/><TextEquiv index="1"><Unicode>d'Europe: car, en effet, la reſſemblance</Unicode></TextEquiv></TextLine><TextLine id="r3_l003"><Coords points="338,310 337,310 337,309 337,308 311,308 308,306 308,299 308,298 295,298 294,297 223,297 221,299 219,299 218,298 171,298 169,300 168,299 166,299 164,297 163,297 159,294 159,293 158,292 158,288 159,287 159,284 160,283 160,282 165,277 166,277 167,276 167,275 168,274 168,272 170,270 170,269 171,268 171,267 172,266 172,264 174,262 177,262 177,263 177,264 179,265 219,265 220,266 267,266 269,264 271,264 272,263 277,263 279,266 279,276 280,276 321,276 322,275 379,275 380,274 404,274 405,275 423,275 424,276 487,276 490,273 493,273 494,274 572,274 572,274 572,267 574,265 576,265 577,264 581,264 581,265 581,275 582,275 645,275 645,275 645,268 646,267 648,267 649,266 652,266 653,265 654,265 655,267 655,275 656,275 796,275 797,276 858,276 859,275 870,275 870,275 870,267 871,266 872,266 873,265 874,266 875,266 876,268 876,276 877,276 913,276 914,277 926,277 927,278 928,278 929,280 929,290 930,291 930,293 928,295 928,296 927,297 926,297 925,298 800,298 799,299 799,307 798,308 797,308 796,309 794,309 793,308 787,308 785,307 785,299 785,298 735,298 734,297 709,297 681,297 680,298 648,298 647,297 646,297 645,296 598,296 597,297 592,297 591,296 503,296 502,297 502,308 502,308 498,308 497,308 497,297 497,296 463,296 462,297 462,299 460,301 460,302 459,303 458,303 457,304 456,304 455,305 454,305 452,304 452,298 452,297 345,297 344,298 344,307 344,307 341,307 339,309 339,310 339,310"/><TextEquiv index="1"><Unicode>étoit frappante; tous les beaux quartiers</Unicode></TextEquiv></TextLine><TextLine id="r3_l004"><Coords points="177,355 176,355 176,345 176,344 163,344 162,343 161,343 157,340 157,328 158,327 158,326 161,323 162,323 163,322 166,322 167,321 170,321 171,320 172,320 172,320 172,317 173,316 173,315 175,313 178,313 179,314 180,314 181,315 182,315 182,316 182,319 183,319 227,319 228,320 229,320 230,321 322,321 323,320 335,320 335,320 335,312 337,310 341,310 341,311 341,313 342,314 342,320 343,320 391,320 393,318 395,318 396,319 415,319 415,319 415,312 416,311 416,310 417,309 497,309 498,308 549,308 550,309 551,309 552,310 553,310 553,311 553,312 554,313 554,315 555,316 555,319 556,319 567,319 568,320 646,320 646,320 646,314 647,313 647,312 648,311 650,311 651,310 705,310 706,309 708,309 709,310 719,310 721,313 721,322 722,322 733,322 734,323 794,323 795,322 796,322 797,321 884,321 885,322 903,322 903,322 903,315 904,314 904,312 905,311 909,311 910,313 910,331 911,331 936,331 936,332 934,334 934,335 933,336 933,337 932,338 912,338 911,339 911,342 910,343 764,343 763,344 763,345 762,346 762,347 761,348 761,349 758,352 755,352 754,352 754,344 754,343 657,343 656,342 545,342 544,341 466,341 465,342 464,341 427,341 426,342 426,354 426,354 413,354 412,353 387,353 386,352 385,352 384,352 384,343 384,342 261,342 260,343 197,343 195,345 195,346 194,347 194,348 193,349 193,350 190,353 190,354 190,354 189,354 188,355"/><TextEquiv index="1"><Unicode>s'y trouvoient imités &amp; embellis; aux vi-</Unicode></TextEquiv></TextLine><TextLine id="r3_l005"><Coords points="226,401 226,389 226,388 192,388 191,389 161,389 158,387 158,360 159,359 159,358 160,357 163,357 164,356 165,356 167,354 168,354 169,355 199,355 200,356 201,356 201,357 201,366 202,366 238,366 239,367 287,367 288,366 290,366 291,365 300,365 301,364 302,364 303,365 330,365 330,365 330,358 333,355 369,355 370,354 371,354 372,353 373,353 374,352 377,352 378,353 379,353 380,355 380,365 381,365 419,365 421,363 423,363 425,365 473,365 474,364 505,364 506,365 641,365 641,365 641,358 642,357 643,357 645,355 648,355 648,356 648,358 649,359 649,366 650,366 655,366 656,367 726,367 727,366 749,366 750,367 776,367 777,368 836,368 838,366 869,366 870,367 916,367 917,366 923,366 924,367 925,367 925,368 926,369 926,370 927,371 927,382 930,385 929,386 929,387 929,387 928,387 927,388 896,388 895,387 883,387 845,387 844,388 817,388 816,389 816,390 813,393 813,394 812,395 810,395 809,396 808,396 806,395 806,390 806,389 784,389 783,388 674,388 673,389 672,389 671,388 655,388 654,387 598,387 597,386 524,386 523,387 467,387 466,386 419,386 386,386 385,387 305,387 304,388 304,397 303,398 300,398 299,399 281,399 280,399 280,396 280,395 259,395 257,394 257,389 257,388 228,388 227,389 227,401 227,401"/><TextEquiv index="1"><Unicode>lains, qui ſont communs chez nous, on en</Unicode></TextEquiv></TextLine><TextLine id="r3_l006"><Coords points="752,435 751,434 703,434 702,433 644,433 643,432 578,432 577,433 576,433 575,432 552,432 551,431 482,431 481,432 479,432 478,431 410,431 409,432 311,432 310,433 308,433 307,432 214,432 213,433 179,433 178,434 162,434 161,433 160,433 159,433 159,432 157,430 157,419 158,418 158,416 161,413 162,413 163,412 194,412 195,411 223,411 223,411 223,404 224,403 224,402 225,401 276,401 277,400 279,400 280,399 288,399 289,400 337,400 338,399 339,399 340,398 342,398 343,399 358,399 359,400 409,400 409,400 409,397 410,396 414,396 415,397 464,397 465,399 465,405 466,406 466,410 467,410 538,410 538,410 538,402 539,401 540,401 541,400 543,400 544,399 546,399 546,400 546,403 547,404 547,410 548,410 738,410 744,404 745,404 746,403 748,403 749,402 758,402 759,403 760,403 761,404 762,404 763,406 763,410 764,410 804,410 806,412 879,412 879,412 879,402 881,400 894,400 895,399 910,399 910,400 910,411 911,411 925,411 926,412 928,412 929,413 930,413 932,416 932,418 933,419 932,420 932,429 928,433 927,433 926,434 921,434 920,433 824,433 823,434 822,434 821,435"/><TextEquiv index="1"><Unicode>avoit ſubſtitué de charmants. Cette ville</Unicode></TextEquiv></TextLine><TextLine id="r3_l007"><Coords points="793,491 792,490 791,490 790,490 790,480 790,479 704,479 703,480 701,480 700,479 699,479 698,478 670,478 669,477 585,477 584,478 584,486 583,487 582,487 581,488 579,488 578,487 535,487 534,488 534,489 534,489 533,489 532,489 532,488 532,487 522,487 520,486 520,477 520,476 435,476 434,477 382,477 381,478 377,478 376,477 317,477 316,478 298,478 297,477 235,477 234,478 190,478 189,479 175,479 174,480 168,480 165,477 164,477 162,476 162,475 161,474 161,473 160,472 160,463 161,462 161,461 163,459 164,459 165,458 168,458 169,457 169,454 170,453 170,450 171,449 171,445 173,443 177,443 178,445 178,446 179,446 221,446 223,449 223,455 224,455 276,455 276,455 276,446 277,445 279,445 280,444 284,444 284,445 284,455 285,455 324,455 325,456 375,456 375,456 375,448 377,446 379,446 380,445 382,445 384,448 384,455 385,455 438,455 439,454 515,454 516,455 597,455 597,455 597,447 598,446 600,446 602,444 605,444 605,445 605,454 607,455 668,455 668,455 668,450 671,447 673,447 675,445 731,445 731,446 731,449 732,450 732,457 733,457 748,457 749,458 797,458 798,457 879,457 879,457 879,455 880,454 880,451 882,449 882,448 883,447 884,447 886,445 887,445 888,444 895,444 896,446 896,455 897,455 924,455 925,456 927,456 928,458 928,459 929,460 929,466 930,467 930,468 931,469 931,473 932,474 932,475 931,476 931,477 931,477 900,477 899,478 840,478 839,479 805,479 804,480 804,489 802,491"/><TextEquiv index="1"><Unicode>étoit donc beaucoup plus belle que ſon</Unicode></TextEquiv></TextLine><TextLine id="r3_l008"><Coords points="829,536 826,534 826,526 826,525 719,525 718,526 718,534 718,534 717,534 716,535 647,535 646,535 646,523 646,522 582,522 581,521 468,521 467,522 456,522 455,523 454,523 453,522 452,522 451,521 420,521 396,521 395,522 318,522 317,523 281,523 279,525 279,526 278,527 278,528 276,530 274,530 273,531 271,531 269,530 269,524 269,523 180,523 179,524 163,524 161,523 161,522 159,520 160,519 160,507 164,503 166,503 167,502 176,502 177,501 180,501 180,501 180,499 181,498 181,493 183,491 183,489 184,488 227,488 228,487 229,487 230,486 231,486 232,488 232,490 233,491 233,501 234,501 249,501 250,502 251,502 252,503 304,503 304,503 304,497 305,496 305,494 309,490 310,490 311,489 368,489 368,490 368,491 369,491 379,491 380,492 381,492 381,493 381,494 383,496 383,500 384,500 483,500 484,499 530,499 530,499 530,491 532,489 607,489 608,490 649,490 650,491 659,491 660,492 661,492 662,494 662,498 663,499 663,501 664,501 674,501 675,502 748,502 748,502 748,495 750,493 752,493 753,492 754,492 755,491 769,491 769,492 769,493 770,493 779,493 780,494 781,494 781,495 781,501 782,501 850,501 850,501 850,494 852,492 854,492 855,491 856,491 857,490 910,490 912,493 912,495 913,496 913,499 914,499 929,499 930,501 930,502 932,503 933,503 933,504 933,521 931,523 881,523 880,524 838,524 837,525 837,534 836,535 831,535 830,536"/><TextEquiv index="1"><Unicode>aînée, &amp; l'on auroit dû l'appeller plutôt</Unicode></TextEquiv></TextLine><TextLine id="r3_l009"><Coords points="500,577 499,577 499,567 499,566 455,566 454,567 454,568 453,569 453,570 450,573 449,573 448,574 446,574 445,574 445,569 445,568 383,568 382,567 314,567 313,568 285,568 284,567 235,567 234,568 209,568 208,569 178,569 177,570 163,570 162,570 162,541 161,540 161,539 163,537 175,537 176,536 177,536 178,537 231,537 232,536 234,536 234,537 234,539 235,540 235,546 236,546 305,546 305,546 305,545 306,544 306,542 307,541 307,540 308,539 308,536 309,535 309,533 310,532 311,532 312,531 313,531 315,533 335,533 337,536 337,545 338,545 411,545 411,545 411,542 413,540 413,537 414,536 414,533 417,530 419,530 420,532 420,550 421,551 421,558 422,558 490,558 490,558 490,550 494,546 495,546 496,545 497,545 498,544 580,544 580,544 580,538 582,536 583,536 584,535 586,535 587,534 591,534 592,535 650,535 650,536 650,538 651,539 651,546 652,546 664,546 665,547 722,547 723,548 773,548 773,548 773,547 774,546 774,543 775,542 775,541 778,538 779,538 780,537 781,537 782,536 787,536 788,537 836,537 837,538 846,538 847,540 847,548 848,548 897,548 898,547 898,546 899,545 899,544 900,543 900,542 901,541 901,540 903,538 904,538 906,536 907,536 908,535 913,535 914,536 915,536 915,537 915,538 916,539 916,544 917,544 919,544 919,545 919,548 920,548 928,548 929,549 931,549 931,550 931,553 932,554 932,557 933,557 943,557 943,558 942,559 942,560 942,560 933,560 932,561 932,563 931,564 931,565 927,569 791,569 790,570 787,570 786,569 735,569 734,568 713,568 712,567 624,567 623,568 607,568 606,569 605,568 583,568 582,567 514,567 513,568 513,576 512,577"/><TextEquiv index="1"><Unicode>Paris réformé, que Paris - neuf. Je fis</Unicode></TextEquiv></TextLine><TextLine id="r3_l010"><Coords points="852,625 851,624 850,624 848,623 848,615 848,614 734,614 733,615 733,621 731,623 730,623 729,624 728,624 727,625 719,625 718,624 717,624 713,621 713,614 713,613 670,613 669,612 444,612 443,613 442,613 441,612 346,612 345,613 320,613 319,614 272,614 270,612 222,612 221,613 187,613 186,614 177,614 176,615 171,615 170,614 168,614 167,613 166,613 165,613 165,612 161,608 162,607 162,601 163,600 163,597 166,594 167,594 168,593 170,593 171,592 186,592 187,591 209,591 209,591 209,589 210,588 210,586 211,585 211,584 213,582 214,582 216,580 217,580 218,579 273,579 274,580 275,580 276,582 276,584 277,585 277,586 278,587 278,589 280,590 336,590 337,589 338,589 339,590 340,590 341,591 408,591 408,591 408,584 410,582 411,582 412,581 413,581 415,579 416,579 417,581 417,587 418,588 418,590 419,590 585,590 586,589 604,589 604,589 604,584 607,581 648,581 649,580 650,580 651,579 672,579 672,579 672,578 674,576 676,576 677,578 677,580 678,580 688,580 688,581 688,592 689,592 734,592 735,593 789,593 789,593 789,585 791,583 792,583 793,582 794,582 795,581 798,581 798,582 798,591 799,592 799,593 800,593 846,593 847,592 906,592 907,591 907,590 908,589 908,588 909,587 909,586 910,585 910,584 912,582 913,582 914,581 915,581 916,580 925,580 925,581 925,602 926,602 931,602 932,604 932,605 933,606 931,608 915,608 914,609 914,612 913,613 897,613 896,614 863,614 862,615 862,623 860,625"/><TextEquiv index="1"><Unicode>enfin à mon homme un déluge de queſ-</Unicode></TextEquiv></TextLine><TextLine id="r3_l011"><Coords points="887,670 886,670 886,669 885,668 885,660 885,659 805,659 804,660 776,660 775,659 717,659 716,660 716,665 715,666 714,666 713,667 711,666 711,659 711,658 683,658 682,657 636,657 635,658 618,658 617,659 617,661 616,662 616,663 614,665 614,666 612,668 610,668 609,668 609,659 609,658 573,658 572,657 473,657 472,658 367,658 366,657 309,657 308,658 276,658 275,659 273,659 272,658 248,658 199,658 198,659 167,659 164,656 163,656 162,656 162,641 161,640 162,639 164,639 168,635 176,635 176,635 176,631 177,630 177,628 179,626 180,626 181,627 183,627 183,628 183,630 184,631 184,636 185,636 273,636 273,636 273,634 274,633 274,632 277,629 277,628 279,626 281,626 282,625 287,625 288,626 289,626 290,628 290,635 291,635 339,635 339,635 339,628 340,627 341,627 344,624 346,624 347,626 347,632 348,632 395,632 395,632 395,631 396,630 396,629 397,628 397,627 399,625 400,625 401,624 403,624 404,623 406,623 407,624 455,624 455,625 455,626 456,627 456,636 457,636 503,636 504,635 507,635 507,635 507,626 509,624 511,624 512,623 515,623 517,626 517,635 518,635 586,635 586,635 586,630 587,629 587,628 588,627 589,627 590,626 591,626 592,625 594,625 595,626 618,626 619,628 619,629 620,629 641,629 642,630 643,630 644,631 646,631 647,633 647,634 650,636 697,636 698,637 741,637 742,638 819,638 820,637 922,637 922,637 922,630 925,627 939,627 939,628 939,645 940,646 940,648 942,650 942,653 943,654 943,655 943,655 935,655 934,656 934,659 933,660 899,660 898,661 898,670 898,670"/><TextEquiv index="1"><Unicode>tions ſur la foule des objets nouveaux qui</Unicode></TextEquiv></TextLine><TextLine id="r3_l012"><Coords points="163,669 434,669 434,716 163,716"/><TextEquiv index="1"><Unicode>me frappoient.</Unicode></TextEquiv></TextLine><TextLine id="r3_l013"><Coords points="274,763 273,762 265,762 264,762 264,750 264,749 210,749 208,748 208,746 210,744 210,719 212,717 224,717 224,718 224,720 225,720 570,720 570,720 570,719 571,718 571,717 572,716 572,714 573,713 577,713 578,714 675,714 675,715 675,716 676,716 782,716 783,717 884,717 885,718 886,718 887,719 888,719 889,720 891,720 891,721 891,726 892,726 945,726 946,727 947,727 947,728 947,729 948,730 947,731 946,731 945,732 938,732 937,733 936,733 934,735 934,736 930,740 930,749 929,750 929,751 929,751 911,751 910,752 909,751 592,751 591,752 591,760 591,760 588,760 587,761 583,761 582,760 581,760 580,760 580,751 580,750 512,750 511,749 314,749 313,750 313,762 313,762 276,762 275,763"/><TextEquiv index="1"><Unicode>Le gouverneur me répondit: „Mon cher</Unicode></TextEquiv></TextLine><TextLine id="r3_l014"><Coords points="403,804 400,801 294,801 292,800 292,797 292,796 167,796 164,794 164,774 166,772 249,772 250,771 261,771 261,771 261,764 263,762 314,762 314,763 314,770 315,770 401,770 402,771 432,771 433,772 449,772 450,773 673,773 673,773 673,764 674,763 676,763 677,762 885,762 886,763 918,763 919,764 920,764 921,766 921,772 922,772 947,772 949,775 948,776 944,776 942,778 937,778 935,780 935,795 935,795 933,795 932,796 810,796 809,795 621,795 620,794 414,794 413,795 413,802 411,804"/><TextEquiv index="1"><Unicode>“ami, ce que vous me demandez doit</Unicode></TextEquiv></TextLine><TextLine id="r3_l015"><Coords points="645,850 644,849 643,849 642,849 642,840 642,839 587,839 586,840 585,839 495,839 494,840 491,840 490,839 489,839 488,838 437,838 436,839 431,839 430,838 369,838 368,839 171,839 169,841 168,841 165,839 165,819 167,817 187,817 187,817 187,816 188,815 205,815 205,815 205,811 207,809 214,809 214,809 214,807 215,806 216,806 217,805 218,805 219,807 219,808 220,809 220,812 221,813 221,814 223,815 234,815 235,816 253,816 254,817 336,817 336,817 336,808 338,806 414,806 415,805 418,805 418,806 418,817 419,817 451,817 452,818 537,818 537,818 537,810 539,808 545,808 546,807 546,808 546,810 547,810 557,810 557,811 557,817 558,817 573,817 574,818 719,818 719,818 719,811 720,810 720,809 721,808 723,808 724,807 725,807 726,806 729,806 729,807 729,818 730,818 810,818 810,818 810,813 811,812 811,809 812,808 813,808 814,807 815,808 868,808 869,807 872,807 873,808 874,808 875,809 920,809 920,810 920,812 921,812 929,812 930,814 930,820 932,821 948,821 948,822 948,823 947,824 937,824 936,825 936,826 935,827 935,837 932,840 930,840 929,841 892,841 891,840 782,840 781,839 657,839 656,840 656,848 655,849 655,850 655,850"/><TextEquiv index="1"><Unicode>“être voilé des ombres que le miniſtere</Unicode></TextEquiv></TextLine><TextLine id="r3_l016"><Coords points="469,895 468,895 468,885 468,884 448,884 447,883 386,883 385,884 385,894 384,895 376,895 375,894 374,894 373,894 375,892 375,886 375,885 363,885 362,884 314,884 312,886 312,888 310,890 310,892 308,894 307,894 306,895 303,895 300,893 301,892 301,891 303,889 307,889 307,889 307,884 307,883 261,883 260,884 176,884 175,885 169,885 168,886 167,886 166,885 165,885 164,885 164,883 165,882 165,865 168,862 226,862 227,861 279,861 280,860 281,860 282,861 330,861 331,860 362,860 362,860 362,858 363,857 363,855 364,854 364,850 366,848 370,848 370,849 370,850 371,851 371,861 372,861 374,861 375,862 426,862 428,860 446,860 446,860 446,855 447,854 447,853 448,852 450,852 451,851 453,851 454,850 456,853 456,858 457,859 456,860 456,861 457,861 467,861 468,862 475,862 475,863 475,864 476,864 524,864 524,864 524,858 524,857 522,857 519,855 520,854 520,853 521,852 525,852 526,853 553,853 553,854 553,856 552,857 550,857 549,858 549,862 550,862 716,862 718,860 720,860 722,862 869,862 869,862 869,861 870,860 870,858 870,857 842,857 840,856 841,855 871,855 871,855 871,852 873,850 919,850 920,852 920,868 922,869 927,869 929,871 943,871 944,873 943,874 935,874 934,875 934,878 932,880 920,880 919,881 919,882 917,884 916,884 913,887 912,886 911,886 910,885 868,885 867,884 783,884 782,883 702,883 701,884 701,893 700,894 692,894 690,893 690,892 691,891 692,891 692,891 692,885 692,884 658,884 657,883 602,883 601,884 501,884 500,885 499,884 471,884 470,885 470,895 470,895"/><TextEquiv index="1"><Unicode>“veut y répandre. Nous ne pouvons révé-</Unicode></TextEquiv></TextLine><TextLine id="r3_l017"><Coords points="495,941 494,941 494,930 494,929 465,929 464,930 463,930 462,929 318,929 317,930 317,941 317,941 314,941 313,941 313,930 313,929 169,929 168,930 167,930 166,931 165,930 164,930 163,930 164,929 164,909 165,908 173,908 174,907 203,907 203,907 203,900 205,898 206,898 207,897 208,897 209,896 213,896 214,898 214,906 215,906 273,906 274,905 275,906 331,906 332,907 395,907 396,908 444,908 445,907 445,903 446,902 446,901 451,896 453,896 454,895 459,895 460,896 461,896 461,897 461,907 462,907 484,907 485,908 532,908 532,908 532,907 533,906 535,906 536,907 548,907 549,908 550,908 551,910 551,911 552,912 552,921 553,921 599,921 599,921 599,917 600,916 600,915 601,914 601,905 602,904 602,900 603,899 603,898 604,897 605,897 606,896 607,896 608,895 609,896 613,896 614,897 615,897 617,900 618,901 618,906 619,906 717,906 718,907 763,907 763,907 763,901 764,900 764,899 765,898 767,898 768,897 790,897 791,896 793,896 793,897 793,901 794,901 805,901 805,902 805,906 806,906 807,906 808,907 858,907 859,906 859,905 860,904 860,902 861,901 861,900 864,897 866,897 867,896 868,896 869,895 870,896 873,896 874,897 893,897 894,898 895,898 895,899 895,900 896,901 896,905 897,905 916,905 916,906 916,908 918,909 927,909 928,910 930,910 931,911 947,911 947,912 947,913 946,914 946,915 946,915 936,915 935,916 935,926 931,930 929,930 928,931 923,931 922,930 875,930 874,929 859,929 858,928 791,928 790,929 767,929 766,928 617,928 616,929 613,929 612,930 578,930 577,931 577,932 576,933 576,934 575,935 574,935 573,936 572,936 571,937 570,937 568,936 568,930 568,929 500,929 499,930 499,941 499,941"/><TextEquiv index="1"><Unicode>“ler tous nos ſecrets, &amp; nous bien faire</Unicode></TextEquiv></TextLine><TextLine id="r3_l018"><Coords points="743,986 742,986 742,975 742,974 731,974 730,973 678,973 675,976 675,977 674,978 674,979 672,981 671,981 670,982 668,982 666,981 666,974 666,973 609,973 608,974 606,974 605,975 594,975 593,976 593,979 592,980 592,981 588,985 584,985 583,986 582,986 581,985 577,985 574,983 574,975 574,974 497,974 496,975 491,975 490,974 411,974 410,975 409,975 408,974 362,974 361,975 359,975 358,974 215,974 214,975 169,975 168,976 167,976 164,974 164,973 165,972 165,954 166,953 167,953 170,950 171,950 173,952 263,952 264,951 265,952 310,952 310,952 310,949 311,948 311,947 312,946 312,945 313,944 313,942 314,941 318,941 318,942 318,944 319,945 319,947 320,948 320,949 321,950 321,951 322,951 362,951 363,952 455,952 456,953 474,953 474,953 474,944 475,943 493,943 495,941 499,941 499,942 499,951 500,951 510,951 511,952 638,952 639,953 641,953 642,954 710,954 711,953 712,953 713,952 715,952 716,951 718,951 719,952 796,952 797,951 818,951 818,951 818,943 820,941 821,941 822,940 825,940 826,942 826,946 827,947 827,951 828,951 842,951 843,952 907,952 907,952 907,949 908,948 908,945 910,943 912,943 913,944 914,944 916,947 916,954 917,954 946,954 947,955 948,955 948,956 948,958 947,959 947,960 947,960 946,960 945,961 940,961 939,962 937,962 936,963 936,972 935,973 935,974 935,974 934,974 933,975 932,975 931,976 913,976 910,979 910,980 908,982 908,983 908,983 907,983 906,984 906,985 906,985 905,985 903,984 903,976 903,975 879,975 878,974 835,974 834,973 780,973 779,974 768,974 767,975 767,984 767,984 752,984 751,985 751,986 751,986"/><TextEquiv index="1"><Unicode>“connoître aux étrangers; cependant je</Unicode></TextEquiv></TextLine><TextLine id="r3_l019"><Coords points="818,1031 817,1031 815,1030 815,1021 815,1020 755,1020 754,1019 592,1019 591,1020 591,1029 590,1030 584,1030 583,1031 582,1030 579,1030 577,1029 577,1022 577,1021 543,1021 542,1020 541,1020 540,1019 385,1019 384,1020 383,1020 382,1019 342,1019 341,1018 282,1018 281,1019 244,1019 243,1020 219,1020 218,1019 171,1019 170,1020 168,1020 167,1021 166,1021 164,1020 165,1019 165,1005 166,1004 166,1000 168,998 175,998 176,997 178,997 179,998 264,998 265,997 270,997 271,998 323,998 324,997 327,997 327,997 327,988 328,987 329,987 330,986 332,986 333,985 335,985 335,986 335,987 336,987 404,987 405,986 406,986 406,987 406,998 407,998 427,998 428,997 431,997 432,996 489,996 491,998 577,998 578,997 614,997 614,997 614,993 615,992 615,991 617,989 625,989 628,986 640,986 641,985 643,985 643,986 643,996 644,996 688,996 689,997 735,997 735,997 735,994 737,992 737,991 742,986 751,986 751,987 751,989 752,990 752,997 753,997 769,997 770,998 833,998 834,997 835,998 910,998 910,998 910,993 911,992 911,990 913,988 916,988 916,989 916,991 917,992 917,999 918,999 945,999 946,1001 946,1011 945,1012 935,1012 934,1013 934,1016 932,1018 932,1019 930,1021 928,1021 927,1022 926,1021 829,1021 828,1022 828,1031 828,1031 820,1031 819,1032"/><TextEquiv index="1"><Unicode>“vous dirai tout ce qu'il me ſera permis</Unicode></TextEquiv></TextLine><TextLine id="r3_l020"><Coords points="169,1032 455,1032 455,1067 169,1067"/><TextEquiv index="1"><Unicode>“de vous dire.</Unicode></TextEquiv></TextLine><TextLine id="r3_l021"><Coords points="855,1123 854,1123 854,1112 854,1111 794,1111 793,1110 783,1110 735,1110 734,1111 671,1111 670,1112 670,1122 670,1122 668,1122 667,1122 667,1112 667,1111 642,1111 641,1110 539,1110 538,1111 509,1111 508,1112 508,1120 507,1121 502,1121 501,1122 500,1121 499,1121 498,1121 498,1111 498,1110 444,1110 443,1109 367,1109 366,1110 366,1112 364,1114 364,1115 363,1116 363,1117 361,1119 359,1119 358,1120 312,1120 310,1119 310,1111 310,1110 213,1110 212,1111 176,1111 174,1110 175,1109 210,1109 210,1109 210,1092 209,1091 212,1088 220,1088 221,1087 249,1087 250,1086 250,1084 252,1082 254,1082 254,1082 254,1081 255,1080 257,1080 258,1079 260,1079 261,1078 270,1078 271,1079 272,1079 273,1080 274,1080 274,1081 274,1088 275,1088 321,1088 322,1087 345,1087 346,1088 407,1088 408,1087 427,1087 427,1087 427,1083 428,1082 428,1081 429,1080 431,1080 432,1079 445,1079 446,1078 465,1078 466,1077 473,1077 474,1078 475,1078 475,1079 475,1080 476,1081 476,1085 477,1086 477,1088 478,1088 599,1088 600,1087 614,1087 615,1086 622,1086 622,1086 622,1081 623,1080 623,1078 624,1077 643,1077 644,1076 644,1075 646,1073 648,1073 649,1074 650,1074 650,1075 650,1087 651,1087 670,1087 671,1088 726,1088 727,1087 771,1087 773,1089 793,1089 793,1089 793,1083 794,1082 794,1080 796,1078 799,1078 799,1079 799,1080 800,1081 800,1089 801,1089 854,1089 855,1088 912,1088 912,1088 912,1084 913,1083 914,1083 914,1084 914,1085 916,1086 929,1086 930,1087 944,1087 945,1089 945,1103 947,1105 946,1106 937,1106 936,1107 936,1110 935,1111 929,1111 928,1110 873,1110 872,1111 869,1111 868,1112 868,1123 868,1123"/><TextEquiv index="1"><Unicode>“Ce pays n'eſt pas entiérement inconnu</Unicode></TextEquiv></TextLine><TextLine id="r3_l022"><Coords points="511,1166 509,1164 471,1164 470,1164 470,1156 470,1155 446,1155 445,1154 396,1154 394,1156 393,1156 392,1155 391,1155 390,1154 344,1154 343,1155 294,1155 293,1154 227,1154 226,1155 216,1155 215,1156 169,1156 168,1157 167,1157 166,1157 166,1156 165,1155 166,1154 166,1136 168,1134 171,1134 171,1134 171,1133 172,1132 208,1132 208,1132 208,1122 210,1120 211,1121 214,1121 214,1122 214,1123 215,1124 215,1126 216,1127 216,1128 217,1129 217,1130 218,1131 218,1133 220,1134 275,1134 277,1132 278,1132 279,1133 373,1133 375,1131 376,1131 378,1133 442,1133 443,1134 449,1134 450,1135 451,1135 452,1136 509,1136 510,1135 513,1135 514,1134 532,1134 532,1134 532,1126 534,1124 536,1124 537,1123 538,1123 539,1122 581,1122 582,1121 585,1121 588,1125 588,1132 589,1132 600,1132 601,1133 626,1133 627,1134 668,1134 668,1134 668,1123 669,1122 694,1122 694,1123 694,1124 695,1125 695,1126 696,1127 696,1134 697,1134 756,1134 757,1133 778,1133 779,1132 780,1133 815,1133 816,1134 851,1134 851,1134 851,1126 854,1123 869,1123 869,1124 869,1134 870,1134 902,1134 904,1132 905,1132 907,1134 908,1134 909,1135 910,1135 910,1136 910,1146 911,1146 945,1146 946,1148 946,1149 947,1150 947,1152 945,1154 945,1155 945,1155 936,1155 933,1158 933,1159 932,1160 932,1161 931,1162 930,1162 929,1163 925,1163 923,1162 923,1156 923,1155 870,1155 869,1156 843,1156 840,1159 840,1165 840,1165 839,1165 838,1165 838,1157 838,1156 819,1156 818,1155 521,1155 520,1156 520,1165 519,1166"/><TextEquiv index="1"><Unicode>“à vos auteurs; pluſieurs le nomment,</Unicode></TextEquiv></TextLine><TextLine id="r3_l023"><Coords points="910,1213 909,1213 909,1202 909,1201 796,1201 795,1200 721,1200 720,1199 645,1199 644,1200 587,1200 586,1199 541,1199 535,1199 534,1200 457,1200 455,1202 455,1203 452,1206 451,1206 449,1208 448,1208 447,1208 447,1207 446,1206 446,1201 446,1200 382,1200 381,1199 367,1199 328,1199 327,1200 211,1200 210,1199 209,1199 206,1196 172,1196 169,1194 169,1192 168,1191 168,1190 166,1188 166,1187 164,1185 164,1182 167,1179 171,1179 172,1178 172,1177 174,1175 176,1175 180,1179 231,1179 232,1178 292,1178 293,1177 314,1177 315,1176 316,1176 316,1177 316,1178 317,1178 411,1178 412,1179 423,1179 424,1180 425,1180 426,1182 426,1192 427,1192 476,1192 476,1192 476,1171 478,1169 479,1169 481,1167 485,1167 487,1169 552,1169 553,1170 554,1170 554,1171 554,1172 555,1173 555,1177 556,1177 596,1177 597,1178 674,1178 674,1178 674,1177 675,1176 675,1174 677,1172 677,1169 678,1168 726,1168 727,1167 733,1167 734,1168 781,1168 782,1167 784,1167 785,1169 785,1180 786,1180 837,1180 837,1180 837,1166 838,1165 838,1166 838,1171 839,1171 841,1169 859,1169 860,1168 863,1168 863,1169 863,1175 864,1175 910,1175 910,1175 910,1174 913,1171 914,1171 914,1171 914,1170 916,1168 917,1168 918,1167 922,1167 923,1168 925,1168 926,1169 928,1169 928,1170 928,1171 929,1172 929,1176 930,1176 939,1176 940,1177 943,1177 944,1178 945,1178 945,1179 945,1180 945,1180 935,1180 934,1181 934,1183 933,1184 933,1198 932,1199 932,1200 931,1201 928,1201 927,1202 915,1202 914,1203 914,1213 914,1213"/><TextEquiv index="1"><Unicode>“comme nous, la France-Auſtrale. Il eſt</Unicode></TextEquiv></TextLine><TextLine id="r3_l024"><Coords points="145,1258 143,1257 143,1255 144,1254 214,1254 214,1254 214,1249 214,1248 167,1248 166,1247 165,1247 164,1247 165,1246 165,1225 168,1222 272,1222 273,1221 273,1220 274,1219 274,1218 276,1216 276,1215 277,1214 278,1214 279,1213 280,1213 281,1212 711,1212 712,1211 713,1211 715,1213 914,1213 914,1214 914,1224 915,1224 928,1224 929,1225 931,1225 932,1226 945,1226 946,1227 947,1227 947,1228 947,1231 947,1231 943,1231 942,1232 942,1241 942,1241 937,1241 936,1242 936,1243 936,1243 935,1243 934,1244 933,1244 932,1245 930,1245 928,1247 678,1247 677,1248 677,1249 675,1251 674,1251 673,1252 614,1252 613,1253 612,1253 611,1254 609,1254 608,1255 599,1255 597,1254 597,1253 597,1252 229,1252 228,1253 228,1255 227,1256 224,1256 223,1257 222,1257 221,1258"/><TextEquiv index="1"><Unicode>“queſtion, dans Montagne, d'une contrée</Unicode></TextEquiv></TextLine><TextLine id="r3_l025"><Coords points="845,1304 844,1304 844,1289 844,1288 841,1288 840,1289 840,1290 839,1291 837,1291 836,1290 800,1290 799,1289 771,1289 770,1290 770,1299 769,1300 766,1300 765,1301 765,1302 765,1302 764,1301 761,1301 760,1300 759,1300 758,1300 758,1291 758,1290 696,1290 695,1289 673,1289 672,1288 614,1288 613,1289 606,1289 605,1289 605,1288 604,1287 604,1284 604,1283 575,1283 574,1284 573,1284 572,1285 556,1285 554,1287 554,1288 553,1289 550,1289 549,1290 396,1290 395,1291 394,1291 393,1290 349,1290 348,1291 347,1290 275,1290 274,1291 170,1291 169,1292 167,1292 165,1291 165,1275 166,1274 166,1271 167,1270 169,1270 169,1270 169,1268 171,1266 177,1266 177,1267 177,1268 178,1268 179,1268 181,1270 214,1270 215,1269 218,1269 218,1269 218,1259 219,1258 219,1259 219,1269 220,1269 293,1269 294,1268 325,1268 325,1268 325,1265 326,1264 326,1262 327,1261 327,1260 328,1259 328,1256 330,1254 333,1254 334,1256 334,1269 335,1269 377,1269 377,1269 377,1261 379,1259 381,1259 382,1258 383,1258 384,1257 386,1257 386,1258 386,1262 387,1263 387,1268 388,1268 400,1268 401,1269 434,1269 434,1269 434,1260 435,1259 441,1259 442,1258 443,1258 444,1259 459,1259 460,1260 463,1260 464,1262 464,1268 465,1268 508,1268 509,1267 510,1268 550,1268 551,1269 553,1269 556,1273 556,1277 557,1277 611,1277 611,1277 611,1274 612,1273 612,1272 613,1271 613,1269 614,1268 614,1266 615,1265 615,1264 616,1263 616,1261 617,1260 617,1258 618,1257 620,1257 620,1258 620,1260 621,1261 621,1262 622,1263 622,1264 623,1265 623,1266 625,1267 710,1267 710,1267 710,1264 711,1263 711,1262 712,1261 714,1261 714,1261 714,1260 717,1257 721,1257 722,1256 726,1256 727,1257 730,1257 731,1258 744,1258 744,1259 744,1268 745,1268 777,1268 777,1268 777,1263 778,1262 779,1264 779,1267 780,1267 789,1267 791,1269 808,1269 810,1271 841,1271 842,1272 871,1272 871,1272 871,1266 872,1265 872,1264 873,1263 873,1261 874,1260 875,1260 877,1258 883,1258 885,1260 886,1260 886,1261 886,1265 887,1266 887,1269 888,1269 901,1269 901,1270 901,1283 902,1283 941,1283 942,1282 943,1282 944,1283 945,1283 946,1285 946,1288 945,1289 935,1289 932,1292 932,1295 929,1298 928,1298 927,1299 924,1299 923,1299 923,1292 923,1291 884,1291 883,1292 880,1292 879,1291 876,1291 873,1288 848,1288 847,1289 847,1304 847,1304"/><TextEquiv index="1"><Unicode>“nommée la France - Antarctique: &amp;,</Unicode></TextEquiv></TextLine><TextLine id="r3_l026"><Coords points="879,1348 878,1347 877,1347 876,1347 876,1337 876,1336 781,1336 780,1337 779,1337 778,1336 774,1336 773,1335 723,1335 722,1336 721,1336 720,1335 715,1335 671,1335 670,1336 669,1335 666,1335 665,1334 603,1334 602,1335 599,1335 598,1336 596,1336 595,1335 594,1335 593,1334 544,1334 543,1335 492,1335 491,1336 449,1336 448,1335 425,1335 400,1335 399,1336 398,1335 367,1335 339,1335 338,1336 305,1336 304,1337 304,1346 304,1346 295,1346 293,1345 293,1337 293,1336 229,1336 228,1337 228,1346 227,1347 219,1347 218,1346 217,1346 215,1345 215,1337 215,1336 170,1336 169,1337 166,1337 165,1337 165,1323 164,1322 165,1321 165,1316 167,1314 175,1314 176,1313 177,1314 223,1314 224,1313 226,1313 227,1314 272,1314 272,1314 272,1306 275,1303 277,1303 278,1305 278,1314 279,1314 299,1314 300,1313 304,1313 305,1314 377,1314 378,1313 413,1313 414,1312 415,1312 416,1313 428,1313 429,1314 508,1314 509,1313 518,1313 518,1313 518,1307 519,1306 519,1305 520,1304 521,1304 522,1303 523,1303 524,1302 526,1302 527,1301 528,1303 528,1308 529,1309 529,1313 530,1313 577,1313 577,1313 577,1308 578,1307 578,1303 579,1302 583,1302 584,1304 584,1313 585,1313 664,1313 664,1313 664,1311 665,1310 665,1306 668,1303 670,1303 670,1304 670,1305 671,1306 671,1307 672,1308 672,1309 673,1310 673,1312 674,1312 706,1312 707,1313 762,1313 763,1314 810,1314 810,1314 810,1313 811,1312 811,1309 813,1307 813,1306 816,1303 817,1303 818,1302 819,1302 820,1301 824,1301 827,1304 847,1304 848,1306 848,1314 849,1314 859,1314 860,1315 888,1315 889,1316 927,1316 928,1317 930,1317 931,1318 932,1318 932,1319 932,1320 933,1321 933,1328 934,1329 934,1332 932,1334 932,1335 930,1337 917,1337 916,1338 888,1338 887,1339 887,1346 886,1347 885,1347 884,1348"/><TextEquiv index="1"><Unicode>“quoique notre colonie même ne ſoit pas</Unicode></TextEquiv></TextLine><TextLine id="r3_l027"><Coords points="911,1394 910,1394 910,1382 910,1381 829,1381 828,1382 823,1382 822,1383 822,1394 822,1394 821,1393 780,1393 779,1393 779,1392 778,1391 778,1382 778,1381 691,1381 690,1382 670,1382 669,1381 592,1381 591,1382 591,1383 590,1384 590,1385 587,1388 585,1388 584,1389 582,1389 581,1389 581,1388 580,1387 580,1382 580,1381 529,1381 528,1382 528,1390 527,1391 523,1391 522,1392 521,1392 520,1391 517,1391 516,1391 516,1381 516,1380 458,1380 457,1381 457,1391 456,1392 456,1393 456,1393 452,1393 451,1393 451,1381 451,1380 380,1380 379,1381 369,1381 368,1382 366,1382 365,1381 320,1381 319,1380 237,1380 236,1381 231,1381 230,1380 178,1380 177,1381 171,1381 170,1382 167,1382 165,1381 165,1366 164,1365 165,1364 165,1361 167,1359 177,1359 178,1358 180,1360 254,1360 255,1359 388,1359 389,1358 426,1358 426,1358 426,1351 428,1349 436,1349 437,1348 452,1348 453,1350 453,1354 454,1355 454,1358 455,1358 475,1358 476,1359 552,1359 553,1360 554,1360 555,1361 556,1361 557,1363 557,1367 558,1368 558,1373 559,1373 612,1373 612,1373 612,1353 611,1352 611,1351 613,1349 614,1349 615,1348 616,1348 617,1347 621,1347 621,1348 621,1351 622,1351 634,1351 634,1352 634,1353 635,1353 636,1353 636,1354 636,1358 638,1359 740,1359 741,1360 941,1360 942,1359 943,1359 944,1361 944,1369 945,1370 945,1374 945,1374 935,1374 933,1376 933,1377 932,1378 932,1380 930,1382 929,1382 928,1383 927,1383 926,1384 917,1384 916,1385 916,1394 916,1394"/><TextEquiv index="1"><Unicode>“connue en Europe, là terre que nous</Unicode></TextEquiv></TextLine><TextLine id="r3_l028"><Coords points="767,1438 766,1437 765,1437 764,1436 763,1436 762,1436 762,1427 762,1426 723,1426 722,1427 703,1427 702,1426 601,1426 600,1426 599,1427 559,1427 558,1428 558,1436 557,1437 548,1437 546,1436 546,1428 546,1427 534,1427 533,1426 481,1426 480,1427 480,1429 476,1433 475,1433 474,1434 473,1434 471,1433 471,1432 471,1431 441,1431 439,1430 439,1426 439,1425 422,1425 421,1426 419,1426 418,1427 417,1426 381,1426 380,1425 310,1425 309,1426 258,1426 257,1427 256,1426 175,1426 173,1428 172,1427 171,1427 169,1426 169,1406 169,1405 167,1405 166,1405 167,1404 167,1403 168,1402 169,1403 209,1403 209,1403 209,1398 213,1394 281,1394 282,1396 282,1397 283,1398 283,1403 284,1403 331,1403 332,1404 351,1404 352,1405 415,1405 416,1404 417,1404 417,1404 417,1400 418,1399 418,1395 420,1393 455,1393 455,1394 455,1407 457,1409 457,1412 458,1413 458,1417 459,1417 505,1417 505,1417 505,1413 506,1412 506,1411 507,1410 507,1409 510,1406 511,1406 512,1405 514,1405 514,1405 514,1396 515,1395 517,1395 518,1394 519,1394 520,1393 523,1393 523,1394 523,1399 525,1401 525,1404 526,1404 571,1404 572,1405 594,1405 594,1405 594,1397 597,1394 598,1394 599,1395 600,1395 601,1397 601,1405 602,1405 669,1405 670,1404 704,1404 705,1405 767,1405 768,1404 769,1404 770,1405 819,1405 819,1405 819,1395 820,1394 825,1394 826,1396 826,1405 827,1405 856,1405 857,1406 889,1406 890,1407 907,1407 907,1407 907,1402 908,1401 908,1400 909,1399 909,1397 910,1396 910,1395 911,1394 916,1394 916,1395 916,1416 917,1416 933,1416 933,1417 933,1419 934,1420 932,1422 915,1422 914,1423 914,1425 912,1427 905,1427 904,1426 891,1426 857,1426 856,1427 773,1427 772,1428 772,1437 772,1437 769,1437 768,1438"/><TextEquiv index="1"><Unicode>“habitons a été, depuis un temps immé-</Unicode></TextEquiv></TextLine><TextLine id="r3_l029"><Coords points="928,1487 927,1487 927,1480 927,1479 925,1479 923,1478 923,1472 923,1471 865,1471 863,1473 863,1475 863,1475 862,1475 861,1476 858,1476 857,1476 857,1473 857,1472 815,1472 814,1473 813,1473 811,1471 710,1471 709,1472 684,1472 683,1473 682,1473 681,1472 604,1472 603,1473 603,1481 602,1482 600,1482 599,1483 597,1483 596,1482 593,1482 592,1482 592,1473 592,1472 456,1472 454,1474 454,1475 453,1476 453,1477 452,1478 452,1480 450,1482 449,1482 447,1481 447,1473 447,1472 438,1472 437,1471 385,1471 384,1472 343,1472 342,1473 342,1474 339,1477 338,1477 337,1478 334,1478 333,1478 333,1473 333,1472 171,1472 170,1473 169,1473 166,1471 167,1470 167,1455 166,1454 167,1453 167,1452 169,1450 175,1450 176,1449 180,1449 181,1450 274,1450 274,1450 274,1446 275,1445 276,1445 276,1445 276,1442 278,1440 279,1440 280,1439 311,1439 312,1438 313,1439 314,1439 314,1440 314,1447 315,1448 315,1461 316,1461 362,1461 362,1461 362,1444 362,1443 361,1443 360,1443 360,1441 361,1440 362,1440 363,1439 364,1439 366,1437 367,1437 368,1438 369,1438 369,1439 369,1449 370,1449 419,1449 419,1449 419,1447 420,1446 420,1445 422,1443 422,1442 423,1441 424,1441 427,1438 428,1438 429,1437 440,1437 440,1437 440,1436 441,1435 444,1435 445,1436 447,1436 447,1437 447,1440 448,1440 455,1440 456,1441 457,1441 458,1443 458,1450 459,1450 542,1450 542,1450 542,1443 545,1440 547,1440 548,1439 552,1439 552,1440 552,1442 553,1443 553,1446 554,1446 557,1446 557,1447 557,1449 558,1449 606,1449 606,1449 606,1448 607,1447 616,1447 616,1447 616,1443 620,1439 621,1439 622,1438 666,1438 667,1439 669,1439 670,1440 671,1440 671,1441 671,1451 672,1451 703,1451 704,1450 722,1450 723,1451 766,1451 766,1451 766,1441 767,1440 769,1440 770,1439 771,1439 772,1440 783,1440 784,1441 791,1441 793,1444 793,1451 794,1451 830,1451 831,1450 838,1450 839,1449 843,1449 844,1450 889,1450 889,1450 889,1444 890,1443 890,1442 891,1441 892,1441 893,1440 894,1441 895,1441 896,1443 896,1450 897,1450 907,1450 908,1451 911,1451 913,1454 913,1462 914,1462 944,1462 945,1464 945,1467 945,1467 933,1467 932,1468 932,1472 931,1473 931,1474 930,1475 930,1487 930,1487"/><TextEquiv index="1"><Unicode>“morial, le ſéjour de pluſieurs Francois,</Unicode></TextEquiv></TextLine><TextLine id="r3_l030"><Coords points="220,1528 219,1527 218,1527 216,1526 216,1518 216,1517 173,1517 172,1518 169,1518 167,1517 168,1516 168,1496 169,1495 301,1495 302,1494 357,1494 357,1494 357,1492 359,1490 360,1490 360,1491 360,1494 361,1494 403,1494 404,1495 422,1495 423,1496 470,1496 471,1495 477,1495 478,1494 479,1495 484,1495 484,1495 484,1493 486,1491 488,1491 488,1492 488,1495 489,1495 533,1495 534,1496 593,1496 594,1495 594,1493 595,1492 595,1489 597,1487 641,1487 643,1485 644,1485 645,1484 650,1484 651,1485 652,1485 652,1486 652,1487 654,1489 654,1495 655,1495 715,1495 715,1495 715,1492 715,1491 712,1491 711,1491 712,1490 713,1490 713,1490 713,1489 712,1488 714,1486 732,1486 733,1487 739,1487 739,1488 739,1493 738,1494 738,1495 739,1495 784,1495 785,1494 787,1494 788,1493 790,1495 791,1495 792,1496 825,1496 826,1497 827,1497 829,1500 829,1501 828,1502 828,1510 829,1510 837,1510 837,1511 837,1515 836,1516 772,1516 771,1517 769,1517 768,1516 718,1516 717,1517 716,1517 715,1516 656,1516 655,1517 588,1517 587,1518 586,1518 584,1516 526,1516 525,1517 418,1517 417,1516 339,1516 338,1517 338,1523 338,1523 336,1523 335,1523 336,1522 336,1517 336,1516 228,1516 227,1517 227,1524 228,1524 230,1524 230,1525 230,1526 229,1527 223,1527 222,1528"/><TextEquiv index="1"><Unicode>“que nous nommons Auſtro-Francs.</Unicode></TextEquiv></TextLine><TextLine id="r3_l031"><Coords points="767,1568 765,1567 765,1562 765,1561 676,1561 673,1564 673,1565 672,1566 669,1566 668,1566 668,1565 668,1564 665,1564 664,1563 662,1563 661,1563 661,1562 661,1561 579,1561 578,1562 514,1562 513,1563 509,1563 508,1562 460,1562 459,1563 458,1562 421,1562 420,1561 357,1561 356,1562 272,1562 271,1563 270,1563 269,1562 265,1562 262,1559 218,1559 217,1560 217,1561 216,1562 214,1562 212,1561 212,1541 214,1539 261,1539 261,1539 261,1533 262,1532 262,1531 263,1530 279,1530 280,1529 280,1528 281,1527 283,1529 293,1529 294,1530 295,1530 295,1531 295,1538 296,1538 323,1538 325,1540 358,1540 359,1541 403,1541 404,1540 406,1540 407,1539 409,1541 470,1541 471,1542 522,1542 523,1541 523,1540 524,1539 524,1537 525,1536 525,1534 529,1530 531,1530 532,1529 549,1529 550,1528 552,1530 584,1530 585,1531 601,1531 601,1532 601,1535 602,1536 602,1540 603,1540 664,1540 665,1539 666,1540 700,1540 700,1540 700,1531 702,1529 716,1529 717,1528 724,1528 725,1527 726,1527 727,1528 728,1528 729,1530 729,1531 730,1532 730,1541 731,1541 736,1541 737,1542 738,1542 740,1545 740,1552 741,1552 805,1552 805,1552 805,1547 806,1546 806,1545 810,1541 811,1541 812,1540 829,1540 830,1539 832,1539 833,1538 919,1538 920,1539 941,1539 944,1543 944,1544 943,1545 943,1546 943,1546 934,1546 933,1547 931,1549 931,1554 930,1555 930,1559 929,1560 928,1560 926,1562 925,1562 924,1563 923,1563 922,1562 918,1562 917,1561 905,1561 904,1560 898,1560 897,1559 816,1559 815,1560 777,1560 774,1563 774,1564 771,1567 770,1567 769,1568"/><TextEquiv index="1"><Unicode>“Notre cour eſt Francoiſe, comme</Unicode></TextEquiv></TextLine><TextLine id="r3_l032"><Coords points="169,1571 943,1571 943,1621 169,1621"/><TextEquiv index="1"><Unicode>“vous voyez, parce que nous ſommes</Unicode></TextEquiv></TextLine></TextRegion><TextRegion id="r4" type="page-number" orientation="-0.0"><Coords points="901,122 900,123 878,123 876,126 859,126 858,127 853,127 853,139 855,140 855,155 873,155 874,156 874,163 876,164 915,164 916,163 917,163 920,161 921,161 921,159 922,158 922,157 923,156 923,155 924,154 942,154 943,152 944,152 944,146 945,144 946,144 946,141 947,140 947,133 949,132 949,122"/><TextEquiv><Unicode/></TextEquiv><TextLine id="r4_l001"><Coords points="870,127 933,127 933,161 870,161"/><TextEquiv index="1"><Unicode>L</Unicode></TextEquiv></TextLine></TextRegion></Page></PcGts>