1116 1854
136 165 915 211 “tous originaires de France, & que nous
141 210 912 256 “avons encore parmi nous deux ou trois
137 253 912 300 “vieillards centenaires, qui ſont nés en
139 302 441 337 “France même.
184 343 908 388 “Mais comment ſe fait-il, lui dis-je,
138 387 912 435 “qu'on ne ſache rien en France d'une pa-
141 433 911 481 “reille émigration? car cette colonie eſt
140 477 911 525 “nombreuſe. Dites - moi, de grace, où
140 524 444 564 “ſommes-nous?
189 569 914 613 “Nous ſommes dans les terres Auſtra-
141 612 911 662 “les, reprit-il. Je vous répete qu'il y
143 659 916 706 “avoit ici des François depuis long-temps;
140 704 912 750 “mais ils n'avoient aucune communication
143 749 913 794 “avec la France, qui avoit perdu de vue
145 793 914 842 “ce pays. On envoya, ſous Louis XIV,
146 836 916 885 “une petite eſcadre, pour le découvrir
148 884 915 930 “& le conquérir de nouveau. Ces émi-
148 927 916 976 “grants y réuſſirent; mais ſe voyant dans
147 972 917 1020 “une contrée preſque inacceſſible, ils vou-
150 1018 915 1064 “lurent profiter de cette ſituation: l'Eu-
150 1063 916 1111 “rope ne pourra pas nous déterrer là,
149 1107 917 1154 “dirent-ils; & ſans doute il vaut mieux
151 1153 917 1199 “reſter ici nos maîtres, que de gémir ſous
144 1196 920 1244 “une puiſſance éloignée, & d'expoſer ce
151 1243 921 1289 “beau climat à tous les malheurs qu'a
151 1288 922 1335 “ſoufferts le Nouveau-Monde, ſi nous
150 1331 923 1381 “la faiſons connoître aux trop puiſſant
151 1375 922 1425 “Européens. C'étoit la même raiſon, cher
134 1422 923 1472 “Merveil, qui avoit engagé nos devanciers,
151 1467 923 1516 “les Auſtro-Francs, à prendre le même
152 1512 920 1561 “parti. Les nouveaux débarqués ſe dé-
150 1556 922 1609 “terminerent donc à s'établir en paix dans
