1116 1854
863 116 926 149 L
162 159 929 205 “ce pays. On ne les vit point revenir en
163 204 930 251 “France; on les crut perdus; on ne penſa
161 249 930 295 “plus à eux; & ces braves gens fonderent
162 293 931 339 “ici un empire aſſez puiſſant, & ſur-tout
160 340 448 376 “très-heureux.
208 381 930 431 “Nous ſommes gouvernés, comme vous
161 429 927 475 “le voyez, par une reine, & jamais par
162 474 930 510 “un roi. C'eſt une loi de l'état. On a vu
162 518 931 563 “que, quand un homme eſt ſur le trône,
162 562 966 609 “le beau ſexe a quelquefois trop d'influen-
162 608 929 655 “ce; au lieu que quand une femme regne,
161 653 931 697 “elle donne ordinairement ſa confiance à
164 698 931 746 “des hommes, & les affaires n'en vont pas
163 743 936 788 “plus mal. C'eſt là, mon cher ami, la
164 788 932 835 “raiſon qui a mis pour jamais notre ſcep-
162 831 929 879 “tre en quenouille. Le trône eſt hérédi-
163 878 932 924 “taire, & cependant nos reines ne ſont
163 922 931 968 “point mariées. Je vous apprendrai, par
162 967 929 1014 “la ſuite, comment elles s'y prennent pour
164 1012 932 1059 “avoir de la ſucceſſion. Il eſt certain qu'au
166 1057 933 1105 “moins, à l'inſtar du grand-Turc, S. M.
166 1103 837 1150 “eſt la premiere bâtarde de l'état.
168 1146 933 1193 “Vous avez été ſurpris d'apprendre que
166 1192 931 1239 “notre ſouveraine s'appelle Ninon V: c'eſt
164 1237 932 1284 “qu'elle deſcend, en droite ligne, de l'ai-
165 1282 932 1327 “mable fille qui fut ſi célebre chez vous
165 1327 933 1371 “ſous ce nom. Cette courtiſane, honnête
164 1370 931 1421 “homme, eut du grand Condé une fille,
165 1416 935 1465 “qui ne fut point reconnue, & qui réunit
168 1462 933 1509 “les graces de ſa mere à la grande ame
168 1508 934 1557 “de ſon pere. La jeune Ninon, à l'âge
158 1550 932 1607 “de dix-huit ans, fut embarquée ſur l'eſ-
