1116 1854
202 164 974 209 “cadre qui conduiſit ici nos aïeux. On ne
198 208 971 255 “cherchoit qu'à s'en défaire, & l'on y
197 252 971 301 “réuſſit. Charmante comme elle étoit, elle
196 298 979 345 “ſe voyoit adorée de tous les hommes; on
196 344 977 391 “admiroit ſa ſageſſe autant que ſes graces.
199 388 980 437 “Elle avoit ſur tout notre ſexe l'empire le
197 432 979 480 “plus marqué; elle étoit auſſi conſultée
196 478 486 525 “que courtiſée.
244 522 977 571 „Au commencement, il étoit queſtion
196 567 972 616 “d'établir une forme de gouvernement. La
198 616 974 663 “plus grande partie des habitants penchoit
198 661 975 707 “pour l'état républicain. On ne manqua
196 705 975 752 “pas de demander à la belle Ninon ſon
196 750 977 797 “avis ſur ce point important. Un ſoir
197 795 974 836 “tous ſes adorateurs étoient chez elle en
198 841 972 888 “grand cercle: on parloit de cet objet, qui
196 885 986 935 “intéreſſoit tout le monde, & l'on ne pou-
195 932 974 976 “voit s'accorder. Tout-à-coup, un joli jeune
195 975 974 1025 “homme, plus éperdument paſſionné que
193 1021 972 1068 “les autres pour la divinité de l'aſſemblée,
194 1067 969 1114 “ſe leva & s'écria: Meſſieurs, vous voilà
194 1110 991 1158 “bien embarraſſés; créons une monarchie,
195 1159 972 1196 “& mettons la belle Ninon ſur le trône:
192 1202 961 1249 “n'eſt-elle pas déja notre reine? Cette idée
193 1248 968 1296 “parut une inſpiration du ciel, & l'inſpi-
178 1290 989 1341 “ration ſe communiqua au cercle entier,
190 1337 958 1378 “comme l'électricité. Tous s'écrierent:
190 1385 968 1431 “Saluons notre reine. Un ſecond inſpiré
157 1429 966 1478 “cria: Et n'ayens jamais que des reines deſ-
148 1474 960 1524 “cendantes de cette belle perſonne. Tous y
189 1519 959 1569 “conſentirent ſolemnellement. Le premier
189 1560 959 1611 “qui avoit parlé, ſe ſentant aimé, avoit
185 114 283 156 r
