1116 1854
195 158 967 207 “vous le ſachiez. Nous envoyons chez vous,
198 203 969 250 “de temps en temps, des députés, qui
194 247 966 293 “nous mettent à même d'imiter tous les
196 292 964 339 “changements que vous faites chez vous.
194 340 967 384 “Au reſte, nous n'avons guere qu'une
186 382 959 430 “capitale, de beaux environs, & cinq ou
194 424 962 473 “ſix villes un peu conſidérables. Le reſte
194 474 960 519 “du pays ne vaut pas votre France. Il y
193 517 961 563 “a encore bien des déſerts & des peupla-
194 562 961 608 “des ſauvages.“ A ces mots, celui qui
192 607 961 654 m'entretenoit ſe tut; & voilà tout ce qu'il
192 652 667 698 me fut poſſible d'en tirer.
232 696 961 745 Ce que j'apprenois ſur le compte de la
192 743 959 789 reine, m'inſpiroit une envie démeſurée
192 787 957 833 de la voir. Elle n'avoit pas ſeize ans,
192 830 957 880 diſoit - on, & elle étoit pétrie de graces.
190 876 959 924 Je n'oſois pas encore demander d'être pré-
192 922 959 968 ſenté à la cour; ma piteuſe entrée dans
192 966 955 1014 le pays étoit trop fraîche pour cela: &
189 1012 958 1058 d'ailleurs le général n'étoit pas là pour
171 1057 958 1098 m'introduire. Je rodois continuellement
192 1102 957 1149 autour du palais, pour voir S. M. Quand
189 1146 957 1194 elle ſortoit, elle portoit un maſque de
189 1192 956 1237 velours noir. On m'aſſuroit qu'elle n'avoit
189 1237 955 1285 pris cette habitude que depuis quelque
192 1282 956 1330 temps, à peu près depuis l'époque de mon
183 1328 956 1375 arrivée; qu'auparavant elle ne le portoit
191 1372 957 1421 que rarement, à la campagne, pour ſe
190 1416 953 1465 garantir du ſoleil. Cet uſage lui venoit ſans
188 1461 953 1509 doute de France, où il régnoit lors du
151 1506 563 1553 départ de l'eſcadre.
192 1554 952 1608 En anendant que je puſſe voir la reine,
176 102 283 153 Lr.
