1116 1854
234 117 294 161 La
175 168 1027 220 parmi ſes adorateurs, un vieux financier,
176 214 1027 265 qui étoit fort aſſidu. Les préſents énormes
176 262 1027 312 qu'il prodiguoit le faiſoient ſupporter. Le
176 308 1027 357 malheureux méritoit mon reſſentiment;
176 353 1027 402 c'étoit le ſeul homme dont je voulois me
176 397 1027 447 venger. Je voyois toujours dans lui le
176 442 1027 501 principal auteur des outrages que j'avois
176 487 1027 537 recus, pendant ma triſte nudité, dans la
176 531 1027 583 cour du général. Il avoit alors jeté quel-
176 576 1027 628 ques pieces d'or à la valetaille, pour que
176 620 1028 672 ces coquins l'amuſaſſent à mes dépens; &
177 669 1028 718 quand on m'avoit inondé d'eau de puits,
177 711 1028 767 il avoit beaucoup ri, de ſon rire épais &
177 759 363 818 ſtupide.
275 800 1028 853 Depuis que j'étois ſorti de mon humi-
177 832 1028 898 liation, le traître n'avoit ceſſé de provo-
177 895 1028 943 quer ma colere. Il me regardoit comme un
177 942 1028 992 gredin & comme ſon rival, & prenoit
177 986 1028 1033 avec moi des airs d'une inſolence qui me
177 1028 1028 1079 l'auroit fait cent fois jeter par la fenêtre,
177 1073 1029 1127 ſi la petite générale ne s'y étoit oppoſée.
178 1121 1029 1171 Je réſolus au moins de me jouer de lui,
178 1164 1029 1213 comme il s'étoit joué de moi. Ce perſon-
178 1208 1029 1257 nage écourté me paroiſſoit taillé pour faire
178 1255 1029 1303 un bouffon, & j'en fis le mien. La femme
178 1300 1029 1346 qu'il idolâtroit me ſeconda merveilleuſe-
178 1345 1029 1392 ment bien en cela, ſans pourtant ceſſer de
178 1390 1029 1437 recevoir ſon argent. Je trouvois ce jeu per-
178 1433 1029 1483 fide, je le lui diſois, & la cruelle, pour
178 1480 1029 1537 me punir, me forcoit d'en accepter ma
178 1526 307 1581 part.
270 1563 1030 1621 Nous étions en carnaval; &, vivant
