1116 1854
857 109 926 158 rr
153 158 928 206 ne, un palfrenier, à qui l'infortuné pro-
157 204 926 251 mit cent ninons d'or, lui donna une ſou-
161 249 927 294 quenille, & lui procura les moyens de
158 294 926 338 s'évader. En arrivant chez lui, il trouva
158 336 927 382 ſur ſa table, une chanſon ſur ſon hiſtoire,
156 382 926 428 & il entendit des enfants la chanter ſous
155 428 368 475 ſes fenêtres.
205 473 926 516 Ce malheureux, confus de ſon aven-
158 518 925 566 ture, reſta quelque temps ſans oſer ſe mon-
159 563 927 609 trer; & je l'aurois laiſſé-là, s'il n'eût con-
160 608 926 656 tinué de me faire la petite guerre. Sa honte
158 652 926 701 lui inſpira deux deſirs; celui de ſe con-
158 697 927 745 vertir, & celui de me perſécuter. Il ne
159 743 926 791 m'avoit pas reconnu ſous les habits de
160 788 927 836 femme; mais il ſe doutoit que le tour ve-
161 831 927 879 noit de la générale, & que j'étois ſon
161 876 928 926 agent. Ce vieux débauché, pour ne plus
159 921 928 966 libertiner, voulut ſe marier; & il lui fal-
158 967 927 1015 loit une jeune fille: j'en fis le rôle. Sa nuit
159 1013 928 1060 paſſée ſur le balcon, lui avoit procuré une
160 1057 929 1105 fluxion ſur les yeux, qui, en affoibliſſant
161 1102 927 1151 encore ſa vue, le mettoit moins dans le
162 1147 927 1196 cas de me reconnoître. On me préſente à
161 1192 928 1240 lui; des entremetteuſes le décident; on
159 1236 928 1286 nous marie. Le mariage devoit ſe conſom-
159 1282 932 1330 mer dans une petite maiſon que je fourniſ-
159 1328 927 1371 ſois. Nous nous déshabillons; il veut me
159 1374 927 1421 prendre dans ſes bras pour me mettre au
159 1418 929 1465 lit; tout-à-coup un feu infernal ſort de mon
160 1464 929 1509 corps, remplit tout l'appartement, & tonne
162 1504 927 1555 avec un bruit affreux. J'avois ſu bien pré-
159 1552 924 1601 parer l'artifice. Il croit avoir épouſé le
