1116 1854
184 102 278 146 e
205 157 982 203 qui lia converſation avec lui, & lui raconta
206 202 983 249 toute ſa confeſſion, en lui diſant que ce qu'il
203 246 982 293 avoit révélé étoit ſu de tout le monde. Il y
203 293 978 339 avoit pluſieurs traits qui pouvoient le con-
203 338 979 384 duire ſur l'échafaud. Jugez de ſon inquié-
186 383 979 430 tude. Il ſe hâta de ſe jeter dans la pénitence
204 428 675 474 pour échapper à la juſtice.
211 473 982 519 Enfin, il quitta tout-à-fait le monde, ſe
204 519 980 565 retira dans un petit hermitage, s'affubla
204 563 978 610 d'un froc auſſi ridicule qu'on puiſſe en ima-
208 610 978 656 giner, & fit pendant quelques jours la
204 654 974 700 riſée de toute la cour, qui alla le viſiter.
205 700 978 744 I crut que ſous cet habit il auroit moins
205 742 978 792 à craindre de ma part; & il me fit prier
205 787 977 837 de paſſer chez lui, pour une réconcilia-
207 835 977 882 tion. Je m'y rendis. Il ſe jeta à mes pieds,
179 881 980 926 me demandant pardon; je le lui accordai.
204 924 977 973 Il m'étoufſa d'un embraſſement de cinq
207 971 978 1017 quarts - d'heure. Enſuite, m'ayant fait
208 1015 978 1063 aſſeoir, il ſe reconnut coupable à mon
206 1058 977 1107 égard. „On m'a joué, dit-il, des tours
202 1107 980 1153 “ſanglants; cela vient d'une coquette que
204 1152 978 1197 “j'adorois, qui me ſacrifioit à un jeune
204 1197 979 1243 “blanc-bec; je vous demande pardon, ce
202 1241 980 1287 “jeune blanc-bec étoit vous-même... Il étoit
204 1286 978 1333 “la cauſe & peut-être ſouvent le miniſtre
206 1332 979 1375 “de ces jeux cruels.“ Alors il me raconta
204 1375 980 1423 “comment une fille lui avoit fait paſſer la
201 1421 978 1469 nuit tout nu ſur un baloon. „Cela eſt
205 1467 979 1513 “bien malheureux, lui répondis-je; mais
206 1509 979 1559 “celui qui faiſoit le rôle de la fille, c'étoit
205 1555 997 1611 “moi-même. -- Ah! malheureux, s'écria-
