1116 1854
222 157 995 209 ſur le viſage: je lui en rendis deux; il me
222 204 997 254 ſauta aux cheveux; je l'empoignai par ſon
221 252 996 300 gros nez, plein de rubis, & le tirai hors
221 296 996 345 de ſa cabane. Nous nous roulâmes tous deux
222 344 995 390 dans la boue; le peuple s'attroupa autour
224 387 995 433 de nous, & d'abord il fut ébaudi de voir
225 434 995 481 un homme, à qui il venoit ſe recommander
221 479 993 526 comme à un ſaint, ſe battre comme un
221 524 993 569 crocheteur. Enſuite on ſe mit à rire, &
223 570 993 617 l'on nous jeta de grands ſeaux d'eau ſur le
224 615 992 663 corps. Il y avoit là des dévots attachés à
221 660 992 708 l'hermite, & des charlatans plqués contre
221 705 991 753 lui par jalouſie de métier. Les premiers
223 750 992 799 voulurent s'amuſer à me lapider; les ſe-
222 793 992 842 conds prétendirent rendre le même office
224 842 992 889 à mon ennemi. Bref, on parut s'accorder
223 888 992 936 pour nous lapider tous les deux. Nous ſenti-
222 933 994 980 mes en effet les premieres pierres aſſez
221 979 993 1026 lourdes pour exciter notre attention. Sou-
222 1024 993 1071 dain nous nous lâchâmes réciproquement;
221 1069 994 1118 je eulbutai trois ou quatre lapidants, & je
226 1113 994 1162 me ſauvai à toutes jambes. Il fallut courir
224 1158 1005 1206 preſque auſſi fort que le jour de mon entrée
224 1204 995 1252 à Paris-neuf. Enfin je revins de cette réeon-
221 1251 995 1298 ciliation, roué de coups & couvert de fange,
226 1296 994 1343 tout en lambeaux, & preſque tout en ſang.
224 1340 994 1388 J'allai trouver la générale, qui m'avoit
223 1383 995 1433 précipité dans ce mauvais pas. Je lui racontai
227 1429 1014 1479 mon aventure; elle en rit à gorge déployée:
220 1473 995 1523 je fus piqué juſqu'au vif; & je crois que
219 1520 994 1570 j'allois battre la générale, quand la reine
214 1566 995 1629 entra toujoure avec ſon mandit maſque de
219 106 289 151 tae
