1116 1854
216 162 993 220 “dans un hôtel, par quelque vieille folle;
213 217 994 264 “ou qu'il ſe faſſe eſcroc & chevaller d'induſ-
217 262 996 311 “trie? Il a des talents & point de fortu-
216 309 990 356 “ne; il faut qu'il obtienne une fortune
214 355 992 402 “par ſes talents. Mais qu'il commence mo-
215 400 993 447 “deſtement, s'il vous plaît: je me charge
213 443 995 491 “de lui procurer un emploi décent, con-
214 492 994 537 “venable à un commençant honnête & ſans
211 536 992 582 “bien. Il vivra de ſon petit revenu, con-
213 575 994 627 formément à ſon état. Il s'élevera par
212 625 993 674 “degrés & par ſon mérite: ces ſortes de
214 669 1007 718 “fortunes ne ſont pas rapides, mais elles
212 715 988 762 “ſont ſolides. Merveil eſt un homme de
212 760 986 809 plume: j'ai commencé par être ſimple
212 807 988 856 ſoldat; il commencera par être ſimple
210 854 989 899 “commis, ce qui vaut beaucoup mieux. Me
211 891 989 946 voilà général, l pourra devenir miniſtre;
213 941 986 991 mais il faut qu'il apprenne ſon métier,
210 988 988 1035 en paſſant par tous les grades. Débar-
212 1034 993 1081 “bouillez-moi cet homme-là; vous l'avez
211 1074 987 1125 “fardé, vous l'avez enluminé de dorure,
212 1124 988 1169 “vous en avez fait un colifichet. Le bel
212 1168 984 1216 “emploi de briller parmi les femmes!
211 1215 984 1276 “il eſt fait pour ſe diſtinguer parmi les
211 1265 558 1304 “hommes.“
218 1292 1005 1354 Le lendemain ce brave militaire m'ob-
210 1350 983 1398 tint une place de commis dans les bureaux
210 1396 982 1442 d'état, avec des appointements modiques,
211 1440 982 1490 mais honnêtes; & il me dit: „Merveil,
211 1488 982 1533 “louez-moi, pour commencer, un petit
208 1533 981 1581 “appartement garni; mettez-vous en pen-
203 1577 983 1641 “fion chez quelque honnête bourgeois.
