1116 1854
129 420 913 488 LA reine me connoiſſoit déja par les
125 486 905 533 hiſtoires qu'on lui avoit racontées ſur mon
126 529 905 580 compte: hiſtoires qui la faiſoient beaucoup
126 574 905 624 rire. Le général avoit haſardé quelques
128 622 906 667 mots ſur le François dont on parloit tant:
128 667 915 714 S. M. lui dit de m'envoyer chez elle; il
127 711 916 759 me préſenta lui - même. C'étoit un jour
129 755 915 807 d'été; tous les volets étoient fermés, &
131 800 920 849 rendoient l'obſcurité ſi grande, que je ne
128 848 914 895 pus entrevoir cette jeune reine que comme
130 891 915 939 une ombre: il me fut donc impoſſible de
130 936 914 987 diſtinguer ſes traits; mais je trouvai ſa voix
130 983 937 1028 d'une douceur angélique. „ Je vous con-
132 1028 905 1077 “nois de vue & de réputation, me dit-
133 1074 916 1122 “elle; vous n'avez peut-être pas vu ma
135 1116 916 1168 “figure.“ Je lui répondis que j'avois le
136 1162 917 1214 malheur de ne connoître ſa figure que par les
137 1206 917 1258 éloges que ſes ſujets enchantés en faiſoient.
139 1247 917 1306 (Il faut noter que ce peuple ne laiſſe voir
138 1299 909 1351 le portrait de ſa reine que quand elle a
138 1345 917 1394 mis au monde une princeſſe; ſans cet
139 1391 917 1442 uſage, j'aurois au moins connu ſon por-
139 1435 916 1484 trait.) Elle me dit que je la verrois en
138 1481 916 1530 temps & lieu; qu'elle ſe ſerviroit quelque-
137 1526 951 1575 fois de ma plume. Elle me donna à baiſer
137 1571 954 1621 ſa main royale; à peine aurois-je eu au-
691 1618 768 1662 CG
142 290 911 356 LIVRE QUATRIEME.
