1116 1854
179 169 970 219 tant de plaiſir à coller mes levres ſur celle
188 216 963 262 de Julie, tant cette chere petite reine m'avoit
189 259 965 309 charmé par ſon ton affectueux & ſa figure,
189 305 965 355 à laquelle mon imagination prêtoit mille
190 352 967 399 beautés, puiſque mes yeux ne pouvoient
166 396 968 445 la diſtinguer. Elle me congédia trop tôt;
193 443 967 490 & j'allai tout joyeux rendre compte de ma
192 488 970 535 viſite au miniſtre jaloux, qui me dit que
192 532 971 583 la reine accueilloit trop favorablement des
193 580 421 614 inconnus.
210 623 975 671 Je me promenois ſouvent avec un hom-
190 669 972 716 me très-éclairé. Dans une de nos prome-
193 714 973 761 nades, je tombai ſur le chapitre de la
193 760 973 806 reine, dont j'étois plein. „Mais, lui dis-
185 803 974 852 “je, quand ſongez-vous à marier votre
194 851 974 897 “jeune ſouveraine? -- Mon ami, me
195 888 973 943 “répondit-l, ainſi que le grand-ſeigneur,
195 942 983 988 “jamais notre reine ne ſe marie. Nous
196 986 974 1031 “connoiſſons bien ſa mere; mais nous
184 1031 980 1078 “ignorons quel eſt ſon pere. La loi lui
183 1075 981 1124 “donne la liberté de ſe déguiſer commé
196 1121 979 1169 “elle veut, & l'invite même à prendré
196 1166 976 1216 “tous les moyens qu'elle juge les plus
197 1213 981 1260 “convenables, pour qu'un homme qui
199 1257 979 1312 “lui plaît la féconde, ſans ſe douter qu'il
198 1303 975 1348 “ait jamais eu affaire avec la reine; &,
200 1348 977 1396 “comme ces princeſſes choiſiſſent à leur
200 1393 975 1440 “gré, elles s'adreſſent naturellement aux
201 1439 981 1485 “plus beaux hommes, & elles ſont de
202 1484 979 1532 “jolis enfants. Nos grandes dames imitent
202 1530 978 1577 “trop ſouvent la ſouveraine, ſans en avoir
202 1574 978 1624 “le droit comme elle. Il naît un petit
