1116 1854
888 109 949 145 LETE
122 154 980 200 “avantage e ce etordre. Quoiqu'on
122 197 979 247 “cache, autant qu'on le peut, au public
122 238 979 290 “le ſingulier privilege de la reine, il ne
122 288 979 337 “peut être univerſellement ignoré; & ſi
122 333 979 382 “quelqu'un vouloit ſe flatter d'avoir été
122 376 979 427 “honoré des faveurs de S. M., il n'en
122 423 979 472 “pourroit jamais être sûr, parce que tout
122 468 979 516 “le monde ſait que bien d'autres dames
122 513 979 562 “prennent la même liberté. Notre auguſte
122 559 979 609 “maîtreſſe ſe laiſſe peu voir, & ſon viſage
121 603 979 653 “n'eſt guere connu. Si elle accouche d'un
121 649 978 699 “enfant mâle, elle le fait diſparoître. Ces
121 694 978 743 “bâtards royaux vivent parmi nous pro-
121 740 978 789 “bablement, mais ſans ſe connoître, &
121 783 978 833 “ſans être connus. On n'éleve que les prin-
121 828 978 877 “ceſſes, qui ſont obligées de reſter filles.
121 874 978 923 “Par ce moyen, nous ſommes très-sûrs
121 921 978 968 “de n'être jamais gouvernés que par des
121 966 978 1029 “femmes, & nous ne nous en trouvons pas
121 1011 376 1060 “plus mal.
121 1038 978 1106 “Nous ſommes un peuple à part, &
120 1102 977 1150 “qui n'a rien de commun avec les auttez
120 1147 977 1196 “Vous verrez demain un uſage ſinguliere
120 1192 977 1240 “c'eſt ce qu'on appelle la fête des maria-
120 1234 977 1286 “ges; je vous y conduirai.“ Je le remer-
120 1282 977 1346 ciai de ſon offre, & je lui promis d'en
120 1328 308 1379 profiter.
120 1352 977 1421 Quand il m'eut quitté, mon hôteſſe
120 1419 977 1467 monta chez moi. Je l'avoit priée de me
120 1464 977 1513 procurer une femme, qui vînt tous les
120 1509 977 1557 jours faire mon ménage, ſans demeurer
119 1552 977 1595 chez moi. Je vous ai trouvé une ſervan-
