<PcGts xmlns="http://schema.primaresearch.org/PAGE/gts/pagecontent/2017-07-15" xmlns:xsi="http://www.w3.org/2001/XMLSchema-instance" xsi:schemaLocation="http://schema.primaresearch.org/PAGE/gts/pagecontent/2017-07-15 http://schema.primaresearch.org/PAGE/gts/pagecontent/2017-07-15/pagecontent.xsd"><Metadata><Creator/><Created>2020-09-17T10:20:28</Created><LastChange>1970-01-01T00:00:00</LastChange><Comments/></Metadata><Page imageFilename="0165.png" imageHeight="1854" imageWidth="1116"><ReadingOrder><OrderedGroup id="g1"><RegionRefIndexed index="0" regionRef="r3"/><RegionRefIndexed index="1" regionRef="r2"/></OrderedGroup></ReadingOrder><ImageRegion id="r1"><Coords points="644,117 644,128 645,129 675,129 676,130 675,132 673,132 670,134 629,134 628,135 624,135 623,134 588,134 587,135 584,135 582,136 549,136 548,137 546,136 546,135 545,134 545,121 509,121 509,126 508,127 508,130 506,133 504,133 502,134 487,134 486,133 451,133 450,134 450,137 449,139 448,137 448,128 412,128 412,133 411,134 404,134 403,133 403,122 369,122 368,123 367,122 367,120 331,120 331,129 332,130 332,132 330,134 330,143 331,143 332,144 342,144 344,146 344,149 342,150 342,154 341,155 340,155 338,157 338,166 339,166 340,168 388,168 388,157 389,156 390,156 391,157 391,166 392,168 541,168 542,166 543,166 546,170 546,173 548,173 549,174 582,174 584,173 585,173 587,171 587,170 588,169 622,169 623,168 630,168 631,169 666,169 667,168 672,168 673,169 723,169 724,168 724,166 725,165 725,154 724,152 717,152 716,151 716,149 717,148 745,148 745,136 730,136 728,135 728,133 717,133 716,132 714,132 713,130 682,130 681,129 681,119 679,117"/></ImageRegion><TextRegion id="r2" type="paragraph" orientation="-0.25"><Coords points="111,1659 111,183 940,183 940,1659"/><TextEquiv><Unicode/></TextEquiv><TextLine id="r2_l001"><Coords points="910,235 910,234 910,224 910,224 515,222 514,222 514,230 513,232 298,231 297,232 296,232 295,231 148,230 147,230 147,223 146,222 146,221 145,220 145,198 146,197 147,197 147,197 147,189 148,188 148,185 149,184 153,184 154,185 577,187 578,186 868,187 869,186 870,186 871,186 871,186 871,187 872,188 911,188 912,189 912,201 914,203 915,203 916,204 916,217 915,218 915,219 914,220 914,234 913,235"/><TextEquiv index="1"><Unicode>“vous que je vienne demain &amp; tous les</Unicode></TextEquiv></TextLine><TextLine id="r2_l002"><Coords points="292,278 292,277 292,272 291,272 273,272 272,270 272,265 271,265 196,265 195,266 181,265 181,266 181,267 180,268 180,269 179,270 179,271 178,272 178,273 176,274 175,274 175,274 175,268 174,267 143,267 143,267 143,266 142,265 142,264 143,263 143,244 143,243 152,243 153,243 153,242 153,241 175,241 176,241 176,237 177,236 177,235 177,234 181,234 182,233 184,235 184,242 184,243 254,243 256,245 304,245 305,244 307,244 308,243 335,243 336,242 337,243 404,243 405,243 405,242 408,239 408,238 411,235 411,234 411,233 412,234 414,232 414,231 415,231 418,231 419,232 422,232 423,233 427,233 427,234 443,234 444,234 444,236 445,237 445,243 445,244 477,244 478,245 531,245 532,244 552,244 553,243 556,243 557,244 557,245 557,245 621,245 622,245 622,244 624,241 638,241 639,241 639,238 639,237 640,237 641,237 641,236 641,236 642,236 644,234 645,234 646,235 647,235 648,235 648,239 648,240 664,240 665,240 665,243 665,244 714,244 715,243 715,238 716,237 716,236 717,235 725,235 726,235 726,243 727,245 791,245 792,245 792,238 793,237 793,235 793,234 795,234 797,233 797,234 798,234 804,240 804,241 805,242 805,245 805,245 868,245 869,245 869,240 870,239 870,237 871,236 909,236 910,235 912,235 913,235 913,247 915,250 919,250 921,251 921,253 920,254 915,254 915,254 915,265 913,267 912,267 909,270 904,270 903,269 866,268 824,268 823,269 822,269 821,268 762,268 761,267 632,266 631,267 582,267 581,266 517,266 516,267 405,266 404,265 315,265 315,266 315,275 314,275 313,275 312,276 304,276 304,276 304,275 303,274 303,273 302,272 302,273 302,278 301,278"/><TextEquiv index="1"><Unicode>“jours, pour faire votre chambre?“ Le</Unicode></TextEquiv></TextLine><TextLine id="r2_l003"><Coords points="907,326 907,325 907,315 906,315 867,314 866,313 808,313 808,314 808,325 807,325 803,325 803,325 803,314 802,313 791,313 790,312 731,312 730,313 684,313 683,314 682,313 593,312 591,314 591,314 591,313 590,312 575,312 574,311 433,311 432,312 359,311 358,310 343,310 312,310 311,311 309,311 308,310 285,310 261,310 260,311 256,311 255,310 194,310 193,311 182,310 181,311 165,311 164,310 142,310 142,310 142,293 141,292 142,291 142,289 144,286 146,286 147,286 147,285 148,284 148,274 149,272 159,272 162,275 162,276 162,276 163,277 164,277 165,278 165,280 166,281 166,288 166,288 235,289 236,288 236,279 237,278 238,278 239,277 240,277 241,276 243,276 245,278 302,278 303,279 303,288 303,288 372,288 373,288 373,281 375,278 378,278 380,280 380,281 381,282 381,289 381,289 427,290 428,289 428,287 429,286 429,283 430,282 430,278 431,277 431,276 432,275 435,275 437,276 437,277 437,278 524,278 525,278 525,280 526,281 526,285 527,287 527,289 527,289 592,289 593,290 640,290 641,290 763,290 764,290 764,289 764,288 765,289 769,289 770,290 829,290 830,290 830,288 831,287 831,285 832,284 832,283 835,279 837,279 838,278 845,278 847,280 861,280 863,282 863,283 865,285 865,287 865,287 878,288 880,289 880,291 880,292 897,292 898,293 900,293 901,294 902,294 903,294 903,295 903,296 909,296 910,296 910,306 913,309 913,311 910,314 910,325 909,326"/><TextEquiv index="1"><Unicode>ſon de ſa voix étoit doux comme une flûte.</Unicode></TextEquiv></TextLine><TextLine id="r2_l004"><Coords points="672,371 671,370 671,358 671,358 624,357 623,358 602,358 601,357 600,357 599,356 518,356 482,356 481,357 409,356 408,357 408,359 407,360 407,362 406,363 406,364 405,365 405,366 405,366 404,366 402,368 398,368 395,366 395,356 395,355 345,355 344,356 342,356 341,355 285,355 283,357 281,357 280,356 183,356 182,356 153,356 152,357 149,357 148,356 146,356 145,355 143,355 141,354 141,349 142,348 143,328 144,327 144,326 144,325 147,325 148,324 150,324 151,323 157,323 158,322 161,322 162,323 212,324 214,322 218,322 219,323 220,323 221,323 221,331 221,332 281,332 283,330 284,330 285,329 285,325 286,324 286,323 287,322 325,322 326,321 329,321 330,322 330,325 331,326 331,333 331,333 342,333 343,334 464,335 465,334 495,334 496,333 496,329 498,327 498,326 498,326 515,326 519,322 521,322 522,321 525,321 526,322 527,322 529,324 529,334 529,334 556,334 557,335 558,335 559,336 613,336 614,336 614,328 615,326 617,326 618,325 630,325 631,324 632,324 634,326 634,327 635,328 635,333 635,333 647,334 648,334 648,335 648,336 651,336 653,338 721,338 724,335 724,328 725,327 725,325 725,325 726,326 729,326 731,327 731,328 732,329 732,335 732,336 779,336 780,335 801,335 802,335 802,327 803,325 808,325 809,326 809,336 809,336 877,337 878,336 905,336 906,335 906,327 907,326 909,326 910,326 910,336 911,338 912,338 913,339 916,339 917,339 916,340 915,353 914,354 914,355 913,356 913,357 912,359 907,359 906,360 904,360 903,359 860,358 859,357 807,357 806,358 804,358 803,357 747,357 746,358 730,358 729,358 729,361 726,364 726,365 725,367 675,367 674,367 674,370 674,371"/><TextEquiv index="1"><Unicode>Je levai les yeux ſur elle; je vis une</Unicode></TextEquiv></TextLine><TextLine id="r2_l005"><Coords points="355,414 354,414 354,403 354,402 328,402 327,403 327,406 325,408 325,409 322,412 321,412 320,413 312,413 311,412 309,412 307,411 307,408 306,407 306,402 306,401 181,400 180,401 146,401 145,402 144,402 143,401 142,401 140,400 140,399 141,398 141,384 140,383 140,371 141,370 142,370 143,369 148,369 149,368 150,368 151,369 152,369 152,370 152,377 153,377 230,378 231,377 249,377 249,376 249,373 250,372 250,370 251,369 251,368 252,368 297,368 297,368 297,366 298,365 298,364 299,363 302,363 303,364 304,364 304,365 304,369 305,369 352,369 353,368 354,368 355,367 367,367 368,368 369,368 370,369 371,369 372,370 373,370 374,372 374,379 375,379 447,380 447,379 447,370 448,370 449,370 450,369 453,369 454,368 456,370 456,378 457,379 530,379 531,378 534,378 534,378 534,377 535,376 535,375 539,371 539,370 541,368 542,368 544,366 545,366 546,367 549,367 550,368 551,368 552,369 553,369 554,371 554,379 555,379 583,379 584,380 644,381 645,380 646,380 647,379 669,379 669,378 669,374 670,373 670,371 671,371 675,371 676,372 676,380 677,381 721,381 722,380 723,380 724,379 753,379 753,378 753,376 754,375 754,374 755,374 755,373 759,369 760,369 761,368 763,368 764,367 767,367 768,368 769,368 771,371 771,380 772,380 820,380 821,379 822,380 868,380 868,380 868,373 869,372 869,371 870,370 871,371 872,370 874,370 875,369 879,369 879,369 879,373 880,374 880,380 881,381 911,381 912,382 914,382 914,382 914,384 915,385 914,386 914,398 913,399 913,401 912,403 910,403 909,404 848,403 847,404 847,405 846,406 846,407 845,408 844,408 843,409 840,407 840,403 840,402 787,402 786,403 785,403 784,404 783,403 724,403 723,403 723,411 722,412 722,413 722,414 721,413 721,403 721,403 641,403 640,403 588,403 587,404 587,413 587,413 586,413 585,414 584,414 583,413 578,413 577,413 577,404 577,403 550,403 549,402 420,402 419,403 357,402 356,403 356,414 356,414"/><TextEquiv index="1"><Unicode>beauté réguliere dans ſa premiere fleur, des</Unicode></TextEquiv></TextLine><TextLine id="r2_l006"><Coords points="148,459 147,458 145,458 144,457 143,457 141,456 141,455 140,454 140,445 139,444 139,430 143,426 144,426 145,425 146,425 147,424 149,424 150,423 151,423 152,422 155,422 156,423 270,424 271,422 271,420 272,419 272,418 273,417 273,416 277,413 279,413 281,411 285,411 286,412 287,412 288,413 292,413 292,413 292,423 293,424 339,424 340,423 353,423 353,423 353,415 354,414 356,414 356,415 356,424 357,424 426,425 427,424 433,424 433,423 433,421 435,419 435,418 440,414 441,414 442,413 448,413 450,415 454,415 454,415 454,416 455,417 455,423 456,424 477,424 478,425 539,425 540,424 587,424 588,423 590,425 597,425 598,426 599,426 600,427 601,427 601,428 601,430 602,431 602,440 603,440 654,441 654,440 654,432 655,431 655,430 659,427 660,427 661,426 662,426 663,424 663,417 666,415 667,415 668,414 671,414 673,416 673,422 674,423 674,424 675,425 721,425 721,424 721,416 720,415 722,414 728,414 729,415 730,415 730,415 730,417 731,418 731,423 733,425 816,425 816,425 816,418 817,417 818,417 819,416 821,416 822,415 845,415 846,414 883,415 884,414 898,414 899,413 902,413 903,414 904,414 905,415 910,415 910,415 910,425 911,426 912,426 915,429 915,430 916,431 916,433 915,434 915,445 915,446 914,446 911,448 911,459 911,460 910,460 909,459 909,449 909,449 862,448 861,449 860,448 818,448 817,447 751,447 750,448 689,448 688,449 684,449 683,448 682,448 681,447 626,446 625,447 625,449 623,451 623,452 622,453 622,454 622,454 621,454 620,455 619,455 618,456 578,456 576,458 574,458 573,459 569,459 566,457 566,448 566,447 517,447 516,446 438,446 437,447 423,447 422,447 422,454 422,455 421,455 420,456 419,456 418,455 418,447 418,447 379,446 378,447 378,458 378,458 377,458 376,458 376,447 376,446 300,446 299,445 235,445 234,446 166,445 165,446 165,450 164,451 164,452 163,453 163,454 160,457 160,458 160,458 156,458 155,459"/><TextEquiv index="1"><Unicode>graces ſur-tout ſon corps, de la nobleſſe</Unicode></TextEquiv></TextLine><TextLine id="r2_l007"><Coords points="905,506 905,505 906,504 906,494 905,494 829,493 828,492 782,492 748,492 747,493 668,493 668,493 668,504 667,505 666,505 666,504 666,493 665,493 647,493 647,493 647,502 646,503 641,503 640,503 636,503 635,502 635,494 634,493 612,493 611,492 500,492 498,494 498,495 497,496 497,497 496,498 495,498 494,499 493,499 492,500 491,500 490,498 490,492 489,492 429,492 428,493 366,492 365,491 320,491 319,490 266,490 265,491 182,491 181,491 146,491 145,490 143,490 140,487 140,485 139,484 139,472 138,471 117,471 116,470 117,469 117,468 117,467 149,467 150,467 150,461 152,459 155,459 156,458 162,458 162,459 162,467 162,467 185,468 186,469 243,469 244,468 244,467 245,466 245,465 246,464 246,463 248,461 248,460 249,460 250,460 251,459 252,459 253,458 254,458 255,457 261,457 263,459 263,468 263,469 345,469 346,468 347,468 348,469 373,469 374,469 374,460 376,458 426,459 427,460 427,469 427,470 465,470 467,472 472,472 473,472 473,476 473,477 476,477 477,477 477,483 477,484 524,484 525,483 525,478 526,477 526,474 528,473 528,472 530,470 530,467 530,466 534,466 535,466 535,461 536,460 537,460 538,459 592,459 593,461 593,466 594,467 637,467 638,468 638,469 638,469 688,470 689,469 689,463 690,462 690,461 691,461 694,461 695,460 699,460 699,460 699,467 700,469 791,469 793,468 793,466 794,465 794,464 798,460 799,460 800,459 801,459 803,457 804,457 805,458 807,458 809,461 809,469 809,469 863,469 864,469 864,468 865,467 865,466 866,465 866,458 867,457 879,458 881,460 911,460 911,460 911,471 912,472 912,473 912,474 917,474 918,474 918,475 917,476 913,476 913,476 913,487 913,488 914,488 915,488 916,489 916,490 917,491 914,494 911,494 911,494 911,505 910,506"/><TextEquiv index="1"><Unicode>dans ſon maintien, de la pudeur ſur ſon</Unicode></TextEquiv></TextLine><TextLine id="r2_l008"><Coords points="190,547 189,547 161,546 160,545 159,545 159,545 159,538 158,537 154,537 153,536 152,536 151,535 151,533 150,532 150,528 148,526 148,525 147,524 147,523 144,520 142,520 142,520 142,519 141,518 141,517 143,514 147,514 149,512 168,512 169,512 169,506 170,504 186,505 187,504 188,504 190,502 190,498 190,498 782,500 783,501 789,501 790,502 791,502 792,503 794,503 796,505 910,506 911,506 911,518 912,519 912,533 912,534 915,534 916,534 916,550 917,552 918,552 919,552 918,553 243,550 243,550"/><TextEquiv index="1"><Unicode>viſage; en un mot, cet air intéreſſant qui</Unicode></TextEquiv></TextLine><TextLine id="r2_l009"><Coords points="153,589 153,583 153,582 147,582 143,579 143,578 141,575 141,574 140,573 141,572 141,565 143,563 143,555 144,554 144,553 145,551 167,551 170,548 172,548 174,546 331,547 333,545 597,546 598,547 599,547 600,548 660,549 663,551 663,552 664,553 664,556 665,557 665,559 665,560 693,560 694,561 713,561 714,562 784,562 785,563 784,563 720,563 720,563 721,564 721,566 722,567 722,576 722,577 729,577 730,578 731,578 731,578 730,579 730,582 729,584 310,582 309,583 309,584 309,584 155,583 154,584 154,589 154,589"/><TextEquiv index="1"><Unicode>eſt au deſſus de la beauté même.</Unicode></TextEquiv></TextLine><TextLine id="r2_l010"><Coords points="272,639 271,638 150,637 148,636 149,635 149,634 150,633 150,604 151,603 151,591 153,589 155,589 156,590 163,590 164,591 901,595 902,594 903,595 910,595 911,596 911,598 912,599 915,599 915,599 915,609 916,610 916,611 915,612 915,627 914,628 914,629 913,631 826,630 825,631 825,632 824,633 824,634 823,635 822,635 820,637 570,636 569,637 568,637 567,638 565,638 564,639 290,638 289,639"/><TextEquiv index="1"><Unicode>Ce qu'il y avoit de plus attachant, c'eſt</Unicode></TextEquiv></TextLine><TextLine id="r2_l011"><Coords points="831,687 830,687 830,677 830,676 823,676 822,677 822,678 821,679 821,680 821,680 820,680 819,681 817,681 816,682 815,682 813,681 813,675 813,674 772,674 771,673 750,673 701,673 700,674 698,674 697,673 666,673 665,673 665,685 665,686 664,685 664,673 664,673 636,672 635,673 515,673 514,672 478,672 477,672 477,680 476,681 476,683 476,684 475,684 474,683 473,683 472,682 472,672 472,672 402,671 401,672 353,672 352,673 314,673 313,674 312,673 311,673 310,672 250,672 249,673 168,672 167,673 167,682 166,683 165,683 164,684 149,684 148,684 148,673 147,671 146,671 144,670 144,669 143,668 143,667 142,666 142,660 141,659 142,658 142,656 143,655 143,654 145,652 146,652 147,651 148,651 148,651 148,638 149,637 151,637 151,638 151,646 152,647 152,649 153,649 218,650 218,649 218,640 219,640 220,640 221,639 222,639 223,638 225,638 226,637 227,637 230,640 230,647 231,648 281,648 281,647 281,641 282,641 283,641 284,640 285,640 286,639 290,639 290,639 290,642 291,643 294,643 294,643 294,646 295,647 317,647 317,648 317,649 319,650 405,650 406,649 421,650 422,648 422,646 423,645 423,643 429,638 437,638 439,640 443,640 444,641 444,649 445,650 477,650 478,649 479,649 480,648 498,648 498,647 498,644 499,644 500,644 502,642 503,642 503,641 503,640 505,639 507,639 508,638 512,638 513,639 518,639 518,639 518,640 519,641 587,641 588,640 622,640 623,641 669,642 670,641 671,641 672,640 674,640 675,641 675,644 676,645 681,645 681,645 681,650 682,651 742,651 742,650 742,644 745,642 746,642 748,640 751,640 752,641 752,642 753,643 756,643 757,645 757,652 758,652 847,652 847,652 847,644 850,641 851,641 853,639 854,639 855,640 856,640 857,642 857,644 858,645 858,651 859,651 872,652 873,653 911,653 912,654 913,654 915,656 915,670 916,671 913,675 911,675 910,676 867,675 866,676 836,676 835,677 835,687 835,687"/><TextEquiv index="1"><Unicode>que la chere enfant ſembloit chercher, dans</Unicode></TextEquiv></TextLine><TextLine id="r2_l012"><Coords points="821,732 821,732 821,721 820,720 780,720 779,719 765,719 765,720 765,731 764,731 761,731 761,731 761,720 760,719 744,719 743,718 660,718 658,720 656,720 656,720 656,729 655,730 655,729 655,718 654,718 614,717 613,718 599,718 599,719 599,730 598,730 569,730 568,729 543,729 542,728 540,728 540,728 540,718 539,717 417,717 416,718 396,717 395,718 343,718 343,719 343,720 342,721 342,722 339,724 338,724 336,726 334,726 333,725 333,718 332,717 312,717 311,716 270,716 269,717 246,717 245,718 245,723 241,727 240,727 239,728 238,728 237,729 209,729 209,728 209,718 208,718 172,717 171,718 154,718 153,719 145,719 144,718 143,718 142,717 142,702 141,701 141,700 146,695 146,694 148,692 148,685 149,684 152,684 152,685 152,693 152,693 186,694 187,695 206,695 207,696 247,696 248,695 249,695 250,694 264,694 265,693 309,693 310,694 352,694 353,693 355,693 356,694 356,709 356,709 364,709 365,709 365,701 366,700 366,699 368,696 369,696 370,695 414,696 416,694 416,692 416,692 418,693 418,694 418,695 434,695 435,696 481,696 484,693 484,691 485,691 487,693 487,695 487,696 593,696 594,696 594,690 595,689 595,688 598,685 600,685 601,687 601,694 601,694 611,694 612,695 612,696 612,696 661,697 662,696 662,686 663,686 665,686 666,685 669,685 669,685 669,686 670,687 670,696 670,697 720,697 721,696 723,696 724,695 724,686 725,686 727,686 727,685 727,684 728,684 729,684 730,683 731,683 732,684 734,684 734,684 734,686 735,687 738,687 739,688 739,696 739,697 801,697 802,696 827,696 828,696 828,690 829,689 829,688 830,687 835,687 835,688 835,695 835,695 869,696 870,696 870,697 870,698 886,698 887,699 888,699 889,700 890,700 891,700 891,701 892,702 892,710 892,711 912,711 916,714 916,715 917,716 916,717 916,721 915,722 915,723 910,728 909,728 908,729 905,729 905,728 905,727 904,726 904,721 903,721 825,720 825,721 825,732 824,732"/><TextEquiv index="1"><Unicode>mes yeux, avec un petit air de crainte,</Unicode></TextEquiv></TextLine><TextLine id="r2_l013"><Coords points="149,774 149,774 149,765 148,764 145,764 142,761 142,735 143,734 143,732 144,730 146,730 149,727 284,728 285,727 297,727 298,726 300,726 301,725 647,727 648,728 650,728 652,730 657,730 658,731 765,731 766,732 825,732 826,733 826,738 826,738 876,739 878,741 903,741 904,742 905,742 906,743 908,743 909,744 910,744 912,746 913,746 915,747 915,751 914,752 914,762 911,765 910,765 909,766 906,766 905,767 796,766 796,767 796,768 793,771 793,772 792,772 791,772 790,773 523,772 523,772 523,774 522,775 153,773 152,774"/><TextEquiv index="1"><Unicode>l'impreſſion qu'elle faiſoit ſur moi; cette</Unicode></TextEquiv></TextLine><TextLine id="r2_l014"><Coords points="149,820 148,820 148,811 148,810 144,810 142,809 143,794 142,793 142,792 141,791 141,789 141,788 142,788 144,787 144,779 145,778 145,777 146,775 148,775 149,774 152,774 153,775 153,776 153,776 162,776 165,779 165,782 166,783 166,785 166,785 219,786 220,785 220,784 221,783 255,783 256,782 256,779 259,776 259,775 262,772 262,771 262,771 263,771 264,772 280,772 281,773 282,773 283,773 283,774 284,775 284,783 284,784 341,784 344,782 344,779 344,778 374,778 375,777 393,777 394,777 394,775 394,774 441,775 443,776 443,778 444,779 444,783 444,784 454,784 455,784 455,785 455,786 517,786 518,785 518,779 519,778 519,775 519,775 523,775 525,776 525,785 525,786 590,786 591,786 591,778 591,777 592,777 593,776 595,776 596,775 600,775 601,776 605,776 606,777 606,786 606,786 659,787 661,785 662,785 663,786 715,786 716,785 737,785 738,784 738,778 738,778 739,778 740,777 741,777 742,776 743,776 744,775 761,775 762,775 762,774 762,773 763,773 764,772 765,772 766,773 767,773 768,774 768,776 769,777 769,787 769,787 816,787 817,788 878,789 879,788 879,780 880,779 880,777 880,777 881,777 882,776 883,776 885,778 894,778 896,779 896,785 896,786 905,786 907,788 909,788 910,789 911,789 912,790 913,790 916,792 916,796 917,797 916,807 913,811 911,811 910,812 909,811 904,811 903,810 852,809 851,810 802,810 801,811 801,822 801,822 798,822 797,821 778,821 777,820 774,820 771,818 771,810 771,809 758,809 757,808 680,808 679,809 570,808 569,809 569,820 569,820 564,820 563,820 563,809 563,808 538,808 537,809 535,809 534,808 487,808 486,808 486,815 485,817 484,817 483,818 476,818 474,816 474,808 474,808 397,807 396,808 393,808 392,807 352,807 351,806 297,806 296,807 295,807 294,806 246,806 245,807 243,807 242,808 203,808 202,808 202,817 202,818 201,818 199,819 199,820 199,821"/><TextEquiv index="1"><Unicode>impreſſion n'étoit point du tout légere. Je</Unicode></TextEquiv></TextLine><TextLine id="r2_l015"><Coords points="147,866 146,866 146,856 146,855 144,855 142,854 142,838 143,837 143,836 144,835 145,835 145,835 145,824 146,823 146,822 148,820 150,820 150,821 150,822 151,823 151,830 152,830 184,831 184,830 184,828 185,827 185,825 186,824 186,823 189,821 227,821 228,820 254,820 255,819 256,819 257,820 258,820 258,820 258,821 259,822 259,829 260,830 283,830 284,829 285,830 350,830 350,830 350,824 352,822 353,822 356,819 357,819 358,820 391,820 392,819 394,819 394,820 394,822 395,823 395,825 396,826 396,831 397,831 437,832 437,831 437,828 438,827 438,822 442,819 449,819 450,820 451,820 453,822 453,828 454,829 479,829 479,828 479,818 480,818 480,818 480,828 481,829 485,829 485,828 485,826 486,825 486,823 487,823 488,823 491,820 493,820 494,819 499,819 501,821 501,823 502,824 507,824 507,824 507,825 508,826 508,829 509,830 562,830 562,830 562,828 563,827 563,821 564,820 583,820 584,819 585,819 586,818 588,818 589,819 591,819 592,820 612,820 613,822 613,830 614,830 625,830 627,832 628,832 629,833 660,834 661,832 661,831 663,830 669,830 670,829 697,829 697,828 697,821 699,820 700,821 702,821 705,824 711,824 711,824 711,825 712,826 712,830 713,831 795,831 795,831 795,826 796,825 796,823 797,822 802,822 802,823 802,833 803,833 866,833 867,832 871,833 872,832 887,832 887,831 887,830 888,829 888,828 889,827 889,826 890,825 890,824 892,823 893,823 896,820 897,820 898,819 906,819 908,821 908,831 910,833 911,833 912,834 913,834 916,837 916,848 915,849 915,852 914,854 913,854 912,855 910,855 909,856 906,856 905,855 902,855 901,854 870,854 869,854 832,854 831,855 831,863 830,864 829,864 828,865 820,865 818,864 818,855 818,854 796,854 795,853 777,853 776,854 776,866 776,866 774,866 773,866 773,854 773,853 750,853 749,853 749,862 748,864 740,864 739,863 738,863 737,862 737,853 737,853 691,853 690,854 689,854 688,853 687,853 686,852 639,851 636,854 635,854 634,853 595,853 594,854 593,853 587,853 586,854 586,865 586,865 584,865 583,865 583,854 583,853 544,853 543,854 543,862 542,863 542,864 542,864 532,864 530,863 530,853 530,852 504,852 503,853 501,853 500,854 499,853 486,853 485,852 451,852 450,853 445,853 444,852 417,852 416,852 416,864 416,865 412,865 411,864 411,854 411,854 329,853 328,854 327,854 326,854 326,853 326,852 290,852 289,853 190,853 189,854 176,853 175,854 150,854 149,855 149,866 149,866"/><TextEquiv index="1"><Unicode>reſtai immobile &amp; ſtupéfait. A quoi penſe</Unicode></TextEquiv></TextLine><TextLine id="r2_l016"><Coords points="897,914 896,913 878,913 877,912 172,908 154,908 152,910 151,909 149,909 148,909 148,903 148,902 145,902 143,901 143,879 144,878 144,877 145,876 145,868 147,866 237,867 238,866 239,866 240,865 242,865 243,864 443,865 445,863 447,863 448,864 449,864 450,865 837,866 838,867 839,867 840,868 906,869 906,869 906,890 907,891 914,891 915,892 916,892 918,894 918,900 917,901 917,902 916,903 916,904 916,905 915,905 912,908 910,908 909,909 908,909 907,910 905,910 904,910 904,913 904,914"/><TextEquiv index="1"><Unicode>“madame Jovial, me dis-je en moi-même,</Unicode></TextEquiv></TextLine><TextLine id="r2_l017"><Coords points="146,955 146,955 146,947 145,946 145,944 146,943 146,924 146,923 156,923 157,922 181,923 182,922 183,922 184,921 184,913 185,912 185,911 186,911 188,911 189,910 194,910 194,910 194,918 195,919 195,921 195,922 253,922 254,921 265,921 266,922 321,922 322,922 322,913 324,911 325,911 326,910 327,910 328,909 332,909 333,911 333,920 333,920 501,921 502,920 502,912 504,911 506,911 507,910 508,910 509,909 511,911 511,917 512,918 512,919 513,920 560,920 560,921 651,922 652,921 652,911 653,911 656,911 656,911 656,921 656,922 742,922 743,921 743,910 744,910 793,910 794,911 796,911 796,912 796,913 797,914 797,920 798,920 849,920 849,920 849,915 851,913 852,913 854,911 877,912 878,913 896,913 897,914 904,914 904,914 904,925 904,926 911,926 912,926 912,931 912,932 915,932 916,932 916,935 917,936 914,939 896,939 896,939 896,942 894,944 877,944 876,945 746,944 746,944 746,953 744,955 733,955 732,956 732,955 732,944 731,944 680,944 679,943 637,942 630,942 629,943 591,943 591,944 591,955 590,955 583,955 582,956 580,956 579,955 557,955 555,953 555,944 554,943 471,943 470,942 416,942 415,943 411,943 410,944 409,942 349,942 348,943 288,943 287,944 279,944 278,943 231,943 211,943 210,944 158,943 157,944 152,944 150,947 150,954 148,955"/><TextEquiv index="1"><Unicode>“de me donner cela pour un petit chif-</Unicode></TextEquiv></TextLine><TextLine id="r2_l018"><Coords points="365,1000 365,1000 365,989 364,988 322,988 321,989 182,989 181,990 152,989 150,991 149,991 148,992 146,992 144,990 144,958 146,955 186,956 187,955 193,955 195,956 195,964 195,965 243,965 244,964 244,962 245,961 245,958 246,957 246,956 246,956 247,956 248,955 323,955 324,954 327,954 328,955 329,955 330,956 330,957 331,958 332,958 333,959 333,967 333,967 378,967 379,966 411,967 412,966 423,966 424,965 424,957 424,957 425,957 426,956 427,956 428,955 440,955 441,954 442,954 443,953 444,954 445,954 446,954 446,965 446,966 581,966 582,966 582,957 582,956 595,956 597,958 597,959 598,960 598,967 598,967 630,967 631,966 633,966 634,965 661,966 662,965 662,957 662,957 663,957 664,956 666,956 669,958 669,967 669,968 714,968 715,967 791,967 792,967 792,959 792,958 794,958 797,955 799,955 800,956 849,956 850,957 850,967 850,967 897,968 899,969 899,970 900,971 900,974 900,975 913,975 916,977 916,981 917,982 914,985 893,985 893,985 893,987 891,989 877,989 876,990 818,989 817,988 752,988 735,988 734,989 638,988 638,989 638,998 635,1000 625,1000 624,999 624,989 623,988 460,988 459,989 458,988 386,987 384,989 368,989 368,990 368,1000 367,1000"/><TextEquiv index="1"><Unicode>“fon? Eſt-ce elle ou moi qui avons la ber-</Unicode></TextEquiv></TextLine><TextLine id="r2_l019"><Coords points="145,1047 145,1038 145,1037 143,1037 141,1036 142,1016 144,1014 144,1009 145,1008 145,1007 145,1006 146,1006 147,1005 171,1005 173,1003 174,1003 175,1002 176,1002 177,1001 180,1001 182,1003 182,1004 183,1005 183,1011 183,1012 216,1012 217,1013 239,1013 240,1012 240,1001 241,1000 245,1000 246,999 248,1000 248,1002 249,1003 249,1004 252,1007 252,1010 252,1011 275,1011 276,1012 277,1012 282,1016 282,1018 283,1019 283,1022 283,1023 309,1023 310,1023 310,1003 310,1002 321,1002 322,1001 323,1001 324,1002 325,1002 326,1003 364,1003 365,1003 365,1001 365,1000 367,1000 368,1001 368,1012 368,1012 387,1012 388,1011 399,1011 400,1011 400,1003 401,1001 403,1003 403,1009 403,1009 415,1010 416,1011 430,1011 431,1012 479,1012 480,1011 504,1011 505,1010 505,1007 506,1006 506,1003 506,1003 507,1003 508,1003 508,1011 508,1012 565,1012 566,1012 566,1003 567,1001 570,1001 571,1000 574,1000 575,1001 575,1012 575,1012 611,1012 612,1011 628,1011 629,1012 656,1013 657,1012 657,1002 658,1001 661,1001 662,1000 663,1000 665,1001 665,1008 665,1009 669,1009 670,1009 670,1012 670,1013 729,1013 730,1012 730,1003 732,1001 734,1001 735,1002 736,1002 737,1002 737,1003 738,1004 738,1011 738,1012 747,1012 748,1013 790,1013 791,1012 813,1012 814,1012 814,1006 816,1003 850,1003 853,1000 868,1000 869,1000 870,1000 871,1001 872,1001 874,1002 874,1011 874,1012 877,1012 878,1013 901,1013 902,1014 903,1014 904,1014 904,1016 904,1017 908,1017 909,1017 909,1021 909,1022 915,1022 916,1022 916,1026 917,1027 916,1028 916,1030 915,1031 899,1031 899,1031 899,1033 898,1034 898,1035 897,1036 896,1035 833,1034 832,1035 831,1034 789,1034 788,1035 785,1035 784,1036 782,1034 738,1034 737,1035 732,1035 731,1034 716,1034 715,1033 684,1033 683,1034 681,1034 680,1035 678,1035 677,1034 662,1034 661,1033 631,1032 630,1033 628,1033 627,1034 626,1034 625,1033 608,1033 608,1034 607,1036 605,1038 604,1038 603,1039 602,1039 601,1040 600,1040 598,1039 599,1035 598,1034 585,1034 584,1033 527,1033 526,1034 504,1034 504,1034 503,1041 502,1042 502,1043 502,1044 500,1044 499,1045 497,1045 496,1046 495,1045 493,1045 491,1043 492,1034 491,1034 480,1034 479,1033 409,1032 408,1033 405,1033 405,1034 404,1043 403,1044 403,1045 403,1045 402,1045 401,1045 402,1034 401,1033 343,1033 343,1034 342,1045 342,1045 340,1045 339,1044 338,1044 337,1044 337,1035 337,1034 307,1034 306,1033 305,1033 304,1032 286,1032 274,1032 273,1033 267,1033 267,1033 267,1034 266,1035 264,1035 263,1034 221,1034 220,1035 218,1035 217,1034 182,1034 180,1035 160,1035 159,1036 149,1036 148,1037 147,1037 146,1038 146,1047 146,1047"/><TextEquiv index="1"><Unicode>lue?“ Je crus cependant devoir m'effor-</Unicode></TextEquiv></TextLine><TextLine id="r2_l020"><Coords points="773,1092 772,1092 772,1091 771,1089 770,1089 769,1089 769,1087 768,1086 768,1081 768,1080 723,1080 722,1081 720,1081 719,1080 709,1080 708,1079 659,1079 658,1080 633,1079 631,1081 631,1084 631,1084 628,1082 628,1081 628,1080 575,1080 574,1079 526,1079 525,1080 525,1088 525,1088 524,1088 523,1089 522,1089 520,1087 520,1079 520,1079 379,1078 378,1079 375,1079 374,1078 324,1078 323,1079 258,1079 257,1080 181,1079 179,1081 153,1081 152,1080 150,1080 148,1078 147,1078 146,1078 146,1077 144,1075 144,1071 143,1070 144,1069 144,1049 146,1047 146,1048 146,1057 147,1057 202,1058 206,1054 230,1054 230,1053 230,1049 231,1049 232,1048 233,1048 234,1047 235,1047 236,1046 238,1046 239,1045 240,1045 241,1046 241,1048 242,1049 242,1056 243,1057 339,1057 340,1056 340,1046 341,1045 351,1045 352,1047 352,1056 353,1056 400,1056 400,1056 400,1046 401,1045 419,1046 419,1045 419,1044 420,1044 424,1044 426,1046 426,1047 427,1048 427,1049 428,1050 428,1051 429,1052 429,1053 430,1054 430,1056 431,1057 493,1057 495,1055 522,1055 523,1054 544,1054 544,1054 544,1049 545,1048 548,1048 549,1047 589,1047 591,1045 592,1045 593,1044 594,1044 595,1045 607,1045 608,1047 608,1057 609,1057 679,1058 680,1057 695,1057 695,1056 695,1055 696,1054 696,1052 697,1051 697,1049 700,1047 701,1047 702,1046 703,1046 704,1045 709,1045 710,1046 710,1047 711,1048 711,1055 712,1056 752,1056 753,1057 753,1058 755,1060 802,1060 802,1060 802,1050 804,1048 807,1048 809,1046 866,1046 868,1049 868,1050 869,1051 869,1057 870,1058 897,1058 899,1060 899,1062 900,1063 900,1067 901,1068 915,1068 916,1069 916,1072 914,1075 902,1075 901,1075 901,1078 900,1080 872,1080 871,1081 857,1080 856,1081 851,1081 850,1080 780,1080 779,1081 779,1082 778,1083 778,1084 777,1085 777,1086 775,1088 775,1092 775,1092"/><TextEquiv index="1"><Unicode>cer de cacher à cette belle enfant, la ſen-</Unicode></TextEquiv></TextLine><TextLine id="r2_l021"><Coords points="191,1138 190,1137 190,1126 190,1126 176,1125 175,1126 144,1126 142,1125 142,1108 141,1107 141,1106 143,1104 145,1104 145,1104 145,1098 148,1095 150,1095 151,1094 153,1094 154,1093 156,1093 157,1092 158,1092 159,1091 196,1092 197,1093 197,1094 198,1095 198,1102 199,1103 231,1103 232,1102 237,1102 238,1103 274,1103 275,1102 277,1102 277,1101 277,1100 278,1100 279,1100 281,1102 311,1102 311,1102 311,1096 314,1093 340,1093 341,1092 342,1092 343,1091 344,1091 345,1090 360,1090 361,1091 362,1091 364,1094 364,1101 365,1101 374,1101 375,1102 414,1103 415,1102 433,1102 436,1099 436,1099 436,1100 438,1102 439,1102 440,1103 476,1103 477,1102 479,1102 479,1101 479,1100 480,1100 480,1100 480,1102 481,1103 516,1103 517,1102 522,1102 523,1101 529,1101 529,1101 529,1100 530,1099 530,1098 532,1096 532,1095 537,1090 539,1090 540,1089 545,1089 545,1090 545,1091 546,1091 566,1091 567,1092 568,1092 568,1093 568,1101 569,1101 580,1101 580,1102 580,1103 582,1104 585,1104 586,1105 621,1105 621,1105 621,1100 622,1099 622,1096 623,1095 623,1094 624,1093 625,1093 626,1092 629,1092 630,1091 631,1092 634,1092 638,1096 641,1097 642,1098 643,1098 643,1098 643,1102 644,1103 749,1103 752,1100 753,1100 753,1100 753,1102 754,1103 831,1103 831,1103 831,1100 832,1099 832,1095 833,1094 833,1093 834,1092 834,1090 835,1089 836,1089 837,1088 870,1089 871,1088 872,1089 873,1089 874,1090 897,1090 898,1091 907,1091 907,1091 907,1102 908,1103 913,1103 914,1104 915,1104 915,1104 915,1105 916,1106 916,1108 915,1109 915,1110 915,1111 912,1111 911,1111 911,1122 908,1125 908,1136 908,1137 907,1137 906,1136 897,1136 896,1135 896,1126 896,1126 809,1125 808,1124 792,1124 791,1125 791,1136 791,1136 763,1136 760,1134 760,1126 760,1125 678,1125 677,1125 677,1134 676,1136 671,1136 670,1137 669,1137 668,1136 666,1136 665,1135 665,1134 664,1133 664,1132 663,1131 663,1125 663,1125 636,1124 635,1125 630,1125 629,1126 607,1126 606,1127 606,1128 604,1130 604,1131 602,1133 601,1133 600,1134 597,1134 595,1133 595,1125 595,1124 509,1124 508,1124 508,1135 508,1136 506,1136 505,1135 505,1124 505,1124 501,1124 500,1125 490,1125 489,1124 441,1124 439,1125 439,1133 438,1135 436,1135 435,1134 435,1125 435,1125 377,1124 376,1125 373,1125 372,1124 333,1124 332,1125 290,1125 289,1125 289,1133 287,1136 278,1136 275,1133 275,1125 275,1125 274,1125 273,1124 272,1124 271,1123 239,1123 238,1124 199,1124 197,1125 197,1134 197,1135 195,1135 194,1135 194,1137 194,1138"/><TextEquiv index="1"><Unicode>ſation qu'elle me cauſoit; &amp; pour y réuſſir</Unicode></TextEquiv></TextLine><TextLine id="r2_l022"><Coords points="141,1182 139,1180 139,1155 140,1154 140,1152 141,1151 141,1146 142,1145 142,1141 143,1140 144,1140 145,1139 148,1139 149,1140 150,1140 151,1142 151,1148 152,1149 189,1150 190,1149 190,1148 191,1147 191,1139 193,1138 193,1138 193,1147 194,1148 225,1148 226,1147 269,1147 269,1146 269,1139 272,1137 275,1137 276,1138 276,1147 277,1148 316,1148 317,1147 345,1147 345,1147 345,1140 348,1137 350,1137 351,1139 351,1148 352,1149 352,1150 352,1150 382,1150 386,1147 386,1143 388,1141 389,1141 389,1141 389,1140 390,1139 390,1138 391,1137 393,1137 394,1136 396,1136 397,1135 399,1135 399,1136 399,1140 400,1141 400,1147 401,1147 440,1148 440,1147 440,1140 443,1138 445,1138 446,1137 447,1137 448,1136 449,1136 450,1135 451,1136 529,1136 530,1137 568,1137 569,1136 573,1136 573,1137 573,1139 574,1140 574,1148 575,1148 602,1148 603,1149 637,1149 638,1148 639,1148 639,1148 639,1140 640,1139 640,1138 641,1138 642,1138 643,1137 645,1137 646,1136 649,1136 649,1136 649,1137 650,1138 650,1142 651,1143 654,1143 654,1143 654,1144 655,1145 655,1147 656,1148 668,1148 669,1149 701,1149 703,1147 704,1147 705,1148 738,1148 738,1147 738,1146 739,1146 741,1148 747,1148 748,1149 763,1149 763,1149 763,1137 764,1136 794,1136 795,1138 795,1148 796,1148 828,1148 828,1148 828,1147 829,1146 844,1146 844,1146 844,1139 846,1137 860,1137 861,1136 873,1137 875,1139 875,1148 876,1149 899,1149 899,1148 899,1147 900,1147 905,1147 905,1146 905,1138 907,1137 908,1137 908,1137 908,1147 909,1148 911,1148 913,1150 913,1151 914,1152 913,1153 913,1154 911,1156 910,1157 909,1157 909,1157 909,1168 907,1170 906,1170 905,1171 889,1171 888,1172 857,1171 856,1170 806,1170 805,1171 803,1171 802,1170 791,1170 790,1169 722,1169 721,1170 705,1170 704,1171 703,1171 702,1170 599,1169 598,1170 583,1170 582,1169 546,1169 545,1170 518,1170 518,1170 518,1179 516,1181 507,1181 507,1180 506,1179 506,1170 505,1170 400,1169 400,1170 400,1180 399,1180 398,1180 398,1180 398,1169 397,1168 386,1168 385,1167 354,1167 352,1169 341,1169 340,1170 292,1170 292,1170 292,1178 291,1179 289,1179 289,1178 289,1170 288,1170 228,1170 227,1171 225,1171 224,1170 171,1169 169,1171 167,1171 166,1172 150,1172 150,1173 150,1175 148,1177 148,1178 144,1181 143,1181 142,1182"/><TextEquiv index="1"><Unicode>je continuai de lui parler du ton familier</Unicode></TextEquiv></TextLine><TextLine id="r2_l023"><Coords points="151,1228 151,1228 151,1217 150,1216 148,1216 146,1214 145,1214 145,1214 145,1213 143,1211 143,1205 142,1204 142,1201 143,1200 143,1199 148,1194 148,1193 148,1192 151,1192 152,1193 224,1194 226,1192 226,1186 226,1186 227,1186 229,1184 232,1184 233,1185 245,1185 248,1187 248,1192 248,1193 311,1193 312,1193 312,1184 313,1182 317,1182 318,1183 318,1185 319,1186 319,1193 319,1193 356,1193 357,1193 357,1192 357,1191 393,1191 394,1191 394,1183 396,1180 399,1180 400,1181 400,1182 401,1183 401,1185 401,1185 409,1185 410,1187 411,1187 412,1187 412,1189 412,1190 448,1190 449,1189 449,1183 451,1181 454,1181 455,1180 458,1180 459,1180 459,1181 459,1182 500,1182 502,1183 502,1188 503,1189 503,1191 504,1193 547,1193 548,1192 559,1192 560,1192 560,1185 561,1183 564,1183 565,1182 566,1182 567,1181 570,1181 572,1183 572,1204 573,1205 573,1207 573,1207 619,1207 620,1207 620,1202 621,1201 621,1199 622,1198 622,1197 624,1194 625,1194 626,1193 639,1194 640,1193 685,1193 686,1192 686,1184 688,1182 689,1182 690,1183 691,1183 694,1185 694,1192 694,1193 738,1193 739,1192 739,1183 740,1182 740,1179 740,1179 744,1182 744,1183 744,1184 747,1184 748,1185 749,1185 750,1185 750,1186 751,1187 751,1191 751,1192 820,1192 822,1191 822,1190 823,1189 823,1188 824,1187 824,1186 829,1180 834,1180 835,1181 836,1181 838,1183 838,1185 839,1186 839,1194 839,1194 872,1195 873,1194 904,1194 905,1193 906,1193 907,1192 910,1192 913,1195 914,1195 916,1196 916,1212 915,1213 915,1214 914,1215 913,1215 912,1216 910,1216 909,1217 908,1217 908,1217 908,1226 906,1228 906,1227 906,1216 905,1216 836,1215 835,1214 808,1214 766,1214 765,1215 764,1215 763,1216 761,1216 760,1215 720,1215 720,1215 720,1223 719,1224 719,1225 718,1226 712,1226 711,1225 709,1225 707,1222 707,1216 706,1216 691,1216 690,1215 643,1215 643,1215 643,1223 641,1225 640,1225 639,1226 635,1225 634,1226 631,1226 629,1224 629,1223 628,1222 591,1222 590,1221 590,1215 589,1214 529,1214 528,1215 459,1215 458,1214 456,1214 455,1213 411,1213 410,1214 401,1213 400,1214 365,1214 365,1215 365,1223 363,1224 362,1224 361,1225 359,1225 358,1226 357,1225 354,1225 354,1225 354,1224 353,1223 353,1216 352,1215 312,1215 311,1216 310,1215 252,1215 252,1215 252,1220 251,1221 231,1221 230,1222 230,1223 227,1226 226,1226 225,1224 225,1216 224,1216 178,1215 177,1216 172,1216 172,1217 172,1228 171,1228"/><TextEquiv index="1"><Unicode>que j'avois pris d'abord, quoiqu'en ſecret</Unicode></TextEquiv></TextLine><TextLine id="r2_l024"><Coords points="148,1274 147,1273 145,1273 142,1271 143,1247 142,1246 142,1244 144,1242 144,1233 146,1230 149,1230 151,1228 386,1229 387,1228 388,1228 389,1227 390,1227 391,1226 392,1226 393,1225 441,1226 442,1225 445,1225 446,1224 748,1225 749,1225 749,1226 749,1227 906,1228 907,1228 907,1236 909,1239 914,1239 916,1240 916,1243 915,1244 915,1245 914,1246 911,1246 911,1246 911,1257 910,1258 909,1271 909,1272 651,1271 650,1272 320,1270 319,1271 296,1271 295,1272 152,1271 151,1272 151,1274 151,1274"/><TextEquiv index="1"><Unicode>je me reprochaſſe de ne me pas montrer</Unicode></TextEquiv></TextLine><TextLine id="r2_l025"><Coords points="149,1319 146,1317 146,1293 145,1292 145,1288 146,1287 147,1287 147,1287 147,1286 148,1285 148,1275 149,1274 176,1274 177,1273 178,1274 179,1274 179,1275 179,1276 181,1278 228,1278 228,1278 228,1282 229,1283 280,1283 281,1281 281,1279 283,1277 283,1276 284,1275 284,1274 287,1272 310,1272 311,1271 355,1271 356,1272 357,1272 358,1273 359,1273 360,1275 360,1279 361,1279 388,1279 388,1280 388,1281 389,1281 492,1282 493,1281 498,1281 499,1280 500,1280 501,1279 529,1279 529,1279 529,1278 531,1276 532,1276 534,1274 535,1274 536,1273 539,1273 541,1271 543,1271 544,1272 545,1272 546,1273 548,1273 549,1274 600,1274 602,1272 604,1272 606,1270 608,1270 609,1271 651,1272 651,1272 651,1275 652,1276 652,1278 653,1279 653,1282 654,1283 681,1283 682,1284 748,1284 749,1283 780,1283 782,1281 783,1282 793,1282 794,1283 807,1283 808,1285 808,1296 809,1296 869,1297 869,1296 869,1284 870,1283 870,1276 871,1275 871,1274 872,1274 873,1274 874,1273 875,1273 876,1272 912,1272 914,1274 914,1291 915,1292 915,1300 916,1301 916,1304 915,1306 914,1306 913,1306 913,1315 913,1316 912,1316 908,1312 908,1309 907,1308 907,1307 907,1307 836,1306 834,1308 834,1309 832,1311 832,1318 832,1318 826,1318 825,1318 825,1306 825,1305 741,1305 740,1306 704,1306 703,1306 703,1317 703,1318 694,1318 693,1317 667,1317 666,1316 664,1316 661,1313 661,1312 659,1310 659,1305 659,1305 593,1304 592,1305 557,1305 556,1306 556,1312 555,1313 551,1313 550,1314 548,1314 547,1313 544,1313 543,1312 542,1312 538,1309 538,1308 536,1306 536,1304 536,1303 462,1303 460,1305 459,1305 458,1306 457,1305 402,1304 401,1305 326,1305 325,1306 303,1306 302,1307 302,1315 301,1316 300,1316 299,1317 294,1317 293,1318 292,1317 291,1317 290,1316 290,1315 289,1314 289,1306 289,1306 205,1306 204,1306 204,1319 204,1320"/><TextEquiv index="1"><Unicode>plus reſpectueux. „Quel âge as-tu, lui</Unicode></TextEquiv></TextLine><TextLine id="r2_l026"><Coords points="805,1365 804,1365 804,1351 804,1350 787,1350 785,1352 785,1353 784,1354 784,1356 783,1357 782,1357 781,1358 780,1358 779,1359 777,1359 775,1358 775,1352 775,1351 703,1351 702,1351 702,1363 702,1364 700,1364 699,1363 699,1351 699,1351 637,1350 636,1351 588,1351 587,1352 587,1354 586,1355 586,1357 586,1357 585,1356 584,1356 583,1356 583,1343 583,1342 539,1342 538,1343 536,1343 535,1342 514,1342 513,1342 513,1347 511,1350 481,1350 480,1349 463,1349 443,1349 442,1350 435,1350 434,1350 434,1361 434,1362 385,1361 383,1359 381,1359 378,1357 378,1352 378,1351 369,1351 368,1350 324,1350 323,1351 317,1351 315,1353 297,1353 296,1354 296,1362 296,1362 294,1362 293,1361 292,1361 291,1360 291,1359 291,1359 284,1359 282,1357 282,1356 281,1355 281,1353 281,1353 246,1353 244,1354 244,1355 243,1356 243,1357 241,1360 240,1360 239,1359 239,1358 238,1357 238,1352 238,1352 152,1351 150,1353 146,1353 144,1352 145,1351 145,1350 146,1349 146,1338 147,1337 147,1327 148,1326 148,1325 149,1324 151,1324 151,1325 151,1326 152,1327 152,1330 153,1330 185,1331 185,1330 185,1320 186,1320 187,1320 188,1319 190,1319 191,1318 192,1318 193,1319 194,1319 195,1320 205,1320 205,1320 205,1322 206,1323 206,1329 207,1330 240,1330 240,1329 240,1321 243,1319 246,1319 247,1320 247,1321 248,1322 248,1329 249,1330 264,1330 265,1331 266,1331 268,1333 268,1335 269,1336 269,1341 270,1342 317,1342 317,1342 317,1334 318,1333 318,1332 320,1330 322,1330 323,1329 341,1329 342,1328 364,1328 365,1329 404,1329 405,1328 424,1329 425,1328 439,1328 439,1327 439,1326 440,1326 450,1326 450,1325 450,1319 451,1318 451,1317 452,1317 456,1317 456,1317 456,1319 457,1320 457,1325 458,1326 467,1326 467,1326 467,1327 468,1328 506,1328 506,1327 506,1320 507,1319 507,1317 508,1317 513,1317 519,1323 519,1326 520,1327 520,1335 521,1336 598,1336 598,1336 598,1321 600,1319 626,1319 627,1318 634,1318 635,1319 636,1319 636,1320 636,1327 637,1327 650,1328 651,1329 684,1329 686,1326 686,1325 687,1324 687,1323 688,1322 688,1321 692,1318 703,1318 703,1318 703,1327 704,1328 753,1328 754,1329 757,1329 758,1330 762,1330 762,1331 762,1334 763,1335 763,1341 764,1341 799,1341 799,1341 799,1332 800,1331 801,1331 802,1330 803,1330 804,1329 823,1329 823,1329 823,1327 824,1326 824,1323 825,1322 825,1319 826,1318 831,1318 831,1319 831,1329 832,1329 881,1330 882,1329 894,1329 895,1330 896,1330 896,1330 896,1332 897,1333 897,1337 898,1338 915,1338 916,1339 917,1339 917,1339 917,1341 918,1342 917,1343 917,1344 916,1345 916,1346 916,1347 902,1347 898,1351 870,1351 869,1351 869,1352 869,1353 848,1352 847,1353 847,1361 846,1362 842,1362 841,1363 840,1363 839,1362 835,1362 833,1361 833,1353 833,1352 824,1352 823,1351 822,1351 821,1350 810,1350 809,1351 809,1365 809,1365"/><TextEquiv index="1"><Unicode>“dis-je, ma petite? -- Monſieur, répon-</Unicode></TextEquiv></TextLine><TextLine id="r2_l027"><Coords points="765,1409 765,1409 765,1404 764,1403 764,1398 763,1397 748,1397 747,1396 699,1396 698,1397 697,1397 696,1396 607,1395 606,1396 605,1396 604,1397 602,1397 601,1396 598,1396 597,1395 544,1395 543,1396 540,1396 539,1397 537,1397 536,1396 349,1395 349,1396 349,1399 348,1400 348,1401 346,1403 346,1404 342,1407 311,1407 310,1406 310,1405 309,1404 308,1404 307,1403 307,1397 306,1396 246,1396 245,1397 239,1397 238,1396 204,1396 203,1397 181,1397 180,1398 150,1397 148,1399 146,1399 145,1400 144,1400 143,1399 143,1381 144,1380 144,1376 145,1375 146,1375 146,1375 146,1374 148,1372 148,1371 149,1370 150,1370 151,1369 152,1369 153,1370 181,1371 181,1370 181,1368 182,1367 182,1365 183,1365 184,1365 185,1364 187,1364 188,1363 191,1363 193,1365 203,1365 204,1366 204,1372 205,1373 216,1373 216,1373 216,1374 217,1375 251,1375 251,1374 251,1365 253,1364 254,1364 254,1363 254,1362 255,1362 263,1362 264,1361 265,1362 296,1362 296,1363 296,1388 296,1388 327,1388 328,1388 328,1375 331,1372 343,1372 343,1372 343,1367 346,1364 381,1364 382,1363 384,1363 386,1361 452,1362 454,1364 454,1372 455,1373 490,1373 491,1374 593,1374 593,1374 593,1365 595,1363 598,1363 599,1362 605,1362 609,1367 609,1368 610,1369 610,1373 611,1373 649,1374 650,1373 651,1373 652,1372 653,1373 697,1373 697,1372 697,1365 699,1364 703,1364 704,1365 704,1374 705,1375 719,1375 720,1376 757,1376 758,1375 769,1375 770,1374 803,1374 803,1374 803,1368 804,1367 804,1366 805,1365 810,1365 810,1366 810,1374 811,1374 822,1374 823,1375 824,1375 825,1377 825,1378 826,1379 826,1383 826,1383 856,1383 857,1382 875,1383 876,1382 898,1382 901,1380 913,1380 914,1381 914,1384 913,1385 913,1388 911,1390 863,1389 862,1390 860,1390 859,1391 835,1391 835,1392 835,1394 832,1396 831,1396 830,1397 829,1396 769,1396 769,1397 769,1401 768,1402 768,1403 767,1404 767,1409 766,1409"/><TextEquiv index="1"><Unicode>“dit-elle, j'ai ſeize ans &amp; trois mois. --</Unicode></TextEquiv></TextLine><TextLine id="r2_l028"><Coords points="174,1453 174,1453 174,1446 173,1445 146,1445 144,1443 144,1442 145,1441 145,1422 147,1420 147,1412 148,1411 148,1409 149,1407 150,1407 151,1406 244,1407 245,1408 251,1408 252,1408 252,1409 253,1411 308,1411 309,1411 309,1410 310,1409 310,1408 310,1407 314,1407 315,1408 323,1408 324,1409 325,1409 327,1411 327,1417 327,1417 400,1417 401,1416 455,1417 456,1416 456,1410 459,1407 460,1407 461,1406 463,1406 464,1407 487,1407 489,1408 489,1410 489,1411 513,1411 515,1412 515,1415 515,1416 561,1416 562,1416 562,1412 564,1409 566,1409 567,1408 568,1408 569,1407 571,1407 573,1409 573,1415 573,1415 612,1415 613,1416 684,1417 685,1416 686,1416 688,1417 688,1418 688,1419 761,1419 762,1419 762,1411 763,1409 768,1409 769,1410 769,1412 770,1413 770,1418 770,1418 809,1418 813,1422 813,1423 815,1425 815,1432 815,1432 858,1432 859,1432 859,1421 860,1420 860,1417 860,1416 861,1416 862,1417 862,1418 862,1418 880,1419 881,1420 892,1420 893,1421 894,1421 897,1423 897,1424 897,1425 903,1425 904,1425 904,1426 905,1427 905,1428 905,1429 915,1429 917,1430 916,1431 916,1433 915,1434 915,1435 914,1436 906,1436 905,1437 896,1437 896,1437 896,1438 892,1442 867,1441 866,1442 836,1442 836,1443 836,1444 832,1448 832,1449 831,1449 827,1449 827,1449 827,1443 826,1442 733,1442 733,1442 733,1452 732,1453 726,1453 726,1452 726,1442 725,1442 692,1442 691,1441 633,1440 632,1441 587,1441 586,1442 583,1442 582,1443 571,1443 571,1444 571,1449 570,1450 570,1453 569,1453 502,1453 501,1452 472,1452 471,1451 408,1450 408,1450 408,1442 407,1441 333,1441 333,1442 333,1450 332,1450 300,1450 300,1451 300,1453 298,1454"/><TextEquiv index="1"><Unicode>“C'eſt juſtement l'âge de notre reine, re-</Unicode></TextEquiv></TextLine><TextLine id="r2_l029"><Coords points="149,1499 148,1499 148,1493 148,1492 147,1492 147,1492 147,1490 146,1489 146,1474 144,1472 145,1471 145,1469 146,1468 146,1455 147,1454 147,1453 147,1452 149,1452 150,1451 152,1453 318,1454 319,1454 319,1453 320,1451 331,1451 332,1450 376,1450 377,1449 407,1449 408,1450 422,1451 423,1451 423,1452 423,1453 593,1453 594,1454 595,1454 597,1456 598,1456 599,1457 599,1461 599,1461 726,1462 727,1461 727,1453 727,1453 732,1453 733,1454 835,1454 836,1454 836,1452 837,1450 838,1450 839,1449 895,1450 896,1449 908,1449 909,1449 909,1450 911,1453 912,1453 914,1454 914,1456 913,1457 912,1497 911,1499 905,1499 904,1498 904,1497 904,1497 903,1497 902,1496 815,1495 814,1496 814,1498 814,1498 812,1498 811,1497 719,1497 718,1497 718,1498 718,1499 655,1499 654,1498 654,1496 654,1496 642,1496 641,1495 547,1494 546,1495 546,1500 546,1500 545,1499 415,1499 414,1500 302,1499 301,1498 187,1498 186,1499 182,1499 181,1500"/><TextEquiv index="1"><Unicode>pris-je.“ Elle rougit, &amp; repartit: Hélas</Unicode></TextEquiv></TextLine><TextLine id="r2_l030"><Coords points="166,1543 165,1543 165,1542 164,1541 164,1539 164,1538 163,1538 162,1538 162,1535 162,1534 146,1534 144,1533 144,1532 145,1531 145,1530 146,1529 146,1518 147,1517 147,1512 148,1511 150,1511 150,1511 150,1500 151,1499 243,1500 244,1499 245,1499 246,1498 595,1499 595,1499 595,1498 596,1497 907,1499 907,1499 907,1506 908,1507 909,1507 911,1509 912,1509 912,1509 912,1510 913,1511 913,1512 914,1513 914,1516 915,1517 915,1525 914,1526 914,1527 912,1530 911,1530 909,1531 909,1542 909,1543 672,1542 671,1543 599,1542 598,1543 598,1544 598,1544 285,1543 284,1544"/><TextEquiv index="1"><Unicode>“je fuis née à peu près dans le même</Unicode></TextEquiv></TextLine><TextLine id="r2_l031"><Coords points="305,1588 304,1587 242,1587 240,1585 240,1580 240,1580 144,1579 143,1579 143,1558 144,1557 144,1556 145,1555 150,1555 150,1555 150,1549 151,1548 151,1546 152,1545 152,1542 153,1541 438,1543 438,1542 438,1541 439,1541 796,1542 796,1542 796,1540 797,1539 804,1539 805,1538 806,1538 807,1539 823,1539 824,1541 824,1550 825,1550 869,1551 870,1552 909,1552 915,1558 915,1560 916,1561 915,1562 915,1569 914,1570 914,1571 913,1572 913,1573 911,1575 911,1586 911,1587 651,1586 649,1588 633,1587 632,1588 314,1587 313,1588"/><TextEquiv index="1"><Unicode>“temps que S. M.; mais quelle différente</Unicode></TextEquiv></TextLine><TextLine id="r2_l032"><Coords points="544,1634 543,1633 543,1632 542,1631 542,1609 542,1608 517,1608 515,1609 515,1619 511,1623 496,1623 495,1624 474,1624 473,1623 441,1623 440,1624 418,1624 417,1625 389,1624 388,1625 387,1625 386,1624 356,1624 355,1623 310,1623 309,1624 221,1624 219,1626 217,1626 216,1625 181,1625 180,1626 178,1625 177,1624 149,1624 149,1625 149,1626 146,1628 143,1628 142,1629 142,1629 142,1606 143,1605 143,1602 145,1600 147,1600 147,1600 147,1598 149,1596 151,1596 151,1597 151,1598 152,1598 181,1599 181,1598 181,1594 182,1593 182,1590 184,1589 187,1589 188,1588 192,1588 192,1588 192,1593 193,1594 220,1594 221,1592 221,1591 224,1588 224,1586 225,1586 227,1586 228,1587 229,1587 230,1588 233,1588 234,1589 247,1589 248,1590 248,1591 249,1592 261,1592 261,1592 261,1597 262,1598 299,1598 300,1597 306,1597 306,1597 306,1594 307,1593 307,1592 309,1590 312,1590 312,1591 312,1600 313,1600 348,1600 349,1599 351,1599 352,1600 354,1600 355,1601 381,1601 381,1601 381,1596 382,1595 382,1592 384,1590 385,1590 386,1589 430,1590 431,1591 449,1591 450,1592 451,1592 452,1593 452,1596 453,1597 462,1597 463,1598 496,1598 496,1597 496,1596 497,1596 523,1596 524,1595 532,1595 533,1594 533,1592 535,1590 536,1590 536,1591 536,1592 537,1592 565,1592 566,1591 567,1591 568,1590 569,1590 570,1589 571,1589 572,1588 574,1588 575,1590 575,1594 576,1595 576,1598 577,1598 624,1598 625,1597 625,1595 626,1594 626,1592 627,1591 627,1589 628,1588 633,1588 633,1589 633,1590 634,1590 642,1591 643,1592 643,1599 644,1600 676,1600 677,1599 678,1599 679,1598 680,1598 680,1597 680,1596 682,1594 682,1593 688,1588 690,1588 691,1587 692,1588 696,1588 697,1589 697,1590 698,1591 698,1592 699,1593 702,1593 702,1593 702,1597 704,1599 746,1599 746,1598 746,1591 748,1590 750,1590 752,1588 754,1588 755,1590 755,1593 756,1594 756,1599 757,1599 795,1599 796,1598 806,1598 807,1597 815,1597 815,1597 815,1593 816,1592 816,1591 817,1590 837,1590 838,1589 838,1588 840,1586 843,1590 843,1591 844,1592 844,1593 846,1594 858,1594 859,1595 860,1595 860,1596 860,1597 862,1598 897,1599 897,1598 897,1596 898,1596 900,1596 901,1595 901,1595 901,1597 902,1598 907,1598 907,1597 907,1587 908,1587 911,1587 911,1587 911,1610 912,1612 913,1612 915,1614 916,1614 917,1614 917,1615 918,1616 918,1618 917,1619 917,1621 916,1622 916,1623 914,1625 914,1626 911,1629 908,1629 906,1631 904,1631 904,1630 904,1621 903,1621 865,1620 864,1621 841,1621 840,1622 816,1622 815,1623 804,1623 802,1621 774,1621 770,1625 747,1625 747,1624 747,1623 746,1623 717,1623 716,1624 716,1626 715,1627 714,1627 710,1623 678,1623 677,1622 649,1622 647,1624 609,1623 608,1624 556,1624 556,1625 556,1632 553,1634"/><TextEquiv index="1"><Unicode>“deſtination! L'une placée ſur le tône,</Unicode></TextEquiv></TextLine></TextRegion><TextRegion id="r3" type="page-number" orientation="-0.0"><Coords points="819,179 819,119 940,119 940,179"/><TextEquiv><Unicode/></TextEquiv><TextLine id="r3_l001"><Coords points="851,128 918,128 918,178 851,178"/><TextEquiv index="1"><Unicode>ri</Unicode></TextEquiv></TextLine></TextRegion></Page></PcGts>