1116 1854
198 107 298 154 ée
181 158 1006 217 “l'autre deſtinée à ſervir. Trop heureuſe
182 214 1006 262 “encore que votre bonté daigne m'agréer
182 257 1006 306 “pour lui rendre les ſervices qui ſeront à
182 304 1006 353 “ma portée! -- Va, mon enfant, lui re-
182 348 1006 397 “partis-je, le bonheur eſt de tous les états,
182 393 1006 443 “auſſi-bien que la ſanté. A en juger par
182 438 1006 488 “ta figure, la reine ne peut pas ſe porter
182 484 1006 532 “mieux que toi, elle n'eſt ſans doute pas
182 529 1006 578 “plus contente que tu dois l'être. Ta phy-
182 574 1006 623 “ſionomie annonce de la ſageſſe & un bon
182 619 1007 669 “caractere. Comporte - toi bien, ſuis les
183 665 1007 713 “conſeils de madame Jovial, & j'aurai
183 711 1007 757 “ſoin de toi: adieu mon enfant.“ Elle me
183 752 1007 804 fit une révérence ſi noble, ſi décente, ſi
183 798 1007 850 reſpectueuſe, que je fus encore ému. Je
183 846 1007 894 me levai, malgré moi, pour lui rendre
183 889 1007 939 le ſalut, & je reſtai tout penſif après ſon
183 936 1007 985 départ. „Quelle taille! me diſois-je, quelle
183 982 1007 1037 “figure angélique! quel air noble & dé-
183 1025 1007 1077 “cent! En venté, Julie ne ſauroit être
183 1070 1007 1123 “plus belle; & de plus cette enfant pa-
183 1114 1008 1166 “roît avoir des ſentiments & de l'ame.
184 1161 1008 1211 “Cela ne cadre point avec ſon habit....
184 1206 1008 1260 “Mais, que dis-je? ſon habit eſt propre;
184 1251 1008 1317 “c'eſt ſa condition qui eſt au deſſous d'elle;
184 1297 782 1343 “le ſort eſt bien injuſte!“
184 1337 1008 1392 Madame Jovial vint me ſervir à -ſou-
184 1387 1008 1440 per. „En vérité, lui dis-je, vous êtes
184 1432 1008 1483 “aveugle; cette fille-là n'eſt point du tout
184 1476 1008 1528 “faite pour ſervir. -- Et qu'a-t-elle donc?
184 1521 1008 1574 “me répondit l'hôteſſe. Vous paroît-elle ſi
184 1568 1009 1630 “gauche? ne lui trouvez- vous pas aſſez
