1116 1854
216 102 280 138 r6a
211 143 986 206 “toi une demoiſelle, mon enfant; mais
212 201 989 250 “prends garde à toi.“ La pauvre enfant
211 244 989 294 baiſſa les yeux, en m'adreſſant à la déro-
211 289 990 340 bée un regard confus. „Allons, travaille,
210 338 988 386 “continua l'hôteſſe en la pouſſant aſſez ru-
211 383 981 431 “dement; ce que je trouvai fort choquant.“
210 427 985 476 La jeune fille ſe mit à faire mon lit, d'un
210 473 987 522 air tout - à - fait délicat, qui annoncoit
209 516 988 566 qu'elle étoit fort adroite; mais qu'elle de-
209 562 985 612 voit être peu accoutumée à ce métier - là.
209 607 987 646 Je me ſentois confus de me faire ſervir
209 655 985 701 par une ſi belle fille. Je ne pus m'empê-
209 699 989 745 cher de l'aider à ſoulever les matelas, que
209 746 986 791 je trouvois trop peſants pour elle. „Oh
206 789 984 837 “parbleu! diſoit madame Jovial, voilà
210 834 986 880 “des complaiſances toutes neuves, vous
210 880 986 927 “n'en aviez pas tant pour mes filles, quand
210 925 984 972 “elles vous rendoient les mêmes ſervices;
207 970 984 1017 “cependant je penſe qu'elles valent bien
207 1014 991 1062 “votre prétendue gouvernante.“ Il faut
211 1058 988 1108 avouer que ſes deux filles étoient deux pe-
209 1103 986 1153 its monſtres auprès de ma Dorothée. J'é-
208 1149 987 1198 tois trop plein de cette belle enfant, pour
206 1194 986 1241 faire attention à ce que diſoit la bonne
204 1240 985 1288 Jovial. Que tje plaignois une ſi charmante
206 1284 984 1333 perſonne d'être obligée de ſervir! que je
207 1329 982 1373 trouvois ce métier au deſſous d'elle! Je
206 1375 981 1423 me pourvus de quelqu'un qui ſe chargea
205 1420 981 1470 de tout ce que je jugeai trop pénible &
207 1466 847 1513 trop vil pour ma belle Dorothée.
208 1499 981 1558 Le grave ami qui devoit me mener à l
204 1556 986 1602 fête des mariages, arriva dans ce moment;
