1116 1854
226 106 295 139 e
221 159 995 207 mérite à tous les aſpirants qui avoient eu
218 204 991 252 la liberté de les fréquenter dans ce lieu
221 250 995 297 Enfin, toutes ces jeunes vierges devant
221 296 1012 343 être bien connues, le grand jour de l'encan
224 343 340 378 arriva.
229 385 994 433 Dans une enceinte immenſe, parée de
221 431 994 479 verdure & de fleurs, qui paroiſſoit autant
221 477 994 524 un jardin qu'une place publique, on avoit
220 521 995 569 élevé des amphithéatres pour contenir tout
220 567 993 614 un peuple. On voyoit, dans le fond, le
222 612 992 659 trône de la reine, & les ſieges du conſeil &
186 656 993 704 des premiers de l'état. Ceux des ſpectateurs
222 703 993 739 étoient vis - à - vis. D'un côté l'on devoit
202 746 992 812 placer les filles à marier, de l'autre les pré-
223 793 378 830 tendants.
219 822 992 885 Une décharge de toute l'artillerie de la
220 883 994 931 ille, donna le ſignal dans les airs; & le
223 928 994 975 ſon de toutes les cloches forma une har-
223 974 993 1019 monie majeſtueuſe. Les tambours, les tim-
218 1019 992 1065 bales, les trompettes, & tous les inſtruments
215 1064 994 1109 guerriers retentirent à la fois. Alors la marche
224 1108 996 1156 s'ouvrit; tous les corps de l'état parurent en
216 1155 994 1202 habit ſolemnels. Les magiſtrats, les prin-
220 1201 994 1249 cipau militaires s'avancerent en ordre;
220 1245 995 1293 enfin la reine vint, portée ſur un palanquin
219 1288 994 1337 éblouiſſant d'or & de pierreries; mais le
218 1332 993 1384 viſage couvert d'une gaze légere, au travers
217 1379 995 1428 de laquelle on ne pouvoit que ſoupconner
219 1426 995 1473 ſon viſage. Chanun prit place: la reine
218 1471 994 1518 monta ſur ſon trône; on ſe proſterna trois
215 1517 993 1564 ſois devant elle, & la muſique recommenca.
195 1561 996 1610 Auſon des inſtruments, vinrnt les jeunes
