1116 1854
199 95 264 150 rrt
190 149 973 197 prendre celle-ci? Et chacun des laiderons
197 195 972 242 fut adjugé à celui qui en demandoit le
196 240 971 287 moins. Toutes paſſerent ainſi l'une après
193 285 970 331 l'autre; il ne reſtoit plus qu'une pauvre
198 329 971 387 fille borgne, horriblement marquée de la
196 376 969 422 petite verole, & ſans nez. La ſomme qui
195 420 968 467 reſtoit ſe trouvoit très-conſidérable; on en
194 463 971 513 déclara le montant au public, & on l'ex-
194 510 968 559 poſa auprès de la laide, en répétant: qui la
172 557 971 603 veut à ce prix? Un aveugle s'écria, moi. La
192 600 970 648 fille l'accepta: on lui donna l'argent avec
196 646 972 695 une couronne; & elle fut placée ſur un petit
196 691 784 737 trône, vis-à-vis de la plus belle.
246 737 972 784 Après que toutes ces demoiſelles eurent
194 781 972 830 trouvé des maris, une nouvelle décharge
193 825 972 875 générale d'artillerie l'annonca au peuple;
195 873 973 910 & les fanfares militaires recommencerent
158 916 971 964 de la maniere la plus éelatante & la plus
192 961 972 1011 gaie. Chaque époux mit une couronne de
196 1004 971 1055 fleurs ſur la tête de ſon épouſe, qui lui en
195 1053 974 1100 rendit une pareille; enſuite ils figurerent
195 1095 974 1144 enſemble des danſes charmantes, & furent
196 1143 974 1189 liés avec des guirlandes de fleurs, par de
195 1187 976 1237 jeunes garcons & de jeunes filles. Je ne dé-
196 1232 977 1281 crirai point les cérémonies de tous ces ma-
197 1276 993 1324 riages; il y eut un mois entier de réjouiſſan-
200 1323 978 1371 ces; & je goûtai par-tout, ou il y avoit
194 1368 979 1415 quelques noces, des plaiſirs très-vifs. Il
196 1413 981 1461 m'arriva ſouvent de danſer avec la ſouve-
193 1457 979 1506 raine; mais elle étoit toujours ou maſquée ou
196 1502 979 1551 voilée; & je déſeſpérois de pouvoir jamais
194 1549 969 1609 voir ſon viſage, qu'on diſoit ſi charmant.
675 1595 983 1647 Cependant
