1116 1854
197 125 977 182 Cependant ma petite gouvernante me
129 167 976 224 faiſoit une impreſſion qui m'étonnoit moi-
129 221 976 271 même. Je devenois timide & rêveur devant
129 266 976 316 elle, & je n'oſois plus lui rien commander.
129 309 976 362 Ce n'étoit plus moi qui étoit le maître. Elle
129 357 976 407 avoit le coup d'œil très - pénétrant. Je
129 404 976 455 voyois que la petite fripponne m'examinoit
129 447 976 497 fort attentivement, & n'étoit pas indiffé-
129 495 976 545 rente relativement à l'impreſſion qu'elle
129 539 976 590 faiſoit ſur moi. Je voulois en vain prendre
128 585 976 635 le ton de maître. Si je lui faiſois quelque
128 630 975 681 careſſe, j'affectois l'air de quelqu'un qui
128 676 975 726 accorde une faveur; elle ſourioit, & ſavoit
128 723 975 777 trop bien qu'elle m'avoit ſubjugué. De jour
128 767 975 825 en jour, mon ton devenoit, malgré moi,
128 811 975 867 plus ſoumis. Je lui prenois ſouvent la main,
128 859 975 908 que je preſſois de mes levres. „Ma chere
128 903 975 954 “petite Dorothée, lui diſois-je, en baiſant
128 949 975 998 “ta main, je crois baiſer celle de la reine.“
128 992 975 1045 En effet S. M. avoit, comme elle, un petit
127 1042 975 1091 ſigne ſur la main droite, & juſtement dans
127 1087 974 1136 le même endroit. C'étoit d'ailleurs la même
127 1132 974 1183 forme, la même blancheur & la même
127 1179 974 1229 délicateſſe. „Oui, ma chere Dorothée,
127 1224 974 1274 “continuois-je, je crois voir en toi la reine;
127 1269 974 1318 “c'eſt la même main, la même taille, les
127 1312 974 1364 “mêmes attitudes, la même démarche. Il
127 1360 974 1409 “n'y a que la figure de cette princeſſe
127 1407 974 1455 “adorée, que je n'ai jamais vue, mais qui
127 1452 974 1500 “ne peut effacer la tienne. Quelque belle
126 1496 974 1546 “qu'on la diſe; car tu es intéreſſante &
126 1540 938 1586 “jolie autant qu'on peut l'être. Enfin, ouiſ-
632 1587 805 1623 H
270 1590 426 1638 Tome II.
864 76 928 119 1e
