1116 1854
874 107 938 147 Lr
145 152 968 208 “l'honneur de trouver que je lui reſſemble;
145 203 967 252 “cependant je ne crois pas que vous m'ayez
145 249 967 297 “jamais vue.“ Je rougis encore comme un
145 293 967 343 imbécille; je ne pouvois imaginer qui avoit
145 338 967 389 pu dire à la reine que je trouvois de la reſ-
145 384 967 431 ſemblance entre elle & ma ſervante. „Ma-
145 427 967 477 “dame, lui répondis-je, je ſupplie V.M.
145 474 967 522 “de me pardonner. Je n'ai jamais encore eu
145 519 967 566 “le bonheur de voir ſon viſage; mais j'ai
145 564 967 614 “admiré, avec tous ſes ſujets, ſa taille &
144 610 967 657 “ſon port, & n'ai pu m'empêcher de re-
144 654 966 703 “connoître que la jeune perſonne dont il
144 699 966 748 “eſt ici queſtion, très-bien élevée, mais
144 744 966 793 “peu favoriſée de la fortune, étoit celle
144 791 966 847 “qui approchoit le plus de V. M. pour tout
144 835 966 884 “l'exterieur. J'oſerois même dire que ſa
144 882 966 929 “voix a beaucoup de la douceur qui flatte
144 926 966 974 “ſi merveilleuſement dans celle de notre
144 972 966 1021 “auguſte ſouveraine. Cela eſt au point que
144 1017 966 1067 “je rougis de me laiſſer ſervir par une per-
144 1062 966 1110 “ſonne ſi charmante; je n'y ai jamais con-
143 1108 965 1156 “ſenti que par force; & dorénavant je ne
143 1154 965 1202 “veux plus ſouffrir une indécence, que je
143 1199 965 1247 “me reproche en ſecret. -- A Dieu ne
143 1242 965 1291 “plaiſe, me répondit la reine, que je cher-
143 1288 965 1337 “che à faire tort à cette fille dans votre
143 1334 965 1382 “eſprit! au contraire, gardez-la; c'eſt moi
143 1380 965 1429 “qui vous la recommande: elle eſt mieux
143 1427 965 1472 “en vos mains qu'en toutes autres; mais
143 1470 965 1518 “qu'elle ſoit bonnement votre ſervante, &
143 1516 965 1563 “non pas votre maîtreſſe; cela vaudra mieux
142 1559 965 1609 “pour elle. Je vais demain à la campagne,
697 1604 809 1646 Ha
