1116 1854
891 132 956 166 Lr.
143 168 998 227 pareil à celui de Marly. J'en demandai le
143 219 997 269 nom à Dorothée, qui me dit qu'il s'appel-
143 261 997 318 loit Marly-neuf. J'en fus encore plus ſurpris,
143 308 997 360 & je lui dis: „j'ai vu le modele de ce châ-
143 356 997 407 “teau en France; ce ſont les mêmes beautés;
143 402 997 460 “mais je doute que j'y puiſſe trouver une
143 446 707 495 “enfant auſſi jolie que vous.“
143 491 997 543 On me donna un appartement ſi beau,
143 536 997 586 que j'en fus étonné; je le témoignai au
143 584 997 631 concierge, qui me dit en ſouriant: „cela
142 628 997 677 “ne doit pas vous étonner; c'eſt celui de la
142 672 996 728 “reine. -- Celui de la reine! répondis - je.
142 717 996 769 “Et où logera-t-elle? -- Où il lui plaira,
142 763 996 812 “répliqua-t-il; croyez-vous qu'il manque
142 808 996 860 “ici des appartements pour S. M.? ſans
142 852 996 901 “doute qu'elle eſt laſſe de celui-ci, puiſ-
142 899 996 946 qu'elle a commandé qu'on vous le donnât.“
142 939 996 995 Quoi qu'il en ſoit, je trouvai cela fort
142 989 996 1040 ſingulier. Il y eut le ſoir un bal maſqué,
142 1034 996 1083 où je fus invité. Cette fête me parut d'un
141 1078 996 1131 brillant, qui égaloit au moins ce qu'on
141 1126 995 1176 voit de plus beau en France dans ce genre,
141 1166 995 1222 & je m'y amuſai beaucoup. Je vis entrer
141 1216 995 1266 dans le bal une jeune perſonne maſquée,
141 1260 995 1310 & miſe avec une grace & une magnificence
141 1306 995 1355 éblouiſſante. C'étoient la taille & la démar-
141 1351 995 1401 che de la reine, ou de ma Dorothée. Je ne
141 1396 995 1456 penſai pas que ce pût être Dorothée; je
141 1445 995 1492 jugeai donc que ce devoit être la reine; tout
141 1489 995 1537 le monde me l'aſſuroit, & le reſpect qu'on
141 1533 995 1580 lui portoit me le garantiſſoit. J'eus l'hon-
140 1578 995 1621 neur de danſer deux ou trois fois avec cette
739 1626 811 1670 HH
