1116 1854
190 151 958 204 ſentois enivré d'amour, & les yeux de ma
191 201 958 248 compagne me diſoient que je ne lui étois
189 247 957 293 pas indifférent. Je ne pus m'empêcher de lui
188 291 962 338 faire des careſſes, d'abord aſſez réſervées,
190 337 962 383 mais qui peu-à-peu devinrent très-preſſan-
190 382 960 428 tes, & qui lui faiſoient une vive impreſſion.
236 426 964 470 Enfin, il fallut nous coucher; nous avions
191 472 964 521 dans l'appartement le lit de la reine, qui
192 517 962 564 étoit magnifique; & dans un petit cabinet,
190 563 962 608 un autre lit plus commun, pour une femme
172 607 962 655 de chambre; Dorothée vouloit s'y retirer:
197 653 965 696 „Non, lui dis-je, ma chere amante; tu as
191 698 961 745 “la figure de la reine, & tu coucheras dans
190 740 962 790 “ſon lit. Il ne ſera pas dit qu'un original
191 788 965 832 “comme moi occupera la couche d'une
190 831 964 882 “ſouveraine, tandis qu'une fille angélique,
189 878 965 923 “comme toi, ſera reléguée dans celui d'une
192 922 963 971 “domeſtique. Je ſerai encore trop honoré
192 969 964 1014 “de te ſervir de valet de chambre.“ A ces
190 1014 963 1063 mots, je me mis à la déshabiller. Elle ne
188 1057 959 1105 ſavoit où elle en étoit, la pauvre enfant;
189 1104 961 1151 elle n'oſoit preſque réſiſter. Je ne peindrai
187 1146 962 1199 pas tout ce qui ſe paſſa entre nous: il faut
189 1191 961 1242 voiler les triomphes remportés ſur la pudeur.
188 1237 960 1278 Nous fûmes entraînés bien au-delà de nos
188 1286 960 1332 intentions, dans un moment critique au-
187 1330 958 1366 deſſus de nos forces. Si l'innocence de mon
189 1374 959 1420 amante, & le reſpect du lieu devoient m'en
189 1418 959 1468 impoſer, je n'étois pas libre. Quelle nuit!
190 1464 967 1512 Accablé de ſommeil & de volupté, je
190 1510 958 1548 m'endormis enfin dans les bras de ma di-
193 1557 302 1594 vinité.
195 102 261 144 éé
