1116 1854
839 106 904 145 Lr.
124 154 906 202 Le lendemain, de grand matin, quand
129 198 947 248 je réfléchis ſur ce que je venois de faire,
126 244 916 290 je me dis: „que penſeroit-on de moi, ſi
124 287 906 336 „l'on ſavoit que j'ai abuſé ſi irreſpectueuſe-
123 335 903 382 “ment de l'appartement de la reines
122 379 908 424 “Quoi! dans le lit même de S. M. attenter
122 422 918 474 “ſans pudeur à la virginité d'une fille ſage
122 470 914 518 “& innocente, dont je devois être le pro-
123 516 908 565 “tecteur! & ſi l'on alloit vouloir me la faire
122 559 907 609 “épouſer!...“ Ces réflexions m'inquié-
126 606 910 653 toient. Je jetai un coup d'œil ſur ma com-
92 651 908 699 pagne de lit; elle étoit adorable.“ Après
124 697 906 744 “tout, me dis-je, ne ſerois-je pas bien
124 741 909 789 “malade quand on me feroit épouſer un
125 788 910 834 “ange?“ Je l'éveillai par mes baiſers: elle
126 831 909 881 ouvrit un œil confus, rougit, & ſe cacha
126 877 909 925 le viſage.“ Oh! ma chere ame, lui dis-je,
128 923 920 970 “regarde - moi, regarde un homme qui
129 968 908 1015 “t'adore. Je te demande pardon. Que
131 1013 910 1052 “l'amour ſoit mon excuſe.“ Je vins à bout
134 1058 909 1101 de la conſoler, en commettant une nouvelle
131 1104 910 1153 offenſe. Nous nous levâmes, elle remit ſes
131 1148 987 1196 habits ordinaires & je la reconduiſis à la
131 1194 910 1240 ville. Elle étoit languiſſante, & plus tou-
132 1238 908 1287 chante encore qu'à l'ordinaire. Elle me ſup-
132 1284 906 1336 plia du moins de lui garder le ſecret; &,
132 1330 907 1376 en me demandant cette grace, elle laiſſa
134 1376 908 1423 tomber une larme, me donna un baiſer, je
132 1421 909 1469 la quittai, avec les proteſtations les plus
135 1466 767 1513 ſolemnelles de l'amour le plus vif.
150 1510 906 1559 La petite perſonne vint faire le lende-
137 1556 910 1601 main ſon ſervice ordinaire, avec ſes petite
