1116 1854
188 146 977 196 habits journaliers, humbles & propres; elle
192 192 976 240 avoit un air plus ſoumis & plus reſpectueux
195 238 976 285 encore que de coutume, s'il eſt poſſible.
196 283 977 330 Je la dévorois des yeux; il me ſembloit
197 328 974 375 qu'elle avoit du plaiſir à me ſervir, & moi
195 370 977 419 j'étois charmé de l'aider, de ſorte que nous
193 417 976 455 fîmes la chambre à nous deux. Cette cham-
194 461 977 510 bre étoit à elle comme à moi; le lit étoit
197 508 976 556 le trône où elle devoit régner. Ayant com-
174 553 977 602 mencé à Marly-neuf il falloit bien qu'elle
200 598 977 646 continuât à Paris-neuf. Ce temps de jouiſ-
203 645 976 691 ſance fut court; mais je le regarde comme
204 688 977 736 un des plus heureux de ma vie. Dorothée
201 734 977 782 fut toujours tendre & ſoumiſe, quoique ado-
203 778 977 825 rée; car je confeſſe que je l'idolâtrois. Je
205 824 975 873 ne penſois qu'à elle; à peine Julie me
205 870 976 917 revenoit-elle quelquefois dans la mémoire.
253 916 978 961 Je voyois ſouvent la reine, qui avoit
207 959 979 1005 toujours ſon maudit maſque; elle me de-
207 1006 977 1052 mandoit quelquefois des nouvelles de ma
195 1051 977 1096 ſervante: je me rappellois toujours alors
206 1092 977 1143 les libertés que j'avois priſes dans le lit
207 1141 975 1188 de S. M. & ce n'étoit pas une choſe à lui
207 1187 343 1223 révéler.
216 1230 971 1278 Cependant j'avançois tous les jours en
206 1276 976 1313 faveur. Les courtiſans en frémiſſoient d'en-
209 1321 977 1369 vie, & me faiſoient très - baſſement leur
210 1366 976 1416 cour. Le miniſtre étoit ulcéré contre moi;
209 1410 975 1460 mais ſon accueil paroiſſoit des plus polis;
209 1457 974 1505 & comme je connois un peu les hommes,
211 1499 974 1550 je n'en ai jamais été ſi las qu'à cette épo-
205 1543 980 1593 que, où j'étois accablé de leurs embraſ-
189 96 253 139 r
