1116 1854
172 103 247 146 rt
182 156 964 204 à ſes pieds, elle me paſſa le cordon avec
184 203 966 247 les cérémonies ordinaires, & d'un air par-
185 248 963 294 faitement calme. Je la regardois de tous
185 293 964 338 mes yeux, & je jurois en moi-même que
185 336 964 385 c'étoit ma Dorothée. Il fallut que le maître
186 381 978 418 des cérémonies me criât bien fort de me
187 428 961 474 lever, tant je m'oubliois aux pieds de la
188 473 982 520 reine. Je me levai enfin hors de moi-
189 518 965 562 même, & ne ſachant ſi je dormois, ou ſi
192 565 380 610 je veillois.
236 609 961 652 Le lendemain Dorothée vint chez moi,
192 654 969 700 avec ſon petit air innocent comme à ſon
193 699 967 746 ordinaire. Je la fixai de l'œil le plus per-
193 744 967 792 cant qu'il me fut poſſible, ſans pouvoir dé-
195 790 968 837 couvrir rien de particulier dans ſes regards.
200 835 968 883 Oh cà, lui dis-je, Madame, je reſpec-
194 881 967 926 “terai tant qu'il vous plaira, l'incognite
194 927 969 973 “que vous voulez garder; je ne reconnoî-
196 972 968 1017 “trai pas ce que vous ne voulez pas que je
194 1016 967 1061 “reconnoiſſe; mais vous me permettrez
194 1061 968 1107 “au moins de ne pas vous manquer au
195 1106 969 1154 “point de me laiſſer ſervir par vous. Si je
196 1151 969 1198 “l'ai fait juſqu'ici, pardonnez à mon igno-
194 1196 970 1242 “rance. A préſent mes yeux ſont ouverts,
197 1242 963 1290 “& je ſuis prêt à vous ſervir à genoux.“
197 1288 971 1334 Dorothée me répondit d'un air tout étonné
198 1331 971 1380 & tout affligé: „Que voulez-vous donc
200 1379 970 1425 “me dire? Eſt-ce que je vous aurois déplu,
199 1423 971 1472 “ou que mes ſervices vous ennuient? --
199 1469 969 1515 “Non, Madame, repris-je, non, j'oſe dire
200 1515 970 1561 “que je vous aime d'un amour reſpectueux,
199 1559 972 1610 “& qui n'altere en rien la profonde véné-
