1116 1854
201 149 979 196 donner un baiſer à ma belle Dorothée,
201 194 981 240 qui me le rendit de tout ſon cœur. „Ma
202 239 981 285 “chere madame Jovial, dis-je à mon hô-
201 285 978 332 “teſſe, ne trouvez-vous pas que c'eſt la
204 331 980 376 “reine? .... Allez, vous êtes fou, inter-
202 375 979 422 “rompit la maligne femme: vous êtes plein
205 420 982 468 “de votre belle, & vous la voyez par-
152 465 981 513 “tout. Pour moi, j'ai parlé vingt fois à
202 510 984 557 “notre ſouveraine; il y a bien quelque
204 555 981 601 “choſe, un faux air de reſſemblance;
204 600 980 643 “mais ma foi! monfieur Merveil, il faut
204 645 977 692 “être amoureux de votre ſervante, pour la
205 690 977 737 “prendre, comme vous faites, pour S. M.“
205 735 982 784 Madame Jovial ſortit, ſans m'avoir con-
197 779 976 828 vaincu: & je dis à ma Dorothée: „J'ai
204 826 979 871 “entendu dire que la reine ne peut ſe ma-
207 869 974 919 “rier, & que, pour avoir de la poſtérité,
205 917 978 962 “elle doit ſe déguiſer, de peur d'être con-
205 962 974 1009 “nue de ceux qu'elle daigne choiſir pour
206 1008 977 1053 “un ſi glorieux emploi; or on ne peut voir
206 1051 976 1100 “une reſſemblance plus frappante que la
205 1097 977 1144 “vôtre avec cette auguſte perſonne, ainſi....
206 1143 976 1190 “-- Ah! mon cher maître, interrompit
206 1188 975 1231 “Dorothée, je vous ai entendu dire auſſi
205 1232 977 1279 “que vous reſſembliez à un jeune homme
202 1278 977 1325 “de Paris; que tout le monde, même ſes
206 1323 976 1370 “parents, vous prenoient pour lui, & que
206 1367 974 1415 “cette reſſemblance a beaucoup influé ſur
205 1412 976 1459 “votre vie. Vous ſaviez bien cependant que
205 1458 969 1504 “vous n'étiez pas ce jeune homme.“
203 1502 974 1552 Cette réponſe me ferma la bouche, &
203 1549 970 1595 je ne ſus plus que répliquer, ni que
201 1593 324 1641 penſer.
174 98 268 132 a
