1116 1854
204 152 915 205 parus devant elle aſſez embarraſſé.
206 197 915 249 avoit un petit air vraiment ſévere, &
205 242 915 295 m'en appercus très-bien; car ſon viſ
151 287 915 338 étoit découvert. Jamais celui de De
206 336 915 383 thée n'avoit annoncé un pareil courre
208 382 915 428 „Qu'eſt - ce que j'apprends, Monſiet
206 425 915 474 “me dit-elle d'un ton fort ſingulier, eſ
207 473 915 519 “vous qui avez l'impertinence de me pr
205 518 915 564 “dre pour votre ſervante? A-t-on jar
205 561 915 611 “concu une pareille abſurdité? Parce
112 607 915 656 “j'ai daigné témoigner quelques bont
206 654 916 701 “ce monſieur, il s'eſt imaginé que j'é
205 698 916 746 “épriſe de lui, au point de me dégu
119 744 916 790 “pour aller tous les jours, par partie
207 788 916 836 “plaiſir, balayer ſa chambre. En véri
207 834 916 882 “je ne ſais qui me tiemt.. Si l'extravaga
207 879 916 925 “n'étoit pas ſi burleſque, que je ne
205 925 916 971 “m'empêcher d'en rire, vous mérite
206 970 916 1016 “que je vous fiſſe punir comme crimi
205 1014 916 1061 “de leſe-majeſté. “ Je voulus m'exci
203 1060 916 1106 ſur l'extrême reſſemblance. „Allez,
203 1105 917 1152 “elle, cette reſſemblance eſt une idée off
205 1151 917 1199 “ſante: votre excuſe eſt un outrage.(
204 1196 917 1242 “je n'entende plus parler de cette
188 1241 917 1303 “tiſe.“ A ces mots elle me congédia
204 1286 493 1333 impérieuſement.
249 1319 917 1379 Sa confidente me dit: „Pour Dieu,
204 1376 917 1424 “parlez de cela à ame qui vive. Vous
205 1422 917 1470 “viendriez le jouet de la cour, ſi
203 1468 917 1515 “tranſpiroit. Figurez-vous un homme a
203 1513 917 1562 “fat pour dire que la reine eſt amoure
201 1558 918 1621 “de lui, juſqu'à ſe rendre ſa ſervante.
