1116 1854
808 121 872 164 L.
99 176 874 220 Je me retirai fort embarraſſé, bien ré-
101 220 873 267 ſolu de ne plus parler de cela, & de me
98 265 875 312 laiſſer ſervir par ma Dorothée, quelle
96 311 873 355 qu'elle fût; car j'en étois venu à ne ſavoir
100 357 418 402 que penſer d'elle.
140 399 874 448 Cependant elle devint groſſe, & dans
96 444 874 493 le même temps on publia la groſſeſſe de
96 490 872 538 la reine; ce qui occaſiona de grandes
94 536 875 583 réjouiſſances. Toute mon incertitude ne put
99 582 875 628 tenir contre tant de preuves. Je me regar-
95 625 876 674 dai donc comme aſſuré que j'étois ſervi par
97 670 879 729 la reine; mais je me gardai bien d'en té-
97 719 341 764 moigner rien.
141 758 877 809 Je m'accoutumois peu-à-peu à recevoir
100 804 877 854 les ſervices d'une ſouveraine que j'adorois;
99 851 878 899 mais la groſſeſſe paroiſſoit tous les jours de
99 897 878 943 plus en plus; & le temps arriva où S. M.,
99 942 948 989 pour cette raiſon, devoit garder la chambre.
97 983 874 1035 Elle fut obligée enfin de me dire un jour,
98 1031 875 1079 après avoir fait mon lit avec aſſez de peine:
106 1078 875 1125 Mon cher maître, je ne pourrai plus
98 1123 874 1170 “vous ſervir d'ici à quelques mois; le mé-
99 1169 875 1206 “decin m'ordonne de reſter chez moi.
100 1214 876 1259 “Il m'en coûtera beaucoup, pour être pri-
100 1257 873 1303 “vée de vous voir; ne vous faites pas
100 1303 871 1349 “ſervir au moins, pendant mon abſence,
99 1347 861 1395 “par une autre femme. Je lui répondis:
101 1393 873 1439 “Il eſt vrai, en effet, que la reine va
101 1439 874 1485 “garder l'appartement, & toi, ma chere
77 1482 874 1530 “Dorothée, qui lui reſſembles tant, il eſt
100 1529 863 1574 “bien juſte que tu faſſes comme elle.“
100 1573 875 1619 En diſant ces mots, je l'accablai de ca-
