1116 1854
805 113 872 157 r
70 159 909 214 qu'on préſenta à tout le monde l'enfant
70 210 908 263 nouveau né qui devoit hériter du trône.
70 253 908 306 Quand ce gage de nos amours vint à moi,
70 301 908 350 la reine me jeta un coup d'œil tendre, qui
70 344 908 393 ſembloit me dire: voilà ta fille, tandis qu'on
70 390 908 439 diſoit à tous les autres voilà votre princeſſe.
70 433 908 485 Beaucoup de gens remarquerent & compri-
70 483 908 531 rent ce coup d'œil; elle s'appercut de ſon
70 527 908 585 imprudence, & m'annonca bientôt ſa crainte
70 573 512 625 par un autre coup dœil.
70 609 908 665 Le leudemain, tandis que nous étions
69 656 907 711 ſeuls, elle me dit: „Mon ami, voilà ta
69 708 907 756 “fille, puiſſe-t-elle être pour moi le gage
69 753 907 803 “d'un amour qui dure autant qu'elle &
69 799 907 846 “nous!“ Des eſpions entendirent ces pa-
69 843 907 891 roles, & en firent leur rapport au gouver-
69 888 907 935 nement. Je n'ai ſu tous ces incidents, que
69 934 907 980 trop long-temps après. L'orage ſe formoit
69 977 907 1030 ſans que nous puſſions le ſoupconner. On
69 1024 907 1073 ne témoigna rien: on laiſſa la reine ter-
69 1069 907 1121 miner ſes couches, & ſe rétablir à ſon aiſe.
68 1110 906 1162 Enfin, déja l'infortunée étoit relevée ſo-
68 1158 906 1208 lemnellement, & elle alloit recommencer
68 1204 906 1253 à me ſervir; un beau matin un exempt de
68 1249 906 1300 la couronne vient chez moi, & me dit:
68 1291 906 1343 “De la part de la nation Francoiſe-Auſ-
68 1339 906 1389 “trale, je vous arrête.“ Surpris, je m'écrie:
68 1386 906 1435 On n'arrête ici que de la part de la reine.
68 1430 906 1490 “On me répond ſur le champ: La reine
68 1474 567 1525 “elle-même eſt arrêtée.“
68 1513 906 1568 Je fus douloureuſement frappé de cette
67 1563 906 1616 nouvelle. „Ah! ma chere reine, dis-je en
