1116 1854
226 120 327 163 Ls.
241 175 1013 223 “moi-même, je ſuis la cauſe de ton mal-
241 222 1013 270 “heur! On s'eſt appercu que tu m'as dé-
241 269 1014 316 “voilé le ſecret de ton rang; & tu vas être
243 313 1009 361 “privée, pour moi, du trône & de la vie.“
241 358 1012 403 Soudain je formai dans moi - même le
243 402 1015 451 projet de délivrer cette adorable victime,
243 449 1017 495 de la remettre ſur le trône, & d'y mon-
245 496 1020 540 ter avec elle. Mais comment conquérir
243 539 1016 587 un royaume, dans un moment où je me
242 584 1019 631 voyois enlever ma liberté, où je n'avois
242 628 1020 677 pas une épée? (Car on m'avoit ſouſtrait
243 674 1021 720 toutes mes armes.) Je jurai cependant
243 718 1019 766 de ſauver mon amante, & de punir mes
245 767 399 800 ennemis.
291 808 1021 858 L'exempt ſeul étoit entré chez moi, je
244 854 1020 897 conſentis à ſortir devant lui, & il me ſui-
226 900 1023 937 vit ſur l'eſcalier. Je trouvai en bas dix fu-
245 943 1023 993 ſiliers. Je méditois profondément comment
243 991 1021 1038 j'échapperois aux mains de ces coquins;
243 1036 1021 1080 je reſtai même un inſtant immobile dans
245 1080 1027 1127 cette ſituation. Un des grenadiers, me voyan
246 1125 1021 1174 arrêté, me pouſſa rudement, & joignit à
247 1170 1022 1218 cette inſolence des paroles injurieuſes. „Ah!
242 1213 1023 1265 “ſcélérats, dis-je en moi-même; j'avois du
248 1260 1021 1308 “ſcrupule de mer aucun de vous autres;
247 1305 1019 1353 “mais ce malheureux ne mérite aucune
247 1348 1018 1398 “pitié.“ Il falloit cependant céder à la
246 1395 1018 1444 force, en attendant que je puſſe m'y ſouſ-
248 1442 1018 1489 traire. Un carroſſe m'attendoit à la porte,
248 1486 1017 1534 avec une eſcouade de vingt cavaliers. Mal-
248 1532 1015 1579 gré mes beaux projets, je fus ſaiſi par ces
244 1576 1016 1624 brigands, empaqueté dans la voiture, con-
