1116 1854
794 85 866 128 r
70 135 903 189 duit & renfermé dans une étroite priſon,
70 183 902 240 jugé ſuivant des loix contre leſquelles je
70 227 902 276 déclamai vainement, & condamné à per-
70 274 902 323 dre la tête. Au bout de peu de jours, je fus
70 318 902 368 conduit ſur un échafaud dreſſé hors de la
70 364 902 414 ville; je vis un peuple immenſe qui me
70 410 902 457 plaignoit; je roulai mes yeux ſur l'aſſem-
70 455 902 502 blée; j'y reconnus pluſieurs amis; qui me
70 499 902 549 firent comprendre, par leurs regards, qu'ils
70 542 902 595 étoient prêts à perdre leurs jours pour me
69 588 902 640 ſauver. Je leur fis ſigne des yeux de ſe réu-
69 636 901 685 nir tous en un peloton; ce qu'ils firent peu-
69 682 901 732 à-peu. Tandis qu'ils ſe diſpoſoient ainſi, pour
69 726 901 782 gagner du temps, je haranguois l'aſſem-
69 771 901 821 blee, & je lui faiſois ſentir l'atrocité d'im-
69 817 901 868 moler le mari de leur ſouveraine, & le pere
69 862 901 912 de l'héritiere du trône. Mon éloquence,
69 908 901 958 mon malheur & mon courage arrachoient
69 953 901 1001 au peuple des larmes de tendreſſe & d'ad-
69 998 901 1058 miration, & le diſpoſoient favorablement
68 1046 326 1094 pour moi.
68 1082 901 1140 Enfin, je vis l'inſtant propice pour échap-
68 1136 900 1183 per aux mains de mes bourreaux. Mon éva-
68 1181 900 1228 ſion va paroître un prodige; mais il faut
68 1224 900 1274 ſonger, comme je l'ai dit, que le vrai n'eſt
68 1270 900 1321 pas toujours vraiſemblable. Le peloton de
68 1314 900 1364 mes amis étoit raſſemblé proche de l'écha-
68 1360 900 1410 faud. Je ſaiſis un moment où perſonne ne
68 1405 900 1455 tenoit le lien dont j'étois garrotté, je m'élance
68 1451 900 1499 au milieu d'eux, ils me recoivent dans leurs
68 1490 900 1545 bras. Le bourreau me ſuit; ils l'écartent à
67 1540 900 1599 grands coups de ſabre; l'un coupe non ſans
