1116 1854
249 142 1017 196 me faire un peu ſaigner, la corde qui
249 194 1018 241 lioit les mains; l'autre me donne une épée
249 241 1017 287 nue; un troiſieme me jette un manteau ſur
248 283 1017 332 les épaules; un quatrieme enfin me met
248 328 1017 378 ſur la tête un grand chapeau bordé, ra-
248 375 1017 421 battu, qui me couvre le viſage. Tout cela
248 418 1016 468 fut l'ouvrage, pour ainſi dire, d'un clin-
248 464 1015 509 d'œil. Les bourreaux & les archers crient:
247 511 1018 557 Arrête! fondent ſur mes amis & les diſſipent.
247 556 1016 604 Le peuple applaudit à ma fuite. Les ſoldats
249 601 1015 650 me cherchent & ne me reconnoiſſent pas
246 645 1015 694 ſous mon déguiſement. Je me coule, le mieux
240 692 1015 741 qu'il m'eſt poſſible, & je me perds dans la
246 737 1016 785 foule. Je ſuis déja loin de la place, qui
245 783 1016 828 étoit hors de la ville. Le maudit grenadier,
246 827 1015 877 à qui j'en voulois déja, me reconnoît, &
246 874 1014 918 me ſaiſit; je lui abandonne mon manteau
246 920 1015 966 & je m'eſquive. Vingt autres accourent; je
246 963 1014 1012 me ſauve & je parviens enfin ſur le bord
246 1008 1016 1057 d'une jetée élevée, au pied de laquelle cou-
243 1054 1017 1101 loit le fleuve. Le déteſtable grenadier m'avoit
244 1099 1017 1147 rattrapé; je lui donne un épouvantable coup
243 1146 1018 1191 de tête dans l'eſtomac: il tombe à la ren-
244 1189 1016 1239 verſe dans l'eau, & je m'élance avec lui.
243 1237 1018 1284 Le ſaut étoit de plus de cent pieds; per-
243 1283 1017 1329 ſonne n'oſa le faire après nous. Le malheu-
243 1327 1016 1373 reux, dans ſa chûte, laiſſa échapper ſon
242 1372 1019 1419 fuſil, dont je m'emparai. Il tomba lui-même
241 1417 1016 1465 la tête ſur le bord d'une chaloupe, ſe dé-
242 1464 1017 1511 battit un moment, & alla s'engouffrer dans
243 1508 1014 1556 un tournant. Pour moi, je me mis à nager
241 1555 1014 1601 de toutes mes forces, afin de gagner l'autre
243 1601 321 1637 rive.
