1116 1854
228 1590 387 1626 Tome Il.
804 97 869 133 L
70 139 937 202 bruit, voient remuer les feuilles, prennent
70 186 791 236 la bête pour moi, & courent après,
70 227 936 283 tirant deſſus. Je ſaute ſur un fuſil des nou-
70 278 936 327 veaux morts, & je tire encore un coup der-
70 323 936 374 riere eux. Un homme en eſt atteint au dos:
70 368 936 417 ils s'imaginent alors avoir pluſieurs enne-
70 411 936 463 mis ſur les bras, & crient: Sauve qui peut!
70 458 936 520 Le déſerteur reſte garrotté, & me demande
70 501 224 553 la vie.
70 549 936 607 Je le reconnois du premier coup d'œil;
69 592 936 644 c'étoit un garcon d'une intrépidité à toute
69 635 935 689 épreuve. „Mon ami, lui dis-je, veux-tu
69 683 935 734 “me ſervir? Songe qu'on t'alloit mener à
69 727 935 780 “la mort, qu'on te peut rattraper: ne vaut-
69 774 935 823 “il pas mieux périr avec moi les armes à
69 817 935 869 “la main, que de te laiſſer caſſer la tête?
69 863 935 917 “-Déliez-moi, me dit-il, & vous ver-
69 910 935 961 “rez ce que je ſais faire.“ Je le déliai,
69 953 935 1003 je l'armai. Il y avoit parmi-les morts, ſur
69 997 935 1049 le champ de bataille, des fuſils de reſte. Me
68 1044 935 1096 voilà bien armé, avec un ſecond; &, par
68 1089 934 1142 mon bonheur autant que par mon courage,
68 1134 934 1195 j'ai déja tant tué que diſſipé une compagnie
68 1182 251 1230 entiere.
68 1219 934 1279 Les ſoldats, qui m'avoient laiſſé échap-
68 1263 934 1320 per ſur la place, venoient à ma pourſuite
68 1317 934 1364 en traverſant le fleuve dans un bateau. Nous
68 1359 934 1411 chargeâmes tous nos fuſils, nous nous ca-
68 1405 934 1462 châmes derriere des buiſſons, & nous ti-
68 1450 934 1499 râmes tout à notre aiſe ſur les ennemis. Nous
68 1495 934 1548 en fîmes périr plufieurs; le reſte rebrouſſa
68 1542 265 1581 chemin.
