1116 1854
131 159 1003 218 marchant ſur les hauteurs, nous avancâmes
131 212 1002 260 vers un endroit très-eſcarpé de la monta-
131 256 1002 309 gne, où le fleuve baignoit préciſément le
131 303 1002 354 pied du roc; ils nous ſuivirent plus bas,
131 349 1002 396 comme ils purent. Nous trouvâmes quan-
131 391 1002 440 tité de pierres énormes, que nous roulâ-
131 437 1002 496 mes ſur eux, & qui tomboient avec eux
131 481 524 537 dans le fleuve.
179 520 1002 576 Ils me paroiſſoient encore au nombre
131 564 1002 620 de plus de deux mille; mais nous nous
130 616 1002 665 étions arrangés de facon qu'il ne pouvoit
130 662 1001 712 pas en échapper un ſeul. Ils ſe jeterent à
130 708 1001 756 genoux, en nous tendant les bras & de-
130 752 1001 799 mandant grace. Nous leur deſcendîmes des
130 795 1001 843 cordes, leur ordonnant d'y attacher leurs
130 842 1001 889 armes, que nous montâmes vers nous. En-
130 884 1001 935 ſuite nous deſcendîmes juſqu'à l'endroit où
130 931 1001 978 ils étoient, & nous les laiſsâmes approcher
130 976 1001 1023 de nous par parties. Plus de deux cents
130 1021 1001 1069 nous prierent d'abord de les engager avec
129 1064 1001 1112 nous: nous les recûmes & leur donnâmes
129 1109 1000 1161 des armes. Nous demandâmes enſuite, à
129 1150 1000 1202 haute voix, s'il y en avoit encore quel-
129 1199 1000 1246 ques-uns qui vouluſſent prendre parti avec
129 1243 1000 1292 nous. Plus de quatre cents nouveaux ſe
129 1285 1000 1337 laiſſerent perſuader. J'enfermai ceux-ci au
129 1332 1000 1381 milieu de nous; mais je ne leur promis des
129 1378 1000 1426 armes que quand je ſerois sûr de leur bonne
129 1421 1000 1473 volonté. Pour les autres, je les fis garrotter,
129 1461 1000 1516 & nous les conduisîmes à notre ſuite. On me
129 1510 1000 1561 conſeilloit de les égorger; mais je rejetai
128 1557 1000 1606 cette propoſition avec horreur. Cette jour-
171 112 253 158 t
