1116 1854
850 115 915 153 att
765 1607 828 1648 LIa
133 163 916 212 née ſi meurtriere ne me coûta pas un ſeul
134 213 279 248 homme.
135 251 916 303 Je ne tardai pas à gagner à mon parti
128 301 915 349 tous mes priſonniers. Je leur fis bientôt
131 347 912 394 rendre à tous leurs armes. Il me vint une
128 390 937 436 foule de déſerteurs, & en deux jours j'eus
127 437 913 484 un régiment complet. Je pillai une eſpece
128 480 914 529 de temple, où des dévotes avoient enterré
129 525 913 573 des bijoux extrêmement précieux, en pré-
133 571 914 618 tendant les conſacrer au Seigneur. Ces bi-
129 617 914 665 joux ne ſervant à rien, pas même aux prê-
134 663 915 710 tres qui avoient la peine de les garder &
135 706 916 754 de les nettoyer, je crus devoir en tirer
132 752 915 801 parti; j'en fis des lingots, & je me donnai
134 796 915 843 les airs de battre monnoie. Je ne tardai pas
137 839 916 895 à lever un ſecond régiment. J'en diſſipai
136 886 916 933 bientôt ſix des ennemis, & j'en recueillis
138 930 918 978 plus de la moitié dans mon armée. Je dis
141 975 919 1021 mon armée, car au bout de dix mois j'en
141 1020 919 1066 avois déja une de dix mille hommes: il
142 1065 917 1114 ne m'en falloit pas davantage. C'étoient
143 1112 918 1159 tous gens déterminés, & qui ſe ſeroient
144 1155 917 1204 jetés dans le feu pour moi, parce que
143 1202 917 1248 je les payois bien, & que je veillois très-
146 1245 917 1292 ſcrupuleuſement à ce qu'ils ne manquaſ-
146 1289 919 1338 ſent de rien. J'allois moi-même ſoigner
119 1335 934 1383 les malades & les bleſſés; je leur parlois
151 1380 917 1427 à tous comme à mes amis particuliers;
135 1424 919 1471 & je les avois accoutumés à la diſcipline
149 1471 922 1516 la plus exacte, ſans aucuns châtiments;
150 1515 920 1561 par la raiſon qu'il n'y avoit point chez
151 1558 916 1603 moi de diſtinction de naiſſance; que le
