1116 1854
171 103 269 139 sc
186 149 965 200 mérite ſeul élevoit les hommes; qu'il n'y
187 199 962 246 avoit entr'eux que la différence des gra-
184 242 964 290 des, auxquels chacun étoit sûr de parve-
183 288 961 337 nir s'il ſe comportoit bien, ſans aucun paſſe-
183 334 961 382 droit. La principale peine que j'infligeois,
184 379 961 426 & qui faiſoit autant d'impreſſion que la
183 423 963 471 mort en d'autres lieux, étoit de chaſſer
183 468 959 514 de mon ſervice ceux qui s'en montroiens
182 514 401 561 indignes.
188 559 959 606 Je crus devoir enfin m'emparer d'une
182 604 958 651 place d'armes: il ne me fut pas difficile
183 647 955 696 d'y réuſſir. Le peuple étoit pour moi; ma
183 692 956 744 réputation de bienfaiſance l'avoit gagné.
182 739 957 786 Dès que je fus maître de cette ville, qui
182 784 960 830 étoit aſſez grande, j'eus ſoin d'y chercher
182 827 955 876 les hommes de la probité la plus reconnue.
181 874 955 922 On m'en préſenta ſix qui paroiſſoient très-
179 920 958 966 honnêtes. Je les queſtionnai; je leur don-
180 964 958 1011 nai occaſion de m'ouvrir leur ame, & j'en
174 1009 957 1058 découvris deux entr'autres, qui paroiſſoient
182 1052 957 1102 avoir la vertu la plus épurée. Je m'infor-
180 1099 956 1148 mai d'eux quelles étoient les perſonnes en
156 1144 955 1191 place qui avoient commis le plus d'in-
180 1189 958 1239 juſtices: quels étoient les torts les plus
181 1234 954 1284 ctiants qu'on avoit faits au public & aux
180 1278 978 1328 particuliers; & quels pouvoient être, d'un
181 1324 953 1373 autre côté, les plus honnêtes gens, les
179 1369 953 1419 plus éclairés, ceux qui avoient fait le plus
180 1414 950 1461 de bien. D'après les informations les plus
179 1459 952 1509 exactes, je punis les gens en place cou-
177 1504 950 1556 pables, je dépoſai les perſonnes inhabiles,
174 1549 948 1596 je leur en ſubſtituai de plus capables,
