1116 1854
840 103 938 140 R
735 1588 830 1647 L
115 148 979 209 ayant égard ſeulement au mérite; je ré-
116 203 979 254 compenſai tous ceux que j'en crus dignes;
116 248 979 300 je réparai toutes les injuſtices; je pourvus
116 290 979 344 au bien du public, en m'informant de ſes
117 336 980 389 beſoins, en y apportant les remedes néceſ-
117 381 980 434 ſaires, en allant moi-même ſoulager les
117 427 980 479 moindres particuliers, juſques dans leurs
117 472 981 523 maiſons. Enfin je devins, en peu de jours,
118 518 981 568 l'idole de ce peuple. Je fis la même choſe
118 562 981 612 dans toutes les villes dont je prenois poſ-
118 608 982 667 ſeſſion, & toutes m'ouvirent leurs portes
119 656 415 702 d'elles-mêmes.
119 684 982 750 Ma réputation s'étendoit de jour en
119 742 982 794 jour, & mon parti ſe fortifioit. J'avois
119 788 983 839 déja ſous mes loix un grand nombre de
120 830 983 884 villes, & une étendue confidérable de
120 877 983 931 pays. Chacun vantoit mes bonnes quali-
120 922 984 976 tés; & comme on ſavoit que j'étois d'un
121 967 984 1020 autre hémiſphere, on m'appelloit le géné-
121 1013 984 1066 ral de l'autre monde. Le peuple, qui ne
121 1059 985 1111 connoiſſoit pas d'autre continent que le ſien,
122 1103 985 1154 s'imaginoit qu'on vouloit dire par-là que
122 1146 985 1199 j'étois d'un autre univers, d'un ſéjour cé-
122 1192 985 1246 leſte, & par conſéquent d'une nature ſu-
122 1236 986 1290 périeure: il n'en avoit que plus de con-
123 1283 986 1336 fiance & de reſpect pour moi. Les grands
123 1328 986 1378 eux-mêmes, & juſqu'aux princes, venoient
123 1374 987 1425 ſe ranger ſous mes drapeaux; mais cette
124 1417 987 1470 nouvelle acquiſition fut plus pénible à mé-
124 1461 987 1515 nager que le reſte. Ces nobles prétendoient
124 1509 987 1558 commander, & regardoient comme un
124 1553 988 1602 affront de ſervir ſous un homme de rien
