1116 1854
201 119 270 150 o.
200 161 978 210 il ne me fut pas difficile d'en trouver la
203 208 979 254 porte, & de la faire enfoncer. J'y introduis
206 252 981 300 mes gens chargés d'une poutre énorme,
204 298 984 345 pour briſer la grille de fer qui donnoit ſur
204 343 983 389 la place. Je les charge de traverſer le ſou-
206 388 986 435 terrain, d'attendre, quand ils ſeront arri-
205 432 986 480 vés, que je leur donne le ſignal de deſſus
204 478 989 524 la place même; & de ſortir alors, en fai-
204 523 983 561 ſant un feu d'enfer. Je les laiſſe marcher
205 566 980 616 ſous terre; & pour moi je me rends à dé-
207 614 982 660 couvert au pied des murs. Je grimpe par
207 659 981 703 deſfus la muraille, dans un endroit où je
207 703 983 750 ne pouvois être vu; j'entre dans la ville
205 746 982 795 déguiſé en prêtre du pays; (car il y avoit
206 792 981 839 auſſi des prêtres dans cette extrémité du
206 836 980 885 monde.) J'avois les épaules couvertes d'un
206 882 981 931 manteau, ſous lequel j'étois cuiraſſé & ar-
207 928 982 975 mé de toutes pieces. Il y avoit dans chaque
206 974 981 1020 rue double rangée de ſoldats, la baïon-
207 1018 981 1065 nette au bout du fuſil. On laiſſoit paſſer le
207 1064 980 1110 peuple dans le milieu. On me prit pour un
207 1108 996 1154 bon eccléſiaſtique, & l'on me laiſſa avancer.
208 1154 980 1200 Je me rendis ſur la place qui étoit immenſe.
206 1199 993 1247 Il y avoit bien dans ſon enceinte juſqu'à
207 1245 999 1291 cinq mille hommes, raugés en armes le
208 1288 998 1335 long des maiſons, ſur cinq d'épaiſſeur. La
208 1332 997 1380 foule étoit fort preſſée au milieuDans le
210 1376 980 1414 centre s'élevoit l'échafaud redoutable. Il
211 1423 995 1479 n'étoit que trop vrai; la reine alloit y êne
211 1469 992 1515 décapitee; elle y montoit juſtement quand
210 1514 999 1561 j'arrivai. Elle fut la premiere qui me frappa
209 1560 1001 1606 la vue. Je la vis revêtue de noir, grande,
