1116 1854
870 110 939 144 ac
145 151 943 204 Cependant, autant pour me diſtraire
145 201 940 247 que pour me mettre en état de mieux
148 243 939 293 gouverner mon royaume, en le connoiſ-
146 290 937 338 ſant mieux, je réſolus de le parcourir &
147 334 940 383 de l'examiner de mes propres yeux; mais
144 380 937 428 je voulus obſerver le plus rigoureux inco-
143 425 941 472 gnito. Pour en venir à bout, je feignis
136 470 940 518 d'être attaqué d'une maladie de langueur,
146 514 940 562 qui me forcoit de garder le lit, & de ne
149 558 938 607 me laiſſer voir de perſonne. Je me dégui-
146 602 936 653 ſai très - ſoigneuſement; j'embraſſai mon
147 645 936 698 épouſe; notre féparation fut d'une ten-
144 694 937 740 dreſſe inexprimable: jamais je ne l'ai tant
149 739 936 788 vue pleurer. Il m'en coûta beaucoup pour
153 785 937 833 me ſéparer d'elle; & je partis avec mon
150 831 937 877 miniſtre intime, qui étoit mon ami. J'en
127 874 938 922 avois un autre de la plus haute naiſſance,
157 919 836 967 qui ne faiſoit guere que repréſenter.
207 966 938 1012 Loin d'être pris pour un roi, je ne vou-
158 1007 938 1056 lus pas même qu'on me prît pour un ſei-
159 1052 936 1104 gneur. Je me mis enfin dans cet état mé-
157 1097 937 1147 diocre où l'on peut entendre la vérité,
161 1144 936 1192 parce que les hommes ne daignent pas ſe
159 1188 941 1238 déguiſer devant nous. On me parla beau-
161 1233 935 1282 coup du roi ſur la route; & j'avoue que
161 1278 936 1326 je fus un peu trompé dans l'idée que j'avois
143 1323 935 1370 de ma réputation. D'après ce que mes cour-
166 1367 938 1410 tiſans m'avoient dit, je me flattois d'enten-
164 1414 937 1460 dre chanter par - tout mes louanges, &
166 1457 937 1504 beaucoup de monde, au contraire, diſoit
166 1501 933 1547 aſſez volontiers du mal de moi. Ce qu'il y
165 1548 935 1611 ade plus piquant, c'eſt que la plupart
