1116 1854
177 158 954 211 du temps le monde avoit raiſon. J'étois
175 210 953 256 fort ſurpris de voir qu'on connoiſſoit tous
176 253 958 312 mes défauts. Perſonne n'ignoroit que j'étois
179 298 955 345 arrivé entiérement nu: cependant, a tout
178 343 952 392 prendre, il faut avouer que dans ce qu'on
180 390 951 436 diſoit de moi, le bien l'emportoit ſur le
180 434 953 481 mal. Il eſt vrai que je me donnois infatiga-
164 478 953 525 blement des ſoins pour me faire bénir de
180 526 955 572 mon peuple; mais c'étoit toujours un grand
178 571 951 616 crime pour moi d'être étranger; je vis bien
179 615 949 672 qu'on ne me le pardonneroit jamais: mais
180 662 542 707 comment faire?
214 694 950 750 Quoique ce pays ne ſoit pas loin de
180 748 1004 795 la mer, il n'a point de ports de mer.
179 793 950 839 La ſituation en eſt ſinguliere. Le royaume
179 838 948 884 eſt à peu près auſſi grand que la France;
178 883 950 931 la chaleur du climat eſt preſque la même,
181 927 947 975 quoiqu'il ſoit plus loin de la ligne. Ce pays
173 973 946 1019 enfermé de montagnes, eſt garanti des
175 1016 947 1063 vents froids, & conſerve preſque toujours
177 1061 948 1108 une température aſſez uniforme. Autant
177 1106 946 1152 que j'en puis juger, ce doit être une grande
176 1151 945 1199 preſqu'iſle, dont l'iſthme eſt ſans doure ca-
177 1196 944 1242 ché, parce que la mer de chaque côté
176 1239 945 1287 eſt couverte de glaces énormes, ce qui
176 1287 945 1331 doit faire prendre cette terre pour une
176 1330 944 1378 iſle. Sur les bords de la mer regnent preſ-
174 1376 943 1420 que par-tout des rochers eſcarpés, ina-
174 1419 941 1465 bordés & inſurmontables. Dans les endroits
172 1463 941 1511 où ces rochers ſont éloignés de la mer,
172 1507 943 1556 les rives n'offrent que des ſables déſerts. Au
173 1552 942 1605 milieu de cette immenſe vallée, fermée
180 109 246 147 sre
