1116 1854
855 120 924 152 LaiR
144 165 930 220 de tous côtés, le pays eſt riant & enchan-
144 221 929 265 teur. On ne peut guere y entrer que par
142 262 928 309 des fentes de rochers, qu'il eſt preſque
140 306 930 353 impoſſible de découvrir. C'eſt - là ce qui
140 351 931 399 forme la sûreté de cet empire, en le faiſant
139 394 930 444 ignorer des Européens, qui peut-être auſſi
139 442 930 488 n'y trouveroient pas leur avantage, s'ils
146 485 935 532 vouloient y pénétrer. Les naturels du pays
144 530 933 576 ſont preſque auſſi policés que les Francois.
137 576 934 622 Ils m'ont paru d'auſſi bonne mine; & j'ai
151 621 933 665 trouvé les femmes charmantes. Ce peuple a
154 666 933 712 tous les arts de l'Europe, ſans oublier ce-
149 711 932 757 lui de la guerre. Il a nos armes & tout
112 753 931 801 ce que nous poſſédons, excepté nos vaiſ-
112 798 939 847 ſeaux, la navigation lui étant inconnue
160 843 940 891 à raiſon de ſa poſition. Ainſi, les Auſtro-
158 889 932 934 Francs ne verſent leur ſang que ſur la
149 945 336 971 terre.
209 976 932 1025 J'ai déja parlé du plaiſir que j'éprou-
161 1023 932 1070 vois à retrouver ma vie obſcure. Depuis
165 1069 930 1116 que je ſuis redevenu ſimple particulier,
150 1114 932 1161 je n'ai jamais regretté le rang de roi;
161 1156 933 1203 étant roi, j'ai ſouvent regretté celui de par-
166 1206 299 1243 ticulier.
163 1245 931 1293 Que je vis de maux auxquels je croyois
165 1291 933 1336 avoir remédié! Que j'en vis d'autres aux-
157 1336 935 1385 quels je ne pouvois remédier! Je ne détaille
164 1381 931 1430 point tout ce que je reconnus dans ma
164 1425 931 1473 tournée. Beaucoup de miſere, comme par-
166 1471 932 1517 tout ailleurs; beaucoup d'injuſtices commi-
165 1515 972 1561 ſes en mon nom; un petit nombre de gens
155 1557 931 1610 blaſés regorgeant de richeſſes; un bien plus
