1116 1854
109 129 894 181 hommes, plus vils que les eſclaves, étoient
127 178 894 226 rabaiſſés à la condition des bêtes. Chacun
126 222 894 270 d'eux portoit le nom de l'animal dont il
128 265 892 315 rempliſſoit les fonctions: l'un étoit un che-
126 313 892 366 val, l'autre un âne, l'autre un chien,
124 359 368 403 ainſi du reſte.
110 394 893 450 On conçoit à quel point je devois être
109 445 897 496 indigné de tant d'horreurs. J'arrivai à la
105 493 895 540 ville dans les réflexions les plus déſeſpé-
130 538 897 585 rantes, & je fus ſur le champ conduit au
111 582 906 631 marché. Je me rappelle que ſur toute la
127 627 898 675 route, mes furies avoient paru s'amuſer à
128 674 900 721 me maltraiter plus que les autres. „Coquin,
131 718 898 765 “diſoient-elles en me fouettant, tu as l'air
133 763 898 811 “étranger, tu es peut-être de la vile na-
130 808 897 855 “tion du roi. Oh! ſi nous le tenions, comme
130 852 897 899 “nous le fouetterions! que n'es-tu lui! nous
113 897 898 946 “aurions le plaiſir d'avoir un roi pour notre
106 943 898 989 “jouet. Mais voyez ce gredin, nous croire
132 987 897 1035 “ſous ſa protection! On dit qu'il eſt malade:
130 1032 898 1078 “puiſſe-t-il crever!„A chaque mot qu'el-
130 1077 897 1125 les diſoient, nouveaux coups de fouet de
129 1122 898 1170 leur part; à chaque coup de fouet, nou-
129 1167 896 1214 velle grimace de la mienne; & ce jeu
128 1212 898 1262 paroiſſoit les amuſer beaucoup plus que
127 1261 211 1302 moi.
178 1301 897 1350 Enfin nous arrivâmes, comme je l'ai dit,
127 1347 897 1395 ſur le marché des hommes; il y en avoit
130 1388 898 1439 là une quantité prodigieuſe expoſés en
133 1437 899 1484 vente. Ce ſpectacle me paroiſſoit doulou-
129 1482 896 1529 reuſement comique. Tous ces hommes
123 1525 899 1585 étoient nus, à la réſerve d'une ceinture,
828 79 891 122 i.
