1116 1854
856 90 922 124 sr
140 126 922 182 choit de me déguiſer, & qui m'embar-
144 178 922 227 raſſoit beaucoup. Je cherchai à connoître
142 225 920 274 mes compagnons d'eſclavage, tant de la
139 270 921 318 maiſon que de la ville. Je vis que la plu-
139 316 920 365 part nés dans leur ſort abject, avilis par la
146 363 921 408 maniere dont on les traitoit, paroiſſoient
143 406 921 455 preſque bornés au ſeul inſtinct, comme les
142 452 920 499 bêtes qu'ils repréſentoient, & qu'ils ſe
141 499 920 545 croyoient bonnement d'une nature très-in-
141 540 920 590 férieure aux femmes, qui, de leur côté,
139 589 920 635 croyoient auſſi, de la meilleure foi du
137 634 921 680 monde, les hommes d'une eſpece au deſ-
137 678 919 727 ſous de la leur. J'eus pitié de mon ſexe,
138 723 920 781 & je ne me rebutai pas dans mes recher-
140 774 237 808 ches.
137 807 921 864 Il me falloit trouver quelqu'un qui pût
136 859 919 908 aller inſtruire de mon malheur la reine
138 905 922 954 mon épouſe, ou raſſembler quelques dé-
137 952 922 998 terminés qui puſſent m'aider à ſecouer le
137 997 922 1045 joug de l'eſclavage. Un jour je vis dans
140 1041 924 1090 une petite rue écartée un grand drôle bien
140 1085 923 1136 bâti, à qui une femme à propos de bottes
145 1134 924 1171 vint donner un ſoufflet. Il lui en rendit un
149 1179 924 1227 plus peſant qui la jeta par terre. Vingt
149 1223 924 1271 commeres accoururent pour défendre leur
150 1270 923 1317 voiſine, animant tant qu'elles pouvoient
138 1315 924 1358 leurs eſclaves à ſauter ſur le rebelle, comme
148 1361 925 1408 on aiguillonne les dogues au combat du tau-
133 1406 949 1454 reau. Peu de ces malheureux oſerent s'y
149 1449 924 1501 frotter. Je défendis le généreux eſclave;
152 1496 925 1543 je diſtribuois aux dames des ſoufflers à
155 1538 925 1586 droite & à gauche; & chaque ſoufflet
258 1588 410 1623 rome Il.
715 1588 787 1627 I
