1116 1854
213 105 279 130 L
208 147 980 197 très-bornée. On les formoit cependant aux
210 195 978 244 métiers les plus groſſiers. Les femmes ſa-
209 239 980 288 voient bien qu'ils étoient plus forts qu'elles;
209 282 982 335 & ces déeſſes leur faiſoient remplir les fonc-
208 332 983 379 tions les plus pénibles. On n'avoit point
207 373 982 424 d'autres chevaux qu'eux dans la province;
206 421 982 469 ils portoient & traînoient les fardeaux, les
207 468 984 515 voitures & la charrue. Ils travailloient aux
210 511 982 561 métiers de forgerons & autres ſemblables,
210 559 984 607 mais toujours ſous la direction des femmes
210 601 984 651 qui les conduiſoient à coups de fouet: pour
211 649 985 697 en être les maîtreſſes, elles les tenoient
213 691 985 740 toujours enchaînés. Les chaînes étoient même
210 736 982 788 faites de facon que, pour peu qu'on les
210 784 982 832 tirât, il entroit des pointes dans la chair
210 827 983 877 des captifs; & l'on ne manquoit pas de
213 874 983 919 les tirer, s'ils s'aviſoient de réſiſter. D'ail-
212 918 982 970 leurs, les femmes portoient les armes;
213 966 982 1011 pour les moindres fautes elles faiſoient ſouf-
213 1011 983 1058 frir aux hommes des punitions cruelles; &
214 1056 983 1105 la mort ne leur coûtoit pas beaucoup à
214 1100 985 1150 donner. Enfin, les malheureux mâles étoient
217 1146 984 1193 avilis, écraſés: n'ayant jamais connu d'au-
218 1190 983 1240 tres état, ils ſe croyoient bonnement nés
217 1238 984 1286 pour celui - là; & il ne leur venoit pas
219 1281 983 1329 dans l'idée de chercher à ſecouer cet in-
220 1328 500 1375 digne eſclavage.
229 1370 984 1422 Il falloit pourtant bien que les cruelles
223 1411 984 1467 Virago daignaſſent ſe familiariſer avec les
221 1462 987 1511 hommes, pour avoir de la poſtérité; mais
225 1508 987 1556 cela ſe faiſoit ſolemnellement dans des
227 1553 986 1606 temples, où des hommes étoient nourris
