1116 1854
701 1615 798 1662 l
153 159 925 216 & engraiſſés, pour ſervir d'étalons. De peur
154 210 927 262 que le mêlange des ſexes n'enfantât quelque
151 259 925 305 déſordre dans les familles, on mettoit aux
152 302 925 351 hommes une ceinture ſinguliere, qui ne les
153 350 925 399 gênoit point, & dont chaque mere de
154 392 927 443 famille avoit la clef D'ailleurs, on inſpiroit
156 440 928 487 aux filles tant d'horreur & de mépris pour
157 481 927 533 eux, qu'il falloit que le tempérament fût
154 530 925 583 bien fort, pour l'emporter ſur le préjugé.
158 577 927 624 On conçoit que les hommes, de leur côté,
158 620 927 666 ne devoient pas être fort tentés par ces
157 665 926 714 Mégeres. On n'aime point des maitreſſes
158 711 929 764 impérieuſes, dont on reçoit un traitement
160 757 930 804 cruel; & ces grenadieres, brûlées du ſoleil,
157 803 930 848 vivant comme des hommes, n'avoient pas
159 847 627 893 des attraits bien touchants.
163 888 930 939 Malgré tous ces obſtacles qui régnoient
159 935 931 988 entre les deux ſexes, on faiſoit beaucoup
159 981 931 1029 l'amour, c'eſt-à-dire, qu'il y avoit beau-
160 1029 930 1076 coup de libertinage. Toutes les femmes à
161 1069 933 1122 leur aiſe avoient de jeunes garcons qu'elles
163 1119 932 1167 entretenoient, & dont elles étoient folles,
163 1160 935 1208 C'étoient les dames qui faiſoient leur cour
165 1209 933 1255 aux hommes. Plus elles les aviliſſoient quand
165 1255 936 1300 elles ne les aimoient pas, plus elles s'avi-
162 1299 935 1347 liſſoient devant eux quand elles les aimoient;
165 1344 935 1391 mais elles avoient la clef de la ceinture;
166 1385 937 1435 & il falloit que les hommes fuſſent toujours
165 1435 936 1482 à leurs ordres. Les plus riches dames avoient
163 1479 521 1515 des ſerrails entiers.
148 1521 934 1573 La fille aînée de ma maîtreſſe s'amou-
168 1570 933 1617 racha de moi. Elle loua une petite maiſon
858 117 923 157 t
