1116 1854
198 184 976 231 & m'y entretint, comme nous en uſons à
198 229 974 277 l'égard des filles à Paris. Pluſieurs dames
157 274 972 323 jalouſes voulurent m'enlever. J'avois tous les
199 321 973 368 jours chez moi un cercle d'adoratrices; &
195 364 968 412 je fus pendant quelque temps la beauté du
197 411 1007 457 jour. Il faut noter que les filles jouiſſent
198 455 970 503 dans ce pays-là d'une très-grande liberté.
198 498 976 550 Quand elles ont atteint l'âge de dix-huit ans,
198 544 975 593 elles vont au temple ſe faire élever à la di-
197 592 972 639 gnité de femmes. Alors elles ſont maîtreſſes
196 635 971 680 de leurs actions. Leur mere les établit; elles
197 682 971 726 ont une maiſon & des eſclaves à elles,
197 727 971 773 dont elles font ce qu'elles veulent, & dont
200 773 517 811 elles ont la clef.
243 816 970 865 Ma maîtreſſe étoit fort jolie, ſa mere
196 862 969 909 m'avoit cédé à elle; cette jeune folle
196 910 969 953 m'aimoit à l'adoration; mais c'étoit un
195 954 968 1001 amour de libertinage. D'ailleurs je rougiſſois
195 998 968 1045 du rôle infame qu'elle me faiſoit jouer, & je
195 1044 966 1087 n'eus jamais tant d'envie de ſortir de ce
195 1086 965 1135 maudit pays. Mon amante étoit une des
193 1133 964 1184 principales officieres de la garniſon de la
195 1178 966 1228 citadelle. Je tirai parti de ſon amour, pour
194 1223 963 1272 m'introduire dans cette fortereſſe; j'y fis
196 1268 963 1315 entrer auſſi pluſieurs de mes camarades; &
194 1314 963 1361 nous ne tardâmes pas à nous procurer des
193 1359 959 1405 armes pour plus de cent perſonnes. Nous
193 1403 960 1450 examinâmes auſſi le local, & nous prîmes
193 1449 961 1496 toutes nos dimenſions pour nous emparer à
193 1495 596 1542 loiſir de ce château.
236 1540 963 1585 Le jour que nous avions choiſi pour cette
189 1581 958 1632 expédition, nous sûmes nous gliſſer dans la
203 137 268 164 aa
