1116 1854
140 185 917 237 citadelle, au nombre de cent. Nous nous
138 237 917 284 armâmes au ſignal convenu. Nous nous
137 281 914 329 réunîmes en corps; nous pouſsâmes un eri
137 328 915 374 mâle & terrible, qui fit trembler toute la
137 373 916 420 garniſon femelle: nous lui ordonnâmes de
137 417 917 475 mettre, bas les armes. Ces pauvres femmes
137 461 915 510 étonnees, hors d'elles - mêmes, obéirent.
137 506 916 556 Nous les mîmes toutes au cachot, & nous
136 553 914 602 nous avancâmes dans la ville. Un régiment
135 599 914 647 femelle ſe préſenta; la premiere décharge
138 645 918 693 de mouſqueterie le diſſipa. Les ennemies
136 687 916 737 voulurent ſe faire défendre par leurs eſ-
139 736 917 782 claves, en leur promettant de quoi boire.
139 779 919 828 Nous leur offrîmes la liberté; & une grande
141 826 917 873 partie de ces malheureux ſe rangea de notre
125 866 916 917 côté. Le reſte ne ſoutint pas trois décharges:
143 915 921 963 alors les femmes ne firent plus que ſe ſauver,
130 962 920 1009 en pouſſant des hurlements. Nos eſclaves
144 1008 919 1053 vouloient les mettre toutes en pieces; ce
144 1049 920 1098 que je ne permis pas. Il falloit contenir ces
146 1098 917 1144 hommes furieux; & je me gardai bien
146 1141 934 1187 d'abord de leur faire ôter leur chaîne. „Il
147 1188 917 1234 “vaut mieux, leur dis-je, garder les femmes
149 1231 919 1279 “pour nous ſervir que de les égorger. Vous
147 1276 922 1325 “étiez leurs eſclaves, mes amis, elles ſeront
147 1321 921 1370 “les vôtres.“ Ce peu de mots flatta mes
146 1368 922 1415 barbares; mais j'eus beaucoup plus de peine
148 1412 921 1459 à défendre les amazones qu'à les vaincre.
147 1458 921 1505 Bientôt elles implorerent notre clémence,
149 1502 915 1551 en mettant bas les armes, & ſe jetant à nos
147 1545 922 1596 pieds. Je les fis dépouiller toutes juſqu'à la
144 1591 920 1639 chemiſe. J'ordonnai qu'on garrottât celles
847 139 914 181 Laa
702 1638 780 1681 Ila
