1116 1854
205 121 275 160 aa
203 167 981 216 qui avoient quelques grades dans la milice
204 213 979 261 & dans le gouvernement; & je fis fouet-
204 257 978 304 ter ces élues l'une après l'autre, ſur le der-
201 303 992 354 riere, à la face des hommes, parmi leſquels
202 349 981 396 s'éleva ce rire inextinguible dont parle
203 398 406 443 Homere.
249 438 978 489 Tout étoit déja ſoumis, quand le ſecours
205 485 978 533 arriva de la part de mon épouſe. Je me
202 531 978 578 ſervis de ces troupes pour ſubjuguer les
206 576 978 623 cœurs des femmes. Mes jeunes officiers
205 621 979 671 s'attacherent aux plus aimables, qui furent
203 666 980 718 plus charmées de ſe voir courtiſées par des
203 710 978 762 jolis hommes, que ſervies à genoux par de
204 756 978 805 vilains eſclaves. En peu de temps leur auſ-
203 803 979 849 térité s'humaniſa; elles comprirent que,
204 846 979 898 pour être heureuſes, il falloit que femmes,
203 892 977 942 vécuſſent en femmes. Les plaiſirs vin-
203 937 980 986 rent ſourire dans ce ſéjour, où pluſieurs
203 983 978 1031 beautés m'avouerent qu'ils étoient inconnus
203 1027 978 1076 auparavant. Ces-femmes, plus civiliſées,
203 1072 975 1121 devinrent plus jolies Je donnai des fêtes
202 1118 972 1167 voluptueuſes, qui les enchanterent, & je
201 1164 974 1213 régnai ſur les cœurs. Moi-même je me
201 1207 973 1258 permis quelquefois de profiter avec les plus
201 1252 971 1300 aimables de l'abſence de ma femme. Cette
200 1300 972 1348 nation ſe mélangea entiérement avec la
201 1344 994 1390 mienne; & ce pays devint une province
200 1388 970 1438 de mon royaume parfaitement ſemblable
200 1434 968 1483 aux autres pour les mœurs & le gouver-
199 1477 969 1529 nement. Je rétablis mon ſexe dans ſa dignité,
195 1524 970 1574 & je confinai l'autre dans ſes graces. Je
196 1569 968 1616 diſtribuai aux laboureurs de mes états, les
