<PcGts xmlns="http://schema.primaresearch.org/PAGE/gts/pagecontent/2017-07-15" xmlns:xsi="http://www.w3.org/2001/XMLSchema-instance" xsi:schemaLocation="http://schema.primaresearch.org/PAGE/gts/pagecontent/2017-07-15 http://schema.primaresearch.org/PAGE/gts/pagecontent/2017-07-15/pagecontent.xsd"><Metadata><Creator/><Created>2020-09-22T09:24:01</Created><LastChange>1970-01-01T00:00:00</LastChange><Comments/></Metadata><Page imageFilename="0231.png" imageHeight="1854" imageWidth="1116"><ReadingOrder><OrderedGroup id="g1"><RegionRefIndexed index="0" regionRef="r1"/><RegionRefIndexed index="1" regionRef="r3"/><RegionRefIndexed index="2" regionRef="r4"/></OrderedGroup></ReadingOrder><TextRegion id="r1" type="page-number" orientation="-0.0"><Coords points="874,90 873,91 851,91 850,92 849,92 848,93 848,95 847,96 847,97 844,99 844,108 847,111 847,120 848,121 863,121 864,122 864,123 865,123 866,125 866,128 867,128 869,129 891,129 892,130 892,132 893,133 929,133 931,130 950,130 950,129 951,128 951,119 947,119 946,118 947,117 955,117 955,107 954,106 954,101 944,101 943,100 943,91 942,90"/><TextEquiv><Unicode/></TextEquiv><TextLine id="r1_l001"><Coords points="861,95 941,95 941,130 861,130"/><TextEquiv index="1"><Unicode>aa5-</Unicode></TextEquiv></TextLine></TextRegion><ImageRegion id="r2"><Coords points="314,127 314,59 759,59 759,127"/></ImageRegion><TextRegion id="r3" type="paragraph" orientation="-0.0"><Coords points="141,1592 146,130 980,137 985,1592"/><TextEquiv><Unicode/></TextEquiv><TextLine id="r3_l001"><Coords points="742,187 741,187 741,175 741,174 738,174 737,175 693,175 692,176 692,179 691,180 690,180 690,176 690,175 647,175 646,174 626,174 625,173 597,173 596,174 583,174 582,175 570,175 569,176 569,183 569,183 567,183 566,183 566,176 566,175 560,175 559,176 559,177 559,177 556,175 556,174 556,173 555,173 554,172 528,172 527,173 527,175 526,176 526,183 524,185 522,185 521,184 513,184 512,183 503,183 501,182 501,174 501,173 470,173 469,174 469,185 469,185 468,185 466,184 466,181 466,180 446,180 445,179 432,179 430,178 430,176 430,175 401,175 400,176 400,177 400,177 386,177 385,176 377,176 375,175 375,174 375,173 347,173 346,174 346,177 345,178 345,179 344,180 342,178 333,178 332,177 331,177 330,177 330,175 330,174 321,174 320,174 321,173 321,157 321,156 295,156 294,157 294,167 293,168 293,169 292,170 292,171 290,173 288,173 287,174 282,174 281,175 270,175 269,176 268,175 241,175 240,176 240,177 239,178 239,179 239,179 238,178 217,178 216,177 202,177 201,176 175,176 174,177 174,179 173,180 172,180 171,181 164,181 163,181 163,180 162,179 162,176 159,173 159,171 158,170 158,168 157,167 157,165 158,164 158,161 159,160 159,157 161,155 162,155 163,154 165,154 166,153 181,153 182,152 182,148 185,145 185,144 189,140 213,140 214,139 215,139 216,138 218,141 218,142 219,142 221,142 221,143 221,152 222,152 244,152 245,151 260,151 261,150 262,151 291,151 292,152 293,152 294,154 294,155 295,155 321,155 321,155 321,154 323,152 324,152 325,151 326,151 327,150 362,150 363,149 374,149 374,149 374,142 375,141 376,141 377,140 378,140 379,139 382,139 382,140 382,146 383,147 383,151 384,151 410,151 412,149 414,149 416,151 466,151 467,152 497,152 497,152 497,143 499,141 501,141 502,140 503,140 504,139 507,139 507,140 507,152 508,152 523,152 525,154 526,154 527,155 553,155 554,154 555,154 556,153 561,153 562,152 581,152 582,153 597,153 598,154 624,154 625,153 627,153 628,152 628,150 629,149 629,146 634,141 636,141 637,140 647,140 648,139 649,141 649,153 650,153 753,153 754,154 781,154 782,153 802,153 802,153 802,145 803,144 803,143 804,142 805,142 806,141 807,141 808,140 812,140 813,141 814,141 816,144 816,151 817,151 850,151 850,151 850,145 852,143 868,143 869,144 876,144 876,145 876,153 877,153 906,153 909,157 909,160 910,160 935,160 935,161 935,163 936,164 936,180 937,180 938,180 938,181 938,182 937,183 936,183 935,182 934,182 932,181 932,166 932,165 931,165 930,166 930,168 929,169 928,169 927,170 912,170 911,171 911,173 910,174 889,174 888,175 856,175 855,176 855,178 853,180 853,181 852,182 852,183 852,183 851,183 850,184 848,182 823,182 822,182 822,176 822,175 782,175 781,176 781,178 780,179 780,180 779,181 778,181 775,184 757,184 756,184 756,175 756,174 744,174 743,175 743,187 743,187"/><TextEquiv index="1"><Unicode>eſclaves malotrus de ces femmes; &amp; j'en-</Unicode></TextEquiv></TextLine><TextLine id="r3_l002"><Coords points="657,233 656,233 656,222 656,221 655,221 654,220 614,220 613,221 600,221 599,222 574,222 573,223 573,230 573,230 570,230 569,231 563,231 562,232 560,232 559,231 558,231 557,231 557,225 557,224 556,224 555,224 555,222 555,221 515,221 514,222 513,222 512,222 512,220 512,219 492,219 490,217 459,217 458,218 445,218 444,219 436,219 435,220 434,220 433,220 433,219 433,218 380,218 378,220 378,221 378,221 358,221 357,222 355,222 354,222 354,219 354,218 325,218 324,219 323,219 322,220 322,227 320,229 319,229 318,230 317,229 313,229 311,227 279,227 276,225 276,221 276,220 219,220 218,221 218,223 216,225 216,226 215,227 215,228 213,230 211,230 210,231 209,231 208,230 206,230 205,230 205,229 204,228 204,220 204,219 169,219 167,218 167,216 166,215 166,212 165,211 165,209 164,208 164,207 163,206 163,205 163,204 162,204 158,201 159,200 159,199 160,198 248,198 248,198 248,191 249,190 249,188 250,187 254,187 254,188 254,189 255,190 255,202 256,203 256,210 257,210 309,210 309,210 309,201 312,198 314,198 315,197 341,197 342,196 373,196 374,197 417,197 417,197 417,188 418,187 419,187 420,186 421,186 423,184 425,184 425,185 425,188 426,189 426,191 427,192 427,197 428,197 457,197 458,198 460,198 461,199 491,199 492,198 493,198 494,197 516,197 517,198 582,198 582,198 582,189 583,188 585,188 587,186 590,186 590,187 590,193 591,194 591,199 592,199 622,199 623,198 660,198 661,199 667,199 667,200 667,201 668,202 668,212 669,212 720,212 720,212 720,207 721,206 721,203 725,199 728,199 729,198 730,198 730,198 730,189 732,187 734,187 735,186 736,186 737,185 738,186 739,186 740,187 743,187 743,188 743,191 744,192 744,199 745,199 787,199 790,196 792,196 792,197 792,198 793,198 817,198 817,198 817,188 819,186 822,186 822,187 822,188 823,189 823,190 824,191 824,192 825,193 825,195 827,197 827,199 828,199 864,199 864,199 864,192 865,191 865,190 866,189 897,189 898,188 899,188 900,187 901,187 902,186 903,187 904,187 905,188 914,188 915,190 915,199 916,199 930,199 932,202 932,214 933,215 933,222 929,226 928,226 928,224 928,223 905,223 904,223 904,221 904,220 870,220 869,221 869,222 868,223 868,224 867,225 867,227 865,229 863,229 862,229 862,221 862,220 827,220 826,221 796,221 794,219 758,219 757,220 739,220 738,221 726,221 725,221 725,220 725,219 695,219 694,220 694,223 692,225 692,226 691,227 689,227 688,228 686,228 685,228 685,222 685,221 663,221 662,222 662,233 662,233"/><TextEquiv index="1"><Unicode>voyai, pour les remplacer, de très-jolis</Unicode></TextEquiv></TextLine><TextLine id="r3_l003"><Coords points="349,277 348,277 348,264 348,263 341,263 340,264 340,270 340,270 309,270 308,271 308,272 305,275 294,275 293,274 292,274 291,274 291,273 290,272 290,265 290,264 251,264 250,265 250,266 249,267 248,267 246,265 186,265 185,266 177,266 176,267 176,277 176,277 166,277 165,277 165,275 165,274 161,274 159,273 159,245 160,244 161,244 161,244 161,235 165,231 167,231 168,232 170,232 171,233 172,233 172,234 172,235 173,236 173,243 174,243 262,243 263,242 306,242 307,241 308,241 309,242 341,242 342,241 344,241 345,242 361,242 362,243 363,243 364,245 364,247 365,247 392,247 392,247 392,233 393,232 402,232 403,231 406,231 407,232 416,232 417,233 418,233 419,234 422,234 423,235 424,235 424,236 424,241 425,242 425,243 426,243 441,243 442,244 443,244 445,247 445,249 446,249 476,249 477,248 477,247 478,246 479,246 480,245 481,245 482,244 483,244 484,243 515,243 517,241 518,241 519,242 532,242 532,243 532,244 533,244 550,244 551,245 582,245 583,244 590,244 591,243 600,243 601,244 656,244 656,244 656,234 657,233 662,233 662,234 662,243 663,243 713,243 714,244 716,244 717,246 717,247 718,248 718,249 719,250 719,256 720,256 770,256 770,256 770,236 771,235 771,234 772,233 774,233 775,232 777,232 778,231 779,231 780,233 780,243 781,243 812,243 813,244 814,244 814,245 814,248 815,248 846,248 849,245 851,245 852,244 854,244 854,244 854,235 855,234 856,234 857,233 858,233 859,232 860,232 861,231 862,231 864,234 864,245 865,245 897,245 898,244 922,244 923,243 930,243 931,244 932,244 933,246 933,266 932,267 931,267 930,268 930,272 930,272 929,272 928,271 927,271 926,271 926,269 926,268 917,268 916,267 914,267 913,266 878,266 877,267 876,267 875,266 856,266 855,265 805,265 804,266 800,266 799,267 799,273 799,273 786,273 785,274 783,274 781,273 781,266 781,265 746,265 745,266 745,268 741,272 739,272 738,273 737,273 735,272 735,267 735,266 711,266 710,265 635,265 634,266 634,271 634,271 631,271 630,271 630,267 630,266 627,266 626,265 586,265 585,264 553,264 552,265 551,265 550,266 543,266 542,265 503,265 502,264 481,264 477,261 477,260 477,259 446,259 445,260 445,261 444,262 444,263 443,264 440,264 439,265 428,265 427,266 427,267 427,267 425,266 425,265 425,264 370,264 369,263 352,263 351,264 351,277 351,277"/><TextEquiv index="1"><Unicode>jeunes gens. De cette maniere, les deux</Unicode></TextEquiv></TextLine><TextLine id="r3_l004"><Coords points="819,321 816,319 816,312 816,311 588,311 586,313 443,313 442,314 442,320 441,321 437,321 436,321 436,313 436,312 171,312 170,313 169,312 168,312 167,312 167,311 167,310 158,310 157,309 156,309 155,309 155,291 157,289 158,289 159,288 159,286 160,285 160,283 161,282 161,280 163,278 164,278 165,277 273,277 276,274 287,274 287,275 287,277 288,277 570,277 571,276 700,276 702,274 704,276 739,276 740,277 846,277 848,280 848,289 849,289 882,289 883,290 903,290 908,296 908,302 909,302 938,302 938,303 938,305 939,306 938,307 935,307 934,308 934,312 933,313 933,314 933,314 932,314 927,319 829,319 827,321"/><TextEquiv index="1"><Unicode>ſexes ſe mirent naturellement à leur place,</Unicode></TextEquiv></TextLine><TextLine id="r3_l005"><Coords points="531,367 530,367 530,357 530,356 516,356 515,355 462,355 461,354 322,354 321,355 294,355 293,354 218,354 217,355 174,355 173,356 166,356 165,355 164,355 163,354 162,354 157,350 157,349 156,348 156,345 157,344 157,341 158,340 158,329 159,328 159,326 162,323 163,323 164,322 167,322 168,321 168,318 170,316 172,319 172,320 173,320 215,320 215,321 215,325 216,325 227,325 228,326 230,326 230,327 230,333 231,333 275,333 276,332 276,324 278,322 279,322 280,321 281,321 282,320 284,320 285,321 288,321 288,322 288,333 289,333 344,333 344,333 344,329 345,328 345,327 347,325 347,324 349,322 350,322 351,321 352,321 353,320 358,320 359,321 364,321 365,323 365,331 366,331 385,331 386,332 433,332 433,332 433,330 434,329 434,327 435,326 435,322 436,321 441,321 441,322 441,323 442,323 503,323 504,322 507,322 508,323 516,323 517,324 566,324 567,325 569,325 570,327 570,332 571,333 571,334 572,334 648,334 648,334 648,330 649,329 649,328 652,325 652,324 653,323 654,323 655,322 656,322 657,321 667,321 669,323 684,323 685,325 685,333 686,333 717,333 718,334 777,334 777,334 777,333 778,332 778,331 779,330 781,332 793,332 794,333 858,333 858,333 858,331 859,330 859,328 860,327 860,325 861,324 861,321 864,318 865,318 867,321 867,334 868,334 901,334 902,335 905,335 906,336 907,336 908,338 908,339 909,340 909,343 910,343 934,343 935,344 936,344 936,345 936,345 934,345 930,349 930,350 929,351 928,351 926,353 926,362 925,363 924,363 922,362 922,361 921,360 921,357 921,356 864,356 862,358 860,356 859,356 858,355 774,355 773,356 676,356 675,357 674,356 673,356 672,355 624,355 622,357 621,356 533,356 532,357 532,367 532,367"/><TextEquiv index="1"><Unicode>&amp; l'ordre fut rétabli. Pour faire cette révo-</Unicode></TextEquiv></TextLine><TextLine id="r3_l006"><Coords points="820,413 819,413 819,412 819,411 473,411 472,411 472,410 472,409 252,409 251,409 251,404 251,403 184,403 183,402 182,402 181,401 166,401 165,400 160,400 158,399 158,370 160,368 163,368 165,366 165,364 166,363 167,363 167,364 167,365 169,366 325,366 327,368 785,368 786,367 788,367 788,368 788,378 789,378 814,378 815,379 886,379 887,380 907,380 908,381 927,381 928,382 929,382 930,383 931,383 931,384 931,400 932,401 930,403 930,406 927,409 926,409 925,410 823,410 822,411 822,413 822,413"/><TextEquiv index="1"><Unicode>lution, il ne m'en coûta pas un homme;</Unicode></TextEquiv></TextLine><TextLine id="r3_l007"><Coords points="760,459 759,459 759,458 759,457 369,457 368,458 368,459 368,459 363,459 362,459 362,458 362,457 155,457 154,457 156,455 157,455 158,454 308,454 308,454 308,449 308,448 168,448 166,447 166,446 166,445 165,445 160,441 160,440 159,439 159,435 160,434 160,421 161,420 161,415 165,411 166,411 167,410 169,410 170,411 171,411 172,412 244,412 244,413 244,415 245,415 730,415 732,413 904,413 905,412 907,412 909,415 909,424 910,424 926,424 927,425 935,425 936,426 938,426 938,427 938,440 937,441 936,441 933,444 931,444 929,446 929,458 929,458 762,458 761,459"/><TextEquiv index="1"><Unicode>&amp; il n'y eut guere qu'une vingtaine de</Unicode></TextEquiv></TextLine><TextLine id="r3_l008"><Coords points="167,506 165,505 165,492 165,491 162,491 159,489 159,460 159,459 156,459 154,458 155,457 159,457 159,457 159,454 160,453 168,453 169,452 170,452 170,453 170,456 171,456 176,456 177,457 180,457 181,458 184,458 185,459 185,460 185,469 186,469 257,469 258,470 289,470 290,469 291,470 330,470 331,469 362,469 362,469 362,460 363,459 368,459 368,460 368,471 369,471 401,471 402,470 450,470 451,469 472,469 474,467 475,468 476,468 477,469 494,469 495,470 563,470 564,469 578,469 579,468 597,468 597,468 597,462 599,460 601,460 603,458 605,458 605,459 605,462 606,463 606,470 607,470 640,470 641,469 647,469 648,470 691,470 691,470 691,461 693,459 694,459 695,458 699,458 700,460 700,470 701,470 757,470 757,470 757,460 758,459 762,459 763,461 763,469 764,469 793,469 794,470 816,470 817,471 818,471 819,472 823,472 824,473 825,473 825,474 825,484 826,484 833,484 833,485 833,486 832,487 829,487 828,488 828,489 827,490 827,491 826,492 793,492 792,493 792,504 792,504 788,504 787,504 787,493 787,492 756,492 755,493 754,493 754,492 754,491 718,491 717,492 717,493 717,493 716,493 715,492 713,492 712,491 624,491 623,492 608,492 607,493 606,493 606,492 606,491 579,491 578,490 547,490 546,491 541,491 540,492 525,492 524,491 483,491 482,490 473,490 451,490 450,491 421,491 420,492 407,492 406,491 393,491 392,490 351,490 350,491 350,500 349,501 337,501 336,502 333,502 332,503 331,502 327,502 325,501 325,500 325,499 324,499 323,499 323,491 323,490 293,490 292,491 242,491 241,492 174,492 173,493 173,496 173,496 172,495 171,495 170,495 170,494 169,492 168,493 168,506 168,506"/><TextEquiv index="1"><Unicode>femmes qui montrerent leur derriere.</Unicode></TextEquiv></TextLine><TextLine id="r3_l009"><Coords points="866,549 865,549 865,546 865,545 456,545 455,546 455,548 455,548 300,548 299,548 299,546 299,545 167,545 165,544 166,543 166,542 167,541 299,541 299,541 299,540 298,540 297,540 297,538 297,537 209,537 206,535 207,534 207,533 208,532 208,507 210,505 211,505 212,504 456,504 457,503 562,503 563,502 565,502 566,503 817,503 819,506 819,512 820,512 828,512 830,514 925,514 926,515 928,515 929,516 934,516 935,517 936,517 936,518 936,519 937,520 937,521 936,522 936,548 936,548 935,548 934,549"/><TextEquiv index="1"><Unicode>La reine voulut elle - même viſiter ce</Unicode></TextEquiv></TextLine><TextLine id="r3_l010"><Coords points="171,595 170,594 169,594 168,593 162,593 160,592 160,566 159,565 160,564 160,563 162,561 166,561 167,560 168,560 169,559 176,559 177,560 238,560 240,562 279,562 279,562 279,561 282,558 282,555 284,553 284,552 290,546 297,546 298,548 298,560 299,560 322,560 323,559 324,560 406,560 406,560 406,550 408,548 410,548 412,551 412,560 413,560 446,560 447,559 447,554 448,553 448,550 450,548 455,548 455,549 455,560 456,560 499,560 499,560 499,551 500,550 501,550 502,549 503,549 505,547 507,547 508,549 508,550 509,551 509,559 510,559 567,559 568,560 615,560 615,560 615,553 616,552 616,551 617,550 620,550 622,548 624,548 625,549 636,549 636,550 636,551 637,552 637,560 638,560 677,560 678,561 704,561 704,561 704,548 705,547 707,547 708,548 709,548 709,549 709,550 710,551 710,553 711,554 711,555 712,556 712,560 713,560 746,560 747,559 774,559 775,560 812,560 812,560 812,551 814,549 817,549 818,551 818,552 819,552 851,552 852,551 852,550 854,548 856,548 857,547 860,547 861,548 863,548 864,549 932,549 932,550 932,562 933,562 934,562 934,563 934,574 935,574 936,574 936,575 935,576 933,576 932,577 932,578 930,580 930,581 928,583 928,586 928,586 925,586 923,588 920,588 919,588 919,583 919,582 891,582 890,581 720,581 719,582 707,582 706,581 654,581 652,583 650,583 649,582 648,582 647,581 604,581 603,582 603,593 602,594 601,593 599,593 598,593 598,582 598,581 552,581 550,583 549,582 448,582 447,581 370,581 369,582 357,582 356,581 303,581 302,582 301,582 300,581 297,581 296,580 260,580 258,582 256,582 255,581 242,581 241,582 241,594 241,594 240,594 239,594 239,582 239,581 219,581 217,583 217,584 216,585 216,587 215,588 215,589 212,592 183,592 182,593 182,595 182,595"/><TextEquiv index="1"><Unicode>pays: ſon arrivée donna lieu à une infinité</Unicode></TextEquiv></TextLine><TextLine id="r3_l011"><Coords points="345,640 344,640 344,638 342,636 342,635 342,634 307,634 306,634 306,628 306,627 230,627 229,628 229,631 228,632 228,633 228,633 227,633 226,634 225,634 224,635 224,636 224,636 220,636 219,636 219,629 219,628 174,628 173,629 173,630 173,630 172,630 170,628 168,628 167,627 166,627 163,625 163,624 161,622 161,620 160,619 160,615 161,614 161,612 162,611 162,610 163,609 166,606 168,606 169,605 170,605 170,605 170,597 172,595 226,595 228,593 235,593 236,594 242,594 242,595 242,600 243,601 243,603 244,603 255,603 257,605 288,605 289,606 338,606 339,605 379,605 379,605 379,597 381,595 383,595 385,598 385,605 386,605 441,605 441,605 441,595 442,594 446,594 447,596 447,605 448,605 513,605 514,604 532,604 532,604 532,598 535,595 536,595 537,594 538,594 539,593 588,593 589,592 596,592 596,593 596,594 597,595 597,605 598,605 684,605 684,605 684,593 685,592 687,592 688,593 689,593 690,594 722,594 723,595 732,595 733,596 734,596 736,599 736,605 737,605 798,605 799,604 900,604 900,604 900,597 902,595 903,595 904,594 908,594 909,596 909,606 910,606 936,606 937,607 938,607 938,608 938,612 937,613 936,613 935,614 935,623 935,623 934,623 931,626 930,626 929,627 928,627 924,631 922,631 921,632 920,632 920,631 920,630 919,630 918,630 918,628 918,627 858,627 857,628 857,632 852,637 849,637 848,638 843,638 842,637 840,637 837,634 836,634 835,634 835,627 835,626 724,626 723,627 674,627 673,628 672,627 616,627 615,626 558,626 557,627 536,627 535,626 482,626 481,627 481,628 481,628 459,628 458,627 355,627 354,628 354,640 354,640"/><TextEquiv index="1"><Unicode>de fêtes, qui mirent le ſceau à l'ouvrage de</Unicode></TextEquiv></TextLine><TextLine id="r3_l012"><Coords points="166,685 165,685 165,673 165,672 164,672 162,671 162,644 161,643 161,641 162,640 164,640 166,638 582,638 583,639 896,639 896,640 896,651 897,651 936,651 937,653 937,665 937,665 933,665 932,666 932,667 931,668 931,670 927,674 927,676 927,676 850,676 849,677 849,680 848,681 845,679 845,675 845,674 348,674 347,675 347,684 347,684 171,684 170,685"/><TextEquiv index="1"><Unicode>la converſion de ces femmes. Toutes les</Unicode></TextEquiv></TextLine><TextLine id="r3_l013"><Coords points="921,732 920,732 920,724 920,723 885,723 883,725 881,725 880,726 879,726 878,727 877,727 875,726 875,719 875,718 857,718 856,717 789,717 788,718 764,718 763,717 731,717 730,718 730,730 730,730 729,730 728,730 728,718 728,717 695,717 694,718 654,718 653,719 652,719 651,718 587,718 586,717 473,717 472,718 472,730 472,730 470,730 469,730 469,718 469,717 419,717 417,719 415,717 352,717 351,718 350,718 349,719 315,719 313,721 313,722 312,723 312,724 311,725 311,726 310,727 309,727 308,728 304,728 303,729 298,729 297,730 295,729 295,726 294,725 294,720 294,719 190,719 189,720 174,720 173,721 173,726 172,727 165,727 164,728 162,728 160,727 160,699 162,697 163,697 163,697 163,688 164,687 164,686 165,685 171,685 173,687 174,687 174,688 175,689 175,696 176,696 197,696 198,695 340,695 340,695 340,694 341,693 341,692 342,691 342,690 343,689 343,686 345,684 347,684 348,686 348,688 349,689 349,690 350,691 350,693 352,694 363,694 363,695 363,696 364,696 428,696 429,695 451,695 452,694 486,694 486,694 486,687 488,685 490,685 492,683 495,683 495,684 495,695 496,695 575,695 576,694 577,695 660,695 660,695 660,687 661,686 663,686 664,685 665,685 666,684 678,684 679,683 680,683 681,685 681,695 682,695 812,695 813,694 830,694 831,695 860,695 861,696 862,696 863,697 909,697 909,697 909,687 911,685 924,685 925,684 929,684 930,685 934,685 935,687 935,712 936,712 937,712 937,713 937,713 935,713 934,714 934,731 933,732"/><TextEquiv index="1"><Unicode>jeunes goûterent les nouvelles mœurs; il</Unicode></TextEquiv></TextLine><TextLine id="r3_l014"><Coords points="890,776 889,776 889,774 889,773 885,773 884,773 884,765 884,764 848,764 847,765 846,764 809,764 807,766 807,767 806,768 805,768 804,769 803,769 802,770 796,770 795,771 794,770 793,770 792,770 792,764 792,763 749,763 748,764 748,772 748,772 745,772 744,772 744,764 744,763 712,763 711,762 671,762 670,763 650,763 649,762 599,762 598,763 594,763 593,764 593,775 593,775 590,775 589,775 589,763 589,762 548,762 546,764 546,771 545,772 544,772 543,772 543,764 543,763 492,763 491,764 490,763 473,763 472,762 422,762 409,762 408,763 407,762 405,762 404,761 367,761 366,762 350,762 349,763 330,763 329,764 329,773 328,774 326,774 325,773 322,773 321,772 320,772 319,772 319,763 319,762 265,762 264,763 215,763 214,764 214,775 214,775 213,775 212,775 212,764 212,763 209,763 207,765 207,766 206,767 206,768 205,769 205,770 204,771 204,772 204,772 203,772 202,773 201,773 200,774 198,774 197,773 196,773 195,773 195,772 194,771 194,764 194,763 168,763 167,762 163,762 161,761 161,744 162,743 162,742 163,741 166,741 167,740 186,740 186,740 186,734 188,732 190,732 191,731 192,732 193,732 194,734 194,735 195,736 195,741 196,741 269,741 270,740 285,740 286,739 287,739 288,740 328,740 329,741 385,741 385,741 385,733 388,730 389,730 391,728 394,728 394,729 394,735 395,736 395,741 396,741 468,741 468,741 468,731 469,730 512,730 513,729 526,729 527,728 528,728 529,730 529,732 530,733 530,741 531,741 544,741 545,742 585,742 585,742 585,735 589,731 590,731 591,730 592,730 593,729 595,729 597,731 634,731 635,730 636,730 637,729 638,729 639,731 639,741 640,741 690,741 690,741 690,734 692,732 693,732 694,731 695,731 697,729 700,729 701,730 748,730 749,729 751,729 752,728 753,728 754,730 754,741 755,741 769,741 770,742 789,742 790,744 790,753 791,753 834,753 834,753 834,747 835,746 835,729 836,728 840,728 841,730 841,732 842,733 842,735 844,737 844,741 845,741 890,741 891,740 892,741 920,741 920,741 920,733 921,732 933,732 933,733 933,742 934,743 934,759 934,759 933,759 932,760 932,762 931,763 931,764 930,765 930,772 930,772 896,772 895,773 892,773 891,774 891,776 891,776"/><TextEquiv index="1"><Unicode>n'y eut que les vieilles &amp; les laides, à qui</Unicode></TextEquiv></TextLine><TextLine id="r3_l015"><Coords points="771,820 770,820 770,807 770,806 761,806 760,807 759,807 758,808 738,808 737,809 737,810 737,810 722,810 721,811 721,812 720,813 720,816 719,817 718,817 717,818 713,818 712,819 708,819 707,818 705,818 702,816 702,814 701,813 701,809 701,808 680,808 679,807 653,807 639,807 638,808 634,808 633,807 631,807 630,806 629,806 628,805 615,805 614,806 614,817 614,817 613,817 611,816 611,806 611,805 596,805 594,807 592,807 591,806 545,806 544,807 543,807 542,808 540,808 539,807 536,807 535,806 483,806 482,807 480,807 479,808 478,808 477,807 433,807 432,808 432,812 432,812 431,812 431,809 431,808 401,808 400,809 390,809 389,810 389,816 388,817 388,818 388,818 387,818 386,818 386,809 385,807 318,807 317,808 317,817 316,818 315,818 313,817 313,808 313,807 282,807 281,808 247,808 246,809 246,812 240,818 239,818 238,817 237,817 236,817 236,809 236,808 211,808 210,807 179,807 178,808 169,808 168,809 168,810 167,811 167,812 167,812 166,812 164,811 164,809 164,808 162,808 161,808 161,792 160,791 160,789 161,788 162,788 163,787 165,787 166,786 205,786 205,786 205,779 206,778 206,777 207,776 209,776 210,775 215,775 216,776 247,776 248,778 248,786 249,786 356,786 356,786 356,778 360,774 363,774 363,775 363,785 364,785 389,785 390,786 512,786 513,785 524,785 525,786 571,786 571,786 571,784 572,783 572,782 575,779 575,778 578,775 579,775 581,773 586,773 587,774 588,774 589,775 594,775 594,776 594,786 598,789 629,789 631,787 642,787 642,787 642,780 643,779 643,778 644,777 646,777 648,775 651,775 651,776 651,782 652,782 655,782 655,783 655,786 657,787 689,787 690,786 748,786 749,785 751,785 752,786 754,786 757,789 788,789 790,787 793,787 794,786 794,778 796,776 797,776 799,774 803,774 803,775 803,779 804,780 804,787 805,787 821,787 822,788 853,788 854,787 855,787 856,786 856,785 857,784 857,781 859,779 859,778 861,776 862,776 863,775 864,775 865,774 869,774 871,776 893,776 893,777 893,786 894,786 910,786 911,787 929,787 930,788 937,788 938,790 938,803 937,804 933,804 932,805 932,817 932,817 928,817 926,816 926,815 925,814 925,813 924,811 923,811 922,810 917,810 916,809 900,809 899,808 881,808 880,807 827,807 823,807 821,809 820,808 816,808 815,807 792,807 791,806 782,806 781,807 781,819 781,819 780,819 780,807 780,806 775,806 774,807 774,820 774,820"/><TextEquiv index="1"><Unicode>nul jeune homme ne ſe chargea de faire</Unicode></TextEquiv></TextLine><TextLine id="r3_l016"><Coords points="170,867 169,866 168,866 167,865 166,865 164,864 163,863 163,860 162,859 162,852 161,851 162,850 162,838 163,837 163,835 166,832 169,832 170,831 210,831 210,831 210,830 211,829 211,827 212,826 212,822 213,821 213,820 214,819 216,819 218,822 218,825 220,827 220,829 221,829 234,829 235,830 236,830 237,831 303,831 303,831 303,823 304,822 304,821 305,820 307,820 308,819 309,819 310,818 313,818 313,819 313,831 314,831 373,831 374,830 396,830 397,831 424,831 425,832 472,832 473,831 476,831 477,830 537,830 538,829 538,827 539,826 539,825 540,824 540,823 542,821 543,821 546,818 552,818 553,819 606,819 608,822 608,824 609,825 609,827 610,828 610,830 611,830 641,830 642,831 661,831 662,832 664,832 666,835 666,836 667,837 667,843 668,843 721,843 721,843 721,842 722,841 722,837 723,836 723,835 727,831 736,831 737,830 748,830 748,830 748,829 749,828 769,828 769,828 769,821 770,820 780,820 781,819 781,820 781,831 782,831 821,831 821,831 821,824 823,822 854,822 855,821 858,821 859,820 886,820 887,819 893,819 894,820 908,820 909,822 909,823 910,824 910,840 911,840 938,840 938,841 938,842 939,843 938,844 935,844 934,845 934,846 933,847 933,848 933,848 931,848 930,849 930,861 929,862 928,861 927,861 926,861 926,860 925,859 925,858 924,857 924,854 924,853 878,853 877,854 877,858 876,859 874,859 873,859 873,856 873,855 866,855 865,855 865,854 865,853 854,853 853,852 811,852 810,851 764,851 763,852 757,852 756,853 756,860 756,860 755,860 754,861 744,861 742,863 734,863 733,862 732,862 731,862 731,861 730,860 730,853 730,852 698,852 697,853 696,853 695,854 695,855 692,858 692,859 692,859 691,859 690,860 659,860 658,861 656,861 655,861 655,853 655,852 609,852 608,853 560,853 559,854 559,856 558,857 558,858 557,859 557,860 556,861 555,861 553,863 552,863 551,864 548,864 547,864 547,862 546,861 546,853 546,852 476,852 475,853 425,853 424,852 329,852 328,853 325,853 324,852 255,852 254,853 184,853 183,854 183,859 182,860 182,862 181,863 180,863 178,865 173,865 171,867"/><TextEquiv index="1"><Unicode>goûter le nouveau ſyſtême, qui s'obſti-</Unicode></TextEquiv></TextLine><TextLine id="r3_l017"><Coords points="170,911 169,910 168,910 167,910 167,909 166,908 166,898 166,897 164,897 162,896 162,879 165,876 179,876 180,877 243,877 244,876 266,876 267,875 269,875 271,877 304,877 304,877 304,864 305,863 308,863 309,865 309,867 311,869 311,870 312,871 312,872 313,873 313,877 314,877 316,877 318,880 318,892 319,892 321,892 323,894 358,894 358,894 358,868 361,865 362,865 364,863 366,863 367,865 367,876 368,876 425,876 426,877 449,877 450,878 484,878 484,878 484,870 485,869 485,867 487,865 488,865 489,864 491,864 492,863 493,863 494,864 495,864 496,865 497,865 497,866 497,867 498,868 498,871 499,872 499,875 500,875 512,875 512,876 512,891 513,891 545,891 545,891 545,881 546,880 546,865 547,864 551,864 552,866 552,867 553,868 553,869 554,870 554,871 555,872 555,875 556,875 697,875 698,874 700,874 701,875 731,875 732,876 768,876 768,876 768,867 769,866 771,866 772,865 773,865 774,864 775,864 776,863 777,863 778,865 778,876 779,876 795,876 796,877 831,877 832,876 832,875 833,874 835,874 835,875 835,876 836,876 886,876 887,875 889,875 890,876 927,876 928,877 935,877 936,878 937,878 937,879 937,891 936,892 936,894 936,894 933,894 932,895 932,907 931,908 906,908 905,909 898,909 897,908 895,908 894,908 894,907 893,906 893,901 893,900 887,900 886,899 879,899 878,898 848,898 847,897 832,897 831,896 795,896 794,897 775,897 774,896 771,896 770,895 735,895 734,896 718,896 717,897 690,897 689,898 654,898 653,899 645,899 644,900 644,902 643,903 643,906 642,907 638,907 637,908 628,908 624,905 624,899 624,898 611,898 610,897 597,897 563,897 562,898 550,898 549,897 548,897 547,896 499,896 497,898 488,898 487,899 487,904 485,906 483,905 483,893 482,892 482,891 481,890 481,884 481,883 462,883 461,884 461,910 461,910 460,910 460,884 460,883 446,883 445,884 445,896 444,897 440,897 439,898 438,898 437,899 407,899 406,899 406,898 406,897 369,897 368,898 368,908 368,908 367,908 367,898 367,897 360,897 359,896 323,896 321,898 320,898 319,899 318,898 307,898 306,897 235,897 234,898 200,898 198,900 173,900 172,901 172,911 172,911"/><TextEquiv index="1"><Unicode>nerent à louer &amp; à regretter le tempe</Unicode></TextEquiv></TextLine><TextLine id="r3_l018"><Coords points="173,958 172,957 171,957 170,957 170,956 170,955 163,955 161,954 161,936 161,935 155,935 154,935 154,933 155,932 160,932 160,932 160,927 161,926 161,925 163,923 164,923 165,922 167,922 168,921 169,922 210,922 210,922 210,920 211,919 211,917 214,914 214,913 215,912 216,912 218,910 219,910 220,909 224,909 224,909 224,908 225,907 243,907 244,906 246,906 247,905 247,906 247,912 248,912 296,912 297,911 305,911 306,912 307,912 307,913 307,922 308,922 353,922 354,921 357,921 357,921 357,911 359,909 361,909 362,908 367,908 367,909 367,914 368,914 371,914 371,915 371,920 372,920 382,920 383,921 408,921 409,922 457,922 457,922 457,912 459,910 463,910 463,911 463,921 464,921 516,921 517,920 545,920 546,921 595,921 596,920 645,920 646,921 712,921 713,920 725,920 726,921 761,921 762,920 807,920 807,920 807,909 808,908 811,908 812,909 813,909 813,910 813,912 816,915 816,916 817,917 817,922 818,922 819,922 821,925 821,928 822,928 852,928 853,927 853,926 856,923 857,923 858,922 861,922 862,921 907,921 908,920 909,922 909,923 910,923 929,923 930,924 931,924 932,925 937,925 937,926 937,927 938,927 939,927 939,928 937,930 936,930 934,932 934,939 933,940 933,941 932,942 932,953 932,953 931,953 929,951 899,951 898,950 897,950 896,950 896,946 895,944 876,944 875,943 860,943 859,942 857,942 856,941 826,941 824,943 811,943 810,942 808,942 807,941 777,941 776,942 769,942 768,943 768,948 767,949 740,949 738,951 737,951 736,951 736,950 735,949 735,943 735,942 724,942 723,941 688,941 686,943 669,943 668,942 609,942 608,943 608,946 607,947 607,948 606,949 606,950 603,953 601,953 600,954 592,954 591,953 590,953 587,951 587,943 587,942 548,942 546,944 535,944 533,942 532,942 531,943 531,956 531,956 528,956 527,956 527,943 527,942 497,942 496,943 496,952 495,953 486,953 485,952 473,952 455,952 454,953 451,953 450,953 450,944 450,943 393,943 392,944 390,944 389,943 359,943 358,944 358,945 358,945 357,945 357,943 357,942 325,942 324,943 322,943 321,944 319,944 318,945 316,945 315,944 271,944 270,945 270,957 270,957 247,957 246,957 246,944 246,943 195,943 194,944 177,944 176,945 176,958 176,958"/><TextEquiv index="1"><Unicode>paſſé. Je donnai pour gouverneur à cette</Unicode></TextEquiv></TextLine><TextLine id="r3_l019"><Coords points="690,1001 690,998 690,997 670,997 669,998 664,998 663,999 661,999 660,998 659,998 658,998 658,992 658,991 639,991 638,991 638,989 638,988 594,988 593,987 549,987 548,988 543,988 542,989 541,988 527,988 526,987 483,987 482,988 457,988 456,989 456,990 455,991 443,991 442,992 442,998 441,999 433,999 431,998 431,984 431,983 402,983 401,984 401,985 399,987 398,987 397,988 392,988 391,987 348,987 347,988 347,990 343,994 341,994 340,995 339,995 337,994 337,989 337,988 284,988 283,989 283,999 283,999 282,999 281,1000 281,1001 281,1001 280,1001 279,1001 279,990 279,989 195,989 193,991 176,991 175,992 175,999 175,999 174,999 173,1000 165,1000 164,999 163,999 161,998 161,970 162,969 163,969 164,968 165,968 166,967 246,967 246,967 246,958 247,957 251,957 251,958 251,966 252,966 271,966 272,967 312,967 314,969 315,969 315,970 315,971 316,971 321,971 321,972 321,978 322,978 371,978 371,978 371,958 372,957 373,957 374,956 375,956 376,955 377,955 378,954 381,954 381,955 381,967 382,967 398,967 399,968 435,968 436,967 460,967 461,966 462,967 501,967 502,966 525,966 525,966 525,958 527,956 531,956 531,957 531,966 532,966 561,966 562,967 611,967 612,966 674,966 675,967 707,967 708,966 760,966 761,967 814,967 815,966 816,966 816,966 816,958 818,956 819,956 821,954 824,954 824,955 824,956 826,957 867,957 869,955 870,955 871,954 875,954 876,955 877,955 878,956 896,956 896,957 896,963 897,964 897,968 898,968 912,968 913,969 914,969 915,971 915,973 916,974 916,976 917,976 932,976 933,977 938,977 938,978 938,979 937,980 936,980 935,981 934,981 933,982 933,983 932,984 932,994 931,995 931,996 930,997 929,996 896,996 894,995 894,990 894,989 846,989 845,990 845,991 844,992 844,993 844,993 843,993 842,993 842,989 842,988 824,988 823,987 787,987 786,988 770,988 769,989 740,989 739,990 739,998 738,999 738,1000 738,1000 737,999 706,999 704,997 692,997 691,998 691,1001 691,1001"/><TextEquiv index="1"><Unicode>province, le premier compagnon d'eſcla-</Unicode></TextEquiv></TextLine><TextLine id="r3_l020"><Coords points="208,1046 207,1045 171,1045 170,1045 170,1033 168,1031 168,1027 167,1026 167,1024 166,1023 166,1020 165,1019 165,1018 165,1017 163,1017 161,1016 161,1013 163,1011 281,1011 281,1011 281,1000 282,999 299,999 300,1000 817,1000 818,999 825,999 826,1000 827,1000 827,1001 827,1008 828,1008 924,1008 925,1010 925,1011 926,1011 933,1011 933,1012 933,1026 934,1026 937,1026 938,1028 938,1029 939,1030 939,1031 940,1032 939,1033 938,1033 937,1034 937,1036 937,1036 934,1036 933,1037 932,1037 931,1038 931,1040 930,1041 930,1042 930,1042 929,1042 928,1043 926,1043 925,1044 738,1044 737,1045 734,1045 733,1045 733,1036 733,1035 537,1035 536,1036 497,1036 496,1037 496,1041 496,1041 266,1041 265,1042 265,1046 265,1046"/><TextEquiv index="1"><Unicode>vage dont j'avois obtenu la confiance,</Unicode></TextEquiv></TextLine><TextLine id="r3_l021"><Coords points="908,1095 907,1095 907,1088 907,1087 899,1087 898,1088 897,1087 855,1087 854,1086 853,1086 852,1086 852,1081 852,1080 774,1080 773,1079 763,1079 762,1078 732,1078 731,1079 728,1079 727,1080 727,1092 727,1092 726,1091 725,1091 723,1090 723,1079 723,1078 689,1078 688,1079 688,1087 688,1087 667,1087 666,1088 666,1089 665,1090 661,1090 659,1092 657,1092 656,1091 655,1091 654,1091 654,1080 654,1079 629,1079 628,1080 626,1080 624,1078 609,1078 608,1077 578,1077 577,1078 577,1091 577,1091 574,1091 573,1091 573,1078 573,1077 560,1077 559,1078 526,1078 525,1079 518,1079 517,1080 517,1081 517,1081 516,1081 515,1081 515,1080 515,1079 513,1079 512,1078 472,1078 471,1079 471,1089 470,1090 468,1089 468,1080 467,1078 414,1078 413,1079 413,1089 413,1089 411,1089 410,1089 410,1079 410,1078 379,1078 378,1077 349,1077 348,1078 348,1090 348,1090 342,1090 341,1090 341,1080 341,1079 311,1079 310,1078 270,1078 269,1079 267,1079 266,1080 266,1081 266,1081 236,1081 235,1082 235,1089 234,1090 234,1093 234,1093 233,1093 231,1092 231,1091 231,1090 226,1090 225,1089 224,1089 223,1089 223,1080 223,1079 196,1079 195,1080 187,1080 186,1081 186,1082 186,1082 176,1082 174,1080 171,1080 170,1079 168,1079 167,1079 167,1078 166,1077 166,1076 165,1075 165,1074 163,1072 163,1065 165,1063 165,1051 166,1050 166,1048 168,1046 169,1046 170,1045 175,1045 176,1046 178,1046 178,1047 180,1049 180,1050 181,1051 181,1057 182,1057 209,1057 209,1057 209,1047 210,1046 218,1046 218,1047 218,1057 219,1057 252,1057 253,1056 261,1056 261,1056 261,1047 262,1046 267,1046 267,1047 267,1049 268,1050 268,1057 269,1057 320,1057 320,1057 320,1051 322,1049 324,1049 325,1048 326,1049 327,1049 328,1051 328,1054 329,1055 329,1056 330,1056 393,1056 393,1056 393,1047 394,1046 398,1046 398,1047 398,1048 399,1049 399,1055 400,1055 438,1055 438,1056 438,1057 439,1057 463,1057 463,1057 463,1046 465,1044 467,1044 468,1045 469,1045 469,1046 469,1049 470,1050 470,1051 471,1052 471,1053 472,1054 472,1057 473,1057 510,1057 510,1057 510,1049 512,1047 515,1047 516,1046 541,1046 541,1047 541,1048 542,1049 542,1057 543,1057 568,1057 569,1056 609,1056 609,1056 609,1054 610,1053 610,1051 615,1046 616,1046 617,1045 618,1045 619,1044 628,1044 629,1046 629,1058 630,1058 662,1058 663,1057 680,1057 681,1056 707,1056 707,1056 707,1047 708,1046 710,1046 711,1045 713,1045 714,1044 715,1045 738,1045 738,1046 738,1047 739,1047 769,1047 770,1046 774,1046 774,1047 774,1056 775,1056 812,1056 813,1057 814,1057 815,1058 850,1058 851,1057 852,1057 853,1058 870,1058 871,1059 904,1059 905,1058 908,1058 909,1059 923,1059 924,1060 927,1060 928,1061 936,1061 937,1062 938,1062 938,1063 938,1065 937,1066 932,1066 931,1067 931,1077 930,1078 930,1079 927,1082 927,1087 927,1087 914,1087 913,1088 913,1095 913,1095"/><TextEquiv index="1"><Unicode>&amp; qui m'avoit très-bien ſecondé dans toute</Unicode></TextEquiv></TextLine><TextLine id="r3_l022"><Coords points="913,1139 912,1139 912,1134 912,1133 897,1133 894,1130 888,1130 887,1129 865,1129 864,1129 864,1127 864,1126 811,1126 809,1128 809,1129 809,1129 795,1129 794,1129 794,1128 794,1127 753,1127 752,1128 752,1129 752,1129 751,1129 750,1130 750,1131 750,1131 747,1131 746,1131 746,1126 746,1125 721,1125 720,1124 688,1124 687,1125 687,1137 687,1137 686,1137 685,1137 685,1125 685,1124 676,1124 675,1125 675,1134 674,1135 672,1135 671,1136 664,1136 662,1135 662,1128 662,1127 626,1127 625,1127 625,1125 625,1124 600,1124 599,1123 520,1123 519,1124 511,1124 510,1125 488,1125 487,1124 457,1124 454,1127 454,1134 453,1135 452,1135 451,1135 451,1124 451,1123 344,1123 343,1124 317,1124 316,1125 316,1132 315,1133 314,1133 313,1134 310,1134 308,1133 308,1125 308,1124 287,1124 286,1123 245,1123 244,1124 244,1125 243,1126 242,1126 242,1125 242,1124 234,1124 233,1123 197,1123 194,1126 194,1127 194,1127 169,1127 168,1128 167,1127 166,1127 165,1127 165,1119 163,1117 164,1116 164,1108 168,1104 169,1104 170,1103 171,1103 172,1102 205,1102 206,1101 220,1101 221,1100 222,1102 222,1103 223,1103 236,1103 237,1104 272,1104 273,1103 297,1103 298,1102 341,1102 341,1102 341,1095 342,1094 342,1091 343,1090 379,1090 380,1091 403,1091 404,1093 404,1102 405,1102 441,1102 442,1101 444,1101 445,1102 446,1102 447,1104 447,1109 448,1110 448,1113 449,1114 449,1116 450,1116 481,1116 483,1114 488,1114 488,1114 488,1093 489,1092 490,1092 491,1091 502,1091 503,1093 503,1103 504,1103 537,1103 537,1103 537,1093 538,1092 539,1092 543,1088 544,1088 544,1089 544,1091 545,1091 603,1091 604,1090 606,1090 607,1089 610,1089 611,1090 612,1090 613,1091 617,1091 618,1093 618,1103 619,1103 652,1103 652,1103 652,1099 653,1098 653,1094 654,1093 654,1092 655,1091 656,1091 657,1092 659,1092 659,1093 659,1103 660,1103 695,1103 696,1102 731,1102 731,1102 731,1101 732,1100 732,1098 735,1095 735,1094 738,1091 739,1091 740,1090 746,1090 747,1092 747,1094 748,1095 748,1102 749,1102 765,1102 766,1103 799,1103 800,1102 801,1103 832,1103 833,1104 877,1104 878,1105 904,1105 904,1105 904,1101 905,1100 905,1099 906,1098 906,1096 907,1095 913,1095 914,1097 914,1100 915,1101 915,1102 916,1103 916,1111 917,1111 929,1111 930,1112 938,1112 939,1114 939,1115 938,1116 933,1116 932,1117 932,1118 931,1119 931,1120 931,1120 930,1120 929,1121 929,1133 929,1133 915,1133 914,1134 914,1139 914,1139"/><TextEquiv index="1"><Unicode>cette expédition. Je lui fis épouſer ma maî-</Unicode></TextEquiv></TextLine><TextLine id="r3_l023"><Coords points="818,1183 817,1183 817,1172 817,1171 808,1171 807,1170 769,1170 768,1171 768,1177 768,1177 749,1177 748,1178 748,1179 748,1179 747,1179 746,1180 737,1180 736,1180 736,1179 735,1178 735,1170 735,1169 703,1169 702,1170 702,1172 702,1172 701,1172 700,1172 700,1171 700,1170 683,1170 682,1171 682,1183 682,1183 680,1183 679,1183 679,1171 679,1170 667,1170 666,1171 666,1179 665,1180 663,1178 655,1178 652,1176 652,1170 652,1169 599,1169 598,1170 590,1170 589,1171 588,1170 562,1170 561,1171 561,1176 560,1177 559,1176 558,1176 557,1176 557,1169 557,1168 494,1168 493,1169 492,1168 413,1168 412,1169 412,1170 412,1170 411,1170 411,1169 411,1168 362,1168 361,1169 361,1178 360,1179 360,1181 360,1181 358,1181 357,1181 357,1180 356,1179 356,1169 356,1168 292,1168 291,1169 291,1178 290,1179 285,1179 284,1180 284,1181 284,1181 270,1181 269,1181 269,1169 269,1168 249,1168 248,1169 245,1169 244,1170 244,1175 244,1175 243,1175 241,1174 241,1171 241,1170 231,1170 230,1169 189,1169 188,1170 188,1178 187,1179 187,1180 187,1180 186,1180 186,1179 186,1178 185,1178 184,1178 184,1171 184,1170 167,1170 166,1171 165,1171 164,1171 164,1153 163,1152 164,1151 164,1150 169,1145 171,1145 173,1147 216,1147 216,1147 216,1145 217,1144 217,1143 219,1141 219,1140 223,1136 225,1136 226,1135 237,1135 238,1134 242,1134 243,1135 244,1135 245,1136 249,1136 249,1137 249,1148 250,1148 275,1148 276,1147 315,1147 315,1147 315,1138 317,1136 320,1136 321,1137 322,1137 322,1138 322,1147 323,1147 374,1147 374,1147 374,1139 376,1137 380,1137 382,1140 382,1142 383,1143 383,1147 384,1147 446,1147 446,1147 446,1138 448,1136 451,1136 451,1137 451,1138 452,1139 452,1146 453,1146 463,1146 464,1147 529,1147 529,1147 529,1145 530,1144 531,1144 532,1145 533,1145 533,1146 533,1147 534,1147 576,1147 578,1145 579,1145 579,1146 579,1147 580,1147 619,1147 620,1148 644,1148 644,1149 644,1150 645,1151 645,1161 646,1161 676,1161 676,1161 676,1156 677,1155 677,1154 678,1153 678,1146 679,1145 679,1140 682,1137 690,1137 693,1141 693,1147 694,1147 735,1147 736,1148 772,1148 772,1148 772,1140 773,1139 773,1138 774,1137 779,1137 780,1139 780,1149 781,1149 836,1149 836,1149 836,1142 838,1140 842,1140 843,1141 844,1141 844,1142 844,1149 845,1149 892,1149 893,1150 910,1150 910,1150 910,1140 911,1139 916,1139 916,1140 916,1142 917,1143 917,1147 918,1147 927,1147 930,1150 939,1150 940,1152 939,1153 939,1167 939,1167 936,1167 935,1168 934,1168 931,1171 931,1178 931,1178 926,1178 925,1177 894,1177 893,1178 892,1178 890,1176 858,1176 857,1176 857,1173 857,1172 821,1172 819,1174 819,1183 819,1183"/><TextEquiv index="1"><Unicode>treſſe qui m'avoit entretenu, &amp; qui m'avoit</Unicode></TextEquiv></TextLine><TextLine id="r3_l024"><Coords points="861,1228 858,1226 858,1216 858,1215 801,1215 798,1218 798,1219 798,1219 797,1219 796,1220 795,1220 794,1220 794,1219 794,1218 765,1218 763,1217 763,1216 763,1215 756,1215 755,1214 703,1214 702,1215 699,1215 698,1216 683,1216 682,1217 682,1218 681,1219 681,1220 680,1221 680,1222 678,1224 677,1223 615,1223 614,1224 613,1224 612,1225 602,1225 601,1225 601,1224 600,1223 600,1215 600,1214 544,1214 543,1215 542,1215 541,1214 497,1214 494,1217 494,1218 494,1218 493,1218 491,1220 490,1220 489,1221 487,1221 485,1220 485,1214 485,1213 353,1213 352,1214 285,1214 284,1213 241,1213 240,1214 240,1216 239,1217 238,1217 238,1216 237,1214 202,1214 201,1215 201,1227 201,1227 175,1227 174,1226 166,1226 165,1225 163,1225 161,1224 161,1222 162,1221 163,1221 164,1220 164,1199 164,1198 162,1198 160,1197 161,1196 161,1195 162,1194 164,1194 165,1193 167,1193 168,1192 175,1192 176,1193 236,1193 237,1192 263,1192 263,1192 263,1189 264,1188 264,1187 265,1186 265,1185 269,1181 284,1181 285,1183 285,1192 286,1192 315,1192 316,1191 317,1191 318,1192 356,1192 356,1192 356,1182 357,1181 361,1181 361,1182 361,1192 362,1192 420,1192 420,1192 420,1184 421,1183 422,1183 423,1182 424,1182 425,1181 446,1181 447,1180 450,1180 450,1181 450,1182 451,1183 451,1185 452,1185 456,1185 456,1186 456,1191 457,1191 466,1191 467,1192 468,1192 469,1193 470,1193 471,1195 472,1196 472,1199 473,1200 473,1204 474,1204 516,1204 516,1204 516,1200 517,1199 517,1198 518,1197 518,1196 521,1193 522,1193 523,1192 526,1192 526,1192 526,1183 528,1181 529,1181 530,1180 531,1180 532,1179 545,1179 545,1179 545,1178 546,1177 547,1177 547,1178 547,1179 548,1180 548,1181 549,1182 549,1184 551,1186 551,1187 552,1188 552,1189 553,1190 553,1192 554,1192 633,1192 634,1193 677,1193 677,1193 677,1185 679,1183 683,1183 683,1184 683,1185 684,1186 684,1193 685,1193 724,1193 725,1192 743,1192 743,1192 743,1186 744,1185 745,1185 746,1184 749,1184 751,1187 751,1193 752,1193 815,1193 815,1193 815,1185 817,1183 820,1183 821,1185 821,1194 822,1194 834,1194 835,1195 881,1195 881,1195 881,1187 882,1186 883,1186 884,1185 886,1185 887,1184 891,1184 891,1185 891,1195 892,1195 913,1195 914,1196 929,1196 930,1198 930,1200 931,1201 931,1205 932,1205 937,1205 937,1206 937,1207 938,1208 938,1209 937,1210 933,1210 932,1211 932,1223 932,1223 931,1223 930,1222 924,1222 923,1221 915,1221 914,1220 913,1220 912,1220 912,1218 912,1217 876,1217 875,1218 875,1224 875,1224 874,1224 870,1228"/><TextEquiv index="1"><Unicode>paru fort aimable, dès que je n'avois plus</Unicode></TextEquiv></TextLine><TextLine id="r3_l025"><Coords points="373,1271 372,1271 372,1260 372,1259 366,1259 365,1258 290,1258 289,1259 289,1271 289,1271 287,1271 286,1271 286,1259 286,1258 241,1258 240,1259 213,1259 212,1260 212,1268 211,1269 211,1270 211,1270 203,1270 202,1270 202,1261 202,1260 169,1260 167,1262 165,1261 165,1258 163,1256 163,1255 161,1253 161,1251 160,1250 161,1249 161,1244 162,1243 162,1242 166,1238 169,1238 170,1237 170,1229 172,1227 200,1227 200,1228 200,1238 201,1238 256,1238 257,1237 280,1237 280,1237 280,1227 281,1226 282,1226 283,1225 287,1225 287,1226 287,1228 288,1229 288,1237 289,1237 335,1237 335,1237 335,1227 336,1226 338,1226 339,1225 342,1225 342,1226 342,1227 344,1228 379,1228 380,1227 381,1227 382,1226 383,1226 384,1225 394,1225 395,1224 396,1224 397,1223 398,1223 398,1224 398,1237 399,1237 414,1237 415,1238 417,1238 419,1241 419,1244 420,1245 420,1252 421,1252 428,1252 429,1254 429,1257 427,1259 426,1259 425,1260 392,1260 391,1259 375,1259 374,1260 374,1271 374,1271"/><TextEquiv index="1"><Unicode>dépendu d'elle.</Unicode></TextEquiv></TextLine><TextLine id="r3_l026"><Coords points="802,1319 800,1317 154,1317 153,1316 150,1316 149,1315 148,1315 147,1315 147,1313 148,1312 213,1312 213,1312 213,1305 213,1304 212,1304 211,1303 210,1303 209,1303 208,1302 208,1300 209,1299 209,1296 211,1294 215,1294 215,1294 215,1274 216,1273 272,1273 273,1272 274,1272 275,1271 276,1271 277,1270 437,1270 438,1269 440,1269 441,1270 817,1270 818,1272 818,1273 819,1273 892,1273 892,1274 892,1279 893,1280 893,1285 894,1285 938,1285 939,1286 940,1286 940,1287 940,1298 939,1299 939,1301 938,1302 934,1302 930,1306 930,1315 930,1315 872,1315 871,1316 871,1317 870,1318 808,1318 807,1319"/><TextEquiv index="1"><Unicode>Je formai, des plus robuſtes &amp; des plus</Unicode></TextEquiv></TextLine><TextLine id="r3_l027"><Coords points="874,1366 873,1366 873,1353 873,1352 830,1352 829,1353 829,1358 827,1360 826,1360 825,1361 825,1362 825,1362 821,1362 820,1363 814,1363 813,1362 812,1362 810,1361 810,1360 809,1359 809,1355 809,1354 805,1354 804,1355 804,1365 804,1365 800,1365 799,1365 799,1355 799,1354 781,1354 780,1354 780,1352 780,1351 737,1351 736,1350 699,1350 698,1351 698,1353 697,1354 697,1355 695,1357 694,1357 693,1358 691,1358 689,1357 689,1352 689,1351 657,1351 656,1352 656,1353 655,1354 655,1356 650,1361 649,1361 648,1362 638,1362 637,1363 623,1363 622,1363 622,1362 622,1361 603,1361 601,1360 601,1351 601,1350 572,1350 571,1351 544,1351 543,1350 514,1350 513,1349 496,1349 495,1348 453,1348 452,1349 416,1349 415,1350 414,1349 412,1349 411,1348 369,1348 368,1349 321,1349 320,1350 310,1350 309,1351 309,1362 309,1362 281,1362 280,1361 279,1361 278,1360 277,1360 273,1357 273,1356 272,1355 272,1350 272,1349 190,1349 189,1350 174,1350 173,1351 173,1352 170,1355 170,1356 167,1359 167,1360 167,1360 166,1360 165,1360 165,1334 164,1333 164,1330 165,1329 165,1321 166,1320 166,1319 167,1318 169,1318 170,1317 201,1317 202,1316 206,1316 207,1317 217,1317 218,1319 218,1328 219,1328 248,1328 249,1327 250,1327 251,1328 288,1328 289,1327 300,1327 301,1328 332,1328 333,1327 379,1327 379,1327 379,1319 381,1317 382,1317 383,1316 384,1316 385,1315 388,1315 389,1316 400,1316 401,1318 401,1327 402,1327 430,1327 431,1328 498,1328 498,1328 498,1318 499,1317 506,1317 506,1318 506,1328 507,1328 523,1328 524,1329 573,1329 574,1328 579,1328 580,1329 676,1329 678,1332 678,1341 680,1342 712,1342 712,1342 712,1331 714,1329 751,1329 752,1330 799,1330 799,1330 799,1324 800,1323 800,1320 801,1319 837,1319 838,1321 838,1330 839,1330 874,1330 874,1330 874,1329 875,1328 875,1329 875,1332 876,1332 908,1332 909,1331 924,1331 925,1330 927,1330 927,1331 927,1332 928,1332 939,1332 939,1333 939,1333 935,1333 934,1334 934,1336 934,1336 933,1336 932,1337 932,1351 931,1352 931,1359 931,1359 930,1359 929,1358 928,1358 927,1357 926,1357 924,1356 924,1355 923,1353 897,1353 896,1352 879,1352 878,1353 878,1366 878,1366"/><TextEquiv index="1"><Unicode>jolies grenadieres de ce pays, un régiment</Unicode></TextEquiv></TextLine><TextLine id="r3_l028"><Coords points="778,1408 777,1408 777,1399 776,1397 750,1397 749,1398 749,1404 749,1404 747,1404 746,1403 745,1403 744,1403 744,1398 744,1397 703,1397 702,1396 669,1396 668,1395 638,1395 637,1396 632,1396 631,1397 631,1399 631,1399 630,1399 629,1398 628,1398 627,1398 627,1396 627,1395 577,1395 576,1396 563,1396 562,1397 542,1397 540,1399 540,1400 540,1400 538,1402 537,1402 536,1403 536,1404 536,1404 535,1403 534,1403 533,1402 524,1402 523,1403 523,1407 522,1408 521,1408 521,1403 521,1402 513,1402 512,1402 512,1397 512,1396 478,1396 477,1397 477,1405 477,1405 476,1405 475,1406 474,1405 464,1405 463,1405 463,1397 463,1396 459,1396 458,1396 458,1395 458,1394 430,1394 429,1395 429,1403 429,1403 426,1403 425,1404 425,1407 425,1407 424,1406 392,1406 391,1407 390,1406 388,1406 387,1406 387,1395 387,1394 326,1394 325,1395 256,1395 255,1396 255,1399 253,1401 253,1402 252,1403 252,1404 252,1404 251,1404 250,1405 248,1405 247,1406 240,1406 235,1402 235,1395 235,1394 201,1394 200,1395 196,1395 195,1394 170,1394 166,1391 166,1390 164,1388 164,1383 165,1382 165,1379 169,1375 170,1375 171,1374 171,1364 173,1362 180,1362 181,1361 184,1361 184,1362 184,1369 185,1370 185,1373 186,1373 242,1373 243,1372 254,1372 255,1373 266,1373 267,1374 279,1374 279,1374 279,1363 280,1362 309,1362 310,1364 310,1373 311,1373 363,1373 364,1372 403,1372 404,1373 439,1373 439,1373 439,1372 440,1371 442,1371 443,1370 444,1371 446,1371 448,1373 480,1373 481,1372 485,1372 486,1373 521,1373 522,1374 523,1374 523,1375 523,1378 524,1379 524,1386 525,1386 560,1386 560,1386 560,1377 562,1375 563,1375 564,1374 590,1374 591,1373 615,1373 615,1373 615,1372 616,1371 616,1369 617,1368 617,1367 621,1363 632,1363 632,1364 632,1374 633,1374 682,1374 682,1374 682,1367 683,1366 683,1365 684,1364 685,1364 686,1363 687,1363 688,1364 689,1364 689,1365 689,1375 690,1375 751,1375 751,1375 751,1366 753,1364 756,1364 757,1363 758,1363 759,1362 760,1364 760,1367 761,1368 761,1371 762,1371 767,1371 767,1372 767,1375 768,1375 796,1375 796,1375 796,1367 798,1365 804,1365 804,1366 804,1376 805,1376 872,1376 872,1376 872,1369 873,1368 873,1367 874,1366 879,1366 879,1367 879,1376 880,1376 898,1376 899,1377 918,1377 919,1378 921,1378 923,1381 923,1391 924,1391 939,1391 940,1393 939,1394 939,1396 939,1396 938,1396 937,1397 933,1397 931,1399 931,1403 930,1404 928,1404 927,1404 927,1403 924,1399 896,1399 895,1398 862,1398 861,1399 861,1400 861,1400 860,1400 860,1399 860,1398 859,1398 858,1397 825,1397 824,1398 822,1398 821,1397 780,1397 779,1398 779,1408 779,1408"/><TextEquiv index="1"><Unicode>des gardes amazones, au ſervice de la reine.</Unicode></TextEquiv></TextLine><TextLine id="r3_l029"><Coords points="557,1454 556,1454 556,1452 556,1451 521,1451 519,1450 519,1441 519,1440 469,1440 468,1441 468,1449 468,1449 450,1449 449,1450 449,1451 449,1451 442,1451 441,1450 440,1450 439,1450 439,1448 439,1447 410,1447 408,1446 408,1440 408,1439 348,1439 347,1440 335,1440 334,1439 282,1439 281,1440 281,1441 281,1441 278,1441 277,1440 172,1440 169,1443 169,1444 169,1444 167,1444 165,1443 165,1441 164,1440 164,1438 165,1437 165,1408 166,1407 167,1407 168,1406 169,1407 191,1407 192,1408 193,1408 194,1410 194,1418 195,1418 359,1418 360,1417 379,1417 380,1418 386,1418 386,1419 386,1431 387,1431 438,1431 438,1431 438,1424 439,1423 439,1422 441,1420 443,1420 444,1419 467,1419 468,1418 500,1418 501,1417 501,1416 502,1415 502,1413 504,1411 504,1410 507,1407 508,1407 509,1406 511,1406 512,1405 513,1405 514,1406 516,1406 516,1407 516,1410 517,1411 517,1418 518,1418 530,1418 531,1419 598,1419 599,1418 601,1418 602,1419 654,1419 655,1418 680,1418 680,1418 680,1413 681,1412 681,1411 682,1410 683,1410 684,1409 685,1409 686,1408 687,1408 688,1407 689,1408 696,1408 697,1410 697,1420 698,1420 706,1420 707,1421 824,1421 824,1421 824,1412 825,1411 827,1411 828,1410 829,1410 831,1408 833,1408 834,1410 834,1421 835,1421 889,1421 889,1421 889,1420 890,1419 890,1417 891,1416 891,1415 896,1410 903,1410 905,1413 905,1422 906,1422 929,1422 929,1423 929,1424 930,1424 933,1424 934,1426 934,1442 932,1444 932,1449 931,1450 928,1450 927,1450 927,1449 925,1447 925,1446 924,1445 924,1444 924,1443 779,1443 778,1444 778,1445 777,1446 761,1446 760,1446 760,1443 760,1442 701,1442 700,1441 615,1441 614,1442 614,1444 613,1445 613,1446 613,1446 612,1446 611,1446 611,1444 611,1443 568,1443 567,1444 567,1454 567,1454"/><TextEquiv index="1"><Unicode>En un mot, preſque tout le monde fut</Unicode></TextEquiv></TextLine><TextLine id="r3_l030"><Coords points="912,1501 912,1498 912,1497 902,1497 901,1498 901,1500 901,1500 900,1500 900,1493 899,1492 899,1491 898,1489 862,1489 861,1488 810,1488 809,1487 764,1487 763,1488 753,1488 752,1487 712,1487 711,1486 665,1486 664,1487 664,1488 663,1489 662,1489 661,1489 661,1487 661,1486 603,1486 602,1485 551,1485 550,1486 509,1486 507,1488 507,1489 504,1492 503,1492 502,1492 502,1486 502,1485 456,1485 455,1486 455,1495 454,1496 454,1497 454,1497 432,1497 430,1495 428,1495 427,1495 427,1486 427,1485 392,1485 391,1484 349,1484 348,1485 348,1497 348,1497 344,1497 343,1497 343,1487 343,1486 342,1486 341,1485 340,1485 339,1484 292,1484 291,1485 250,1485 249,1486 249,1488 248,1489 247,1489 245,1488 245,1486 245,1485 199,1485 198,1486 193,1486 192,1487 192,1493 192,1493 171,1493 170,1494 170,1497 170,1497 167,1497 166,1497 166,1475 167,1474 167,1471 172,1466 174,1466 175,1465 178,1465 179,1464 219,1464 220,1463 236,1463 237,1462 238,1463 288,1463 289,1462 320,1462 320,1462 320,1454 321,1453 323,1453 324,1452 325,1452 326,1451 327,1451 328,1452 329,1452 329,1453 329,1464 330,1464 374,1464 375,1463 473,1463 474,1464 504,1464 504,1464 504,1456 506,1454 509,1454 511,1456 554,1456 556,1454 610,1454 611,1453 615,1453 615,1454 615,1459 616,1460 616,1464 617,1464 654,1464 655,1465 730,1465 731,1464 733,1464 734,1465 744,1465 745,1466 882,1466 883,1465 883,1463 884,1462 884,1458 886,1456 888,1456 890,1459 890,1468 891,1468 916,1468 920,1473 920,1480 921,1480 938,1480 938,1481 938,1494 939,1494 972,1494 973,1496 972,1497 971,1497 970,1496 924,1496 923,1497 914,1497 913,1498 913,1501 913,1501"/><TextEquiv index="1"><Unicode>content de ce que je fis dans cette contrée,</Unicode></TextEquiv></TextLine><TextLine id="r3_l031"><Coords points="932,1547 931,1547 930,1547 930,1546 930,1545 929,1545 928,1545 928,1541 927,1540 927,1537 927,1536 914,1536 912,1535 912,1534 912,1533 896,1533 895,1532 803,1532 802,1533 800,1533 799,1534 782,1534 781,1533 765,1533 764,1534 764,1538 763,1539 761,1538 761,1534 761,1533 748,1533 747,1532 732,1532 731,1531 662,1531 661,1532 656,1532 655,1533 615,1533 614,1532 581,1532 580,1533 580,1543 580,1543 575,1543 574,1543 574,1542 574,1541 547,1541 546,1541 546,1532 546,1531 467,1531 466,1532 466,1541 466,1541 464,1541 463,1542 455,1542 454,1543 453,1543 452,1543 452,1542 452,1541 431,1541 429,1540 429,1531 429,1530 343,1530 342,1529 340,1529 339,1528 287,1528 286,1529 231,1529 230,1530 220,1530 219,1531 219,1542 219,1542 216,1542 215,1542 215,1531 215,1530 195,1530 194,1529 171,1529 169,1528 169,1527 168,1526 168,1515 167,1514 167,1499 166,1498 167,1497 171,1497 173,1500 173,1506 174,1506 175,1506 175,1507 175,1508 176,1508 226,1508 228,1506 229,1506 231,1508 324,1508 325,1507 325,1505 327,1503 327,1502 329,1500 329,1499 331,1497 332,1497 333,1496 334,1496 335,1495 337,1495 338,1496 340,1496 341,1497 347,1497 347,1498 347,1508 348,1508 371,1508 372,1509 436,1509 437,1508 446,1508 447,1509 498,1509 498,1509 498,1501 500,1499 502,1499 503,1498 506,1498 506,1499 506,1500 507,1500 516,1500 519,1504 519,1509 520,1509 567,1509 568,1508 569,1508 570,1509 588,1509 589,1510 642,1510 642,1510 642,1508 643,1507 643,1506 645,1504 646,1504 647,1503 648,1503 649,1502 650,1502 651,1501 652,1501 653,1500 659,1500 660,1501 663,1501 664,1502 673,1502 673,1503 673,1510 674,1510 731,1510 732,1511 781,1511 782,1510 782,1508 785,1505 786,1505 788,1503 831,1503 832,1502 834,1502 835,1501 836,1501 838,1499 887,1499 888,1498 890,1498 891,1499 895,1499 896,1500 912,1500 913,1501 915,1501 915,1502 915,1509 916,1509 929,1509 930,1510 936,1510 938,1512 939,1512 939,1513 939,1515 938,1516 938,1529 938,1529 937,1529 936,1530 933,1530 932,1531 932,1541 933,1542 933,1544 934,1545 934,1547 933,1548"/><TextEquiv index="1"><Unicode>tant un ſexe que l'autre. On ne ſe laſſoit</Unicode></TextEquiv></TextLine><TextLine id="r3_l032"><Coords points="725,1591 724,1591 724,1575 724,1574 693,1574 692,1575 692,1576 692,1576 691,1576 690,1577 687,1577 686,1578 637,1578 636,1579 636,1591 636,1591 634,1591 633,1591 633,1590 633,1589 632,1589 631,1588 615,1588 613,1586 612,1586 609,1584 609,1578 609,1577 573,1577 571,1579 571,1581 571,1581 570,1581 569,1582 569,1588 569,1588 540,1588 539,1587 537,1587 536,1587 536,1586 536,1585 506,1585 505,1586 505,1587 505,1587 501,1587 500,1588 499,1587 491,1587 490,1586 489,1586 488,1586 488,1578 488,1577 478,1577 477,1576 447,1576 445,1578 424,1578 423,1579 423,1580 421,1582 420,1582 419,1581 412,1581 411,1582 411,1587 411,1587 399,1587 397,1589 336,1589 335,1589 335,1577 335,1576 302,1576 301,1577 299,1575 231,1575 230,1576 227,1576 226,1577 216,1577 214,1575 184,1575 183,1576 183,1584 180,1587 174,1587 173,1588 173,1591 173,1591 169,1591 167,1590 167,1589 167,1588 164,1588 162,1587 163,1586 163,1585 165,1583 165,1558 166,1557 166,1555 167,1554 168,1554 169,1553 171,1553 172,1552 214,1552 214,1552 214,1543 215,1542 219,1542 220,1544 220,1552 221,1552 252,1552 253,1551 254,1553 254,1554 255,1554 287,1554 288,1553 289,1553 289,1553 289,1544 290,1543 291,1543 292,1542 293,1542 294,1541 297,1541 297,1542 297,1544 298,1544 308,1544 309,1545 310,1545 311,1547 311,1550 312,1551 312,1553 313,1553 341,1553 341,1553 341,1544 342,1543 343,1543 345,1541 347,1541 348,1540 349,1542 349,1548 350,1549 350,1554 351,1554 389,1554 389,1554 389,1545 390,1544 390,1543 391,1542 394,1542 394,1543 394,1553 395,1553 405,1553 406,1554 440,1554 441,1555 473,1555 473,1555 473,1546 474,1545 475,1545 476,1544 477,1544 478,1543 479,1543 480,1542 482,1542 483,1544 483,1555 484,1555 498,1555 499,1556 500,1556 502,1559 502,1565 503,1565 532,1565 532,1565 532,1562 534,1560 534,1559 537,1556 539,1556 540,1555 550,1555 550,1555 550,1547 553,1544 554,1544 555,1543 579,1543 579,1544 579,1554 580,1554 597,1554 598,1555 610,1555 611,1556 647,1556 648,1555 688,1555 689,1556 691,1556 693,1558 723,1558 724,1557 725,1557 726,1556 727,1556 728,1555 741,1555 742,1556 767,1556 767,1556 767,1549 768,1548 768,1547 769,1546 770,1546 771,1545 772,1545 773,1546 774,1546 774,1547 774,1557 775,1557 810,1557 811,1556 836,1556 836,1556 836,1549 839,1546 842,1546 844,1549 844,1555 845,1555 909,1555 909,1555 909,1546 910,1545 911,1545 912,1544 913,1544 914,1545 915,1545 915,1546 915,1548 916,1549 916,1554 917,1554 927,1554 928,1555 935,1555 936,1556 940,1556 940,1557 940,1558 939,1559 938,1559 937,1560 937,1574 937,1574 935,1574 934,1575 931,1575 929,1577 929,1578 928,1579 882,1579 881,1580 881,1581 881,1581 831,1581 830,1580 829,1580 828,1579 820,1579 819,1578 802,1578 801,1577 770,1577 769,1578 747,1578 746,1579 746,1583 744,1585 744,1591 744,1591"/><TextEquiv index="1"><Unicode>point d'admirer la clémence qui m'avoit</Unicode></TextEquiv></TextLine></TextRegion><TextRegion id="r4" type="footnote" orientation="-0.0"><Coords points="704,1669 704,1584 824,1584 824,1669"/><TextEquiv><Unicode/></TextEquiv><TextLine id="r4_l001"><Coords points="716,1584 798,1584 798,1636 716,1636"/><TextEquiv index="1"><Unicode>l</Unicode></TextEquiv></TextLine></TextRegion></Page></PcGts>