1116 1854
191 96 263 131 Last
162 141 975 198 “d'ignorance & de barbarie, que j'avois ve
162 194 997 242 “auparavant en France, quand les Angloie
163 239 997 288 “firent brûler votre Pucelle d'Orléans! Je
163 282 997 333 “me trouvai à cette cruelle exécution; cela
163 328 997 378 “me fit ſaigner le cœur -- Hé mais, Mon-
163 374 997 424 “ſieur, lui dis-je enfin, quel âge avez-
163 420 997 469 “vous donc?“ Il me répondit qu'il n'avoit
163 467 997 517 guere que quatre cents ans. A ce propos,
163 511 997 562 je ne pus retenir un grand éclat de rire; &
163 554 997 605 cet homme ſingulier me dit, ſans s'émouvoir;
163 602 997 649 „Vous êtes Francois, & de plus vous
163 646 998 695 “êtes jeune; il faut vous paſſer un rire peu
164 691 998 741 “diſcret. Je ne crois pas que vous puiſſiez
164 734 998 787 “me ſoupconner d'être plus âgé que je ne
164 782 998 832 “vous l'accuſe. Je ne me ſuis encore en-
164 827 998 883 “dormi que quatre fois; & j'ai vécu peu
164 873 998 930 “d'années depuis que je me ſuis éveillé.“
164 918 998 965 Je le regardai de l'air le plus ſtupéfait.
164 954 998 1014 I dit enfin: „Pardonnez, Monſieur; j'avois
164 1007 998 1058 “cru que vous étiez de notre ſociété; que
164 1053 998 1104 “par conſéquent vous deviez entendre
164 1100 999 1156 “mon langage; mais comme vous n'êtes
165 1143 999 1196 “pas initié dans nos myſteres, je ne ſuis
165 1190 999 1241 “plus ſurpris de l'étonnement que vous
165 1234 999 1286 “cauſe mon diſcours. Au reſte, Monſieur,
165 1280 999 1330 “nous n'avons rien à cachen; & ſi vous
165 1326 999 1375 “voulez nous faire l'honneur de venir dîner
165 1372 999 1420 “avec nous, vous nous obligerez beau-
165 1416 999 1480 “coup.“ Curieux de connoître cet homme
165 1463 920 1515 ſa ſociété, j'acceptai l'invitation.
165 1495 999 1559 Je vis une ſociété d'hommes, qui me
165 1554 1000 1620 parurent fort honnêtes & fort gais. L
