1116 1854
145 146 922 206 plus naïve aiſance régnoit parmi eux. Nous
146 201 920 251 étions une douzaine à table. Le plus preſſé
145 244 922 295 de parler, qui étoit le plus jeune, s'écria:
145 293 923 339 O que ce ſiecle me paroît différent de
143 337 921 384 “l'autre! quelle furlité! quelle petiteſſe!
144 384 921 433 “Il y a un peu plus long-temps que vous,
145 429 922 477 “Meſſieurs, que je ſuis éveillé; je crois
145 473 925 522 appercevoir qu'on eſt plus raiſonnable
145 518 922 567 “qu'autrefois; mais auſſi l'on eſt bien moins
146 565 925 612 “gai. Je vois de temps en temps des gent
147 609 922 658 “qui daignent ſourire: on rioit à gorge
147 654 924 701 “déployée, ſous Louis XIV.“ Je ne pus
145 700 924 764 m'empêcher de rire moi - même de ce
188 747 926 793 agage. „Vous auriez bien remarqué une
144 777 920 839 “plus grande différonce, dit un des plus
146 835 926 883 “vieux de la compagnin, ſi vous aviez vu
145 880 928 928 “ tous les ſiecles d'ignorance que j'ai eu le
143 925 952 969 “malheur de voir; mais alors, il faut
151 972 925 1017 “l'avouer ſans ménagement, les hommes
152 1017 922 1064 “étoient vraiment des bêtes. Sous Louis le
153 1059 928 1108 “Grand, de cet humble état ils furent élevés
150 1105 920 1156 “à la dignité d'enfants, & je les vis folâtrer.
143 1152 922 1197 “Maintenant ils commencent à être ce qu'on
145 1196 928 1247 appelle de grandes perſonpes; & je ne
145 1240 925 1304 “ſais pas s'ils ont gagné à cet avance-
147 1301 380 1329 mment.“.
147 1316 923 1383 J'étois confondu d'entendre dire à mes
148 1378 923 1426 convives tant de diſparates, avec un faux
146 1421 921 1473 air de raiſonnement. „Hé bien, dit un
131 1468 922 1518 “ troifieme, comment ferons - nous pour
149 1513 920 1563 nous tmanſporter dans l'autre hémiſphere
149 1559 926 1609 o'eſt perdre note vie, que de la paſſer
833 98 938 152 t.
