1116 1854
195 104 282 150 are
160 155 1018 208 “dans celui-ci. Il me tarde de voir la
161 202 1018 253 “France; elle aura décliné ſans doute. Il
161 249 1018 297 “n'étoit pas poſſible qu'elle ſe ſoutint dans
161 294 1018 343 “l'état de grandeur où je l'ai vue le ſiecle
161 339 1018 388 “paſſé. Elle a dû cependant accroître la
161 384 1018 433 “maſſe de ſes lumieres; elle doit même
161 428 1018 479 “avoir à préſent des philoſophes; mais je
161 475 1018 523 “doute fort qu'ils aient encore une influence
161 521 1018 569 “bien marquée dans le gouvernement. On
161 566 1018 614 “ne doit pas voir aujourd'hui des choſes
161 611 1019 660 “auſſi affreuſes que j'en ai obſervé ſous le
162 656 1019 704 “tyran catholique Philippe II, & du temps
162 700 1019 749 “des Vaudois & des Albigeois. Il falloit alors
162 745 1019 794 “frémir d'horreur, & regretter les ſiecles
162 792 1019 837 “où les Egyptiens adoroient des oignons.“
162 835 1019 885 Ces meſſieurs parlerent tous à peu près
162 880 1019 931 dans le même ſens, ſe donnant pour témoins
162 928 1019 974 oculaires de toutes les ſcenes dont ils par-
162 973 1019 1021 loient; je ne faiſois que rouler de grands
162 1017 1019 1077 yeux étonnés, diſant: que de folie & de
162 1063 426 1108 “bon ſens!“
162 1104 1020 1160 En diſcourant ſur différentes matieres,
163 1153 1020 1203 on tomba ſur le chapitre-de l'âge, & l'on
163 1198 1020 1248 ſe demanda mutuellement combien on avoit
163 1244 1020 1293 d'années. L'un dit: j'en ai ſix cents, l'autre
163 1290 1020 1337 ſept cents, l'autre huit cents, d'autret
163 1335 1020 1384 plus ou moins; enfin le plus vieux avoit
163 1380 1020 1428 près de mille ans. Je regardai tous ces
163 1425 1020 1473 viſages de patriarches, qui me paroiſſoient
163 1466 1020 1519 d'âges très-ordinaires. Le Mathuſalem de la
163 1517 1020 1568 bande n'annonçoit pas même avoir plus de
163 1562 1021 1613 ſoixante ans. On en vint enfin à mon tour
