1116 1854
235 138 301 171 a
230 175 1001 230 “tels répandus dans tout l'autre hémiſ-
232 227 1002 276 “phere: ce ſont là les vrais adeptes. Pour
232 274 1002 318 “nous autres nous étions venus il y a
229 318 1006 366 “une centaine d'années dans ce pays,
226 365 1001 411 “avec les François qui s'y ſont établis.
232 411 1006 457 “Ne trouvant point de vaiſſeaux pour re-
231 454 1004 502 “tourner en Europe, en attendant qu'il
229 500 1007 547 “en vînt, nous réſolûmes de nous endor-
231 545 1003 593 “mir; & nous nous fîmes conſerver dans
230 590 1009 638 “la glaciere que vous avez vue. L'on nous
231 636 1001 682 “a tous éveillés ces jours derniers; & nous
233 681 1006 728 “allons nous arranger pour partir le plutôt
233 726 1003 773 “qu'il nous ſera poſſible, afin de profiter
233 772 1003 818 “de la vie que nous voulons bien nous
231 818 1002 864 “procurer pendant quelques années. Nous
232 862 1004 910 “avons encore pluſieurs de nos confreres
232 909 1005 954 “qui dorment ſous la neige. Pour vous,
232 952 1000 1000 “mon cher Monſieur, ſi vous voulez, il
233 999 1000 1044 “ne tiendra qu'à vous d'être du nombre:
231 1045 1000 1091 “nous vous enterrerons du plus grand cœur
231 1090 1000 1132 “du monde; & nous vous ſouhaiterons le
234 1134 1007 1181 “bon ſoir, juſqu'au plaiſir de vous revoir
232 1180 1007 1226 “dans quelques ſiecles.“ Je remerciai ce
231 1225 1003 1272 galant homme le plus poliment qu'il me
228 1268 1004 1316 fut poſſible; mais en lui témoignant quel-
229 1315 895 1363 que répugnance d'accepter ſon offre.
283 1361 1001 1406 „Que riſquez-vous? ajouta-t-il. La na-
232 1403 998 1441 “ture nous a fixé un nombre déterminé
229 1451 999 1497 “d'années; nous ne les multiplions pas, mais
233 1494 1000 1541 “nous les diſtribuons à notre gré dans
199 1540 1001 1588 “pluſieurs ſiecles. Pendant le temps que
224 1587 999 1633 “nous vivons, nous apprenons tout ce qui
