1116 1854
229 157 1011 209 des gens frais & vermeils, qui paroiſſent
230 206 1009 254 dormir. Il ſe hâta de les recouvrir, pour
229 251 1008 298 qu'ils ne priſſent pas l'air. „Nous les laiſ-
229 294 1008 345 “ſerons dormir, me dit-il, juſqu'à ce que
230 341 1010 389 “nous trouvions un vaiſſeau pour partir.
230 386 1007 433 “Alors nous les éveillerons pour les emme-
231 433 1008 479 “ner avec nous. Il n'y a guere que quatre-
230 478 736 524 “vingts ans qu'ils dorment“
273 520 1008 570 Je paroiſſois toujours incrédule. „Je
231 569 1009 615 “vais vous en montrer d'autres, me dit-
232 613 1009 669 “il, qui dorment pour bien plus long-
230 659 1008 712 “temps.“ Alors il écarta la neige, & de-
231 702 1009 751 couvnit une eſpece de vivier ou réſervoir
234 749 1009 796 tout glacé. Au milieu de la glace tranſpa-
232 794 1008 843 rente, qui paroiſſoit un vrai cryſtal, je
224 840 1007 886 vis pluſieurs vieillards bien rangés, qui
234 885 1009 931 ſembloient endormis, cryſtalliſés, & comme
234 931 1009 977 faiſant corps avec la glace. „Vous voyez
236 975 1007 1024 “bien, me dit-il, ces gens frais & ver-
236 1019 1008 1076 “meils; c'eſt une épreuve que nous faiſons.
235 1066 1014 1122 “Nous avons imagine qu'un corps lumain,
235 1111 1007 1159 “ſi l'on pouvoit l'incruſter ſi etroitement
236 1156 1009 1203 “dans la glace, pourroit ſe conſerver mille
236 1202 1005 1249 “ans, & nous avons tenté l'épreuve ſur ces
236 1248 1007 1294 “braves vieillards, qu'on ne réveillera que
238 1291 1008 1340 “vers l'an 2800. Ce ſont eux qui ſe ſont
237 1337 1003 1385 “courageuſement dévoués pour cette expé-
237 1383 1006 1430 “rience. Ils avoient déja vécu à peu près
238 1428 1008 1473 “tout ce qu'ils comptoient vivre; & ils au-
239 1472 1008 1521 “roient attendu tout doucement la mort,
241 1517 1004 1567 “ſans faire un nouveau ſommeil juſqu'à
240 1562 1006 1618 “leur dernier moment; mais l'épreuve réuſ-
