1116 1854
81 119 876 174 riche qui voyoit un indigent, pouvoit - il
78 168 874 220 laiſſer ſon plus proche parent dans la mi-
79 216 877 265 ſere? Tout vieillard étoit appellé mon pere,
79 263 874 312 tout jeune homme mon frere. Ce peuple
82 308 718 356 ne faiſoit vraiment qu'une famille.
132 352 876 401 La loi avoit fixé le taux au-delà duquel
81 400 876 446 on ne pouvoit plus acquérir, & ne per-
85 443 874 492 mettoit pas qu'un ſeul homme pût jouir à
85 488 874 538 ſon gré de la portion d'un grand nombre
88 533 873 583 d'autres. Cela faiſoit que chez ce peuple
86 579 875 627 il n'y avoit pas de riches, ni par conſé-
86 626 875 673 quent de pauvres. Loin d'eſtimer les cré-
89 669 876 717 ſus, ces braves républicains les regardoient
87 716 874 764 comme des uſurpateurs & des ſang-ſues pu-
91 760 875 809 bliques; ils les repréſentoient ſous un
91 806 875 854 emblême à peu près ſemblable à celui du
91 852 875 900 géant Gargantua, pour la bouche duquel
91 896 873 944 il falloit tant de pain, tant de vin, &c.
95 940 875 982 &c. &c. C'étoit donc un déshonneur à
94 985 874 1034 leurs yeux d'être riche, comme aux nôtres
97 1030 877 1079 d'être pauvre. Ils ne concevoient pas non
97 1076 875 1129 plus l'idée que nous avons de la nobleſſe;
100 1122 878 1171 plus elle eſt ancienne, plus nous l'eſtimons;
99 1169 877 1216 eux au contraire en faiſoient plus de cas à
100 1212 878 1262 meſure qu'elle étoit plus récente. „Voyez,
101 1258 876 1305 “diſoient-ils, ces nobles d'Europe; ils ſe
104 1304 879 1350 “vantent qu'il y a deux mille ans qu'ils ſont
106 1349 878 1395 “nobles, c'eſt-à-dire, qu'il y a deux mille
107 1395 875 1440 “ans qu'ils ont eu un honnête homme dans
108 1437 400 1476 “leur famille!“
153 1483 876 1533 Le code de ce pays n'étoit pas un tiſſu
106 1527 880 1588 barbare d'uſages & d'abus; c'étoit vrai-
