1116 1854
815 113 892 144 etr
226 1587 382 1632 Tome II.
102 154 881 206 paſſoit, ou étoit rejetée, à la pluralité des
105 206 200 240 voix.
156 247 882 292 Tandis que j'examinois, avec plaiſir,
105 291 881 340 le gouvernement de ce petit pays, & que
108 336 881 384 je faiſois des notes utiles, tant pour en tirer
109 380 883 430 parti, ſi je continuois de régner, que pour
108 425 882 471 laiſſer des lumieres à mon ſucceſſeur, en
111 470 883 518 cas que je trouvaſſe occaſion de quitter le
111 515 883 565 pays, tout-à-coup je recus de ma capitale
112 561 883 608 un courier foudroyant, qui m'apprit que
113 605 884 651 la reine étoit dangereuſement malade. Je
104 649 883 697 fus frappé juſqu'au fond du cœur de cette
112 695 883 745 nouvelle; & je courus, jour & nuit à franc-
116 741 884 788 étrier, pour aller rejoindre ma Ninon. A
119 787 893 831 mon arrivée je trouvai une agitation ex-
119 830 885 878 traordinaire dans tout le peuple. Je vis tout
115 875 885 924 le monde s'accorder à me fuir; à peine me
118 921 884 959 rendit-on froidement les honneurs dus à
122 966 886 1012 mon rang. Je crus même entendre ſortir
122 1010 887 1057 de la foule une voix qui diſoit: „ſi la reine
124 1055 885 1104 “meurt, prends garde à toi.“ Je compris
123 1102 889 1148 aiſement que ce peuple ne me reſteroit pas
123 1146 889 1193 long - temps fidele, ſi la mort m'enlevoit
126 1190 889 1238 mon épouſe. La perte de mon trône ne
125 1234 895 1281 m'effrayoit pas; je me propoſois bien d'y
128 1280 908 1328 renoncer ſi je reſtois veuf; mais j'étois dans
126 1324 908 1370 le cas de craindre que la nation ſoulevée ne
127 1369 894 1416 ſe contentât pas de mon abdication, & ne
128 1414 892 1462 voulût me reconduire ſur l'échafaud; &,
128 1460 893 1508 quelque dangereuſe qu'on me peignît la
130 1505 894 1549 maladie de la reine, je crus dès-lors ma vie
131 1551 687 1594 en danger autant que la ſienne.
