1116 1854
212 150 977 210 que de moi. J'étois bien à plaindre. J'allois
213 206 978 255 perdre une épouſe que j'adorois; j'allois
212 250 979 300 voir mon royaume en feu, par le ſouléve-
213 297 979 346 ment que je prévoyois; j'allois perdre mon
212 344 774 389 trône & peut-être ma vie.
261 389 979 435 Il eſt inutile de rappeller ici tout ce que
212 434 997 480 nous nous dîmes de touchant & de déchi-
211 479 981 526 rant: c'étoient deux cœurs feignants qui
211 524 981 571 parloient. On m'entraîna preſque mourant
214 569 982 616 ſur mon lit, pour que j'y priſſe un peu de
213 614 1001 661 repos; mais il ne me fut pas poſſible d'y
214 659 984 706 fermer l'œil. Mon lit me parut de ſer.
209 704 982 751 Ninon à l'agonie, mes ſujets ſoulevés, tou-
216 750 981 798 tes les horreurs d'une guerre civile, les
215 794 985 842 échafauds, les gibets, tout ce qu'il y a
215 837 984 887 de plus horrible dans la nature, ſe préſenta
213 883 984 931 ſucceſſivement à mes eſprits déſolés; &
213 929 984 977 Julie gémiſſante, qui me tendoit les bras
214 975 984 1023 de l'autre hémiſphere, venoit meure le
214 1021 984 1068 comble à ma déſolation. Tout ce que j'avois
213 1066 981 1113 ſouffert de peines depuis que j'exiſtois, ve-
214 1111 1014 1159 noit frapper de nouveau mon imagination
216 1157 985 1201 & mon cœur; & je ſentois diſtinctement
216 1203 993 1249 juſqu'au moindre de mes malheurs. Mais
207 1248 984 1294 ce qu'il y avoit de plus douloureux, c'eſt
215 1291 983 1341 que je ne pouvois me livrer à ma douleur.
218 1336 981 1384 Le poids d'un vaſte royaume ébranlé pe-
214 1382 984 1432 ſoit ſur moi; il falloit que je le ſoutinſſe,
214 1428 1017 1476 ſinon, je riſquois de voir périr des milliers
216 1471 983 1516 d'hommes, & d'être moi-même traîné ſur
216 1519 981 1567 l'echafaud. Dans mon agitation cruelle, je
215 1564 1017 1621 me levai en ſurſaut: j'ordonnai qu'on aſ-
215 120 281 150 z
