1116 1854
844 108 939 155 a
148 150 925 209 ſemblât le conſeil; & je me recueillis en
150 207 925 253 moi-même, pour prendre une fermeté ca-
149 252 517 298 pable d'en impoſer.
198 288 922 344 Je ſentois mon courage s'échauffer, &
149 342 923 389 je me rendois au conſeil; tout-à-coup on
149 387 924 435 vient m'appeller auprès de mon épouſe,
151 433 923 479 qui touche, dit-on, à ſon dernier inſtant.
153 479 922 525 Mon courage retombe; je m'y traîne. Je
154 523 923 568 la trouve plongéé dans un profond éva-
153 566 922 615 nouiſſement. Jamais on n'approcha avec
157 612 923 659 tant de reſpect du ſanctuaire de la divinité,
156 657 925 703 que j'en reſſentis en m'avançant vers cet
156 700 923 746 objet céleſte. Je collai ma bouche ſur ſa
156 749 926 791 bouche; mes larmes coulerent en ſecret ſur
155 790 925 838 ſes belles joues. Mon haleine échauffa ſes
156 835 923 883 levres glacées; elle ouvrit ſes yeux & ren-
156 881 925 927 contra les miens. Un foible rayon parut en-
159 925 925 972 core briller dans fes regards: elle vouloit
156 968 923 1018 parler, & ne faiſoit que remuer les levres.
159 1017 927 1063 Que ne lui dis-je point! O Dieu! elle en-
159 1060 925 1107 tendoit mes expreſſions enflammées, elle
157 1104 925 1154 en étoit touchée, & me ſerroit tendrement
149 1151 925 1198 la main. Je prenois notre enfant, je baiſois
158 1196 926 1242 cette chere petite, je collois ſa joue enfan-
158 1240 925 1288 tine contre la joue de ſa mere; & l'amour
160 1286 925 1335 maternel ſe peignoit encore dans ſes beaux
159 1329 927 1379 yeux. Je vis que ma tendre épouſe avoit
157 1376 928 1422 encore quelques heures à vivre, mais ſeu-
156 1422 928 1467 lement quelques heures. Je m'arrachai de
156 1465 925 1513 ſon chevet, & je me rendis au conſeil qui
158 1509 930 1558 m'attendoit. Un morne ſilence régnoit dans
159 1553 929 1602 l'aſſemblée; je voyois quelques yeux où
721 1603 791 1645 LI
