1116 1854
213 104 280 146 ae
213 153 989 206 ſe peignoit un touchant intérêt pour moi;
211 203 988 250 mais la plupart me lancoient, preſque ſans
211 247 982 296 ménagement, des regards envenimés. J'étu-
208 293 1024 341 diai & jugeai tous ces courtiſans. Ceux que
213 336 996 385 j'avois comblés de plus de bienfaits, étoient
205 385 698 431 mes plus mortels ennemis.
260 429 980 473 Meſſieurs, leur dis-je, la reine va
208 474 985 522 “peut-être mourir; il faut prendre un parti.
206 521 982 566 “Si je la perds, ne comptez pas que je
206 564 983 609 “vous faſſe le ſacrifice de ma patrie, de
207 608 984 655 “ma liberté, de mon repos, peut-être de
205 652 989 701 “ma vie. J'ai reſté chez vous pour cette
205 700 1008 749 “femme adorable: vous m'avez forcé de
202 742 1009 791 “vous conquérir; vous m'appartenez par
199 788 978 837 “le droit de l'épée, ſi c'eſt là un droit. Je
199 836 975 872 “veux vous rendre votre ancienne conſtitu-
202 880 980 922 “tion. La reine a une fille, mettez l'enfant
201 925 974 970 “ſur le trône, ſi vous perdez la mere. Je
198 968 972 1017 ne veux que l'y établir, & retourner dans
200 1012 966 1061 “ma patrie. Là je rentrerai dans l'état de
199 1059 971 1106 “ſimple citoyen, le ſeul où je puiſſe être
200 1106 972 1152 heureux; car la couronne commence fort
199 1150 970 1197 “à me peſer. Au reſte, je veux de la li-
198 1193 968 1243 “berté dans les ſuffrages. Les états-généraux
197 1239 968 1286 “ſon aſſemblés, je prétends que les dépu-
197 1285 965 1332 “tés de tous les corps & de toutes les pro-
197 1331 965 1377 “vinces donnent librement leurs voix. S'ils
195 1376 963 1420 “la refuſent à ma fille, je l'emmene avec
193 1421 974 1468 “moi dans mon pays natal; & gouvernez-
190 1467 961 1511 “vous comme il vous plaira: mais je ne
192 1511 960 1559 “veux pas que l'ambition de quelques par-
182 1556 961 1606 “ticuliers faſſe naître des guerres civiles,
