1116 1854
119 138 911 196 “& déchire le royaume. Allez dire aux états-
119 193 909 242 “généraux que j'entends qu'ils s'aſſemblent
119 237 910 287 “demain, pour élire celui ou celle qui doit
118 282 909 331 “ſuccéder à ma tendre épouſe, & pour prê-
119 328 908 377 “ter à la perſonne élue le ſerment de lui
117 375 908 422 “obéir, dès que l'auguſte mourante aura
119 418 907 467 “fermé les yeux. Je veille ſur vous; j'em-
118 465 903 510 “ploierai les derniers moments de ma
119 510 902 557 “royauté à placer ſolidement ſur le trône
107 554 906 602 “le roi ou la reine qu'on aura juridique-
118 597 904 647 “ment élu, à récompenſer ceux qui auront
118 644 900 694 “bien mérité de l'état, à punir les ambi-
117 690 903 733 “tieux & les turbulents, à conſolider le
120 733 904 783 “ſaint empire des loix, & par conſéquent
120 779 934 822 “à fixer la vraie liberté de la nation.
119 823 904 872 “Qu'avez-vous à répondre? Parlez.“ Tous
122 868 902 917 s'écrierent que l'unique réponſe qu'il y eût
124 912 903 963 à faire, étoit d'obéir; Je leur dis, obéiſſez,
124 957 470 1006 & je les congédiai.
163 1004 904 1052 J'allai retrouver la reine; ſa derniere
122 1047 903 1100 heure étoit arrivée. Elle revenoit d'un long
124 1092 917 1144 évanouiſſement. On voyoit, ſur ſon vi-
121 1139 902 1188 ſage, le ſceau de la mort; mais ſans ſa
121 1186 908 1231 lugubre horreur: on entrevoyoit, au con-
118 1227 903 1271 traire, une ſorte de ſérénité dans ſes beaux
125 1274 900 1322 yeux & ſur ſes levres: ſes joues mêmes pa-
126 1318 903 1366 roiſſoient colorées, comme par l'aurore du
126 1364 902 1413 bonheur dont elle alloit jouir. On voyoit
128 1410 903 1457 qu'elle avoit pris ſon parti, & qu'elle étoit
128 1453 901 1492 élevée au deſſus de la nature humaine.
131 1499 914 1547 Quel pur amour ſe peignit dans ſes yeux,
130 1544 903 1592 quand elle m'appercut! Elle eut la force
843 107 908 139 L.
687 1593 768 1635 L
