1116 1854
173 95 246 131 0e
174 140 956 188 tous les corps de lui prêter ſerment de fi-
155 185 952 241 délité. Tout le monde obéit; & je congé-
174 229 462 278 diai l'aſſemblée.
220 275 956 323 Cependant le peuple avoit crié: Vive la
174 321 959 368 reine! ſans ſavoir encore ſi c'étoit pour
174 365 957 414 mon épouſe, dont il ignoroit la mort, ou
176 411 953 458 pour ma fille. Je fis promener la reine en-
175 457 954 504 fant, avec la plus grande pompe, dans
178 502 958 548 toutes les rues. La capitale apprit en même
179 547 953 593 temps la mort de l'ancienne & l'avéne-
178 592 956 638 ment de la nouvelle. On pleura ſincérement
151 634 960 684 celle qu'on perdoit; car elle étoit adorée,
180 681 478 718 & l'avoit mérité.
225 724 962 772 Tout paroiſſoit tranquille; mais la haine
179 771 961 818 veilloit. Ce n'étoit plus l'amour pour les
183 816 959 864 anciennes conſtitutions de l'état, qui faiſoit
183 863 965 909 des mécontents, puiſque la fille de la reine
183 906 963 945 avoit fuccédé à ſa mere ſelon les loix.
183 953 961 1000 L'origine du trouble venoit de ce que les
174 998 961 1044 principaux de la cour ayant vu dans moi
183 1042 964 1088 un homme monter ſur le trône, vouloient
182 1087 960 1135 en faire autant, regardant comme abolie
184 1132 955 1180 la loi qui en excluoit notre ſexe. Ma fille,
185 1178 958 1225 couronnée, renverſoit tous leurs projets; &
185 1223 966 1270 ils ne vouloient ni d'elle pour reine, ni de
189 1266 965 1314 moi pour régent. Je m'apperçus qu'on tra-
188 1314 960 1370 moit ſourdement quelques conſpirations,
190 1358 964 1404 dont, tous ceux qui s'etoient flattés de me
183 1401 960 1448 ſuccéder me paroiſſoient les chefs. Je ré-
188 1446 963 1493 ſolus de m'aſſurer d'eux; ils étoient tous du
190 1493 965 1540 conſeil. J'aſſemblai le conſeil, après avoir
186 1535 964 1586 fait entourer le palais par'deux régiments,
