1116 1854
199 102 264 137 aya
209 147 975 198 „Meſſieurs, je viens d'établir une eſpece
202 191 976 242 “de conclave, où j'ai renfermé tous les
200 240 976 286 “premiers de l'état, pour travailler chacun
206 282 977 332 “ſéparément à un plan de légiflation né-
199 329 972 377 “ceſſaire à ce royaume. Communiquez-moi
199 373 973 419 “pareillement vos lumieres, & je profite-
198 419 974 466 “rai des mémoires que chacun de vous me
202 461 977 511 “fera paſſer.“ L'établiſſement de mon
201 506 976 557 conclave fut applaudi, & il étoit néceſſaire,
201 553 978 600 parce que je voulois avant de partir, fixer
201 598 980 647 la paix dans ce pays, & qu'il falloit m'aſ-
198 639 977 691 ſurer des boute-feux qui pouvoient trou-
200 686 975 736 bler le calme, juſqu'à ce qu'il fût bien
200 731 974 779 établi. Alors je fis le tour de la ville, où
198 775 973 825 le bruit de mon conclave s'étoit répandu
199 821 973 871 Tout le peuple crioit: Vive la reine! Vive
198 866 382 913 le régent!
248 909 976 960 De là j'allai rejoindre ma tendre épouſe,
200 957 975 1005 qu'enchaînoit ſur ſon lit un repos éternel
200 1002 978 1049 Femme adorée! Je dépoſai à ſes pieds la
200 1044 975 1093 fermeté que j'avois déployée dans mon
201 1090 974 1138 conſeil. Je m'étendis ſur ce corps chéri,
173 1136 975 1173 verſant des larmes en ſilence. Hélas! mes
201 1181 977 1220 larmes le mouillerent ſans le ranimer! Je
202 1226 978 1272 contemplois, j'admirois avec enthouſiaſme
202 1269 975 1318 ces charmes adorés. Quels tréſors de beau-
201 1315 975 1357 tés la nature avoit moiſſonnés, en leur en-
200 1361 971 1408 levant une ame! Ce qui eût fait d'un ſou-
173 1406 970 1454 rire mon bonheur & celui de mon peuple,
201 1450 971 1497 devoit être la proie des vers. Je le revoyois
200 1496 971 1543 ce ſourire angélique, retracé ſur les levres
183 1540 973 1591 de ma fille, & je couvrois de baiſers cette
