1116 1854
819 114 923 149 La
155 157 925 205 chere petite. Enfin, je fis au cadavre pré-
155 203 924 251 cieux de magnifiques obſeques; elles furent
151 248 924 294 honorées des larmes de mon peuple. J'eus
149 293 919 340 la force de retenir les miennes en public;
148 338 919 382 mais elles coulerent au ſein de l'ombre;
150 381 923 429 & la plaie n'eſt pas encore fermée dans
152 440 359 466 mon cœur.
198 472 921 520 J'allois voir au conclave chacun de mes
147 518 919 566 priſonniers; je conférois avec eux, & je
152 563 920 609 travaillois ſincérement à un code favorable
143 609 919 655 à la nation, prenant toutes les précautions
147 653 919 701 poſſibles pour le rendre immuable. Je vou-
146 698 920 744 lois ardemment le bien de mon peuple;
147 742 919 790 mon rang me l'impoſoit; & les pleurs
148 787 918 836 qu'il avoit répandus ſur la tombe de mon
145 833 823 879 épouſe, me l'avoient rendu plus cher.
166 877 921 925 Tout prenoit, par mes ſoins, une tour-
150 921 921 970 nure avantageuſe. La nation paroiſſoit heu-
149 968 918 1017 reuſe; elle béniſſoit mes travaux, & ſon
146 1012 920 1060 bonheur étoit une conſolation pour moi:
148 1057 919 1104 mais Dieu! que je cueillois de fruits d'amer-
152 1105 920 1142 tume! On vouloit me donner la mort. Je
148 1149 919 1194 recus & pardonnai deux coups de couteau.
150 1192 919 1239 Je fus manqué deux fois à coups de fuſil;
147 1238 918 1285 & ſouvent je m'appercus qu'on avoit voulu
147 1283 921 1330 m'empoiſonner. Une fois, entr'autres, ſans
148 1327 919 1375 des remedes prompts & violents, j'aurois
147 1371 917 1422 péri. La haine ne ſe rebutoit pas, & ma
147 1416 759 1465 fermeté ne m'abandonnoit jamais.
191 1463 915 1509 Je paſſois tous les jours une heure au
146 1505 914 1552 fond du tombeau de mon épouſe, avec
145 1551 918 1607 mon enfant dans mes bras; je m'y nour-
