1116 1854
196 168 980 214 riſſois d'une douce mélancolie, qui avoir
198 213 975 259 ſes charmes; je m'appliquois infatigable-
199 257 975 305 ment aux ſoins du gouvernement & de la
198 303 746 352 légiſlation. Telle étoit ma vie.
244 348 979 395 Les hommes, d'un côté, me tendoient
199 393 980 439 de cruelles embûches, pour me faire périr;
199 435 978 487 les femmes, de l'autre, me dreſſoient de
199 486 979 532 plus doux pieges, pour gagner mon cœur.
197 530 981 576 Je ſemtois qu'il falloit fuir, pour me dé-
198 573 979 618 ſendre des uns & des autres; & je faiſois
199 618 976 667 conſtruire un vaiſſeau, ſur le bord du
198 662 980 712 fleuve. Pour peu que je reſtaſſe, je voyois
198 710 981 756 que je devois ſuccomber ſous les ennemis
196 754 979 802 multipliés & couverts qui m'aſſailloient.
199 801 979 849 On m'envioit mon rang, que je trouvois ſi
198 845 979 892 pénible; & je ne ſais pas ſi jamais j'ai
199 889 674 934 mené une auſſi triſte vie.
246 934 984 983 Enfin, j'achevai mon code; je le fis
198 981 983 1029 recevoir ſolemnellement par la nation, qui
197 1024 982 1073 lapprouva, même avec enthouſiaſme.
195 1069 980 1118 J'avois établi dans l'état l'ordre le plus
197 1115 978 1164 parfait, & la plus grande tranquillité. On
198 1161 977 1208 aimoit la reine ma fille; & du moins on
194 1204 981 1254 n'en vouloit qu'à moi. Je ſentois qu'il étoit
199 1253 975 1300 temps de partir; je voyois mon vaiſſeau
198 1297 625 1344 prêt, & je l'étois auſſi.
243 1342 977 1390 J'avois fixé le jour de mon départ; je
198 1388 970 1436 me voyois à la veille de ce jour deſiré.
198 1432 969 1480 J'avois nommé un régent très - honnête
196 1476 975 1526 homme. J'allai prendre congé du conſeil,
198 1519 973 1572 des états-généraux & du peuple. Je vis
195 1569 971 1616 couler des larmes, ſur-tout parmi le peu-
195 123 268 161 Le
