1116 1854
235 98 302 143 aaé
235 150 1003 198 conſumoit. On me mit au lit, &, dans
232 193 1004 241 ma tête échauffée, je fis les plus horri-
231 239 1005 287 bles réflexions. Si près de partir, ô ciel!
231 284 1004 334 après avoir échappé à tant de dangers,
209 332 1004 378 mourir, je ne ſais comment! Et Julie,
233 375 1006 423 que je m'étois flatté ſi long-temps de re-
231 419 1005 464 voir!... „Hélas, me diſois-je, eſt-elle
234 464 1005 513 “encore au monde pour que je l'y revoie?
236 509 1006 558 “Ah! ſi elle eſt dans l'éternité, je bénis
233 554 1004 602 “mon trépas qui va me rejoindre avec
234 603 385 638 “elle.“
279 643 1006 694 On ne me déguiſoit pas que j'étois en
230 690 1006 737 danger. Accoutumé à braver la mort, je
229 735 1005 780 ſentis qu'il ne m'étoit pas permis de la
231 779 1001 827 craindre. Je pris ſur le champ mon parti;
231 825 1005 873 &, loin de redouter le trépas, je le trou-
232 870 1002 919 vai trop lent. Cependant je rêvois conti-
232 915 1004 963 nuellement à ma Julie. De la rêverie je
232 960 1002 1007 tombai dans l'aſſoupiſſement; de là je ne
232 1004 1000 1052 tardai pas à m'évanouir, & à perdre toute
231 1050 1000 1098 connoiſſance. J'ignore combien de temps
228 1094 999 1141 je reſtai dans cet état. Je commençai en-
229 1137 997 1186 fin à m'éveiller par degrés. D'abord je ne
228 1184 998 1235 faiſois qu'entendre un murmure affreux; je
230 1229 999 1277 ſentois un cahotement épouvantable; j'étois
231 1275 997 1322 tranſis & glacé. Je ne voyois pas encore:
230 1320 999 1368 j'allois ouvrir les yeux; mais qui pourroit
227 1364 768 1411 ſe figurer ce que j'allois voir.
