<PcGts xmlns="http://schema.primaresearch.org/PAGE/gts/pagecontent/2017-07-15" xmlns:xsi="http://www.w3.org/2001/XMLSchema-instance" xsi:schemaLocation="http://schema.primaresearch.org/PAGE/gts/pagecontent/2017-07-15 http://schema.primaresearch.org/PAGE/gts/pagecontent/2017-07-15/pagecontent.xsd"><Metadata><Creator/><Created>2020-09-22T09:56:58</Created><LastChange>1970-01-01T00:00:00</LastChange><Comments/></Metadata><Page imageFilename="0263.png" imageHeight="1854" imageWidth="1116"><ReadingOrder><OrderedGroup id="g1"><RegionRefIndexed index="0" regionRef="r4"/><RegionRefIndexed index="1" regionRef="r2"/><RegionRefIndexed index="2" regionRef="r3"/></OrderedGroup></ReadingOrder><ImageRegion id="r1"><Coords points="351,106 349,107 349,118 351,119 351,120 354,123 354,133 351,136 351,147 352,148 397,148 398,147 398,139 399,137 400,139 400,146 402,146 403,147 553,147 557,150 557,152 558,154 593,154 594,152 595,152 595,151 596,150 596,148 597,147 599,148 639,148 640,149 694,149 695,150 731,150 733,148 733,147 734,146 734,136 732,134 727,134 726,133 726,130 725,129 725,118 723,115 597,115 596,117 595,117 594,118 559,118 557,115 500,115 500,117 499,118 497,115 497,114 495,113 461,113 460,114 460,115 458,117 458,120 456,122 456,125 455,126 454,125 454,117 451,114 411,114 410,113 410,110 407,107 392,107 391,106"/></ImageRegion><TextRegion id="r2" type="heading" orientation="-0.0"><Coords points="462,308 462,310 461,311 438,311 437,310 434,310 433,309 381,309 381,310 380,311 352,311 351,310 305,310 304,309 259,309 258,310 257,310 257,321 258,322 258,323 257,324 257,330 256,331 256,332 255,333 254,333 254,336 253,337 253,339 252,340 252,342 250,344 247,344 246,345 244,345 244,346 243,347 243,357 244,358 260,358 261,359 299,359 300,358 324,358 325,359 361,359 362,358 363,358 369,352 370,352 372,350 373,350 374,351 374,358 375,359 404,359 405,360 408,360 409,361 443,361 444,360 479,360 480,359 488,359 492,355 492,354 493,353 493,340 494,339 495,340 495,354 496,354 497,355 497,357 498,358 499,358 501,360 504,360 505,361 538,361 539,360 544,360 545,359 548,359 549,360 618,360 619,361 689,361 690,360 698,360 699,361 744,361 745,360 760,360 761,361 843,361 844,360 846,360 847,359 847,346 845,344 844,344 843,343 843,342 828,342 827,341 823,341 822,340 822,334 825,331 830,331 831,330 831,329 833,327 833,324 834,323 834,312 830,312 829,311 793,311 792,312 790,312 789,311 684,311 683,312 641,312 640,311 556,311 555,310 517,310 516,311 514,311 513,312 511,312 511,314 510,315 509,315 508,316 508,322 507,323 507,332 508,333 508,334 506,336 497,336 496,337 488,337 487,336 487,333 490,330 496,330 497,329 497,325 498,324 498,308"/><TextEquiv><Unicode/></TextEquiv><TextLine id="r2_l001"><Coords points="260,313 608,313 608,358 260,358"/><TextEquiv index="1"><Unicode>LIRE SI</Unicode></TextEquiv></TextLine><TextLine id="r2_l002"><Coords points="742,316 832,316 832,359 742,359"/><TextEquiv index="1"><Unicode>E.</Unicode></TextEquiv></TextLine></TextRegion><TextRegion id="r3" type="paragraph" orientation="-0.125"><Coords points="179,404 178,405 154,405 153,406 152,406 152,417 153,417 154,418 154,419 159,419 160,420 161,420 163,422 163,456 164,457 164,462 163,463 148,463 146,465 146,476 147,477 147,478 149,480 150,480 152,482 152,487 153,487 156,490 156,494 157,495 155,497 148,497 147,498 147,499 146,500 146,510 147,511 147,514 148,514 149,515 150,515 151,516 156,516 157,517 157,520 156,521 156,523 155,524 155,529 154,530 151,530 150,531 150,532 149,533 148,533 148,534 147,535 147,536 146,537 146,550 147,551 147,556 149,558 150,558 151,559 154,559 155,560 182,560 183,561 181,563 163,563 162,564 161,564 160,565 158,565 157,566 156,566 156,574 155,575 151,575 146,580 146,600 147,601 147,602 148,602 149,603 150,603 151,604 153,604 155,606 205,606 206,607 270,607 271,608 372,608 373,609 375,609 376,610 376,616 377,617 377,618 380,618 381,619 393,619 395,621 395,624 394,625 376,625 375,624 358,624 357,623 319,623 318,624 314,624 313,623 297,623 296,622 296,614 295,613 295,612 294,611 257,611 256,612 256,622 254,624 253,624 252,625 252,633 251,634 245,634 244,633 244,612 243,611 206,611 203,614 203,619 201,621 158,621 157,622 150,622 149,623 148,623 147,624 146,624 146,634 147,635 147,636 148,637 146,639 145,639 144,640 144,650 145,650 146,651 219,651 220,652 220,658 221,659 252,659 253,660 253,661 288,661 292,657 292,655 294,653 311,653 312,652 336,652 337,653 347,653 348,654 347,655 347,656 346,657 346,658 345,659 345,665 344,666 342,664 342,660 341,659 341,657 305,657 303,659 303,665 302,666 294,666 292,668 281,668 280,667 245,667 244,666 231,666 230,665 202,665 201,664 201,659 200,658 200,655 199,655 198,654 158,654 157,655 155,655 151,659 151,660 149,662 149,663 148,664 148,665 147,666 147,667 146,668 146,679 148,681 146,683 146,695 147,695 148,696 234,696 235,697 341,697 342,698 372,698 373,699 395,699 396,700 393,703 368,703 367,704 365,704 365,710 364,711 339,711 338,712 337,712 336,713 320,713 319,712 319,707 318,706 318,702 279,702 278,703 278,711 277,712 237,712 236,711 236,704 159,704 159,784 220,784 221,785 221,786 250,786 251,787 290,787 291,788 293,788 294,789 296,789 297,790 296,791 267,791 266,792 266,800 265,801 245,801 244,800 244,791 206,791 205,792 203,792 202,793 202,797 201,798 190,798 188,796 188,790 187,789 187,788 186,787 151,787 150,788 150,789 149,790 148,790 147,791 146,791 145,792 144,792 144,803 146,803 147,804 147,816 145,818 144,818 144,830 204,830 205,831 319,831 322,828 325,831 350,831 352,833 352,834 351,835 351,836 350,837 312,837 311,838 311,848 312,849 313,849 315,851 315,852 314,853 314,858 313,859 308,859 307,858 306,858 305,857 305,850 304,849 304,848 303,847 285,847 283,845 283,838 282,837 245,837 244,838 244,843 243,844 220,844 219,843 219,836 218,835 217,835 216,834 187,834 186,833 150,833 149,834 147,834 146,835 144,835 143,836 142,836 142,845 146,849 146,851 147,852 147,860 143,864 143,873 146,876 278,876 279,877 280,877 281,878 361,878 362,879 431,879 432,878 438,878 439,879 463,879 464,880 465,880 466,881 467,881 469,883 470,883 471,884 472,884 473,885 474,885 475,886 476,886 477,887 478,887 479,888 480,888 482,890 483,890 484,891 485,891 486,892 487,892 488,893 487,894 465,894 464,893 395,893 394,894 387,894 386,893 383,893 382,892 261,892 260,891 260,879 223,879 222,880 201,880 200,881 199,881 198,880 198,879 196,879 195,878 157,878 156,879 155,879 150,884 150,885 149,886 149,888 148,889 148,890 147,891 143,891 143,901 144,902 145,902 146,903 147,903 148,904 148,906 147,907 144,907 143,908 143,919 144,920 255,920 256,921 275,921 276,922 328,922 329,923 362,923 363,922 364,922 365,923 464,923 465,924 503,924 504,925 504,930 505,931 504,932 500,932 500,937 499,938 469,938 468,939 464,939 463,938 463,929 462,928 462,927 461,927 460,926 460,925 422,925 420,927 419,927 417,929 416,929 415,930 415,931 413,933 413,936 411,938 376,938 375,937 375,928 366,928 365,927 331,927 330,928 327,928 326,929 326,935 325,936 250,936 249,935 151,935 149,937 148,937 147,938 146,938 146,939 145,940 133,940 132,941 132,953 133,954 146,954 147,955 147,965 227,965 228,966 246,966 247,967 297,967 298,968 398,968 399,969 507,969 508,970 508,973 507,974 492,974 491,975 490,975 490,982 489,983 429,983 428,982 428,973 427,972 393,972 392,973 391,973 390,974 390,982 389,983 388,982 388,981 336,981 335,982 297,982 296,981 276,981 275,980 238,980 237,981 227,981 226,982 219,982 218,981 215,981 214,980 195,980 194,979 148,979 147,980 142,980 142,992 143,993 145,993 146,994 146,1005 147,1006 147,1008 148,1009 216,1009 217,1010 219,1010 220,1011 245,1011 246,1012 295,1012 296,1013 330,1013 331,1012 389,1012 390,1013 411,1013 413,1015 451,1015 453,1013 510,1013 512,1015 512,1026 511,1027 468,1027 467,1028 412,1028 411,1027 411,1019 410,1018 410,1017 409,1017 408,1016 346,1016 345,1017 327,1017 327,1023 326,1024 302,1024 300,1026 293,1026 293,1027 290,1030 290,1031 286,1035 285,1034 285,1031 281,1027 279,1027 278,1026 259,1026 258,1025 229,1025 228,1024 228,1020 227,1019 227,1018 225,1016 225,1015 224,1014 224,1013 187,1013 187,1016 186,1017 186,1020 185,1021 185,1023 184,1024 157,1024 156,1025 149,1025 148,1026 146,1026 145,1027 143,1027 142,1028 142,1037 141,1038 133,1038 133,1048 142,1048 143,1049 143,1053 144,1054 144,1055 187,1055 188,1056 242,1056 243,1057 241,1059 203,1059 202,1060 201,1060 200,1061 199,1061 199,1062 198,1063 198,1066 197,1067 196,1067 196,1068 194,1070 193,1070 191,1068 155,1068 154,1069 146,1069 145,1070 144,1070 144,1081 145,1081 146,1082 146,1083 145,1084 134,1084 133,1085 133,1095 142,1095 143,1096 143,1100 144,1101 148,1101 150,1103 185,1103 185,1102 186,1101 219,1101 220,1100 238,1100 239,1101 390,1101 392,1103 409,1103 410,1104 505,1104 506,1103 516,1103 517,1104 518,1104 519,1105 519,1106 518,1107 500,1107 499,1108 499,1110 498,1111 498,1113 497,1114 497,1117 496,1118 469,1118 468,1117 468,1108 467,1107 410,1107 409,1108 407,1108 404,1111 404,1117 403,1118 402,1117 390,1117 389,1116 389,1107 388,1106 351,1106 350,1107 349,1107 349,1115 347,1117 346,1117 345,1116 345,1115 311,1115 309,1117 300,1117 298,1115 245,1115 244,1114 244,1106 196,1106 196,1114 195,1115 187,1115 187,1125 188,1126 198,1126 199,1127 198,1128 190,1128 189,1129 188,1129 188,1130 187,1131 187,1141 188,1142 188,1143 189,1143 192,1146 221,1146 222,1147 257,1147 258,1146 275,1146 276,1147 402,1147 403,1146 404,1147 404,1149 403,1150 378,1150 377,1151 366,1151 365,1152 365,1159 363,1161 324,1161 323,1162 272,1162 271,1163 269,1163 268,1164 267,1163 267,1162 266,1162 265,1161 249,1161 247,1159 247,1151 245,1151 244,1150 210,1150 209,1151 208,1151 207,1152 207,1158 206,1159 196,1159 195,1158 195,1155 194,1154 194,1151 193,1150 191,1150 190,1149 148,1149 147,1150 147,1151 146,1152 146,1162 147,1163 145,1165 144,1165 143,1166 143,1170 142,1171 142,1180 143,1181 143,1183 144,1184 145,1184 146,1185 146,1186 147,1187 148,1187 149,1188 149,1189 150,1190 151,1190 152,1191 192,1191 193,1190 205,1190 206,1191 206,1199 227,1199 228,1200 228,1203 226,1205 200,1205 199,1204 199,1203 198,1203 197,1202 162,1202 161,1203 152,1203 150,1205 149,1205 142,1212 142,1221 143,1222 143,1226 144,1227 144,1228 145,1228 146,1229 146,1230 147,1231 147,1232 149,1234 151,1234 152,1235 152,1245 168,1245 169,1246 169,1247 167,1249 157,1249 156,1250 150,1250 149,1251 147,1251 146,1252 145,1252 144,1253 144,1263 146,1263 147,1264 147,1265 146,1266 145,1266 144,1267 143,1267 143,1277 144,1278 144,1279 145,1279 146,1280 240,1280 241,1279 252,1279 253,1278 253,1264 252,1263 242,1263 241,1262 241,1246 242,1245 259,1245 260,1244 260,1243 261,1242 262,1242 263,1241 263,1239 264,1238 264,1237 265,1236 300,1236 301,1237 347,1237 348,1236 366,1236 367,1235 368,1236 369,1236 370,1237 401,1237 402,1238 401,1239 368,1239 363,1244 363,1245 362,1246 362,1249 360,1251 348,1251 347,1250 347,1243 346,1242 300,1242 300,1246 299,1247 272,1247 270,1249 265,1249 264,1250 263,1250 263,1251 257,1257 257,1258 256,1259 256,1272 257,1273 257,1274 258,1275 258,1276 260,1278 262,1278 263,1279 292,1279 293,1280 294,1280 295,1281 296,1281 297,1282 360,1282 361,1281 446,1281 447,1282 449,1282 450,1283 487,1283 488,1282 570,1282 571,1283 571,1288 602,1288 603,1289 603,1295 602,1296 557,1296 556,1297 519,1297 518,1296 482,1296 481,1297 411,1297 410,1296 410,1286 409,1286 408,1285 371,1285 371,1286 370,1287 370,1288 369,1289 369,1296 368,1297 318,1297 317,1298 317,1299 316,1300 315,1300 315,1308 314,1309 305,1309 303,1307 303,1300 302,1299 302,1298 301,1297 300,1297 299,1296 287,1296 286,1295 286,1286 285,1285 283,1285 282,1284 282,1283 249,1283 246,1286 246,1294 245,1295 216,1295 215,1294 215,1286 214,1286 213,1285 178,1285 176,1287 176,1293 175,1294 147,1294 147,1295 146,1296 146,1309 145,1310 144,1310 144,1323 145,1323 146,1324 146,1325 147,1326 171,1326 172,1327 172,1334 174,1336 174,1338 173,1339 146,1339 146,1352 147,1353 147,1356 145,1358 144,1358 144,1368 145,1368 146,1369 146,1370 183,1370 184,1369 200,1369 201,1370 200,1371 187,1371 184,1374 183,1374 182,1375 181,1375 181,1382 180,1383 154,1383 153,1384 144,1384 143,1385 143,1396 144,1397 144,1402 142,1404 142,1414 143,1415 180,1415 181,1414 186,1414 187,1415 208,1415 210,1417 210,1418 209,1419 209,1422 208,1423 208,1425 207,1426 207,1428 206,1429 194,1429 193,1428 157,1428 156,1429 147,1429 147,1448 146,1449 145,1449 144,1450 144,1460 145,1460 146,1461 175,1461 176,1462 176,1463 175,1464 159,1464 157,1466 157,1469 156,1470 156,1471 155,1472 155,1476 154,1477 153,1477 152,1478 152,1482 151,1483 151,1485 150,1486 150,1487 149,1488 149,1490 147,1492 143,1492 143,1504 145,1504 146,1505 179,1505 180,1506 180,1515 179,1516 151,1516 149,1518 149,1519 148,1520 148,1521 147,1522 147,1533 148,1534 148,1545 149,1546 149,1547 150,1548 151,1548 152,1549 211,1549 212,1548 218,1548 219,1549 220,1549 221,1550 231,1550 232,1551 296,1551 298,1549 300,1549 301,1550 322,1550 323,1551 333,1551 334,1552 334,1559 335,1559 336,1560 336,1561 338,1561 340,1563 380,1563 380,1562 381,1561 382,1561 383,1560 384,1560 384,1559 385,1558 386,1558 387,1557 387,1553 388,1552 441,1552 442,1551 448,1551 449,1552 449,1553 447,1555 439,1555 438,1556 437,1556 436,1557 436,1564 435,1565 424,1565 423,1566 412,1566 411,1565 376,1565 375,1566 326,1566 325,1565 289,1565 288,1566 276,1566 275,1565 275,1563 274,1562 274,1559 273,1558 271,1558 270,1557 235,1557 234,1558 233,1558 232,1559 232,1564 231,1565 220,1565 219,1566 218,1565 203,1565 202,1564 202,1556 201,1555 201,1554 200,1553 154,1553 152,1555 152,1566 154,1566 156,1568 156,1574 155,1575 148,1575 147,1576 147,1578 146,1579 146,1592 147,1593 147,1594 150,1594 151,1595 176,1595 177,1596 208,1596 209,1597 258,1597 260,1599 260,1607 330,1607 330,1598 331,1597 349,1597 351,1599 351,1602 389,1602 392,1599 411,1599 411,1598 412,1597 437,1597 439,1599 479,1599 480,1600 480,1601 507,1601 508,1602 508,1606 510,1606 511,1607 556,1607 556,1597 557,1596 603,1596 604,1597 658,1597 659,1596 675,1596 676,1597 718,1597 719,1596 768,1596 769,1597 798,1597 800,1599 800,1605 801,1606 862,1606 863,1605 863,1604 864,1603 871,1603 871,1597 872,1596 883,1596 884,1595 885,1596 900,1596 901,1597 909,1597 911,1599 946,1599 946,1594 947,1593 947,1582 946,1581 946,1580 945,1579 945,1570 943,1568 943,1567 942,1566 940,1566 939,1565 936,1565 935,1564 870,1564 869,1563 869,1556 866,1553 830,1553 829,1554 829,1556 828,1557 828,1564 827,1565 826,1565 825,1564 808,1564 807,1563 807,1556 806,1555 806,1554 805,1553 769,1553 768,1554 768,1563 767,1564 764,1564 763,1563 761,1563 760,1562 760,1561 725,1561 723,1563 714,1563 713,1564 646,1564 645,1565 602,1565 601,1564 567,1564 566,1565 541,1565 540,1566 515,1566 514,1565 478,1565 477,1564 478,1563 487,1563 487,1562 488,1561 494,1561 494,1553 495,1552 513,1552 514,1553 514,1555 515,1556 553,1556 556,1553 556,1552 557,1551 621,1551 624,1548 625,1549 626,1549 628,1551 674,1551 675,1550 720,1550 721,1549 756,1549 757,1548 763,1548 763,1536 762,1535 763,1534 767,1534 768,1535 768,1543 769,1544 769,1545 770,1546 770,1547 771,1548 773,1548 774,1549 797,1549 798,1550 836,1550 837,1549 902,1549 904,1551 939,1551 940,1550 942,1550 944,1548 944,1536 943,1536 942,1535 940,1535 939,1534 935,1534 932,1531 932,1530 933,1529 933,1520 932,1519 932,1512 931,1511 931,1508 894,1508 893,1509 893,1511 892,1512 892,1517 890,1519 849,1519 848,1520 840,1520 839,1521 837,1521 836,1520 822,1520 821,1519 821,1518 820,1517 820,1509 821,1508 832,1508 833,1509 833,1514 835,1516 878,1516 879,1515 880,1515 880,1507 881,1506 891,1506 892,1505 921,1505 922,1504 922,1501 923,1500 943,1500 944,1499 944,1498 945,1497 945,1485 944,1485 943,1484 929,1484 928,1483 928,1477 927,1476 838,1476 837,1477 836,1476 822,1476 821,1475 821,1466 820,1465 774,1465 774,1477 776,1479 776,1486 775,1487 767,1487 766,1488 757,1488 756,1487 757,1486 758,1486 759,1485 760,1485 761,1484 761,1475 760,1475 758,1473 696,1473 695,1472 695,1465 694,1465 693,1464 658,1464 657,1465 655,1465 655,1468 654,1469 653,1468 653,1465 652,1465 651,1464 622,1464 621,1463 622,1462 637,1462 638,1461 693,1461 694,1460 802,1460 803,1461 855,1461 856,1462 890,1462 891,1461 928,1461 929,1460 929,1459 931,1457 931,1456 933,1454 935,1454 935,1452 936,1451 937,1451 937,1450 938,1449 938,1439 937,1438 937,1437 936,1436 935,1436 933,1434 932,1434 931,1433 931,1432 930,1431 893,1431 892,1432 873,1432 872,1431 856,1431 855,1430 855,1429 841,1429 840,1428 840,1424 838,1422 838,1421 837,1420 800,1420 799,1421 799,1422 798,1423 798,1428 797,1429 777,1429 776,1428 776,1420 774,1418 738,1418 737,1419 736,1419 736,1428 735,1429 685,1429 683,1431 623,1431 622,1430 622,1422 621,1422 619,1420 619,1419 621,1417 647,1417 647,1416 648,1415 659,1415 661,1417 697,1417 697,1416 698,1415 700,1415 701,1414 718,1414 719,1415 761,1415 762,1414 769,1414 770,1415 812,1415 813,1414 814,1415 867,1415 869,1417 925,1417 925,1413 927,1411 945,1411 945,1408 946,1407 946,1396 945,1395 924,1395 923,1394 923,1391 924,1390 933,1390 935,1388 935,1377 934,1376 933,1376 932,1375 882,1375 881,1374 881,1372 882,1371 944,1371 946,1369 946,1360 947,1359 947,1347 946,1346 946,1345 944,1343 944,1342 943,1341 858,1341 857,1340 857,1338 858,1337 884,1337 885,1336 887,1336 887,1327 888,1326 937,1326 938,1325 938,1315 939,1314 940,1314 942,1312 943,1312 944,1311 944,1310 945,1309 945,1295 944,1294 944,1292 940,1288 940,1287 944,1283 944,1254 943,1253 942,1253 941,1252 907,1252 906,1251 900,1251 899,1250 857,1250 856,1249 856,1239 855,1238 820,1238 819,1239 816,1239 814,1241 813,1241 813,1246 812,1247 800,1247 799,1248 799,1249 798,1250 783,1250 782,1249 782,1241 780,1239 743,1239 743,1241 742,1242 742,1249 741,1250 739,1250 738,1249 738,1239 727,1239 726,1238 691,1238 690,1239 685,1239 685,1249 684,1250 682,1250 681,1251 614,1251 613,1252 604,1252 603,1253 602,1253 601,1254 601,1263 600,1264 590,1264 589,1263 589,1258 588,1257 588,1254 587,1253 587,1252 588,1251 588,1238 577,1238 576,1237 577,1236 672,1236 673,1235 835,1235 836,1234 837,1234 837,1233 838,1232 841,1235 843,1235 844,1236 885,1236 886,1237 886,1238 893,1238 894,1239 894,1247 930,1247 930,1238 929,1237 930,1236 941,1236 942,1235 943,1235 944,1234 944,1223 943,1222 945,1220 945,1209 944,1208 942,1208 940,1206 932,1206 931,1205 931,1198 930,1197 930,1196 929,1195 892,1195 891,1196 891,1203 889,1205 888,1205 887,1204 887,1193 888,1192 903,1192 904,1193 939,1193 939,1192 940,1191 942,1191 943,1190 944,1190 944,1188 945,1187 945,1168 943,1166 943,1165 942,1164 938,1164 937,1163 923,1163 921,1161 870,1161 869,1162 853,1162 852,1161 852,1160 853,1159 853,1150 852,1149 853,1148 865,1148 866,1147 901,1147 902,1148 902,1154 903,1155 942,1155 944,1153 944,1152 946,1150 946,1149 947,1148 947,1135 946,1134 946,1133 945,1132 945,1131 944,1130 922,1130 921,1129 921,1120 920,1119 918,1119 917,1118 906,1118 904,1116 904,1106 903,1105 869,1105 868,1106 866,1106 865,1107 863,1107 863,1115 861,1117 849,1117 848,1116 848,1115 813,1115 811,1117 764,1117 763,1118 733,1118 732,1117 732,1108 731,1107 730,1107 729,1106 692,1106 691,1107 669,1107 669,1108 668,1109 668,1115 666,1117 643,1117 642,1118 593,1118 592,1119 558,1119 557,1120 555,1120 553,1118 541,1118 539,1116 539,1113 538,1112 538,1111 537,1110 537,1107 538,1106 556,1106 556,1104 557,1103 563,1103 563,1102 564,1101 564,1100 566,1098 566,1097 568,1095 570,1095 570,1094 571,1093 571,1092 572,1091 572,1081 566,1075 566,1074 565,1073 536,1073 535,1072 535,1070 534,1069 534,1066 531,1063 530,1063 529,1062 518,1062 517,1061 517,1058 518,1057 575,1057 577,1059 577,1065 578,1066 578,1069 580,1069 581,1070 624,1070 626,1068 627,1068 629,1066 663,1066 666,1063 667,1063 667,1062 668,1061 668,1060 669,1059 705,1059 705,1058 706,1057 848,1057 849,1056 850,1056 851,1057 851,1067 887,1067 888,1066 888,1064 891,1061 891,1060 892,1059 892,1058 893,1057 937,1057 938,1056 938,1045 939,1044 942,1044 943,1043 943,1042 945,1040 945,1025 944,1024 944,1023 943,1022 943,1020 941,1018 940,1018 938,1016 900,1016 899,1017 899,1026 898,1027 894,1027 893,1026 893,1018 892,1017 876,1017 874,1015 874,1013 876,1011 887,1011 888,1012 929,1012 930,1011 930,1007 931,1006 945,1006 946,1005 946,1003 947,1002 947,991 930,991 929,990 929,973 928,972 928,971 893,971 892,972 887,972 887,980 886,981 870,981 869,982 834,982 833,981 776,981 775,982 772,982 771,981 771,972 770,971 756,971 755,970 755,969 756,968 777,968 778,969 778,977 813,977 813,976 818,971 819,971 819,968 820,967 862,967 863,966 946,966 948,964 948,953 946,953 945,952 945,939 946,938 946,928 945,927 945,926 944,925 867,925 865,927 865,928 864,929 864,930 863,931 863,932 862,933 862,936 861,937 823,937 822,936 822,929 820,927 784,927 783,926 783,925 743,925 741,927 741,928 739,930 739,936 738,937 667,937 666,938 648,938 647,939 629,939 628,938 594,938 593,939 553,939 552,938 552,929 551,928 514,928 514,931 513,932 508,932 506,930 506,925 507,924 566,924 567,925 584,925 586,927 586,931 623,931 624,930 625,930 626,929 627,929 629,927 629,924 630,923 740,923 741,922 884,922 885,921 944,921 945,920 946,920 946,910 945,909 945,908 944,907 944,894 943,894 942,893 942,892 873,892 872,893 866,893 865,892 782,892 781,893 728,893 727,892 727,884 726,883 726,882 725,881 624,881 622,883 622,884 621,885 621,886 620,887 619,887 618,888 618,889 617,890 617,893 616,894 615,894 614,895 614,906 613,907 610,907 609,906 609,898 608,897 608,896 607,895 606,895 605,894 592,894 591,893 564,893 563,892 563,886 561,884 524,884 523,885 520,885 519,886 519,893 518,894 493,894 491,892 490,892 489,891 488,891 487,890 486,890 485,889 484,889 483,888 482,888 480,886 479,886 478,885 477,885 476,884 475,884 474,883 473,883 472,882 471,882 469,880 470,879 477,879 478,878 481,878 482,879 516,879 517,878 543,878 544,879 581,879 582,878 584,878 585,877 586,878 588,878 589,879 647,879 648,878 650,878 651,877 676,877 677,878 704,878 705,879 740,879 741,878 763,878 764,877 835,877 836,878 871,878 872,877 902,877 903,878 903,884 942,884 942,883 943,882 944,882 945,881 945,880 946,879 946,863 945,862 944,862 943,861 943,860 925,860 924,859 924,849 923,848 923,847 922,847 921,846 921,842 920,841 920,836 852,836 850,838 850,847 849,848 838,848 837,849 834,849 833,848 832,848 831,847 812,847 811,846 811,836 810,835 774,835 773,836 772,836 771,837 768,837 768,847 767,848 763,848 762,849 761,848 749,848 748,847 714,847 713,848 705,848 704,847 704,841 703,840 691,840 690,839 690,837 651,837 648,840 648,849 647,850 646,849 633,849 632,848 632,837 594,837 593,838 592,838 590,840 590,848 589,849 587,849 586,850 585,849 585,848 586,847 586,836 585,835 586,834 625,834 626,833 638,833 639,834 684,834 685,833 716,833 717,834 768,834 769,833 780,833 782,831 791,831 793,833 884,833 884,832 885,831 902,831 904,833 944,833 944,832 945,831 946,831 947,830 947,828 948,827 948,807 945,804 944,804 943,803 930,803 929,802 929,800 928,799 928,793 927,792 926,792 925,791 899,791 898,790 899,789 927,789 927,788 928,787 945,787 946,786 946,776 945,775 945,774 944,773 944,758 943,758 942,757 930,757 929,756 929,750 927,748 923,748 922,747 886,747 885,748 884,748 883,749 882,749 881,750 881,752 880,753 880,761 879,762 877,760 858,760 857,759 857,758 820,758 818,760 799,760 798,759 798,758 784,758 783,757 783,749 782,748 745,748 744,749 742,749 741,750 739,750 738,749 721,749 720,748 719,748 718,747 680,747 679,748 677,748 674,751 674,752 672,754 672,755 671,756 670,756 669,757 669,758 668,759 668,760 667,761 650,761 649,760 537,760 536,759 536,758 500,758 497,761 484,761 483,760 483,757 484,756 500,756 502,754 502,747 504,745 532,745 533,746 533,755 538,755 539,756 573,756 574,755 578,755 578,746 579,745 621,745 622,746 622,755 623,755 624,756 660,756 661,755 665,755 666,754 666,746 667,745 827,745 828,746 828,753 830,755 872,755 872,746 873,745 928,745 928,744 929,743 944,743 946,741 946,737 947,736 947,717 946,716 946,714 945,713 914,713 913,712 913,703 911,703 910,702 858,702 856,704 856,705 855,706 855,710 854,711 853,711 853,713 852,714 833,714 829,710 829,707 828,706 826,706 825,705 823,705 822,704 767,704 767,713 766,714 753,714 752,713 687,713 685,711 685,705 646,705 646,713 645,714 612,714 611,713 611,707 610,706 571,706 570,707 570,713 569,714 553,714 552,713 552,705 551,704 516,704 515,705 514,705 514,713 513,714 501,714 500,713 465,713 464,714 455,714 452,717 450,717 449,718 448,717 447,717 446,716 431,716 429,714 429,704 428,703 399,703 398,702 401,699 477,699 478,698 479,699 608,699 610,701 680,701 680,700 681,699 876,699 877,698 892,698 893,699 931,699 932,698 932,693 933,692 946,692 946,691 947,690 947,681 946,680 946,679 945,678 945,677 932,677 931,676 931,672 930,671 930,670 929,669 928,669 927,668 879,668 878,669 877,669 876,668 840,668 839,669 831,669 830,668 830,658 829,657 794,657 792,659 791,659 790,660 789,660 789,668 788,669 785,669 784,668 785,667 785,658 784,658 783,657 763,657 762,656 762,655 763,654 798,654 799,653 811,653 812,654 869,654 871,652 884,652 885,653 887,653 888,654 941,654 942,653 943,653 946,650 946,646 947,645 947,636 946,635 946,626 945,625 944,625 943,624 914,624 913,623 913,618 911,616 910,616 909,615 909,611 910,610 938,610 939,609 942,609 943,608 944,608 945,607 946,607 946,582 945,581 944,581 942,579 939,579 938,578 938,577 928,577 925,574 925,568 924,567 886,567 885,568 882,568 881,569 881,578 880,579 877,579 876,580 858,580 857,579 823,579 822,580 818,580 817,579 805,579 804,578 769,578 768,579 743,579 742,578 742,573 743,572 756,572 758,570 760,570 760,568 762,566 762,565 763,564 764,564 765,565 799,565 800,564 818,564 819,565 854,565 855,564 947,564 948,563 948,552 946,550 946,542 945,541 945,535 932,535 931,534 903,534 902,533 902,528 903,527 904,528 939,528 940,527 941,527 942,526 943,526 944,525 944,524 945,523 945,522 946,521 946,506 945,505 945,504 944,503 944,502 929,502 928,501 928,490 927,489 927,488 893,488 892,489 891,488 891,479 890,478 853,478 852,479 851,479 850,480 848,480 848,488 846,490 845,490 844,491 837,491 836,490 836,480 835,479 798,479 797,480 796,479 796,477 797,476 855,476 856,475 903,475 904,476 943,476 944,475 944,463 942,461 943,460 943,452 944,451 944,450 945,449 945,438 944,437 944,434 907,434 906,433 869,433 868,434 867,434 866,435 864,435 864,443 863,444 856,444 855,443 855,438 853,436 853,434 848,434 847,433 813,433 812,434 808,434 807,435 806,435 805,436 805,437 804,438 804,440 803,441 803,443 802,444 794,444 793,443 793,433 792,432 755,432 754,433 716,433 715,434 713,434 712,435 711,435 710,436 710,442 709,443 667,443 666,442 632,442 631,443 593,443 592,444 565,444 564,445 563,444 499,444 498,443 498,438 497,437 497,433 461,433 460,434 459,434 458,435 457,435 456,436 456,437 455,438 455,443 454,444 446,444 444,442 444,433 443,433 442,432 403,432 396,439 396,441 395,442 394,442 393,443 363,443 361,441 339,441 338,440 301,440 300,439 231,439 230,438 230,434 229,433 209,433 208,432 208,421 209,420 209,419 210,418 213,418 214,417 216,417 216,405 215,405 214,404"/><TextEquiv><Unicode/></TextEquiv><TextLine id="r3_l001"><Coords points="600,483 599,483 599,472 599,471 572,471 571,472 548,472 547,473 547,474 546,475 546,476 545,477 545,478 541,482 536,482 535,481 535,480 534,479 534,471 534,471 484,471 483,471 483,479 482,481 480,481 479,480 479,471 479,471 433,471 432,470 256,469 255,470 255,481 255,481 210,481 209,481 209,469 209,468 196,468 195,469 195,482 195,482 191,482 190,482 190,469 190,468 187,468 185,470 185,471 181,475 178,475 177,476 165,476 162,474 162,472 161,471 162,470 162,469 163,468 164,468 165,467 179,467 179,467 179,433 180,432 191,432 191,433 191,437 192,437 212,437 213,439 213,443 214,443 321,444 322,445 344,445 347,448 397,448 398,447 411,447 411,446 411,444 412,443 412,442 419,436 425,436 426,437 428,437 429,438 477,438 478,437 480,437 480,437 480,441 481,442 481,448 482,449 608,449 609,448 647,448 649,446 650,447 651,447 652,448 726,448 726,448 726,441 728,439 729,439 730,438 731,438 732,437 768,437 769,436 771,437 772,436 776,436 778,438 829,438 830,437 831,438 884,438 885,437 889,437 890,438 927,438 928,439 928,444 927,445 927,470 926,472 922,472 921,471 886,471 839,471 838,472 780,472 779,472 779,480 778,482 768,481 767,481 767,472 767,471 720,471 719,472 685,472 684,473 684,480 683,481 676,481 675,480 674,480 672,479 672,472 672,471 606,471 605,472 605,483 605,483"/><TextEquiv index="1"><Unicode>J'ouvais enfin les yeux: quel ſpectacle!</Unicode></TextEquiv></TextLine><TextLine id="r3_l002"><Coords points="862,528 861,527 861,515 861,515 837,515 836,516 755,515 754,516 579,516 578,515 538,515 498,515 497,516 458,516 457,515 354,515 353,515 353,516 350,519 350,520 350,521 349,521 348,522 347,522 344,519 344,516 344,516 299,515 298,514 297,514 296,513 207,513 206,512 168,512 167,511 166,511 165,510 164,510 162,509 162,506 161,505 162,504 162,503 164,501 168,501 168,501 168,481 169,480 170,480 171,479 178,479 179,480 184,480 185,481 257,481 257,482 257,492 258,492 272,492 273,493 320,494 321,493 334,493 335,492 376,492 376,491 376,484 377,484 378,484 380,482 381,482 382,481 383,481 384,482 384,490 385,491 385,492 386,493 400,493 401,494 498,494 498,493 498,485 501,483 504,483 505,484 505,493 506,494 564,494 564,494 564,486 565,485 567,485 568,484 569,484 570,483 605,483 605,484 605,495 606,495 631,495 632,494 665,494 665,494 665,486 667,484 670,484 671,483 674,483 675,485 675,494 676,494 704,494 705,495 731,495 731,495 731,486 732,485 732,484 733,483 735,483 736,484 737,484 738,486 738,494 739,494 771,495 772,494 809,494 809,493 809,486 811,485 813,485 815,483 818,483 819,484 868,484 869,483 870,483 871,482 872,482 874,484 874,492 875,493 910,493 911,494 911,506 912,507 927,507 929,509 929,510 930,511 929,512 929,516 928,517 928,518 925,522 924,522 922,524 921,524 919,522 919,521 918,520 918,515 918,515 885,515 884,515 884,527 884,528"/><TextEquiv index="1"><Unicode>J'étois nu, les mains liées derriere le dos,</Unicode></TextEquiv></TextLine><TextLine id="r3_l003"><Coords points="690,573 690,573 690,572 689,571 685,571 683,569 683,561 682,560 636,560 635,561 627,561 626,562 625,561 578,561 577,560 451,560 451,560 451,571 450,572 448,572 448,571 448,560 447,560 302,559 301,558 236,558 234,560 232,558 203,558 202,557 198,557 197,556 170,556 169,555 167,555 166,554 165,554 163,552 163,550 162,549 162,547 161,546 161,542 163,540 163,539 168,534 171,534 171,534 171,529 172,528 172,526 173,525 173,523 175,521 176,521 177,520 179,520 180,521 181,521 181,522 181,533 182,533 190,533 191,535 191,536 192,536 241,536 241,536 241,529 242,528 245,528 247,526 249,526 250,525 255,525 255,526 255,536 256,536 302,536 302,536 302,534 304,532 304,531 308,527 309,527 312,525 316,525 317,526 360,526 361,527 405,527 405,527 405,528 406,529 406,531 407,532 408,532 408,532 408,537 409,538 441,538 442,539 588,539 588,539 588,532 590,530 591,530 592,529 594,529 595,528 634,528 635,527 638,527 639,529 639,538 640,538 666,538 667,539 720,539 721,540 768,540 770,539 772,539 773,538 802,538 803,539 858,539 858,538 858,528 860,527 875,527 876,528 885,528 886,529 886,537 887,538 915,538 916,539 928,539 928,539 928,545 929,546 929,554 929,555 930,555 931,555 931,556 932,557 931,558 931,559 930,560 837,560 836,561 835,561 834,560 782,560 781,561 745,560 745,561 745,562 743,564 743,565 740,567 739,567 738,568 695,568 695,569 695,570 694,571 694,573 693,573"/><TextEquiv index="1"><Unicode>étendu ſeul dans une chaloupe, au milieu</Unicode></TextEquiv></TextLine><TextLine id="r3_l004"><Coords points="599,618 599,618 599,606 598,605 547,605 546,606 480,606 479,607 478,606 464,606 463,605 411,605 411,605 411,609 410,610 410,611 407,614 405,614 404,615 396,615 395,614 393,614 393,613 393,612 392,611 392,610 391,609 391,605 390,605 388,605 387,604 309,603 308,604 287,604 286,603 222,603 221,602 202,602 201,601 170,601 169,600 167,600 166,599 165,599 164,598 163,598 161,596 161,586 163,584 163,583 163,582 164,582 165,581 166,581 167,580 170,580 172,579 172,571 172,570 173,570 174,569 175,569 176,568 178,568 179,567 180,568 181,568 182,569 182,572 182,572 194,572 196,574 196,580 196,580 213,580 214,581 234,581 235,582 294,582 295,581 310,581 311,583 399,583 400,582 414,582 415,581 415,574 417,572 452,572 453,572 453,583 453,584 467,584 468,585 469,585 471,587 472,587 473,587 473,598 473,599 512,599 513,598 513,596 513,596 514,596 515,595 518,595 519,594 519,574 519,574 532,574 533,575 534,575 535,575 535,583 535,584 649,584 650,583 684,583 685,583 685,575 685,574 687,574 688,573 723,573 725,575 725,576 726,577 726,584 726,584 756,584 757,583 781,584 782,583 784,583 785,582 786,582 787,583 839,583 840,584 891,584 892,583 896,583 897,582 897,574 898,573 900,573 901,572 902,572 903,571 905,571 906,572 907,572 909,573 909,579 910,581 920,581 922,583 924,583 926,585 927,585 929,586 929,587 930,588 930,601 928,603 927,603 926,604 925,604 924,605 922,605 921,606 920,606 919,605 918,605 917,604 885,604 856,604 855,605 768,604 767,605 716,605 715,606 703,606 702,605 639,605 639,606 639,612 638,613 638,614 635,617 635,618 634,618"/><TextEquiv index="1"><Unicode>d'une mer agitée. Je regardai autour de</Unicode></TextEquiv></TextLine><TextLine id="r3_l005"><Coords points="718,662 717,661 716,661 714,659 714,659 714,652 713,651 598,651 597,650 581,650 580,649 526,649 525,650 478,650 478,650 478,658 476,660 474,660 473,661 468,661 467,660 466,660 465,658 465,649 464,649 416,649 415,650 409,650 408,649 353,649 352,648 297,647 296,648 295,648 294,649 276,649 275,651 275,652 274,653 274,654 270,657 269,657 269,657 269,656 268,655 237,655 236,654 236,648 235,647 161,647 161,647 161,646 160,645 161,644 161,630 162,628 163,628 164,627 165,627 166,626 173,626 174,625 218,625 219,625 219,619 222,615 225,615 227,617 271,617 272,616 273,616 274,615 275,615 276,616 277,616 280,619 280,627 280,627 334,628 335,627 339,627 340,628 357,628 358,629 409,629 410,628 410,619 411,618 415,618 416,618 416,628 416,629 463,629 464,628 500,628 501,627 501,623 502,622 502,621 502,621 503,621 504,620 506,620 507,621 511,621 513,622 513,627 513,628 546,628 547,629 594,629 595,629 595,622 596,621 596,619 596,618 633,618 635,620 635,629 635,629 681,629 682,628 767,628 768,628 768,627 768,626 769,628 822,628 823,627 823,621 824,620 824,619 825,618 826,618 827,617 828,617 829,616 830,617 833,617 835,619 836,619 837,619 837,621 838,622 838,627 838,628 881,628 882,627 883,627 884,626 884,618 886,616 892,616 893,616 893,620 893,621 894,621 896,622 896,627 896,628 925,628 926,629 927,629 928,630 929,630 930,630 930,639 931,640 930,641 930,644 925,649 924,649 923,650 904,650 903,649 901,649 900,648 884,648 853,648 851,650 827,650 826,649 781,649 780,650 748,649 747,650 746,650 745,651 733,651 733,652 733,654 732,655 732,657 728,660 727,660 726,661 725,661 724,662"/><TextEquiv index="1"><Unicode>moi, je ne vis qu'un ciel orageux &amp; des</Unicode></TextEquiv></TextLine><TextLine id="r3_l006"><Coords points="711,695 663,695 662,696 568,696 567,695 388,695 387,694 358,694 357,693 302,692 301,693 250,693 249,692 164,692 163,691 162,691 161,690 161,673 165,669 165,667 167,665 167,664 171,659 173,659 174,658 180,658 181,659 182,659 183,660 183,663 184,664 184,669 184,669 212,669 213,670 226,670 227,671 309,671 310,671 310,670 310,669 318,670 319,669 319,663 321,661 362,661 363,660 363,659 365,657 366,658 367,658 368,658 368,659 369,660 369,672 369,673 419,673 420,672 420,664 420,664 434,664 435,665 443,665 444,666 445,666 448,668 448,672 448,673 495,673 496,674 550,674 551,674 551,665 551,664 552,664 553,663 555,663 556,662 558,662 559,663 609,663 610,662 611,662 612,663 654,663 656,665 656,668 657,669 657,673 657,673 709,673 710,673 710,667 711,666 711,665 711,664 712,664 713,663 760,663 761,662 763,662 764,661 809,662 810,661 812,661 814,662 814,671 814,672 909,672 910,673 911,673 914,675 914,681 914,682 928,682 930,683 930,684 931,685 930,686 930,687 929,688 916,688 916,688 916,693 914,695 909,695 908,694 859,694 858,695 768,694 767,695 713,695 712,696"/><TextEquiv index="1"><Unicode>flots mutinés. J'entendis le bruit de la tem-</Unicode></TextEquiv></TextLine><TextLine id="r3_l007"><Coords points="461,754 461,753 461,748 460,748 441,748 441,747 441,741 440,741 422,741 421,740 376,740 375,739 302,738 301,739 300,739 299,738 271,738 270,737 180,737 180,738 180,749 179,749 173,749 172,748 159,748 159,748 159,718 160,716 164,716 165,715 187,715 188,715 188,714 189,713 189,712 190,711 190,710 191,709 191,708 192,707 192,706 193,704 194,704 196,706 196,708 198,710 198,712 199,713 199,714 199,714 210,714 212,716 292,716 293,716 293,708 293,707 294,707 295,706 301,706 302,707 302,712 303,713 303,716 303,716 352,717 353,716 354,716 355,715 379,715 380,714 380,709 381,708 383,708 384,707 410,707 413,709 413,719 413,720 428,720 429,721 467,721 468,720 470,720 471,719 480,719 481,718 483,718 484,719 502,719 503,720 528,720 529,719 529,711 530,710 530,709 530,709 531,709 532,708 533,708 534,709 535,709 536,709 536,719 536,720 545,720 546,719 584,719 585,719 585,713 586,711 587,711 588,710 589,710 590,711 593,711 595,713 595,719 595,719 661,719 662,719 662,710 662,709 668,709 669,710 669,719 669,719 696,719 697,718 734,718 735,719 782,720 783,719 783,708 783,708 804,708 805,709 807,709 808,710 809,710 810,711 811,711 812,711 812,712 813,713 813,714 815,716 815,717 815,718 827,718 828,719 868,719 869,718 869,715 870,714 870,713 871,712 871,710 872,709 872,708 874,706 893,706 894,707 895,707 896,707 896,716 896,717 925,717 926,718 928,718 930,719 930,720 931,721 931,731 930,732 930,735 926,739 911,739 910,740 856,740 856,740 856,749 854,751 846,751 844,748 844,740 843,740 767,739 765,741 649,741 649,742 649,750 647,751 643,751 642,752 640,752 639,751 638,751 637,750 637,742 636,741 601,741 600,740 561,740 561,741 561,751 560,751 557,751 556,752 555,752 554,751 548,751 548,751 548,742 547,741 486,741 486,741 486,749 484,751 483,751 482,752 481,752 480,751 474,751 473,749 473,748 472,748 465,748 465,748 465,753 464,754"/><TextEquiv index="1"><Unicode>pête redoutable, quoiqu'expirante. De pâles</Unicode></TextEquiv></TextLine><TextLine id="r3_l008"><Coords points="873,792 871,790 871,787 871,787 399,786 398,785 303,784 302,783 267,783 266,782 170,782 169,781 167,781 166,780 165,780 164,780 164,779 162,777 162,776 162,775 162,774 161,773 161,769 162,768 162,767 163,766 163,765 165,762 166,762 167,761 169,761 171,760 171,755 172,754 172,752 174,749 208,749 209,750 240,750 241,751 377,752 379,754 465,754 466,754 466,762 466,763 684,763 686,762 686,761 687,760 687,759 693,752 694,752 695,751 700,751 701,752 899,753 900,752 901,752 902,751 904,751 905,752 909,752 911,753 911,754 912,755 912,761 912,762 924,762 925,763 926,763 927,763 926,777 927,778 928,778 928,778 928,779 929,780 929,782 928,784 911,784 910,785 882,785 876,791 875,791 874,792"/><TextEquiv index="1"><Unicode>éclairs me battoient encore ſur la vue, &amp;</Unicode></TextEquiv></TextLine><TextLine id="r3_l009"><Coords points="564,841 563,840 367,840 366,839 366,829 366,829 282,828 281,827 221,827 220,826 161,826 160,826 160,797 162,795 164,795 165,794 166,794 168,792 170,792 172,794 354,795 355,796 355,806 356,807 746,807 746,807 746,801 747,800 747,799 748,798 804,799 805,798 807,798 808,797 809,797 810,796 906,796 907,795 909,795 911,797 911,803 912,804 912,806 913,807 926,807 927,808 928,808 932,812 932,822 931,823 931,825 930,827 929,827 927,829 871,829 870,829 870,840 870,841 570,840 569,841"/><TextEquiv index="1"><Unicode>le bruit du tonnerre murmuroit dans le</Unicode></TextEquiv></TextLine><TextLine id="r3_l010"><Coords points="920,880 919,879 919,873 919,873 855,873 854,874 853,874 852,873 749,872 748,873 747,873 746,874 724,874 723,875 722,875 721,874 694,874 693,873 651,873 634,873 633,874 631,874 630,875 561,875 560,874 500,874 499,875 379,875 378,874 303,873 299,873 298,874 297,873 296,873 295,872 255,872 254,871 162,871 159,869 159,842 158,841 159,840 160,840 161,839 163,839 164,838 166,838 167,837 169,837 170,838 199,838 200,839 201,839 201,840 201,841 202,842 202,849 203,849 233,849 234,848 235,849 236,849 237,850 259,850 259,850 259,844 261,842 262,842 263,841 265,841 267,844 267,851 268,851 327,852 327,851 327,843 329,842 332,842 333,841 367,841 368,840 372,840 372,840 372,841 373,842 459,842 460,843 461,843 462,844 462,851 463,852 477,852 478,853 539,853 539,852 539,844 542,842 545,842 546,841 615,841 616,843 616,853 617,853 664,853 664,853 664,845 667,842 668,842 669,841 673,841 673,842 673,844 674,844 686,844 687,846 687,848 688,849 688,851 689,851 732,851 733,852 779,853 780,852 783,852 783,851 783,842 785,841 788,841 789,840 790,840 791,839 793,839 794,840 794,850 795,851 815,851 816,852 866,852 866,851 866,842 868,841 897,841 898,840 903,840 903,840 903,845 904,846 904,850 905,851 906,851 906,851 906,852 907,853 907,854 908,855 908,864 909,865 926,865 927,866 929,866 930,867 930,873 928,875 928,876 928,877 926,879 925,879 924,880"/><TextEquiv index="1"><Unicode>lointain. J'étois inondé de l'eau du ciel,</Unicode></TextEquiv></TextLine><TextLine id="r3_l011"><Coords points="160,883 930,884 930,928 160,927"/><TextEquiv index="1"><Unicode>froid comme un marbre, foible comme un</Unicode></TextEquiv></TextLine><TextLine id="r3_l012"><Coords points="638,976 635,974 635,973 634,972 634,966 634,965 585,965 584,964 582,964 527,964 526,965 416,965 415,964 264,963 263,962 245,962 244,961 164,961 162,960 162,951 162,950 149,950 147,949 147,947 149,945 161,945 161,945 161,944 163,942 164,942 165,941 166,941 168,939 232,939 233,940 342,941 342,940 342,933 344,932 347,932 348,931 349,932 358,932 358,932 358,941 359,942 428,942 429,940 429,938 430,937 430,936 431,935 431,934 434,932 435,932 436,931 438,931 439,930 443,930 444,931 445,931 445,931 445,932 446,933 446,942 447,943 485,943 486,942 489,942 490,943 516,943 516,942 516,936 517,936 530,936 530,935 530,932 531,932 534,932 535,933 535,942 536,943 610,943 611,942 612,943 665,943 666,942 683,942 684,941 755,941 755,941 755,935 760,930 762,930 763,929 764,930 803,931 805,933 805,940 806,941 877,941 877,940 877,939 878,938 878,937 879,936 879,935 880,934 880,933 881,932 881,931 882,931 883,931 885,929 926,929 927,930 928,930 929,931 929,956 930,957 931,957 932,958 932,959 930,962 846,962 845,963 803,963 802,963 802,965 800,967 800,968 796,972 796,973 796,974 795,974 794,973 794,965 794,965 740,964 738,966 738,967 735,970 731,970 730,970 730,964 730,963 674,963 673,964 649,964 648,965 648,966 647,967 647,970 645,972 645,973 642,976"/><TextEquiv index="1"><Unicode>mourant. Je refermai mes yeux, &amp; je reſtai</Unicode></TextEquiv></TextLine><TextLine id="r3_l013"><Coords points="825,1020 825,1019 825,1007 824,1007 757,1006 755,1008 706,1008 705,1009 643,1009 642,1010 586,1010 586,1011 586,1012 583,1015 581,1016 580,1016 579,1017 577,1017 577,1017 577,1010 576,1009 533,1009 532,1010 421,1010 420,1009 406,1009 405,1008 359,1008 313,1008 312,1009 262,1008 261,1007 235,1007 234,1006 233,1006 232,1005 164,1005 164,1004 163,1004 162,1004 162,1002 161,1001 161,989 161,988 159,988 157,987 158,986 158,985 159,984 163,984 164,983 177,983 178,984 197,984 198,985 254,985 255,984 258,984 259,985 352,986 353,985 371,985 371,985 371,986 372,987 405,987 405,986 405,981 406,980 406,978 408,977 409,977 410,976 411,976 412,977 412,987 413,988 494,988 495,987 505,987 505,986 505,979 506,979 508,979 509,978 530,978 531,977 547,977 547,978 547,988 548,988 563,988 564,989 566,989 568,992 568,1001 569,1001 617,1001 617,1001 617,991 618,990 619,990 620,989 621,989 622,988 629,988 630,987 682,987 683,986 714,986 714,986 714,978 716,976 717,976 718,975 754,975 755,977 755,985 756,985 792,986 793,985 816,985 817,986 886,986 887,985 903,985 903,984 903,976 904,976 909,976 910,975 911,975 911,975 911,976 912,977 912,994 913,995 930,995 931,996 930,997 930,1000 929,1002 914,1002 913,1002 913,1006 911,1008 904,1008 903,1007 858,1007 858,1007 858,1010 856,1012 852,1012 852,1011 852,1009 850,1008 848,1008 847,1007 830,1007 830,1007 830,1019 829,1020"/><TextEquiv index="1"><Unicode>un moment immobile, recueilli en moi-</Unicode></TextEquiv></TextLine><TextLine id="r3_l014"><Coords points="597,1066 596,1065 594,1065 593,1064 593,1061 592,1060 592,1055 591,1054 539,1054 538,1053 524,1053 490,1053 489,1054 487,1054 486,1053 477,1053 476,1052 446,1052 445,1053 444,1053 443,1054 417,1054 416,1053 343,1053 343,1052 343,1050 342,1050 312,1050 311,1051 309,1050 308,1051 306,1049 276,1049 273,1052 260,1052 259,1053 258,1053 257,1052 204,1052 203,1051 160,1051 160,1051 160,1050 159,1049 159,1045 158,1044 149,1044 148,1043 148,1042 157,1042 158,1042 158,1033 158,1032 159,1032 160,1031 161,1031 162,1030 164,1030 165,1029 172,1029 173,1028 200,1028 201,1028 201,1024 202,1023 202,1022 203,1021 203,1019 204,1017 206,1017 209,1020 209,1022 210,1023 210,1025 211,1026 211,1029 211,1029 240,1029 241,1030 260,1030 261,1031 263,1031 268,1036 268,1045 268,1045 300,1045 301,1045 301,1041 306,1036 306,1035 308,1033 308,1032 309,1031 309,1030 309,1029 315,1030 316,1029 317,1029 318,1028 342,1028 343,1027 343,1021 343,1021 361,1021 362,1020 390,1020 391,1021 392,1021 393,1021 393,1022 394,1023 394,1032 394,1033 482,1033 483,1032 539,1032 540,1032 540,1029 541,1028 541,1027 542,1026 542,1025 544,1022 545,1022 547,1020 549,1020 550,1019 553,1019 554,1020 555,1020 557,1022 557,1024 558,1025 558,1032 558,1032 581,1032 582,1031 583,1032 612,1032 613,1033 627,1033 630,1036 679,1036 680,1036 680,1035 680,1034 681,1034 682,1033 683,1033 684,1032 692,1032 693,1031 707,1031 708,1032 760,1032 761,1031 764,1031 765,1031 765,1022 767,1019 768,1019 769,1019 770,1019 771,1018 801,1018 802,1017 804,1017 805,1018 806,1018 807,1019 808,1019 809,1020 829,1020 831,1021 831,1030 831,1031 842,1031 843,1032 869,1032 870,1031 870,1022 870,1022 871,1022 872,1021 874,1021 876,1022 876,1023 877,1024 877,1030 877,1031 890,1031 891,1032 913,1032 914,1031 914,1022 916,1020 921,1020 926,1024 926,1026 927,1027 927,1028 928,1029 928,1035 924,1039 922,1039 922,1039 922,1050 918,1054 875,1054 874,1055 874,1056 873,1057 873,1058 872,1059 872,1060 871,1061 871,1062 870,1063 867,1063 867,1062 867,1061 866,1060 866,1052 865,1052 831,1052 830,1053 812,1053 811,1054 763,1053 762,1052 729,1052 727,1054 688,1054 687,1055 686,1055 685,1054 652,1054 652,1055 652,1056 650,1058 650,1059 649,1059 648,1059 646,1061 645,1061 644,1062 642,1062 642,1062 642,1061 641,1060 611,1060 611,1061 611,1063 608,1065 607,1065 606,1066"/><TextEquiv index="1"><Unicode>même. „Eſt-ce un ſonge, me diſois-je?</Unicode></TextEquiv></TextLine><TextLine id="r3_l015"><Coords points="148,1063 555,1064 555,1103 148,1102"/><TextEquiv index="1"><Unicode>“eſt-ce une réalité?“</Unicode></TextEquiv></TextLine><TextLine id="r3_l016"><Coords points="831,1155 830,1154 816,1154 815,1153 814,1153 812,1150 812,1146 811,1145 811,1143 810,1143 747,1142 746,1143 731,1143 730,1144 611,1144 610,1145 465,1145 464,1146 461,1146 460,1145 420,1145 420,1144 420,1143 419,1143 309,1142 308,1143 292,1143 291,1142 240,1142 239,1143 238,1143 237,1142 209,1142 208,1141 207,1141 206,1140 205,1140 204,1139 204,1138 203,1137 203,1121 203,1120 211,1120 212,1120 212,1112 213,1110 226,1110 228,1112 228,1120 228,1120 326,1121 327,1120 364,1120 365,1119 365,1112 367,1110 370,1110 373,1112 373,1120 373,1121 419,1121 420,1120 420,1115 421,1114 422,1114 423,1113 424,1113 425,1112 449,1112 451,1113 451,1121 451,1122 511,1122 512,1121 512,1119 513,1118 513,1117 514,1116 514,1115 515,1114 515,1112 516,1111 519,1111 521,1112 521,1114 522,1115 522,1116 523,1117 523,1121 523,1122 536,1122 537,1123 608,1123 609,1122 657,1122 658,1121 683,1121 684,1121 684,1115 685,1114 685,1113 686,1111 707,1111 708,1110 710,1110 711,1111 712,1111 715,1114 715,1122 715,1122 778,1123 780,1121 820,1121 821,1120 830,1120 831,1121 877,1121 878,1120 878,1112 879,1111 881,1111 882,1110 883,1110 884,1109 886,1109 888,1110 888,1121 888,1122 900,1122 901,1123 902,1123 904,1124 904,1134 904,1135 926,1135 931,1139 931,1142 930,1143 930,1144 929,1145 929,1146 924,1151 919,1151 918,1149 918,1143 917,1143 848,1143 847,1144 837,1144 837,1144 837,1154 836,1155"/><TextEquiv index="1"><Unicode>Je rouvris bientôt mes triſtes regards,</Unicode></TextEquiv></TextLine><TextLine id="r3_l017"><Coords points="908,1200 908,1199 908,1188 907,1188 807,1188 807,1188 807,1195 805,1197 804,1197 803,1198 797,1198 796,1196 796,1195 795,1194 795,1187 794,1187 747,1186 746,1187 744,1187 743,1188 742,1188 741,1187 739,1187 738,1186 683,1186 682,1187 681,1187 680,1188 565,1188 564,1189 487,1189 486,1188 360,1188 309,1187 308,1188 304,1188 303,1187 228,1187 228,1188 228,1190 226,1192 226,1193 223,1195 221,1195 221,1195 221,1186 220,1185 177,1185 176,1186 175,1186 174,1187 168,1187 167,1186 166,1186 163,1183 162,1183 161,1182 161,1181 160,1180 160,1179 159,1178 159,1177 158,1176 159,1175 159,1172 161,1170 161,1158 163,1156 163,1155 164,1153 172,1153 173,1154 175,1154 177,1156 223,1156 224,1155 225,1155 226,1154 227,1155 229,1155 231,1157 231,1165 231,1165 247,1165 248,1166 324,1167 325,1166 339,1166 340,1165 379,1165 380,1164 380,1157 381,1156 392,1156 393,1155 394,1155 395,1154 396,1155 407,1155 409,1157 420,1157 422,1158 422,1167 422,1168 469,1168 470,1167 470,1158 470,1158 472,1158 473,1157 474,1157 475,1156 479,1156 480,1156 480,1158 481,1159 481,1161 482,1162 482,1167 482,1168 541,1168 542,1167 591,1167 592,1166 599,1166 600,1166 600,1159 601,1157 607,1157 608,1158 608,1166 608,1166 654,1166 655,1166 655,1158 656,1156 660,1156 661,1155 663,1157 663,1166 663,1166 718,1166 719,1166 719,1158 720,1156 721,1156 722,1155 724,1155 725,1154 743,1154 745,1152 768,1152 769,1154 801,1154 802,1155 835,1155 836,1155 836,1165 836,1166 885,1166 886,1165 903,1165 905,1167 919,1167 920,1168 924,1168 927,1170 927,1171 928,1172 928,1184 926,1186 925,1186 924,1187 923,1187 921,1189 920,1189 919,1188 911,1188 911,1188 911,1199 910,1200"/><TextEquiv index="1"><Unicode>&amp; je recueillis la certitude déſeſpérante</Unicode></TextEquiv></TextLine><TextLine id="r3_l018"><Coords points="566,1245 565,1245 566,1233 565,1232 559,1232 558,1233 523,1233 523,1233 522,1242 521,1244 514,1244 513,1243 512,1243 510,1241 511,1233 510,1233 463,1233 462,1234 428,1234 427,1234 427,1235 426,1237 425,1237 423,1239 422,1239 421,1240 419,1240 417,1238 418,1233 417,1233 386,1233 385,1232 360,1232 330,1232 329,1233 248,1232 248,1233 248,1234 246,1235 246,1236 244,1238 244,1239 242,1241 240,1241 239,1241 240,1232 239,1231 195,1231 195,1232 194,1243 194,1243 189,1243 188,1243 188,1242 188,1241 169,1241 168,1241 169,1231 168,1230 166,1230 165,1229 164,1229 161,1226 161,1225 160,1224 160,1222 159,1221 159,1218 158,1217 160,1215 160,1214 163,1210 164,1210 165,1209 167,1209 168,1208 176,1208 177,1207 179,1207 180,1208 181,1208 182,1209 217,1209 218,1210 242,1210 243,1210 243,1202 244,1200 248,1200 250,1202 250,1210 250,1210 265,1210 266,1211 314,1212 315,1211 329,1211 330,1210 330,1203 331,1202 331,1201 332,1200 342,1200 344,1198 358,1198 359,1199 389,1199 392,1201 392,1210 392,1211 404,1211 405,1212 406,1212 407,1212 407,1213 408,1214 408,1223 408,1224 447,1224 448,1223 448,1219 449,1218 449,1217 450,1216 450,1205 451,1204 451,1203 452,1202 453,1202 454,1201 456,1201 457,1200 458,1200 459,1201 462,1201 464,1202 464,1203 466,1205 466,1206 467,1207 467,1210 467,1211 540,1211 541,1212 592,1212 593,1211 605,1211 606,1210 733,1210 734,1210 734,1201 734,1200 735,1200 736,1199 737,1199 738,1198 740,1198 741,1199 753,1199 754,1200 754,1202 755,1203 755,1206 756,1207 756,1208 756,1208 795,1209 796,1208 796,1205 797,1204 799,1205 799,1208 799,1209 803,1209 804,1210 860,1210 861,1209 861,1207 862,1206 862,1202 863,1201 863,1199 864,1198 864,1197 865,1196 867,1196 868,1197 869,1197 871,1198 871,1208 871,1209 905,1209 906,1208 906,1201 907,1200 912,1200 914,1201 914,1209 914,1210 923,1210 924,1210 924,1211 924,1212 926,1212 928,1213 928,1215 927,1216 927,1229 925,1231 924,1231 923,1232 914,1232 914,1232 913,1243 913,1244 912,1244 910,1242 911,1234 910,1234 902,1234 902,1233 902,1232 901,1232 860,1232 859,1231 857,1231 855,1229 820,1229 819,1230 818,1230 817,1231 760,1230 759,1231 655,1231 654,1232 573,1232 573,1233 572,1244 571,1245"/><TextEquiv index="1"><Unicode>que je veillois, &amp; que mon malheur étoit</Unicode></TextEquiv></TextLine><TextLine id="r3_l019"><Coords points="388,1290 387,1289 387,1277 387,1277 344,1277 343,1278 314,1278 313,1277 312,1277 311,1276 246,1275 223,1275 222,1276 162,1276 160,1275 160,1273 159,1272 160,1271 160,1258 163,1255 166,1255 167,1254 173,1254 174,1253 185,1253 185,1253 185,1251 186,1250 186,1247 187,1246 187,1244 188,1243 221,1243 222,1242 223,1242 224,1244 224,1267 225,1267 271,1267 271,1267 271,1265 273,1263 273,1262 275,1260 275,1259 278,1256 278,1255 279,1254 280,1254 281,1253 287,1253 288,1252 315,1253 315,1252 315,1246 316,1246 329,1246 330,1247 330,1254 331,1255 377,1255 378,1253 378,1250 379,1249 379,1248 382,1246 383,1246 385,1244 386,1244 387,1243 393,1243 395,1245 416,1245 416,1245 416,1247 417,1248 417,1255 418,1256 467,1256 467,1255 467,1250 468,1249 468,1247 469,1246 469,1243 470,1243 471,1243 472,1242 475,1242 476,1243 476,1255 477,1256 520,1256 520,1255 520,1247 521,1246 521,1245 522,1245 548,1245 549,1244 550,1245 571,1245 571,1246 571,1260 572,1261 572,1262 573,1263 573,1268 574,1268 616,1268 616,1268 616,1260 618,1258 619,1258 620,1257 621,1257 622,1256 629,1256 630,1255 698,1255 699,1254 701,1254 701,1254 701,1245 702,1244 704,1244 705,1243 707,1243 708,1242 709,1242 710,1243 720,1243 721,1244 764,1244 765,1246 765,1253 766,1253 815,1254 817,1252 829,1252 829,1251 829,1245 830,1245 832,1245 833,1244 834,1244 835,1243 836,1243 837,1242 838,1242 839,1243 840,1243 840,1243 840,1253 841,1254 882,1254 883,1255 889,1255 890,1256 923,1256 924,1257 926,1257 927,1258 927,1271 928,1272 927,1273 927,1278 926,1279 926,1280 922,1285 919,1285 917,1283 917,1276 917,1276 828,1276 827,1275 826,1275 781,1275 780,1276 763,1275 762,1276 762,1279 759,1282 759,1284 759,1284 757,1284 756,1284 756,1282 755,1281 755,1276 755,1275 668,1275 667,1276 665,1276 664,1277 663,1277 662,1278 649,1278 648,1279 648,1289 648,1289 647,1289 647,1278 647,1277 597,1277 595,1279 595,1280 594,1281 594,1282 593,1283 592,1283 591,1284 587,1284 586,1284 586,1279 586,1278 472,1278 471,1279 467,1279 466,1278 464,1278 463,1277 392,1277 391,1277 391,1289 391,1290"/><TextEquiv index="1"><Unicode>réel. „Je ſuis éveillé, me dis-je alors;</Unicode></TextEquiv></TextLine><TextLine id="r3_l020"><Coords points="311,1335 310,1334 310,1323 310,1322 307,1322 303,1326 303,1327 302,1328 301,1328 300,1329 297,1329 296,1329 296,1323 296,1322 264,1322 263,1321 197,1321 196,1322 196,1323 195,1324 195,1325 192,1328 192,1329 191,1330 189,1330 188,1330 188,1323 188,1322 163,1322 161,1321 161,1320 160,1319 160,1316 160,1315 161,1314 161,1301 164,1298 191,1298 191,1298 191,1292 194,1289 196,1289 197,1290 198,1290 198,1291 198,1299 199,1299 262,1299 262,1299 262,1291 265,1288 266,1288 267,1289 268,1289 269,1291 269,1300 270,1300 282,1300 283,1301 284,1301 286,1303 332,1304 333,1303 334,1303 335,1302 341,1302 342,1301 385,1301 385,1300 385,1293 386,1292 386,1291 388,1290 393,1290 393,1290 393,1300 394,1301 498,1301 499,1300 501,1300 502,1301 573,1301 574,1300 619,1300 619,1300 619,1292 620,1291 621,1291 622,1290 625,1290 626,1289 650,1289 650,1290 650,1300 651,1300 676,1300 677,1299 684,1299 685,1298 687,1298 688,1299 734,1299 734,1299 734,1290 736,1288 738,1288 739,1287 740,1287 741,1286 743,1286 744,1288 744,1298 746,1299 800,1300 800,1299 800,1298 801,1298 804,1298 805,1299 855,1299 856,1300 914,1300 914,1299 914,1291 917,1289 920,1289 921,1290 922,1290 926,1294 926,1295 927,1296 927,1298 928,1299 928,1301 929,1302 928,1303 928,1304 927,1305 927,1306 926,1308 925,1308 924,1309 922,1309 921,1309 921,1320 920,1322 871,1322 870,1322 870,1331 870,1332 868,1332 867,1333 864,1333 863,1332 862,1332 860,1330 860,1321 860,1321 816,1321 815,1320 763,1319 761,1321 756,1321 755,1320 670,1320 668,1322 504,1322 503,1323 502,1323 501,1324 500,1323 452,1323 451,1323 451,1332 450,1334 441,1334 439,1332 439,1322 439,1322 383,1322 382,1323 315,1323 314,1323 314,1334 314,1335"/><TextEquiv index="1"><Unicode>“je vis, mais pour combien de temps?</Unicode></TextEquiv></TextLine><TextLine id="r3_l021"><Coords points="561,1379 560,1378 559,1378 557,1377 557,1375 556,1374 556,1369 556,1368 442,1368 440,1369 440,1371 439,1373 438,1373 437,1374 436,1374 435,1375 433,1375 431,1373 431,1367 431,1367 382,1367 381,1368 373,1368 372,1367 301,1366 300,1367 299,1367 298,1368 297,1368 296,1367 294,1367 293,1366 162,1366 161,1366 161,1365 160,1364 160,1363 161,1362 161,1345 163,1343 190,1343 190,1343 190,1335 191,1334 225,1334 226,1333 227,1333 228,1334 229,1334 229,1335 229,1344 230,1344 244,1344 245,1345 309,1345 309,1345 309,1337 310,1336 310,1335 311,1335 322,1335 323,1334 366,1334 367,1333 372,1333 373,1334 417,1334 417,1334 417,1340 418,1341 418,1346 419,1347 466,1347 467,1346 481,1346 481,1345 481,1337 484,1335 524,1335 525,1334 528,1334 529,1333 530,1334 534,1334 535,1335 535,1344 536,1345 615,1345 615,1345 615,1344 616,1343 616,1344 616,1345 617,1345 637,1345 638,1344 681,1344 681,1344 681,1342 682,1341 682,1337 683,1336 683,1332 685,1330 689,1330 690,1331 732,1331 733,1332 734,1332 735,1334 735,1343 736,1343 742,1343 743,1344 789,1345 789,1344 789,1335 790,1335 791,1335 792,1334 793,1334 794,1333 797,1333 798,1334 839,1334 840,1335 840,1344 841,1345 902,1345 903,1346 926,1346 931,1351 931,1353 930,1354 930,1362 929,1363 929,1365 928,1367 927,1367 926,1368 918,1368 917,1367 866,1367 865,1367 865,1369 864,1370 864,1378 864,1379 859,1379 858,1378 858,1377 858,1377 856,1377 854,1375 852,1373 852,1367 852,1367 826,1367 825,1366 761,1365 760,1366 743,1366 742,1365 689,1365 687,1367 577,1367 576,1368 576,1369 575,1370 575,1375 574,1376 573,1376 571,1378 570,1378 569,1379"/><TextEquiv index="1"><Unicode>“Merveil ſeul, ainſi garrotté ſur l'abyme</Unicode></TextEquiv></TextLine><TextLine id="r3_l022"><Coords points="593,1425 591,1424 591,1416 591,1415 574,1415 572,1413 474,1413 473,1412 365,1412 364,1413 360,1413 359,1412 309,1411 308,1412 307,1411 160,1411 158,1410 158,1409 160,1407 160,1393 159,1392 159,1390 161,1388 170,1388 171,1387 197,1387 197,1387 197,1380 199,1378 201,1378 202,1377 203,1377 204,1376 206,1376 207,1378 207,1389 208,1389 239,1389 240,1390 308,1390 309,1389 344,1390 345,1391 393,1391 393,1390 393,1389 394,1388 394,1385 396,1383 396,1382 399,1380 400,1380 401,1379 402,1379 403,1378 405,1378 406,1377 407,1378 409,1378 410,1379 411,1379 411,1379 411,1389 412,1390 414,1390 415,1391 459,1391 459,1390 459,1382 462,1380 464,1380 465,1381 465,1382 466,1383 466,1390 467,1391 503,1391 504,1390 507,1390 508,1391 621,1391 622,1390 633,1390 633,1390 633,1382 634,1381 636,1381 637,1380 639,1380 640,1379 661,1379 662,1378 664,1378 665,1380 665,1390 666,1390 712,1390 713,1389 717,1389 717,1389 717,1380 719,1378 720,1378 721,1377 722,1377 723,1376 725,1376 726,1377 727,1377 727,1378 727,1387 728,1387 773,1388 774,1387 775,1387 777,1389 834,1389 834,1388 834,1380 836,1379 838,1379 839,1378 843,1378 844,1379 916,1379 918,1381 918,1383 917,1384 917,1385 917,1386 907,1386 906,1386 906,1398 907,1399 928,1399 929,1400 929,1403 928,1404 928,1406 928,1407 910,1407 909,1407 909,1411 908,1413 886,1413 885,1412 841,1412 840,1411 825,1411 792,1411 791,1412 743,1411 742,1412 740,1412 739,1411 736,1411 735,1410 684,1410 682,1412 681,1412 680,1413 678,1413 677,1412 651,1412 631,1412 630,1413 604,1413 603,1414 603,1423 602,1424 596,1424 595,1425"/><TextEquiv index="1"><Unicode>“des mers: ſerois-tu capable de te déſeſ-</Unicode></TextEquiv></TextLine><TextLine id="r3_l023"><Coords points="595,1469 595,1469 595,1468 594,1467 594,1458 594,1457 549,1457 548,1458 436,1458 434,1459 434,1460 432,1462 432,1463 427,1468 426,1466 426,1465 425,1465 403,1465 403,1464 403,1463 402,1462 402,1457 402,1457 332,1457 331,1458 258,1457 257,1456 205,1456 204,1457 204,1465 202,1466 201,1466 200,1467 192,1467 191,1466 191,1458 191,1457 163,1457 160,1455 162,1453 162,1435 164,1433 173,1433 174,1432 176,1432 177,1433 223,1433 223,1433 223,1431 224,1430 224,1427 225,1426 225,1424 226,1423 226,1421 227,1420 228,1420 229,1419 230,1419 231,1420 232,1420 233,1422 233,1434 234,1434 292,1434 292,1434 292,1426 293,1425 293,1424 294,1423 296,1423 297,1424 350,1425 351,1426 352,1426 352,1426 352,1433 353,1434 430,1434 430,1433 430,1426 431,1426 432,1426 433,1425 477,1425 478,1424 479,1424 480,1423 484,1423 485,1424 486,1424 487,1425 510,1425 511,1426 511,1435 512,1436 545,1436 547,1434 548,1434 549,1435 598,1435 598,1435 598,1429 601,1426 603,1426 604,1427 605,1427 605,1428 605,1435 606,1435 701,1435 702,1434 720,1434 721,1433 722,1433 723,1434 752,1434 752,1434 752,1424 753,1423 754,1423 755,1422 757,1422 759,1425 759,1434 760,1434 786,1435 787,1434 813,1434 813,1433 813,1432 814,1431 814,1428 815,1427 815,1425 817,1424 821,1424 821,1424 821,1425 822,1426 822,1427 823,1428 823,1433 824,1434 838,1434 839,1435 855,1435 856,1436 909,1436 910,1435 913,1435 921,1443 921,1444 920,1445 920,1446 918,1448 918,1449 918,1450 917,1450 912,1454 912,1455 911,1457 874,1457 873,1458 872,1457 820,1457 819,1456 740,1455 739,1456 677,1456 676,1457 621,1457 620,1458 605,1458 604,1459 604,1461 601,1464 601,1465 598,1468 598,1469 597,1469"/><TextEquiv index="1"><Unicode>“pérer? Non, je ſuis toujours moi-même.“</Unicode></TextEquiv></TextLine><TextLine id="r3_l024"><Coords points="910,1513 910,1512 910,1496 909,1496 905,1496 905,1496 905,1499 903,1501 874,1501 873,1502 863,1502 863,1502 863,1510 862,1511 861,1511 860,1512 851,1512 849,1509 849,1487 848,1487 824,1487 824,1487 824,1498 822,1500 821,1500 820,1501 819,1501 818,1502 818,1503 817,1504 816,1503 791,1503 790,1502 789,1502 788,1501 785,1501 784,1500 783,1500 781,1498 753,1497 753,1498 753,1499 750,1501 749,1501 748,1500 695,1500 693,1502 578,1502 577,1503 531,1503 530,1504 529,1503 527,1503 526,1502 483,1502 482,1503 481,1503 480,1504 477,1504 476,1503 474,1503 473,1502 438,1502 437,1503 390,1503 390,1503 390,1504 389,1505 389,1506 388,1507 388,1508 384,1512 382,1512 381,1510 381,1502 380,1502 291,1501 290,1502 287,1502 286,1501 238,1501 237,1500 199,1500 199,1501 199,1508 197,1509 196,1509 196,1509 196,1501 195,1500 164,1500 163,1501 161,1501 159,1499 159,1497 159,1496 163,1496 165,1495 165,1493 166,1492 166,1491 167,1490 167,1488 168,1487 168,1484 169,1483 169,1482 170,1481 170,1479 171,1478 171,1477 172,1476 172,1475 173,1474 173,1472 174,1471 174,1470 175,1468 177,1468 179,1470 179,1471 180,1472 180,1473 181,1474 181,1476 182,1477 182,1479 183,1480 183,1481 184,1482 184,1483 185,1484 185,1486 185,1486 213,1486 214,1486 214,1485 214,1484 218,1480 219,1480 220,1479 243,1479 244,1480 295,1480 296,1479 307,1479 308,1478 343,1479 344,1480 357,1480 358,1481 359,1481 360,1482 383,1482 384,1481 384,1474 385,1473 385,1472 386,1471 390,1471 392,1472 392,1480 392,1481 408,1481 409,1482 437,1482 438,1481 444,1481 445,1480 459,1480 460,1481 481,1481 482,1482 508,1482 509,1481 509,1471 509,1471 510,1471 511,1470 512,1470 513,1469 516,1469 518,1470 518,1480 518,1481 566,1481 567,1480 581,1480 582,1480 582,1472 583,1470 587,1470 589,1472 589,1482 589,1482 616,1482 617,1481 618,1481 620,1480 620,1476 621,1475 621,1474 624,1470 625,1470 627,1468 633,1468 634,1469 635,1469 637,1471 637,1474 638,1475 638,1479 638,1479 670,1479 671,1479 671,1471 672,1469 673,1469 674,1468 675,1468 678,1471 678,1480 678,1480 699,1480 701,1478 741,1478 742,1479 743,1479 744,1480 744,1493 744,1493 751,1493 752,1494 780,1495 781,1494 781,1493 782,1492 782,1491 782,1491 788,1491 789,1490 789,1469 789,1469 801,1469 802,1470 803,1470 804,1470 804,1479 804,1480 818,1480 819,1481 820,1481 821,1482 851,1482 852,1481 853,1481 854,1480 909,1480 911,1481 911,1487 911,1488 925,1488 926,1489 927,1489 928,1489 928,1492 927,1493 927,1494 925,1496 914,1496 914,1496 914,1512 913,1513"/><TextEquiv index="1"><Unicode>A ces mots je me levai furieux. Je por-</Unicode></TextEquiv></TextLine><TextLine id="r3_l025"><Coords points="454,1560 453,1559 356,1559 355,1558 353,1558 352,1557 351,1557 351,1556 351,1555 350,1554 350,1548 349,1548 248,1547 247,1546 237,1546 236,1545 168,1545 167,1544 166,1544 164,1542 164,1530 163,1529 163,1527 164,1526 164,1525 167,1521 195,1521 196,1521 196,1517 197,1516 197,1514 198,1512 201,1512 202,1513 248,1513 249,1514 249,1515 250,1516 250,1519 251,1520 251,1524 251,1524 415,1525 416,1524 416,1516 417,1515 419,1515 420,1514 424,1514 425,1514 425,1524 425,1525 569,1525 570,1524 586,1524 587,1523 685,1523 686,1522 793,1523 794,1522 794,1514 794,1514 796,1514 797,1513 799,1513 800,1512 801,1512 802,1513 914,1513 915,1513 915,1515 916,1516 916,1523 917,1524 917,1537 917,1538 922,1538 923,1539 924,1539 925,1540 926,1540 928,1541 927,1542 927,1543 926,1544 924,1546 923,1546 922,1547 920,1547 919,1546 703,1545 702,1546 657,1546 656,1547 539,1547 539,1547 539,1548 535,1552 478,1552 478,1552 478,1556 476,1558 470,1558 469,1559 459,1559 458,1560"/><TextEquiv index="1"><Unicode>tai des regards percants autour de moi.</Unicode></TextEquiv></TextLine><TextLine id="r3_l026"><Coords points="276,1604 276,1604 276,1602 275,1601 275,1595 274,1594 262,1594 261,1593 225,1593 224,1592 193,1592 192,1591 167,1591 166,1590 163,1590 162,1589 162,1588 161,1587 161,1584 162,1583 162,1582 163,1580 167,1580 168,1580 168,1560 169,1558 182,1558 183,1559 184,1559 185,1560 185,1569 185,1569 199,1569 200,1570 235,1570 236,1569 247,1569 248,1569 248,1564 249,1562 250,1562 251,1561 252,1561 253,1562 255,1562 257,1564 257,1566 258,1567 258,1570 258,1570 304,1570 305,1569 391,1570 392,1569 393,1569 394,1570 438,1570 439,1569 451,1569 452,1568 452,1561 453,1560 458,1560 460,1561 460,1569 460,1570 491,1570 492,1569 496,1569 497,1570 555,1570 556,1569 582,1569 583,1568 584,1569 661,1569 662,1568 729,1568 730,1567 739,1567 740,1566 742,1566 743,1567 783,1568 784,1567 784,1559 786,1557 787,1557 790,1559 790,1567 790,1568 807,1568 808,1569 809,1569 810,1570 843,1570 844,1569 844,1561 845,1560 845,1559 846,1558 849,1558 852,1560 852,1567 852,1568 917,1568 918,1569 921,1569 922,1570 924,1570 927,1572 927,1573 928,1574 928,1583 930,1585 930,1586 931,1587 930,1588 930,1593 929,1594 927,1594 926,1593 917,1593 916,1592 900,1592 899,1591 866,1591 865,1592 854,1592 854,1592 854,1598 853,1599 846,1599 844,1601 817,1601 816,1599 816,1591 815,1591 792,1591 791,1592 788,1592 787,1593 718,1592 717,1593 692,1593 691,1592 651,1592 650,1593 620,1593 619,1592 539,1592 539,1592 539,1602 538,1603 537,1603 536,1604 531,1604 530,1603 527,1603 526,1602 525,1602 524,1600 524,1597 523,1597 496,1597 496,1596 496,1594 495,1594 454,1594 453,1593 395,1593 394,1594 374,1594 374,1594 374,1595 371,1598 366,1598 366,1597 366,1593 365,1593 314,1593 314,1593 314,1600 313,1601 313,1602 311,1604 308,1603 307,1604"/><TextEquiv index="1"><Unicode>Je n'appercus rien pour me nourrir; je ne</Unicode></TextEquiv></TextLine></TextRegion><TextRegion id="r4" type="page-number" orientation="-0.0"><Coords points="877,118 874,120 850,120 849,121 844,121 843,122 843,133 845,135 844,136 844,148 845,149 864,149 865,150 865,161 925,161 928,158 928,156 929,155 929,154 931,151 931,149 936,144 936,143 937,142 938,142 939,141 939,136 940,135 940,126 939,125 939,122 938,122 937,121 920,121 918,120 917,120 916,119 914,119 913,118"/><TextEquiv><Unicode/></TextEquiv><TextLine id="r4_l003"><Coords points="877,118 874,120 850,120 849,121 844,121 843,122 843,133 845,135 844,136 844,148 845,149 864,149 865,150 865,161 925,161 928,158 928,156 929,155 929,154 931,151 931,149 936,144 936,143 937,142 938,142 939,141 939,136 940,135 940,126 939,125 939,122 938,122 937,121 920,121 918,120 917,120 916,119 914,119 913,118"/><TextEquiv index="1"><Unicode>Lr</Unicode></TextEquiv></TextLine></TextRegion><ImageRegion id="r5"><Coords points="159,215 159,244 923,244 923,215"/></ImageRegion></Page></PcGts>