1116 1854
397 1310 984 1349 “Les Granos ou Roxaune.“
225 145 992 196 vis dans la nacelle qu'un petit papier tout
225 194 994 241 mouillé, que je ne pouvois déployer pour
227 238 995 285 le lire. Enfin je remarquai un clou, dont
226 282 996 329 la tête éraillée ſortoit un peu du bois de
226 327 996 375 la chaloupe. Je ſentis qu'en frottant contre
225 370 994 420 ce clou, les cordes dont j'étois lié, peu-à-
225 417 995 466 peu ſeroient grattées & ſciées par ce bout
225 462 998 500 de fer déchirant. Je frotai donc mes liens
226 506 1029 551 contre ce ſecours heureux, en m'écorchant
226 553 999 600 un peu les mains. Je dus paſſer beaucoup
224 596 998 645 plus de douze heures à faire opiniâtrément
226 642 996 690 ce métier; & je mis enfin mes mains en
223 686 998 736 liberté, quoiqu'en ſang. Alors je ſautai de
224 733 1000 781 joie; je ramaſſai le petit papier tout trem-
224 777 998 822 pé; je vins à bout de le lire. En voici la
226 822 399 859 ſubſtance.
277 866 996 914 „Nous n'avons pas voulu te donner la
222 911 995 961 “mort, parce qu'enfin tu as été notre roi.
224 956 994 1005 “La potion que tu as priſe, par nos ſoins
221 1002 997 1050 “ſecrets, n'a fait que te jeter dans un éva-
223 1046 999 1094 “nouiſſement léthargique; mais nous avons
221 1089 993 1140 “prétendu abſolument nous défaire de toi.
221 1135 993 1182 “Conſole-toi, malheureux; ſi tu lis ceci,
221 1180 992 1228 “tu ſauras que ta fille eſt & ſera conſervée
225 1225 478 1263 ſur le trône.
269 1414 989 1461 Les ſcélérats! ils ne vouloient pas me
216 1461 989 1504 donner la mort, & ils me jetoient nu,
216 1505 986 1553 garrotté, ſans pain ſur la mer, pour y
215 1548 990 1596 mourir de faim, ou pour aſſouvir, tout
