1116 1854
90 156 875 212 l'équipage étoit de cette nation. Je n'en-
66 203 877 252 tendois pas leur langue, ils n'entendoient
91 248 877 296 pas la mienne; quels éclairciſſements pou-
92 293 873 340 vois-je en tirer? Dès que je fus à bord,
93 337 875 387 on me préſenta au capitaine, qui me parla
94 384 879 433 anglois; je lui répondis en francois. Il l'en-
97 429 884 477 tendoit un peu, mais il avoit beaucoup de
96 474 878 523 peine à le parler. Il n'avoit pas d'ailleurs
96 521 882 568 le temps de m'entretenir, parce qu'un
100 565 880 614 autre vaiſſeau qui approchoit, & qu'il ju-
96 608 881 657 geoit être François, tiroit déja quelques
96 654 879 702 coups de canon, & qu'il falloit ſe prépa-
82 700 879 745 rer au combat. Je demandai de quoi me
100 745 882 792 reſtaurer; le capitaine ordonna qu'on me
100 789 882 838 ſatisfît, & l'on m'apporta de l'eau-de-vie,
100 832 881 876 du biſcuit & du bœuf ſalé. J'avalai déli-
98 879 882 925 cieuſement un verre d'eau-de-vie, je rom-
105 921 884 973 pis le jeûne avec ardeur. Déja l'on ſe ca-
103 969 882 1016 nonnoit, & le combat devenoit très-chaud.
103 1014 885 1062 Je reſtai ſur le pont; les boulets paſſoient
106 1059 884 1108 autour de moi, ſans me cauſer de diſtrac-
106 1102 892 1151 tion, tant j'étois occupé à réparer mon
102 1149 290 1194 individu.
158 1192 885 1242 Il y eut beaucoup de ſang répandu; il
106 1239 886 1287 en jaillit juſque ſur mon corps nu; ce qui
108 1284 886 1330 me rendit encore plus agréable à voir.
109 1328 883 1377 Enfin nous fûmes victorieux, & nous con-
107 1373 886 1421 duisîmes à bord nos priſonniers. Il y avoit
114 1420 885 1466 parmi eux une dame fort bien faite &
112 1460 887 1511 pétrie de graces; ſon viſage étoit couvert
115 1506 886 1556 d'un voile, & je le ſuppoſois très-beau.
107 1551 898 1607 Notre capitaine la conduiſit reſpectueuſe-
809 102 875 136 or
