1116 1854
818 117 884 161 Las
93 167 886 220 de m'ordonner ce qu'elle voudroit, elle ne
93 218 885 266 me répondit point; mais quelqu'un me
93 265 883 312 chargea de lui envelopper les pieds de
93 309 886 356 peaux de mouton, parce qu'elle y avoit
93 354 888 403 mal, & qu'il faiſoit froid. Je m'acquittai
93 399 886 446 avec joie de ma commiſſion; elle me laiſſa
93 444 886 492 faire, ſans daigner lever ſon viſage. Ses
93 488 888 536 deux pieds étoient couronnés de deux
93 534 888 581 jambes faites au tour; mais il falloit que
93 577 887 626 le reſpect étouffât dans moi toute ombre
94 624 891 670 de deſir. Cette chere perſonne ne pouvoit
96 668 889 714 ſe ſoutenir ſur ſes jambes; à la fin du jour,
94 714 888 761 elle voulut prendre le frais ſur le tillac, au
96 759 890 806 clair de la lune. Je fus obligé de la porter
96 804 887 846 dans mes bras, & je la ſerrai contre mon
98 848 887 895 cœur avec un plaiſir ſingulier, quoique je
100 893 890 941 n'euſſe pas encore vu ſon viſage ni preſque
102 939 890 984 entendu ſa voix; car elle ne me parloit
100 984 890 1031 que par monoſyllabes, & encore d'une voix
103 1028 890 1075 ſuffoquée. Elle paſſa ainſi pluſieurs jours
104 1073 889 1121 ſans montrer ſon viſage, & j'eus du plaiſir
111 1118 400 1156 à la ſervir.
160 1164 893 1211 Cependant notre long voyage approchoit
105 1208 887 1255 de ſon terme; nous paſſions devant les côtes
110 1253 887 1299 de France; ce qui faiſoit ſoupirer la dame
110 1298 889 1343 & moi auſſi; car nous aurions voulu tous
109 1341 890 1390 deux débarquer dans notre patrie: il falloit
114 1388 889 1436 aller juſqu'en Angleterre; nous y arrivâmes
110 1433 883 1479 bientôt, & nous débarquâmes à Plimouth.
163 1476 891 1524 Je ſentois toujours malgré moi un tendre
115 1519 889 1571 intérêt pour la dame que j'avois ſervie, &
111 1565 888 1617 dont je n'avois pas vu la figure, ni preſque
