1116 1854
230 156 1005 205 pas entendu la voix. Je diſois en moi-même:
239 201 1002 249 „probablement je la verrai.“ A peine
230 246 1004 294 fûmes-nous à terre, que le capitaine lui
230 291 1004 341 rendant la liberté, un paquebot Hollandois
232 337 1003 383 ſe trouva tout prêt à faire voile vers la
234 382 1004 431 France. Elle y monta, & partit, ſans que
233 426 1001 469 j'euſſe eu le bonheur de la voir. Elle laiſſa
234 472 1002 520 à terre un homme, qui paroiſſoit lui être
234 514 1001 563 attaché, pour avoir ſoin de quelques effets.
234 561 1004 609 Je m'accoſtai de ce perſonnage, & liai
233 606 1003 651 connoiſſance avec lui. Il vanta beaucoup
237 651 1002 699 ſa demoiſelle, & l'éleva juſqu'aux nues.
245 696 1001 744 „C'eſt, diſoit-il, la plus adorable perſonne
235 741 1002 790 “du monde; je ne lui connois d'autre défaut
237 786 1001 834 “qu'une paſſion bizarre, qu'elle conſerve,
237 831 1002 879 “dit-on, pour un malotru, que ſes yeux
234 877 1003 923 “ne reverront jamais. Ceci m'éveilla. Et
234 921 1001 967 “ce malotru, lui dis-je, le connoiſſez-vous?
239 966 1000 1015 “-- Non, me répondit-il; je ne l'ai jamais
228 1014 999 1059 “vu; mais je connois ſa figure, parce que
233 1056 998 1103 “Mademoiſelle a un autre amant qu'elle ne
237 1101 997 1149 “peut ſouffrir, & qui reſſemble, dit-on,
199 1146 999 1194 “parfaitement à celui qu'elle aime.“ A ces
240 1192 997 1240 mots, le cœur me battit d'une force ex-
194 1239 996 1284 traordinaire. „Et, repris-je d'une voix
238 1284 998 1331 “tremblante, comment appellez-vous cette
237 1328 996 1376 “chere perſonne? -- Julie de Noirville,
235 1373 995 1420 “me repliqua-t-il. -- Puiſſances du Ciel!
239 1418 998 1463 “m'écriai-je alors; j'ai eu ma Julie dans
241 1463 995 1510 “mes bras, & je ne l'ai pas connue: mon
240 1508 995 1555 “cœur m'a trahi! Ciel! je l'ai laiſſée échap-
235 1553 994 1611 “per; je ne la reverrai peut-être jamais.
893 1599 993 1635 “Mais
215 97 316 146 aé
