1116 1854
88 131 886 180 urrivant à Paris ſans argent, fut un affamé
89 177 885 224 à nourrir. Il fallut donc ſoumettre ma
90 223 887 271 majeſté, ci-devant royale, à porter des
90 266 887 315 fardeaux; & le nouvel état que je trouvois
88 311 887 359 dans la France Européenne, me laiſſoit re-
88 358 885 406 gretter de temps en temps le rang que
91 404 788 448 j'avois occupé dans la France-Auſtrale.
115 447 890 494 Saint-Jean & moi nous ne négligions
92 491 889 541 rien pour déterrer Julie. Je croyois l'apper-
93 537 882 584 cevoir dans toutes les voitures que j'exami-
84 580 905 627 nois. Une fois, entr'autres, je ſuis bien
89 624 890 674 trompé ſi ce ne fut pas elle qui paſſa ra-
99 669 888 720 pidement dans un très-beau carroſſe. Je
101 717 888 765 voulus courir après elle; mais j'étois
100 761 886 809 chargé, & j'eus le malheur de gliſſer, &
102 802 918 851 de faire une chûte aſſez douloureuſe. Son
100 850 885 898 équipage n'eut pas la complaiſance de m'at-
102 896 892 942 tendre; & avan que je fuſſe relevé, je
105 940 443 986 la perdis de vue.
155 985 893 1032 Il y avoit déja quinze jours que je
101 1030 893 1077 menois cette joyeuſe vie, ſoutenu par le
109 1073 890 1123 ſeul eſpoir de retrouver mon amante. Enfin,
111 1121 892 1167 S. Jean vint me rejoindre un beau matin,
110 1163 893 1212 tout tranſporté de joie: „Réjouiſſez-vous,
115 1210 893 1252 “me cria-t-il, j'ai vu... -- Qui, Julie?
116 1252 893 1301 “lui dis-je. -- Non, ſon pere, me répon-
116 1298 893 1345 “dit-il. -- Et ſa fille? repris-je. -- Il ne
117 1343 893 1392 “ſait pas ce qu'elle eſt devenue, répondit-il;
120 1389 894 1436 “mais enfin il m'a communiqué bien des
122 1434 894 1480 “lumieres. -- Et que t'a-t-il appris? lui
112 1477 894 1525 “dis-je avec impatience. -- Mais, répon-
122 1523 895 1567 “dit-il, il m'a dit: 1. Que votre lettre de
654 1564 769 1607 Ma
