1116 1854
238 123 1003 172 “cachet ſubſiſte toujours; & qu'il eſt en-
236 167 1005 215 “core dans l'eſpérance & le deſſein de vous
236 212 1008 261 “faire périr dans un cul de baſſe-foſſe. --
238 257 1008 305 “Bravo, repartis-je: voilà des nouvelles
208 304 1008 351 “charmantes. -- Ainſi, ajouta-t-il, conti-
238 347 1003 394 “nuez votre déguiſement.“ Je lui promis,
238 394 1007 439 avec beaucoup de remerciements, d'y être
237 438 1006 485 fidele, ſur-tout tant que je n'aurois pas de
238 482 962 531 quoi acheter des habits moins déguiſants.
250 527 1007 572 „Mon cher ami, dis-je à S. Jean, la
237 571 1024 621 “découverte que tu as faite de mon plus
239 619 1011 666 “mortel ennemi, eſt admirable; il ne
237 664 1010 710 “faut pas la négliger: va le voir le plus
238 709 1011 755 “ſouvent que tu pourras; par ce moyen,
240 752 1008 800 “nous découvrirons peut - être quelque
213 799 410 839 “choſe.“
288 843 1010 890 Dès le lendemain, S. Jean fit ſa viſite
239 888 1007 935 au vieux ſpectre; il le trouva liſant Séneque
239 934 1006 980 par paſſe-temps, comme le joueur dans la
240 978 1006 1025 comédie de Regnard. Cet homme noir y
240 1022 1007 1070 vit que quelqu'un avoit été guéri de la fievre,
238 1066 1005 1115 à coups de fouet. „Ouais, dit-il, ceci eſt
238 1112 1006 1159 “plaiſant. Sans doute l'émotion que ce trai-
240 1157 1005 1205 “tement a dû cauſer au patient, aura pro-
241 1202 1008 1250 “duit dans ſon ſang une révolution qui
241 1244 1007 1295 “l'aura guéri. Il faut tenter cette épreuve.“
241 1289 1004 1340 Le vieillard étoit auſſi fou que méchant,
241 1336 1005 1383 tant il eſt vrai, je crois, qu'il n'y a point
242 1379 1004 1427 de méchanceté ſans folie! Le hideux per-
240 1426 1005 1474 ſonnage avoit une maîtreſſe preſque auſſi
241 1470 1031 1518 vieille que lui. Cette harpie étoit bien la
219 1514 1005 1566 plus impertinente pécore qu'il y eût ſous la
221 59 325 108 at
