1116 1854
223 122 327 164 e
288 168 1012 211 Mon camarade vint me rendre compte
244 213 1012 261 de ce projet, & me dit: Savez-vous quel
237 257 1013 303 “eſt le va-nu-pieds que je veux prendre
238 301 1013 352 “pour l'exécuteur? c'eſt vous-même, s'il
237 346 1015 394 “vous plaît“ J'eus beau lui dire qu'il me
238 391 1012 438 faiſoit trop d'honneur, que le vieux ſque-
237 435 1014 486 lette pourroit me reconnoître. „Non, dit-il,
239 480 1013 529 “les années & l'accoutrement préſent vous
237 525 1017 573 “ont rendu méconnoiſſable; il s'agit de
240 570 921 623 “gagner trois louis.“ Il fallut céder.
238 615 1019 664 Le lendemain je ſalis le mieux que je
232 659 1013 713 pus mon viſage, ſur lequel je laiſſai tom-
241 705 1013 752 ber une partie de mes cheveux. Le vieux
242 750 1015 793 cacochime, bien loin de me reconnoître,
243 793 1015 846 à peine me regarda. Il nous conduiſit à la
239 839 1012 890 campagne, chez ſa vieille marquiſe, &
243 883 1013 927 il ordonna à tous les domeſtiques de ne pas
241 927 1014 977 remuer, quelque bruit qu'ils entendiſſent
239 972 1013 1021 chez leur maîtreſſe, fût-ce même des cris
238 1016 1012 1069 de ſa part. C'étoit lui qui fourniſſoit à la
240 1062 1011 1114 dépenſe de cette maiſon; par conſéquent on
242 1110 460 1152 lui obéiſſoit.
238 1148 1008 1198 Il me fit entrer chez ſa beauté ſurannée.
246 1196 1009 1251 C'étoit une très-méchante femme, qui m'a-
243 1241 1010 1294 voit beaucoup tracaſſé autrefois, & de la-
241 1286 1010 1340 quelle je n'avois pas daigné me ſouvenir
244 1331 1008 1380 dans tous mes voyages. Je ne devois avoir
241 1374 1007 1424 aucun ſcrupule de la ſouffleter copieuſe-
241 1421 1008 1470 ment. „Ma chere poule, lui dit ſon vieux coq,
244 1464 1006 1511 “voilà le médecin dont je vous ai parlé
243 1506 1008 1561 “hier au ſoir. Remettez-vous entiérement
244 1553 1007 1607 “entre ſes mains. -- Où eſt-il? dit-elle
