1116 1854
756 1590 839 1634 Ma
841 90 909 136 77
136 146 909 195 en cherchant de tous ſes yeux, & ne
143 193 912 240 “voyant qu'un crocheteur. -- C'eſt ce
139 238 911 285 “monſieur, répondit-il, en me montrant
141 281 912 328 “fort poſitivement. -- Quoi! ce po-
145 326 914 375 “liſſon? repliqua-t-elle avec la ſurpriſe
141 373 917 421 “la plus dédaigneuſe. -- Qu'appelles-
144 417 915 466 “tu poliſſon? lui dis-je en lui appliquant
145 463 915 509 “un ſoufflet, qui lui fit voir mille chan-
141 509 337 553 “delles.“
162 547 916 600 Il faudroit peindre la ſtupéfaction, l'in-
146 597 917 646 dignation, la rage qui ſaiſirent cette furie,
146 640 917 690 & la rougeur & la pâleur qui ſe ſuccéde-
149 684 915 735 rent cent fois ſur ſon viſage. „Où ſuis-je?
146 731 920 779 “s'écria-t-elle enfin. A moi! au voleur!
144 775 919 824 “au feu! on m'aſſaſſine! -- Crie donc
144 821 923 870 “pour quelque choſe, vieille ſorciere, lui
145 866 923 914 “dis-je, en lui appliquant le ſecond volume
147 909 923 958 “ſur la joue. Fort blen, diſoit Noir-
148 950 923 1004 “vile; à merveille! -- Indigne monſtre!
149 999 927 1050 “s'écria là marquiſe en ſe jetant fur lui,
153 1047 924 1094 “en le déviſageant. -- Coquin; me
150 1089 924 1139 “crioit-il, défends-moi.“ Pour toute réponſe,
150 1130 924 1187 j'empoignai le Baton, & j'en jouai terfille-
154 1179 923 1229 ment fur le dos de la vieille, qui aimoit
152 1224 922 1274 mleux le ſouffrlr que de lâcher priſe. Elle
154 1269 924 1319 mordoit; elle déchfroit ſon amant décharné.
155 1313 923 1365 J'avols le plaiſſr méchant de me venger
154 1362 924 1409 d'elle par mes mains, & du vieillard par
155 1406 558 1453 ſes dents & ſes ongles.
199 1449 921 1499 Enfin elle tomba évanouie de rage. Je
157 1496 922 1545 continuois le jeu du bâton, & j'en diſtri-
156 1541 924 1588 buois tellement les faveurs, que l'homme
