1116 1854
695 1550 775 1594 M
827 69 899 108 a
101 115 897 174 la guérir; mais, en récompenſe, je con-
107 160 897 220 tribuai beaucoup à la guériſon de ſon ame,
104 204 897 266 qui étoit fort gangrenée; car ſon aven-
108 249 899 303 ture ayant éte ſue, devint l'hiſtoire du
105 294 904 355 jour, & occaſiona des chanſons & des
105 335 901 399 épigrammes, qui firent rentrer l'héroine
106 383 904 436 en elle-même. La grace opéra par le bâton;
110 428 903 485 & cette pieuſe béate s'aviſa de prendre
111 474 902 523 le voile. On ſent quelle aimable novice
112 517 904 572 elle dut être. Le ſeigneur daigna l'appel-
111 564 924 620 ler à lui avant ſa profeſſion, ce qui veut
114 609 906 662 dire, qu'elle mourut avant ce terme. Sa
118 653 906 702 mort fit rire pluſieurs bonnes ames; mais
115 696 906 755 je ne ſache pas qu'elle ait fait pleurer
120 752 303 801 perſonne.
169 786 912 843 Cependant je me reprochai l'exécution
112 830 913 891 que j'avois faite ſur cette ſainte, & ſur ſon
123 877 913 929 vieil amant. Une telle vengeance étoit in-
127 921 915 980 digne de moi. Ce qu'il y avoit de plus
127 965 915 1022 malheureux, c'eſt que nous avions perdu
129 1012 913 1059 les trois louis ſur leſquels nous comptions,
132 1057 915 1114 & que nous n'avions pas le ſou; mais S. Jean
135 1100 915 1157 ſe portoit mieux, & commençoit à me
133 1145 915 1199 ſeconder. Nous continuons enſemble notre
134 1191 914 1245 joli métier de porte-faix, nous vivions au
136 1234 914 1291 jour la journée. On me croira ſans doute,
139 1280 918 1336 quand je dirai que, de tous les métiers
139 1324 917 1377 exercés par moi dans ce bas monde, ce
142 1368 917 1422 n'étoit pas là le plus agréable, & qu'il
131 1415 918 1471 falloit un peu de philoſophie pour ſup-
147 1456 917 1513 porter un pareil ſort, après avoir été roi.
150 1503 917 1549 Pour ſurcroît de mlheur, je ne trouvois
