1116 1854
126 175 900 229 douceur & de la touchante beauté de la
126 228 901 276 demoiſelle, ſoupconnoient qu'elle étoit la
126 271 900 319 fille du vieillard. Elle avoit paſſé tous les
127 317 900 371 jours au logis, depuis cette entrevue, mais
127 361 901 409 fans pouvoir jamais obtenir de revoir ce
128 407 903 455 barbare. Perſonne n'avoit pu la ſuivre,
130 452 904 501 parce que ſon équipagé alloit très-vîte, &
131 496 903 545 qu'elle avoit l'attention de venir le ſoir; ce
133 541 903 590 qui faiſoit qu'on la perdoit aiſément de vue.
133 587 906 632 Je fus tranſporté de ce récit. „Oui, dis-
135 632 907 682 “je à Saint-Jean, c'eſt Julie elle-même;
138 675 910 734 “elle vient demander grace à ſon pere;
96 722 905 769 “elle demeure dam un couvent, où ſon
139 765 905 815 “honneur eſt en sureté. Ma Julie eſt ſage,
142 805 532 856 “ellé ſera fidelle.
153 849 911 904 Nous allâmes le lendemain matin chez
139 900 908 948 le vieux Noirville, pour tâcher de recueil-
139 946 906 993 lir encore quelques lumieres. Il étoit ſorti.
148 990 908 1038 „Où peut-il être allé? m'écriai-je, ce ſera,
142 1034 923 1086 „ſans doute chez ſa fille. Allons, mon
142 1079 909 1131 “ami, au couvent où l'on ſoupconne qu'elle
144 1127 925 1175 “habite.“ Nous nous y rendîmes; Saint-
141 1169 908 1220 Jean parla à la Touriere, tandis que je
142 1214 907 1261 l'attendois dehors. Il vint, au bout d'un
143 1260 908 1309 moment, tout joyeux, me dire: „Vous
145 1297 909 1354 “avez deviné juſte; c'eſt ici la demeure
147 1348 909 1399 “de Julie. -- Je trépignai de joie. Ah!
147 1395 912 1443 “mon ami, lui dis-je en l'embraſſant, il
147 1439 907 1489 “faut tout riſquer pour la voir: entrons.
148 1485 910 1532 “-- Tout beau, reprit-il, elle n'eſt pas ici
148 1530 910 1576 “pour le préſent; un vieillard eſt venu ce
150 1575 909 1617 “matin la prendre pour la mener je ne
676 1618 789 1663 M
834 123 901 170 ae
