1116 1854
190 96 258 142 eé
194 139 975 197 “ſais où. L'on ne ſait pas même ſi elle
195 195 972 240 “reviendra; car elle a ordonné à ſa femme
198 241 976 287 “de chambre de faire ſes malles. Je
194 286 970 330 “reſtai la bouche béante. Mais enfin,
195 329 972 380 “m'écriai-je, ſachons où elle eſt allée.
197 375 973 421 “ On n'en ſait rien, me répondit Saint-
196 419 968 468 “Jean.“ Tout-à-coup nous vîmes pa-
195 465 966 512 roître la femme de chambre de mon aman-
196 511 970 557 te. Cette fille venant de dehors alloit ren-
195 555 971 600 trer au couvent: je la reconnus pour l'avoir
195 602 971 643 vue ſur le vaiſſeau. „Ah! mademoiſelle
196 646 970 693 “Marianne, lui dis-je, qu'eſt devenue votre
195 691 964 734 “maîtreſſe? -- Comment! c'eſt toi,
196 735 970 783 “pauvre diable, me dit-elle, & par quel
192 780 971 827 “haſard te trouves-tu ici?“ Je lui racon-
193 826 969 872 tai, en peu de mots, comment j'étois venu
194 870 971 917 à Paris. „El mademoiſelle Julie, ajoutai-
194 915 969 962 “je avec empreſſement, où eſt-elle? --
193 960 969 1008 “Et que t'importe? me dit la ſoubrette.
188 1005 968 1051 “Elle eſt avec ſon pere. Il eſt venu la
189 1050 969 1099 “prendre, pour la conduire je ne ſais où.
191 1094 965 1141 “Je vois qu'il lui accordera ſa grace, ſi
190 1139 969 1189 „elle conſent à ſe marier; & je la regarde
190 1183 966 1232 “déja comme mariée. -- Mariée, Ma-
190 1231 965 1280 “demoiſelle! m'écriai-je, comme frappé
189 1273 967 1323 “d'un coup de foudre. -- Hé mais
189 1319 966 1368 “oui, marié, me répondit-elle. -- Et
188 1365 966 1412 “avec qui, je vous prie? lui repartis-je.
187 1410 962 1456 “-- Avec qui, reprit-elle; es-tu fou, avec
188 1453 965 1504 “tes deux grands yeux hébétés? il eſt
189 1499 978 1549 “vrai que tu reſſembles aſſez à ſon futur.
188 1544 959 1595 “Je n'ai pas vu l'original; mais voilà ſon
