1116 1854
232 155 1002 200 nous conduiſoit, alloit fixer tous les yeux
232 200 1004 245 ſur moi, & me faire reconnoître. Jugez
233 244 1001 290 comment je devois être reçu du pere &
230 288 1003 331 du mari. D'ailleurs, ſi Noirville ne me re-
217 333 1002 381 connoiſſoit pas pour l'ancien amant de ſa
231 377 1003 426 fille, ne pouvoit-il pas me reconnoître pour
231 424 1003 469 celui qui lui avoit donné tant de coups de
231 468 853 516 bâton, quelques jours auparavant?
276 512 1004 554 J'entrai dans la ſalle en tremblant. Mes
230 558 1002 605 avides regards chercherent Julie, & ſe fixe-
230 602 1034 648 rent tout d'un coup ſur elle. Je la reconnus
231 645 1002 693 fur le champ. Elle me parut embellie,
232 692 1003 738 comme un climat qu'on n'à vu qu'à la
231 735 1002 783 haiſſance du printemps, ſourit dans toute
230 780 1002 828 ſa gloire, au matin d'un jour ſerein de la
230 825 1001 870 belle ſaiſon. Je fus ébloui de ſa beauté; je
230 870 1003 917 demeurai ravi en extaſe; & le plat me
229 915 1002 957 ſeroit tombé des mains, ſi le maître-d'hô-
232 958 1003 1005 tel ne me l'eût enlevé dans le moment.
230 1004 1001 1052 Je me poſtai derriere la chaiſe du pere
228 1049 1001 1097 de Julie, vis-à-vis d'elle. Delà je m'aby-
231 1094 1000 1142 mois dans la contemplation de cette figure
232 1138 992 1186 angélique. Elle cauſoit avec mon déteſtab
233 1182 998 1232 rival, d'autant plus déteſtable, qu'il étoit
233 1230 999 1274 triomphant. Quelle amertume inondoit mon
231 1275 998 1322 ame! Voir mon amante après une ſi longué
233 1318 999 1366 abſence, & ne pouvoir voler dans ſes bras,
232 1363 998 1410 & la voir dans ceux de mon rival; être
230 1407 997 1455 valet tandis qu'il étoit maître. Cependant
232 1451 997 1498 une choſe me conſoloit: Julie étoit mélan-
232 1497 996 1545 colique; elle ne paroiſſoit point goûter ſon
232 1542 998 1589 ſort, ni par conſéquent aimer mon rival.
219 95 317 139 a
