1116 1854
843 87 910 131 Lat
132 142 912 193 ces amas en déſordre, ſur ce chaos renou-
135 183 415 223 vellé des Grecs.
183 228 911 276 A force de jeter de l'eau, l'on vient
134 274 911 320 cependant à bout d'éteindre le feu. Chacun
136 318 916 363 ſe leve tout déchiré, tout débraillé, tout
135 360 910 408 dépouillé, couvert de lambeaux; les hom-
137 409 915 455 mes, avec des reſtes de perruques brûlées;
139 452 918 496 les femmes, avec des morceaux de coëffes
140 497 910 546 & des jupons délabrés, les uns & les au-
139 542 917 591 tres avec des viſages enflammés, brûlés,
137 587 915 635 couverts d'ampoules. Enfin l'auguſte aſſem-
139 629 911 680 blée reprend ſéance; on s'examine, on ſe
138 679 919 725 reconnoît mutuellement, quoiqu'avec peine.
139 722 920 768 Moi qui ne veux pas de reconnoiſſance,
141 768 912 813 je me ſauve où je peux, de crainte que
141 810 911 859 l'orage ne retombe ſur moi. Des valets
143 857 918 903 m'attrapent; cinq ou ſix de ces coquins me
145 900 922 948 traînent devant la compagnie majeſtueuſe,
144 945 913 993 ſans faire attention aux coups de pied &
142 992 916 1038 poing que je leur diſtribue largement. Je
145 1036 913 1082 me couvre autant que puis le viſage de mes
140 1081 914 1139 cheveux, afin de n'être pas reconnu pour
146 1128 484 1163 l'auteur du trouble.
194 1170 917 1217 Cependant un valet de Noirville me re-
148 1215 927 1260 connoît, & lui dit: „C'eſt là le coquin
148 1260 926 1306 “qui vient de mettre le feu à votre per-
148 1305 931 1350 “ruque, & c'eſt le même qui vous a donné
149 1350 926 1396 “l'autre jour tant de coups de bâton.“
151 1393 930 1441 Alors le vieux brûlé ſaute ſur moi en di-
148 1438 929 1485 ſant: „ Ah déteſtable ſcélérat!“ Je lui
150 1483 926 1532 applique ſur le viſage une furieuſe apoſ-
151 1529 933 1574 trophe qui le jette à la renverſe. Il s'écrie:
