1116 1854
217 125 983 177 „Qu'on me le dépouille juſqu'aux es, &
211 174 986 222 “qu'on le déchire à coups de ſouet.“ On
209 218 983 266 lui obéit; on m'arrache par lambeaux mes
208 264 991 304 habits & ma chemiſe. Je me vois tout n
206 308 991 355 devant des dames, devant ma Julie. On ne
208 354 991 402 peut trouver d'abord que de petits martinets.
209 398 986 447 En attendant mieux, on ſe diſpoſe à m'en
210 445 568 492 vergeter les épaules.
255 487 986 536 J'étois accablé par le nombre; il n'y
208 532 986 580 avoit pas moyen de réſiſter. Déja les igno-
209 579 991 616 minieux inſtruments de correction com-
208 621 992 670 mencoient à outrager mon individu. Alors
207 666 986 712 je m'écrie d'une voix douloureuſe: „O
209 714 984 758 “ma Julie, peux-tu laiſſer ainſi traiter ton
210 757 984 806 “amant?“ Figurez-vous, à ces mots, Ju-
206 801 981 850 lie, comme frappée de la foudre, qui
210 849 993 897 tombe à la renverſe, qui ſe releve, qui me
208 892 989 941 regarde d'un air inquiet, qui rougit, qui
209 939 983 986 pâlit, qui s'élance dans mes bras, qui me
208 983 987 1030 reçoit dans les ſiens; & toute la famille,
208 1027 980 1073 frappée comme elle, qui ſe jette ſur nous,
206 1072 987 1119 pour nous arracher des bras l'un de l'au-
207 1117 980 1164 tre. „Ah! cher Merveil, tu vis, s'écrioit
207 1160 981 1208 “Julie défaillante! -- C'eſt toi, abomi-
205 1205 990 1254 “nable ſcélérat! diſoit Noirville. -- Tu
208 1251 987 1299 “n'es pas à tous les diables, ajoutoit mon
204 1294 989 1344 rival; malheureux, ne t'ai-je pas donné
205 1342 979 1388 “cinq cents louis pour aller te faire pen-
203 1385 974 1433 “dre au bout du monde? -- Ombre achar-
206 1429 978 1478 “née ſur nos pas, s'écrioit Noirville, tu
198 1475 987 1518 “viens donc finir ici ton odieuſe vie! Qu'on
204 1521 988 1567 “redouble, qu'on redouble, qu'on le faſſe,
214 73 280 115 e
