1116 1854
89 126 920 180 “mourir ſous les verges.“ On redoubloit
89 176 919 224 en effet; Julie pouſſoit des cris lamenta-
89 219 919 282 bles, &, dans mon déſeſpoir, j'élevois les
89 266 337 309 bras au ciel.
89 299 919 359 Tout-à-coup un vieux domeſtique s'écrie:
89 354 919 404 Arrêtez, reſpectez votre maître, le maî-
89 399 919 448 “tre légitime de cet hôtel, l'héritier véri-
89 444 919 492 “table de la famille.“ On s'arrête. Noir-
89 486 919 537 ville s'écrie: „Que veux dire ce miſéra-
89 532 919 582 “ble? Il radote. -- Voyez-vous, reprit le
88 578 919 627 “vieillard, les armes de la famille qui ſe,
88 622 918 672 “peignent ſous ſon bras, & qui ſont plus
88 669 918 716 “ſenſibles, parce que vous avez fait rou-
88 711 918 762 “gir ſa chair par vos coups?“ On regar-
88 759 918 806 de, on voit en effet les armes de la famille
88 802 918 865 deſſinées, je ne ſais comment, ſous mon
88 846 267 895 aiſſelle.
88 879 918 940 „Hé bien, que ſignifie cela, diſoit la
88 937 918 985 “compagnie? -- Cela veut dire, repliqua
88 981 918 1029 “le vieillard, que monſieur eſt le vérita-
88 1027 918 1076 “ble héritier de cette maiſon.“ On lui
87 1070 918 1121 demande l'explication de cette énigme.
87 1115 917 1165 „Sachez, répondit-il, que ce jeune ſei-
87 1158 917 1210 “gneur (qui, par parentheſe, étoit en fort
87 1204 917 1254 “mauvais équipage) eſt le fils de feue
87 1250 917 1299 “madame la marquiſe d'Erbeuil; qu'avant
87 1295 917 1344 “qu'il eût l'âge de trois ans il lui fut en-
87 1339 917 1387 “levé; qu'elle eut le bonheur de le retrou-
87 1385 917 1433 “ver entre les mains d'une mendiante, &
87 1429 917 1478 “de le reconduire chez elle; qu'à l'article
87 1475 917 1522 “de la mort cette dame, prévoyant qu'on
86 1518 917 1569 “pourroit encore jouer à ſon fils le même
810 79 884 121 a87
