<PcGts xmlns="http://schema.primaresearch.org/PAGE/gts/pagecontent/2017-07-15" xmlns:xsi="http://www.w3.org/2001/XMLSchema-instance" xsi:schemaLocation="http://schema.primaresearch.org/PAGE/gts/pagecontent/2017-07-15 http://schema.primaresearch.org/PAGE/gts/pagecontent/2017-07-15/pagecontent.xsd"><Metadata><Creator/><Created>2020-09-22T10:39:54</Created><LastChange>1970-01-01T00:00:00</LastChange><Comments/></Metadata><Page imageFilename="0297.png" imageHeight="1854" imageWidth="1116"><ReadingOrder><OrderedGroup id="g1"><RegionRefIndexed index="0" regionRef="r2"/><RegionRefIndexed index="1" regionRef="r1"/><RegionRefIndexed index="2" regionRef="r3"/></OrderedGroup></ReadingOrder><TextRegion id="r1" type="paragraph" orientation="-0.0"><Coords points="70,1641 70,183 902,183 902,1641"/><TextEquiv><Unicode/></TextEquiv><TextLine id="r1_l001"><Coords points="285,227 281,227 277,224 277,223 276,222 276,217 276,216 242,216 240,218 240,226 239,227 228,227 226,226 226,219 226,218 212,218 211,217 154,217 153,218 151,218 150,217 148,217 147,216 120,216 118,218 107,218 106,219 106,220 106,220 103,220 102,219 86,219 85,218 84,218 83,218 82,217 82,215 81,213 80,213 79,213 79,193 78,192 79,191 79,188 80,187 80,185 81,184 83,184 85,183 95,183 96,184 96,194 97,194 98,194 99,195 111,195 112,196 114,196 115,197 116,197 116,198 116,200 117,200 144,200 144,200 144,190 147,187 149,187 149,188 149,193 150,193 194,193 194,193 194,190 195,189 195,187 196,186 199,186 200,187 210,187 210,188 210,189 211,189 238,189 238,190 238,192 240,193 279,193 279,193 279,192 280,191 281,191 282,192 294,192 295,193 296,193 297,194 320,194 320,194 320,186 321,185 321,184 322,183 326,183 327,185 327,186 328,187 328,194 329,194 342,194 343,195 345,195 346,196 347,196 349,199 349,200 350,201 350,207 351,207 366,207 367,208 387,208 387,208 387,202 388,201 394,201 394,201 394,191 395,190 395,187 398,184 399,184 400,183 406,183 407,184 408,184 411,187 414,187 414,188 414,193 415,193 423,193 423,194 423,195 424,196 424,201 425,201 448,201 448,201 448,199 450,197 451,197 453,195 454,195 455,194 466,194 466,194 466,190 467,189 494,189 494,189 494,186 495,185 495,184 496,183 498,183 499,184 500,184 500,185 500,186 501,187 501,196 502,196 528,196 529,195 530,195 531,194 532,195 577,195 578,194 589,194 589,194 589,185 591,183 595,183 595,184 595,195 596,195 621,195 621,195 621,190 622,189 623,189 624,191 624,194 625,194 646,194 647,193 647,194 647,195 648,195 679,195 679,195 679,190 680,189 681,189 682,188 682,187 683,186 683,184 685,183 760,183 761,183 788,183 789,183 791,183 791,183 791,193 792,193 823,193 824,192 824,186 825,185 826,185 827,184 829,184 830,183 832,183 833,184 860,184 860,184 860,183 861,183 866,183 866,183 866,190 867,190 880,190 880,191 880,199 881,200 881,211 880,212 880,213 878,215 877,215 875,217 843,217 842,216 803,216 799,216 798,217 797,217 796,216 747,216 746,215 719,215 718,216 715,216 714,217 681,217 679,215 651,215 650,216 648,216 647,217 645,217 644,216 629,216 611,216 610,217 609,217 608,216 606,216 605,215 579,215 578,216 502,216 501,217 501,225 501,225 498,225 497,225 497,217 497,216 496,216 495,215 471,215 470,216 470,225 468,227 460,227 459,226 458,226 457,226 457,217 457,216 454,216 453,215 409,215 408,216 407,216 406,217 403,217 402,216 400,216 398,214 397,214 396,213 370,213 369,214 369,217 368,218 368,220 367,221 367,222 367,222 366,222 364,224 361,224 359,223 359,218 359,217 339,217 338,216 297,216 296,217 296,222 295,223 295,224 293,226 290,226 289,227 287,227 286,228"/><TextEquiv index="1"><Unicode>la compagnie, &amp; qui avoient été fort liés</Unicode></TextEquiv></TextLine><TextLine id="r1_l002"><Coords points="353,272 352,272 351,272 351,263 351,262 300,262 299,261 280,261 236,261 235,262 231,262 230,261 188,261 187,262 187,273 187,273 179,273 178,273 178,262 178,261 171,261 170,262 167,262 166,263 105,263 104,264 88,264 84,261 84,260 83,258 82,258 79,256 79,246 77,244 79,242 85,242 86,241 86,240 88,238 140,238 140,238 140,237 141,236 143,236 143,237 143,240 145,241 199,241 199,241 199,232 200,231 201,231 202,230 204,230 205,229 207,229 208,228 209,229 210,229 210,230 210,234 211,234 214,234 214,235 214,240 215,240 229,240 230,241 276,241 277,240 284,240 285,239 385,239 385,239 385,230 386,229 389,229 390,228 409,228 410,227 414,227 415,228 416,228 417,229 464,229 465,228 469,228 470,229 499,229 499,229 499,226 500,225 501,225 501,226 501,229 502,229 503,229 504,230 539,230 539,231 539,239 540,239 597,239 597,239 597,232 599,230 599,229 600,228 615,228 616,230 616,247 617,248 617,253 618,253 667,253 667,253 667,242 668,241 670,241 672,239 675,239 676,240 872,240 873,239 874,239 876,237 878,237 878,238 878,241 880,243 880,260 878,262 811,262 810,261 746,261 745,262 710,262 709,261 637,261 636,262 636,264 632,268 631,268 630,269 629,269 628,268 627,268 626,268 626,262 626,261 566,261 565,262 563,262 562,261 454,261 425,261 424,262 364,262 363,263 363,270 362,271 360,271 359,272 355,272 354,273"/><TextEquiv index="1"><Unicode>avec la marquiſe d'Erbeuil, reconnurent</Unicode></TextEquiv></TextLine><TextLine id="r1_l003"><Coords points="696,318 695,317 694,317 692,316 692,307 692,306 662,306 661,307 657,307 656,306 624,306 623,307 605,307 604,306 574,306 547,306 546,307 486,307 485,308 485,309 483,311 483,312 482,313 482,315 481,316 480,316 479,317 474,317 472,316 472,307 472,306 440,306 439,306 439,305 437,303 437,302 436,301 436,300 434,298 433,296 430,296 429,295 406,295 405,296 405,305 404,306 404,309 403,310 403,311 399,315 397,314 397,308 397,307 369,307 368,308 340,308 339,309 339,310 334,315 331,315 330,315 330,308 330,307 307,307 306,306 241,306 240,307 181,307 180,308 177,308 176,307 168,307 145,307 144,308 86,308 83,306 83,299 82,298 82,290 81,289 82,288 82,286 83,285 87,285 87,285 87,282 88,281 88,279 91,276 92,276 92,276 92,274 93,273 95,273 96,274 103,274 104,275 105,275 107,278 107,285 108,285 138,285 139,286 141,286 142,287 174,287 175,286 176,286 177,285 177,274 178,273 187,273 187,274 187,285 188,285 233,285 233,285 233,276 235,274 238,274 239,275 240,275 240,276 240,282 241,282 252,282 255,285 288,285 289,284 291,284 292,285 313,285 314,286 355,286 355,286 355,280 358,277 359,277 361,275 363,275 364,274 367,274 368,275 370,275 371,276 373,276 374,278 374,283 375,283 383,283 384,284 385,284 386,286 386,291 387,291 395,291 396,292 397,292 397,293 397,294 398,294 422,294 422,294 422,284 424,282 424,283 424,294 425,294 429,294 429,294 429,288 431,286 443,286 444,285 460,285 462,283 462,282 463,281 484,281 484,281 484,280 485,279 486,279 486,280 486,285 487,285 527,285 528,284 530,284 531,285 573,285 575,283 603,283 603,283 603,274 604,273 607,273 608,275 608,277 609,278 609,279 610,280 610,281 611,282 611,283 612,284 612,286 613,286 657,286 658,285 686,285 686,285 686,282 688,280 688,281 688,285 689,285 739,285 739,285 739,276 740,275 740,274 741,273 763,273 763,273 763,272 764,271 766,271 767,272 791,272 791,273 791,286 792,286 835,286 836,285 836,284 837,283 838,283 838,284 838,285 839,285 874,285 875,284 878,284 878,285 878,286 881,289 881,290 882,291 880,293 880,307 880,307 877,307 876,308 874,308 873,307 840,307 839,308 800,308 799,309 798,308 797,308 796,307 742,307 741,308 740,307 738,307 737,306 704,306 703,307 703,315 702,316 702,317 702,317 701,317 700,318"/><TextEquiv index="1"><Unicode>ſon écriture; &amp;, voyant très-expreſſément</Unicode></TextEquiv></TextLine><TextLine id="r1_l004"><Coords points="850,366 849,365 821,365 820,364 819,364 816,362 816,360 816,359 530,359 529,359 529,354 529,353 233,353 232,354 232,363 232,363 225,363 224,363 224,354 224,353 127,353 126,352 85,352 84,352 84,341 84,340 83,340 82,340 82,335 81,334 84,331 84,330 85,329 87,329 87,329 87,328 92,323 93,323 95,321 96,321 97,320 101,320 102,319 275,319 276,318 364,318 365,319 810,319 811,320 812,320 813,322 813,329 814,329 867,329 867,330 867,331 868,331 877,331 877,332 877,334 878,335 878,336 879,337 879,339 880,340 879,341 879,349 878,350 878,351 877,352 876,352 875,353 874,353 873,354 855,354 854,355 854,366 854,366"/><TextEquiv index="1"><Unicode>ſur ma chair les armes, le nom &amp; le ſigne</Unicode></TextEquiv></TextLine><TextLine id="r1_l005"><Coords points="127,408 126,407 126,405 125,404 125,402 124,401 124,400 124,399 106,399 105,398 93,398 92,397 91,397 85,392 85,391 84,390 84,386 84,385 83,385 81,384 81,383 82,382 82,380 83,379 89,379 90,378 91,378 93,376 93,373 94,372 96,372 96,372 96,368 97,367 98,367 99,366 101,366 102,365 119,365 119,365 119,362 120,361 412,361 413,362 600,362 602,364 611,364 613,366 854,366 854,367 854,373 855,373 882,373 882,374 882,409 883,409 888,409 888,410 886,412 182,412 181,413"/><TextEquiv index="1"><Unicode>déſignés dans Pécrit, ils dirent que cela</Unicode></TextEquiv></TextLine><TextLine id="r1_l006"><Coords points="89,455 87,454 87,451 84,448 84,423 85,422 89,422 90,421 91,421 95,417 96,419 96,422 97,422 134,422 136,420 137,421 161,421 161,421 161,410 162,409 175,409 175,410 175,421 176,421 179,421 179,421 179,414 182,411 200,411 201,410 204,410 205,409 207,409 208,408 228,408 229,409 251,409 253,412 253,418 254,418 266,418 268,420 299,420 300,419 305,419 305,419 305,416 306,415 306,412 307,411 308,411 309,410 310,410 311,409 312,409 313,408 315,410 344,410 346,413 346,420 347,420 355,420 356,421 364,421 365,423 365,436 366,436 371,436 372,438 372,439 373,440 373,441 372,442 372,443 372,443 371,443 370,444 369,444 368,443 332,443 331,442 294,442 293,441 287,441 253,441 252,442 230,442 229,443 134,443 133,444 103,444 102,445 102,454 101,455"/><TextEquiv index="1"><Unicode>paroiſſoit elair.</Unicode></TextEquiv></TextLine><TextLine id="r1_l007"><Coords points="818,499 817,499 817,490 817,489 743,489 742,488 624,488 623,489 622,489 621,488 481,488 480,489 428,489 427,488 176,488 146,488 145,489 144,489 143,488 142,488 140,487 140,483 140,482 136,482 135,482 136,481 140,481 140,481 140,473 142,471 142,470 142,469 93,469 92,468 91,468 90,468 90,467 89,466 90,465 152,465 155,462 155,459 158,456 180,456 181,455 284,455 285,454 286,455 400,455 401,454 416,454 416,455 416,464 417,464 586,464 586,464 586,463 587,462 592,462 592,462 592,456 593,455 597,455 598,454 599,454 600,453 602,453 602,454 602,456 603,457 603,459 604,459 691,459 691,460 691,465 692,465 813,465 813,465 813,457 814,456 814,455 815,454 822,454 822,455 822,464 823,464 867,464 867,465 867,466 868,466 875,466 875,467 875,468 877,469 878,469 878,470 878,471 881,474 881,477 880,478 880,484 879,485 879,487 879,487 878,487 876,489 875,489 874,490 837,490 836,489 822,489 821,490 821,499 821,499"/><TextEquiv index="1"><Unicode>Alors Noirville entra dans une colere</Unicode></TextEquiv></TextLine><TextLine id="r1_l008"><Coords points="784,544 782,543 782,534 782,533 738,533 737,532 703,532 702,533 654,533 653,532 595,532 594,533 579,533 578,534 578,543 577,544 566,544 564,543 564,534 564,533 562,533 561,532 535,532 534,533 521,533 520,532 484,532 483,533 463,533 462,534 459,534 458,533 393,533 392,534 392,539 391,540 391,541 391,541 390,541 390,540 389,539 389,535 389,534 338,534 337,533 335,533 334,532 300,532 299,533 295,533 294,532 286,532 243,532 242,533 217,533 216,532 185,532 184,533 151,533 150,534 126,534 125,535 125,544 125,544 113,544 112,544 112,536 112,535 98,535 97,534 95,534 94,533 93,533 89,530 89,529 87,526 86,526 85,526 85,523 84,522 84,520 83,519 84,518 84,517 85,516 87,516 88,515 89,515 90,514 91,514 93,512 93,504 94,503 94,502 95,501 98,501 98,501 98,500 99,499 102,499 103,498 106,498 107,499 108,499 108,500 108,509 109,509 130,509 133,512 177,512 178,511 246,511 247,510 265,510 267,508 268,508 269,509 270,509 271,510 292,510 292,510 292,503 293,502 294,502 295,501 296,501 297,500 321,500 322,499 325,499 326,501 326,509 327,510 327,512 328,512 343,512 344,513 386,513 386,513 386,503 389,500 401,500 402,499 403,500 404,500 404,501 404,509 405,510 405,511 406,511 437,511 437,511 437,510 439,508 439,506 441,504 441,503 442,502 460,502 460,502 460,501 461,500 461,499 463,497 465,497 466,498 467,498 467,499 467,512 468,512 493,512 494,511 506,511 506,511 506,502 508,500 511,500 512,502 512,503 513,504 513,510 514,510 522,510 523,511 527,511 528,512 530,512 531,513 559,513 560,512 562,512 563,511 586,511 587,510 597,510 597,510 597,505 600,502 612,502 614,500 627,500 628,499 629,499 630,501 630,503 631,503 657,503 657,503 657,499 659,497 663,497 664,499 664,509 665,509 673,509 674,510 675,510 675,511 675,512 676,512 701,512 701,512 701,502 702,501 703,501 704,500 705,500 706,502 706,503 707,504 707,509 708,509 737,509 737,509 737,508 740,505 740,504 742,502 743,502 745,500 747,500 748,499 751,499 752,500 753,500 753,501 753,502 754,503 754,509 755,509 764,509 764,510 764,511 765,511 791,511 792,510 814,510 814,510 814,508 815,507 815,505 816,504 816,500 817,499 839,499 840,500 843,500 844,501 864,501 865,503 865,504 866,505 866,506 867,506 874,506 875,507 877,507 878,509 878,511 882,515 882,532 881,533 879,533 878,534 835,534 834,533 796,533 795,534 795,544 795,544"/><TextEquiv index="1"><Unicode>épouvantable: il s'écria qu'il étoit ſtupéfait</Unicode></TextEquiv></TextLine><TextLine id="r1_l009"><Coords points="240,590 239,589 231,589 230,588 229,588 228,588 228,587 227,585 224,585 223,585 223,584 222,583 222,581 222,580 197,580 196,579 195,579 194,578 162,578 161,579 155,579 154,580 153,579 151,579 150,578 111,578 110,579 107,579 106,580 100,580 99,579 98,579 97,578 96,578 95,577 94,577 90,574 90,567 89,566 89,552 89,551 86,551 85,551 86,550 86,549 87,548 88,548 89,547 91,547 92,546 93,546 94,545 96,545 97,546 103,546 104,547 106,547 108,550 108,552 109,553 109,557 110,557 112,557 112,557 112,545 113,544 124,544 124,545 124,557 125,557 149,557 149,557 149,546 150,545 154,545 155,546 156,546 157,547 158,547 159,549 159,552 160,552 162,552 162,553 162,556 163,556 196,556 196,556 196,547 197,546 198,546 199,545 221,545 223,548 223,554 224,554 281,554 281,554 281,552 282,551 284,551 284,551 284,547 285,546 285,545 288,542 292,542 292,543 292,544 293,545 293,546 294,546 321,546 322,545 325,545 326,544 327,544 328,546 328,556 329,556 347,556 348,557 418,557 418,557 418,548 420,546 422,546 423,547 424,547 425,549 425,556 426,556 436,556 437,557 467,557 469,555 484,555 486,553 487,554 523,554 524,553 525,554 547,554 547,554 547,550 549,548 551,548 553,546 556,546 557,548 557,557 558,557 575,557 576,558 604,558 606,556 669,556 670,555 688,555 688,555 688,547 689,546 691,546 692,545 696,545 696,546 696,554 697,554 717,554 718,556 718,557 719,557 743,557 743,557 743,553 744,552 747,552 747,552 747,551 753,545 754,545 755,544 760,544 762,547 762,549 763,550 763,556 765,557 768,557 769,558 771,558 772,559 800,559 801,558 802,558 803,557 803,553 804,552 805,552 805,552 805,550 806,549 806,548 807,547 808,547 809,546 811,546 812,545 814,545 815,547 815,555 816,555 839,555 839,556 839,557 840,557 857,557 858,558 859,558 859,559 859,565 860,565 878,565 880,568 880,571 879,572 879,573 879,573 878,573 877,574 862,574 861,575 861,578 860,579 827,579 826,578 803,578 802,577 801,577 799,575 772,575 769,578 744,578 743,577 715,577 714,578 707,578 706,577 662,577 661,578 661,587 661,587 659,587 658,587 658,579 658,578 574,578 573,579 550,579 549,578 470,578 468,576 440,576 438,578 424,578 423,579 404,579 403,578 384,578 382,577 382,576 380,574 380,571 377,567 352,567 351,568 351,574 348,577 347,577 346,578 318,578 317,579 316,579 315,579 315,578 315,577 290,577 289,578 287,578 286,579 285,579 284,578 283,578 282,577 281,577 280,576 251,576 250,577 250,582 249,583 249,585 246,588 245,588 244,589 242,589 241,590"/><TextEquiv index="1"><Unicode>&amp; indigné de voir tout le monde ſe don-</Unicode></TextEquiv></TextLine><TextLine id="r1_l010"><Coords points="735,635 733,634 733,625 733,624 331,624 330,625 330,632 329,633 328,633 327,634 320,634 318,633 318,626 318,625 124,625 123,624 91,624 88,622 88,611 87,610 87,604 86,603 87,602 94,602 94,602 94,600 95,599 95,598 96,597 97,597 98,596 166,596 166,596 166,592 168,590 181,590 182,592 182,595 183,595 196,595 196,596 196,598 197,598 224,598 225,599 516,599 516,599 516,597 517,596 517,595 518,594 518,593 520,591 534,591 535,590 788,590 789,589 791,589 792,590 794,590 797,594 797,596 798,596 867,596 868,598 868,606 869,606 871,606 871,607 871,609 872,610 872,611 873,612 873,613 874,613 875,613 876,614 880,614 880,615 880,616 882,618 881,619 881,624 879,626 879,627 874,632 873,632 872,633 745,633 744,634 738,634 737,635"/><TextEquiv index="1"><Unicode>ner le mot pour accueillir une impoſture,</Unicode></TextEquiv></TextLine><TextLine id="r1_l011"><Coords points="722,679 721,678 720,678 719,678 719,669 719,668 717,668 716,667 690,667 688,669 686,669 685,668 650,668 649,669 627,669 626,670 626,672 625,673 625,674 621,678 619,677 619,670 619,669 552,669 551,670 536,670 534,672 532,672 531,672 531,670 531,669 503,669 502,668 474,668 473,669 440,669 439,670 438,670 436,668 399,668 398,669 377,669 376,668 374,668 369,664 369,662 368,661 368,656 368,655 343,655 342,656 342,666 340,668 325,668 324,669 320,669 319,668 316,668 315,667 291,667 283,667 282,668 237,668 236,669 235,668 216,668 213,665 187,665 183,669 110,669 109,670 103,670 102,669 100,669 99,668 98,668 97,667 96,667 92,664 92,662 91,661 91,655 91,654 90,654 89,654 89,641 88,640 89,639 94,639 94,639 94,637 95,636 97,636 98,637 107,637 108,638 109,638 109,639 109,640 110,641 110,642 111,643 111,646 112,646 125,646 127,648 146,648 146,648 146,646 147,645 147,644 148,643 156,643 156,643 156,642 157,641 157,640 163,634 169,634 170,635 174,635 176,638 176,648 177,648 181,648 182,649 183,649 184,650 210,650 210,650 210,647 212,645 213,645 214,644 215,645 218,645 219,646 313,646 313,646 313,641 314,640 315,641 317,641 317,642 317,646 318,646 344,646 345,647 346,647 348,649 375,649 376,648 395,648 396,647 437,647 438,646 440,646 441,647 495,647 495,647 495,642 496,641 498,641 499,640 499,639 501,637 502,637 504,635 507,635 507,636 507,641 508,641 535,641 535,641 535,639 537,637 539,637 540,638 541,638 541,639 541,663 542,663 571,663 571,663 571,639 572,638 573,638 574,637 593,637 595,635 597,635 599,637 626,637 628,639 629,639 629,640 629,647 630,647 667,647 668,646 675,646 676,647 683,647 684,648 685,648 686,649 714,649 716,647 718,647 719,646 755,646 755,646 755,645 756,644 756,640 757,639 759,639 760,638 767,638 767,638 767,637 768,636 784,636 785,637 812,637 812,638 812,639 813,640 813,643 815,644 849,644 849,644 849,643 851,641 851,640 852,639 852,637 853,636 855,636 856,638 856,640 858,642 858,644 859,644 879,644 879,645 879,657 881,659 881,663 879,665 879,673 879,673 877,673 876,673 876,670 876,669 850,669 849,668 820,668 819,669 806,669 805,668 775,668 774,669 773,668 733,668 732,669 732,678 731,679"/><TextEquiv index="1"><Unicode>&amp; ſe tourner contre lui. Il jura qu'il brû-</Unicode></TextEquiv></TextLine><TextLine id="r1_l012"><Coords points="520,726 518,724 309,724 307,723 307,715 307,714 92,714 89,712 89,694 89,693 88,693 87,693 88,692 88,684 91,681 93,681 94,680 225,680 226,681 799,681 800,680 802,680 803,679 806,679 807,680 808,680 808,681 808,682 809,682 864,682 866,685 866,686 867,687 867,689 868,689 876,689 877,690 878,690 878,691 878,694 879,694 882,694 882,695 882,697 883,698 882,699 882,712 880,714 878,714 877,715 710,715 709,716 709,722 707,724 530,724 528,726"/><TextEquiv index="1"><Unicode>leroit la cervelle au premier qui oſeroit</Unicode></TextEquiv></TextLine><TextLine id="r1_l013"><Coords points="563,771 562,770 561,770 559,769 559,768 557,766 557,761 557,760 462,760 461,759 405,759 403,759 402,760 346,760 345,759 289,759 254,759 253,760 246,760 245,759 231,759 191,759 190,760 134,760 132,762 126,762 125,763 125,771 125,771 118,771 117,771 117,760 117,759 111,759 110,758 92,758 89,756 89,740 88,739 88,737 86,735 87,734 87,729 88,728 88,727 89,726 91,726 92,725 125,725 126,724 127,725 181,725 182,726 184,726 185,728 185,733 186,733 284,733 284,733 284,729 286,727 287,727 288,726 328,726 329,725 333,725 335,728 335,737 336,737 409,737 410,736 429,736 429,736 429,735 430,734 474,734 474,734 474,729 476,727 508,727 508,727 508,725 510,723 513,723 514,725 514,738 515,738 595,738 595,738 595,730 597,728 598,729 602,729 603,730 604,730 606,733 606,737 607,737 729,737 729,737 729,734 731,732 731,729 734,726 736,726 737,727 773,727 775,730 775,732 777,734 777,736 778,736 836,736 836,736 836,735 837,734 869,734 870,733 872,733 874,735 876,735 877,737 877,747 878,747 880,747 881,749 881,751 880,752 880,754 879,755 862,755 861,756 861,758 859,760 770,760 769,759 695,759 686,759 685,760 682,760 681,759 637,759 618,759 617,760 573,760 572,761 572,770 571,771"/><TextEquiv index="1"><Unicode>lui ſoutenir les atrocités qu'on avoit inven-</Unicode></TextEquiv></TextLine><TextLine id="r1_l014"><Coords points="859,816 858,815 832,815 831,814 586,814 584,813 584,807 584,806 201,806 200,807 199,806 152,806 151,805 113,805 112,804 96,804 95,803 94,803 91,801 91,799 91,798 88,798 87,798 88,797 88,786 89,785 89,784 91,782 94,782 95,781 114,781 114,781 114,779 115,778 115,775 116,774 116,772 117,771 211,771 211,771 211,768 212,767 214,767 214,768 214,769 216,770 690,770 691,771 747,771 748,772 811,772 811,773 811,774 812,775 812,778 813,778 843,778 844,779 875,779 877,782 877,783 878,783 880,783 880,784 880,803 881,804 879,806 861,806 860,807 860,816 860,816"/><TextEquiv index="1"><Unicode>tées. I voulut cent fois ſe jeter ſur le vieux</Unicode></TextEquiv></TextLine><TextLine id="r1_l015"><Coords points="656,862 656,850 656,849 634,849 633,850 602,850 601,851 601,860 600,861 595,861 594,860 593,860 592,860 592,859 590,857 590,851 590,850 570,850 569,851 551,851 550,852 550,854 550,854 549,853 548,853 547,853 547,852 547,851 510,851 509,850 464,850 463,849 425,849 424,850 421,850 420,849 386,849 385,848 358,848 357,849 343,849 342,850 337,850 336,849 335,849 334,848 308,848 306,850 297,850 296,849 269,849 268,850 268,859 267,860 266,860 265,861 255,861 254,861 254,860 253,859 253,851 253,850 189,850 188,851 141,851 140,850 107,850 106,849 95,849 94,848 93,848 92,847 91,847 87,844 87,841 85,839 85,838 84,837 84,836 84,835 83,835 82,835 82,834 83,833 86,833 89,830 90,830 91,829 92,829 93,828 94,828 94,828 94,820 97,817 98,817 99,816 100,817 109,817 109,818 109,819 110,820 110,823 111,823 120,823 122,825 135,825 135,826 135,829 136,829 182,829 183,828 200,828 200,828 200,826 202,824 202,822 204,820 207,817 209,817 210,816 212,816 213,817 234,817 235,818 240,818 241,820 241,827 242,827 286,827 287,828 303,828 304,829 306,829 307,830 331,830 331,830 331,820 334,817 337,817 338,816 341,816 342,817 344,817 347,820 348,820 348,821 348,826 349,826 359,826 360,828 360,842 363,844 384,844 384,844 384,830 387,827 387,824 389,822 389,821 391,819 391,818 394,815 395,815 396,814 402,814 403,816 403,819 404,820 404,825 405,825 414,825 416,827 425,827 426,828 498,828 499,827 507,827 507,827 507,820 510,817 512,817 515,821 514,822 514,844 515,844 541,844 541,844 541,822 543,820 544,820 545,819 556,819 557,818 559,818 560,817 570,817 571,819 571,830 572,830 596,830 597,829 602,829 602,829 602,826 603,825 603,822 604,821 605,821 606,822 608,822 608,823 608,828 609,828 671,828 671,828 671,822 674,819 674,818 675,817 697,817 698,816 715,816 716,817 735,817 737,820 737,826 738,826 748,826 748,827 748,829 749,829 774,829 776,827 792,827 793,826 795,826 797,828 801,828 802,829 826,829 827,828 828,828 828,828 828,825 829,824 831,824 831,824 831,821 832,820 832,819 834,817 856,817 857,816 862,816 862,817 862,825 863,825 874,825 875,827 875,838 876,838 880,838 881,840 881,842 880,843 880,844 880,844 878,844 877,845 862,845 861,846 861,847 858,850 855,850 854,851 853,851 852,850 850,850 849,849 794,849 793,850 791,850 790,849 749,849 748,850 731,850 730,849 705,849 704,850 703,849 691,849 679,849 678,850 675,850 674,849 658,849 657,850 657,862 657,862"/><TextEquiv index="1"><Unicode>domeſtique &amp; ſur moi. I paroiſſoit un dé-</Unicode></TextEquiv></TextLine><TextLine id="r1_l016"><Coords points="196,908 196,897 196,896 95,896 93,895 93,894 92,893 92,888 92,887 90,887 88,886 89,885 89,879 90,878 90,877 92,875 94,875 95,874 96,874 97,873 176,873 176,873 176,865 179,862 413,862 414,861 482,861 483,862 842,862 842,862 842,860 843,859 843,858 844,857 845,857 846,859 846,862 847,862 850,862 851,863 852,863 853,865 853,868 854,868 873,868 874,869 885,869 885,870 885,871 886,872 885,873 883,873 882,874 882,877 881,878 881,891 879,893 879,894 879,894 878,894 877,895 874,895 873,896 701,896 700,897 700,899 699,900 699,901 697,903 696,903 695,904 694,904 692,903 692,898 692,897 637,897 636,896 308,896 307,897 307,899 306,900 306,901 305,902 304,902 301,905 238,905 237,906 231,906 230,907 198,907 197,908"/><TextEquiv index="1"><Unicode>moniaque; on ſut le contenir; mais ſet</Unicode></TextEquiv></TextLine><TextLine id="r1_l017"><Coords points="623,953 622,952 605,952 602,950 602,938 602,937 599,937 590,937 588,939 588,940 588,940 587,940 586,941 580,941 579,940 551,940 550,941 550,951 549,952 539,952 536,950 536,942 535,940 533,940 531,938 516,938 515,939 515,940 515,940 489,940 488,941 477,941 476,942 475,941 471,941 470,940 454,940 453,941 450,941 449,940 404,940 403,941 399,941 398,940 371,940 369,938 353,938 351,940 345,940 344,941 344,952 344,952 342,952 341,952 341,941 341,940 335,940 334,941 332,941 331,940 280,940 279,941 276,941 275,940 261,940 260,941 260,947 258,949 258,950 255,953 243,953 241,952 241,951 239,949 239,942 239,941 224,941 223,942 222,941 206,941 205,942 177,942 176,941 159,941 158,942 157,941 137,941 136,942 132,942 131,943 130,942 105,942 104,941 102,941 100,939 99,939 95,936 95,935 93,933 93,928 92,927 92,926 93,925 94,925 94,925 94,922 97,919 123,919 123,919 123,918 124,917 124,916 125,915 126,915 126,916 126,920 127,920 144,920 145,919 148,919 149,920 170,920 170,920 170,917 171,916 171,915 172,914 173,916 173,920 174,920 193,920 194,919 194,910 196,908 198,908 198,909 198,919 199,919 209,919 210,918 211,919 247,919 248,918 273,918 274,919 292,919 293,918 332,918 333,917 335,917 336,918 380,918 381,917 382,918 385,918 386,919 424,919 424,919 424,917 425,916 428,916 429,915 429,913 430,912 430,911 431,910 432,910 432,910 432,909 433,908 434,908 435,907 436,907 437,906 444,906 445,908 445,919 446,919 495,919 496,918 509,918 509,918 509,917 510,916 511,917 512,917 512,918 512,919 514,920 533,920 534,919 553,919 555,917 567,917 569,919 587,919 589,921 604,921 605,920 606,920 607,919 607,915 609,913 611,913 611,914 611,918 612,918 631,918 633,916 633,917 633,919 634,919 649,919 650,918 655,918 656,919 673,919 674,918 705,918 706,919 725,919 725,919 725,918 726,917 727,918 739,918 740,919 741,919 741,920 741,921 742,921 757,921 759,919 760,919 761,918 762,918 763,917 763,909 766,906 773,906 773,907 773,915 774,915 784,915 785,916 786,916 786,917 786,918 787,918 809,918 809,918 809,917 811,915 813,915 813,916 813,919 814,919 841,919 841,919 841,915 842,914 844,914 845,916 845,919 846,919 853,919 854,920 871,920 871,920 871,918 872,917 872,916 874,914 875,914 875,915 875,928 876,928 879,928 880,930 880,934 878,936 873,936 872,935 857,935 856,936 856,940 856,940 844,940 843,941 839,941 838,940 824,940 823,941 823,951 823,951 822,951 822,941 822,940 821,940 820,939 796,939 795,940 794,940 793,941 792,941 791,940 761,940 760,939 759,939 755,936 755,935 754,933 753,933 752,932 751,932 750,932 750,927 750,926 739,926 738,927 737,927 736,928 736,938 734,940 712,940 711,939 701,939 696,939 695,940 631,940 630,941 628,941 627,942 627,953 627,953"/><TextEquiv index="1"><Unicode>extravagances ne firent que prouver davan-</Unicode></TextEquiv></TextLine><TextLine id="r1_l018"><Coords points="131,997 130,997 130,988 130,987 113,987 112,986 101,986 100,985 99,985 95,982 95,981 94,980 94,972 93,970 92,970 91,970 91,969 90,968 92,966 95,966 96,965 96,964 97,963 99,963 99,963 99,961 101,959 138,959 138,959 138,955 139,954 247,954 248,953 339,953 340,952 436,952 437,953 821,953 821,953 821,952 822,951 823,951 823,952 823,953 824,953 854,953 855,952 856,953 857,953 857,954 857,961 858,961 875,961 875,962 875,966 876,966 877,966 879,969 879,980 880,980 881,980 881,981 881,984 882,985 881,986 879,986 878,987 473,987 472,988 472,996 472,996 149,996 148,997"/><TextEquiv index="1"><Unicode>tage contre lui. Il parvint à arracher la</Unicode></TextEquiv></TextLine><TextLine id="r1_l019"><Coords points="607,1044 606,1044 606,1042 606,1041 472,1041 471,1041 472,1040 606,1040 606,1040 606,1038 606,1037 421,1037 420,1037 420,1033 420,1032 118,1032 117,1031 101,1031 100,1030 98,1030 97,1030 97,1029 96,1028 96,1023 94,1021 94,1009 93,1008 94,1007 94,1006 95,1005 95,1003 96,1002 96,999 97,998 132,998 133,997 234,997 235,996 471,996 472,997 713,997 714,996 715,997 864,997 867,1001 867,1002 868,1003 868,1004 869,1004 873,1004 875,1007 875,1019 876,1020 876,1025 877,1025 878,1025 879,1026 880,1026 880,1027 880,1032 880,1032 879,1032 878,1033 767,1033 765,1035 765,1036 763,1038 761,1038 760,1039 757,1039 756,1040 666,1040 664,1042 610,1042 609,1043 609,1044 609,1044"/><TextEquiv index="1"><Unicode>lettre des mains du fidele Baptiſte, &amp; à</Unicode></TextEquiv></TextLine><TextLine id="r1_l020"><Coords points="511,1086 509,1086 508,1086 508,1078 508,1077 166,1077 164,1079 164,1080 163,1081 163,1082 159,1086 158,1086 156,1085 156,1079 156,1078 126,1078 125,1077 113,1077 112,1076 98,1076 97,1075 96,1075 95,1075 95,1071 95,1070 94,1070 93,1070 93,1067 92,1066 92,1054 91,1053 93,1051 93,1046 95,1044 96,1044 97,1043 99,1043 100,1042 449,1042 449,1042 449,1041 450,1040 451,1040 452,1041 457,1041 459,1043 785,1043 786,1042 790,1042 791,1043 792,1043 793,1045 793,1051 794,1051 873,1051 874,1052 875,1052 875,1053 875,1070 877,1071 878,1071 878,1072 879,1073 879,1074 880,1075 880,1076 879,1077 879,1078 878,1079 865,1079 864,1078 855,1078 854,1077 520,1077 519,1078 519,1079 517,1081 517,1082 516,1083 516,1084 514,1086 513,1086 512,1087"/><TextEquiv index="1"><Unicode>la jeter dans le feu; mais on la ſauva</Unicode></TextEquiv></TextLine><TextLine id="r1_l021"><Coords points="782,1134 781,1134 781,1125 781,1124 430,1124 425,1129 421,1129 420,1129 420,1125 420,1124 207,1124 206,1123 156,1123 155,1122 139,1122 137,1120 112,1120 109,1117 108,1117 105,1115 105,1114 105,1113 100,1113 99,1113 99,1108 100,1107 100,1103 101,1102 104,1102 104,1102 104,1094 105,1093 138,1093 141,1090 193,1090 194,1089 195,1089 196,1088 339,1088 339,1088 339,1087 340,1086 340,1085 341,1084 344,1084 344,1085 344,1086 345,1086 347,1086 348,1087 351,1087 352,1088 719,1088 720,1087 722,1087 723,1086 724,1087 726,1087 727,1088 784,1088 785,1090 785,1096 786,1096 874,1096 874,1097 874,1103 875,1103 879,1103 880,1105 880,1107 881,1108 881,1117 882,1118 882,1125 880,1127 880,1128 878,1130 877,1130 875,1132 788,1132 787,1133 787,1134 787,1134"/><TextEquiv index="1"><Unicode>Laiſſez-le faire, dit lhonnête ſerviteur;</Unicode></TextEquiv></TextLine><TextLine id="r1_l022"><Coords points="481,1176 480,1176 480,1169 480,1168 194,1168 192,1170 192,1174 191,1175 180,1175 179,1175 179,1169 179,1168 139,1168 138,1167 98,1167 95,1165 95,1151 93,1149 94,1148 94,1147 98,1143 99,1143 100,1142 127,1142 127,1142 127,1137 128,1136 129,1136 131,1134 145,1134 146,1133 415,1133 416,1134 787,1134 787,1135 787,1145 788,1145 866,1145 867,1146 868,1146 870,1149 870,1150 874,1154 874,1159 874,1159 873,1159 872,1160 870,1160 864,1166 864,1167 864,1167 857,1167 856,1168 829,1168 828,1169 605,1169 604,1170 604,1174 604,1174 486,1174 485,1175 485,1176 485,1176"/><TextEquiv index="1"><Unicode>“il y en a un double chez le notaire.“</Unicode></TextEquiv></TextLine><TextLine id="r1_l023"><Coords points="361,1242 360,1242 360,1241 360,1240 336,1240 335,1239 326,1239 324,1238 324,1213 324,1212 198,1212 197,1211 98,1211 95,1209 95,1207 94,1206 95,1205 95,1188 96,1187 96,1179 98,1177 179,1177 179,1177 179,1176 180,1175 190,1175 190,1176 190,1178 191,1178 648,1178 648,1179 648,1185 649,1185 669,1185 670,1186 778,1186 779,1188 779,1189 780,1189 840,1189 841,1190 860,1190 860,1191 860,1192 861,1193 861,1199 862,1199 878,1199 879,1200 880,1200 880,1201 880,1205 877,1208 863,1208 862,1209 862,1212 861,1213 846,1213 844,1215 768,1215 767,1216 767,1220 764,1223 761,1223 760,1224 760,1225 759,1226 717,1226 716,1227 716,1232 716,1232 366,1232 365,1233 365,1240 364,1241 364,1242 364,1242"/><TextEquiv index="1"><Unicode>Et ſur le champ le brave homme y cou-</Unicode></TextEquiv></TextLine><TextLine id="r1_l024"><Coords points="94,1224 208,1224 208,1267 94,1267"/><TextEquiv index="1"><Unicode>ut.</Unicode></TextEquiv></TextLine><TextLine id="r1_l025"><Coords points="502,1315 501,1315 501,1306 501,1305 162,1305 160,1303 159,1303 158,1302 157,1302 155,1301 155,1285 155,1284 154,1284 153,1283 107,1283 105,1282 106,1281 148,1281 148,1281 148,1275 149,1274 149,1272 150,1271 151,1271 151,1271 151,1270 100,1270 99,1269 98,1269 97,1269 98,1268 98,1267 99,1266 103,1266 103,1267 103,1268 104,1268 581,1268 581,1268 581,1252 583,1250 870,1250 871,1249 873,1249 873,1250 873,1257 874,1257 880,1257 880,1258 880,1298 879,1299 879,1301 877,1303 876,1303 875,1304 873,1304 872,1305 507,1305 506,1306 506,1315 506,1315"/><TextEquiv index="1"><Unicode>Toute cette ſcene nous avoit conduitt</Unicode></TextEquiv></TextLine><TextLine id="r1_l026"><Coords points="850,1361 849,1360 843,1360 842,1359 841,1359 839,1358 839,1356 839,1355 467,1355 466,1356 466,1357 464,1359 463,1359 462,1360 251,1360 250,1359 164,1359 163,1358 162,1358 161,1357 101,1357 99,1356 99,1340 98,1339 98,1319 97,1318 99,1316 100,1316 101,1315 103,1315 104,1314 146,1314 147,1313 148,1313 149,1312 155,1312 156,1313 157,1313 159,1315 728,1315 729,1314 747,1314 749,1312 751,1312 754,1315 790,1315 791,1316 792,1316 792,1317 792,1321 793,1321 872,1321 872,1322 872,1323 873,1324 873,1336 874,1336 880,1336 881,1338 881,1343 880,1344 860,1344 859,1345 859,1355 858,1356 858,1357 856,1359 855,1359 853,1361"/><TextEquiv index="1"><Unicode>juſqu'au matin. Après aveir tardé long-</Unicode></TextEquiv></TextLine><TextLine id="r1_l027"><Coords points="706,1405 705,1405 704,1405 704,1394 704,1393 613,1393 612,1394 610,1394 609,1395 601,1395 600,1394 530,1394 524,1400 522,1400 521,1401 520,1400 511,1400 510,1399 509,1399 508,1399 508,1395 508,1394 263,1394 262,1395 230,1395 229,1396 229,1397 228,1398 228,1399 225,1402 184,1402 183,1403 160,1403 159,1403 159,1394 159,1393 108,1393 107,1392 106,1392 103,1390 103,1388 102,1387 102,1382 102,1381 101,1381 100,1380 99,1380 98,1380 98,1377 96,1375 99,1372 99,1371 100,1370 101,1370 102,1369 107,1369 108,1368 171,1368 172,1367 216,1367 216,1367 216,1364 218,1362 249,1362 251,1360 260,1360 261,1362 261,1367 262,1367 275,1367 275,1368 275,1371 276,1371 348,1371 349,1370 375,1370 376,1369 376,1364 379,1361 381,1361 382,1362 383,1362 383,1363 383,1370 384,1370 451,1370 451,1370 451,1369 452,1368 452,1367 453,1366 464,1366 465,1365 465,1364 466,1363 466,1362 467,1361 468,1361 469,1360 471,1360 472,1362 472,1364 473,1364 499,1364 499,1365 499,1369 500,1369 507,1369 507,1370 507,1371 508,1371 608,1371 608,1371 608,1370 609,1369 609,1368 610,1367 644,1367 645,1366 703,1366 704,1365 752,1365 753,1366 869,1366 870,1365 871,1365 872,1366 873,1366 873,1367 873,1372 874,1372 879,1372 881,1375 881,1378 880,1379 880,1380 878,1382 878,1393 877,1394 877,1395 877,1395 831,1395 830,1394 718,1394 717,1395 717,1403 716,1404 714,1404 713,1405 708,1405 707,1406"/><TextEquiv index="1"><Unicode>temps, le notaire vint, avec un procureur</Unicode></TextEquiv></TextLine><TextLine id="r1_l028"><Coords points="840,1451 839,1451 839,1449 839,1448 633,1448 631,1447 631,1442 631,1441 561,1441 560,1440 187,1440 186,1441 110,1441 109,1442 109,1448 109,1448 105,1448 104,1448 104,1435 101,1432 101,1431 99,1428 98,1428 97,1428 97,1413 98,1412 98,1410 99,1409 102,1409 103,1408 103,1406 105,1404 106,1404 108,1402 111,1402 112,1403 260,1403 261,1404 547,1404 548,1405 867,1405 868,1406 869,1406 869,1407 869,1409 870,1410 870,1411 871,1411 872,1411 873,1413 873,1418 875,1419 877,1419 877,1420 877,1421 879,1423 879,1435 880,1435 882,1435 882,1436 882,1437 881,1438 881,1439 879,1441 844,1441 843,1442 843,1449 841,1451"/><TextEquiv index="1"><Unicode>&amp; fix témoins. „Meſſieurs, dit-il, voilà</Unicode></TextEquiv></TextLine><TextLine id="r1_l029"><Coords points="823,1496 822,1495 819,1495 818,1495 818,1486 818,1485 429,1485 428,1486 297,1486 296,1487 296,1489 293,1492 292,1492 291,1493 289,1493 288,1494 287,1494 287,1493 287,1492 167,1492 166,1492 166,1486 166,1485 140,1485 139,1484 134,1484 133,1483 102,1483 101,1483 101,1482 100,1481 100,1465 100,1464 99,1464 98,1464 100,1462 100,1459 101,1458 105,1458 105,1458 105,1449 106,1448 125,1448 125,1448 125,1447 127,1445 130,1445 131,1446 132,1446 134,1449 134,1450 135,1450 539,1450 540,1451 767,1451 768,1453 768,1457 769,1457 873,1457 873,1458 873,1473 874,1473 880,1473 881,1475 881,1476 879,1478 879,1479 878,1480 860,1480 859,1481 859,1484 858,1485 858,1486 858,1486 831,1486 830,1487 830,1495 829,1496"/><TextEquiv index="1"><Unicode>“la lettre, dont vous devez avoir la pa-</Unicode></TextEquiv></TextLine><TextLine id="r1_l030"><Coords points="572,1536 571,1535 514,1535 513,1535 513,1531 513,1530 204,1530 203,1531 203,1532 203,1532 110,1532 109,1533 109,1535 109,1535 107,1535 106,1535 106,1530 105,1528 104,1528 102,1527 102,1511 100,1509 101,1508 101,1505 102,1504 102,1503 103,1502 112,1502 113,1501 165,1501 165,1501 165,1493 166,1492 180,1492 181,1493 195,1493 196,1494 289,1494 290,1495 394,1495 395,1496 707,1496 708,1495 713,1495 714,1496 715,1496 717,1499 717,1502 718,1502 859,1502 860,1503 870,1503 870,1504 870,1518 871,1518 880,1518 880,1519 880,1524 879,1525 861,1525 860,1526 860,1528 859,1529 858,1529 857,1530 832,1530 831,1531 830,1531 829,1532 578,1532 577,1533 577,1534 576,1535 576,1535 575,1535 574,1536"/><TextEquiv index="1"><Unicode>“reite“ Tout le monde les confronta en-</Unicode></TextEquiv></TextLine><TextLine id="r1_l031"><Coords points="756,1587 755,1587 755,1577 755,1576 699,1576 698,1575 547,1575 546,1576 540,1576 539,1575 445,1575 444,1576 443,1576 442,1575 313,1575 312,1576 309,1576 308,1577 307,1576 306,1576 305,1575 223,1575 222,1576 222,1584 222,1584 221,1584 219,1583 219,1576 219,1575 190,1575 189,1574 135,1574 134,1575 134,1582 134,1582 132,1582 131,1582 131,1574 131,1573 106,1573 105,1572 104,1572 103,1572 103,1555 104,1554 104,1539 105,1538 105,1536 106,1535 116,1535 117,1536 121,1536 122,1537 126,1537 127,1539 127,1541 128,1542 128,1543 129,1543 176,1543 177,1542 179,1542 180,1541 202,1541 203,1540 205,1540 206,1541 207,1541 207,1542 207,1553 208,1553 265,1553 266,1552 289,1552 289,1552 289,1547 292,1544 310,1544 310,1544 310,1543 311,1542 311,1541 313,1539 317,1539 317,1540 317,1542 319,1543 358,1543 360,1545 390,1545 390,1546 390,1553 391,1553 438,1553 438,1553 438,1546 441,1543 459,1543 461,1541 462,1541 463,1540 464,1540 465,1541 469,1541 470,1542 471,1542 473,1544 474,1544 475,1546 475,1551 476,1551 513,1551 515,1553 561,1553 561,1553 561,1552 562,1551 604,1551 604,1551 604,1545 606,1543 609,1543 611,1541 614,1541 614,1542 614,1545 615,1546 615,1547 616,1547 619,1547 620,1549 620,1553 621,1553 669,1553 669,1553 669,1550 671,1548 695,1548 696,1547 696,1545 697,1544 697,1543 698,1542 700,1542 702,1545 702,1546 704,1547 705,1547 706,1548 796,1548 797,1547 797,1546 798,1545 799,1545 800,1544 801,1544 802,1543 851,1543 853,1541 857,1541 858,1542 859,1542 860,1544 860,1545 861,1546 861,1547 862,1547 870,1547 870,1548 870,1558 872,1560 872,1568 873,1568 877,1568 878,1569 879,1569 880,1570 881,1570 881,1571 881,1574 880,1575 880,1576 880,1576 879,1576 878,1577 864,1577 863,1576 816,1576 815,1575 761,1575 760,1576 760,1587 760,1587"/><TextEquiv index="1"><Unicode>ſemble: c'étoit exactement la même choſe.</Unicode></TextEquiv></TextLine><TextLine id="r1_l032"><Coords points="673,1640 672,1639 669,1639 666,1637 666,1622 666,1621 662,1621 661,1622 660,1621 651,1621 635,1621 634,1622 622,1622 621,1621 606,1621 605,1620 584,1620 583,1621 583,1622 583,1622 580,1622 578,1621 578,1620 577,1619 577,1617 576,1616 576,1615 576,1614 558,1614 557,1615 557,1619 556,1620 548,1620 547,1621 544,1621 541,1619 541,1618 538,1615 538,1614 536,1611 519,1611 518,1612 518,1621 517,1622 517,1623 515,1625 515,1633 515,1633 513,1632 513,1627 513,1626 498,1626 497,1625 488,1625 487,1624 475,1624 474,1623 457,1623 456,1622 424,1622 423,1623 423,1624 422,1625 422,1626 420,1628 420,1629 419,1630 419,1631 418,1632 417,1632 414,1630 414,1626 413,1625 413,1623 413,1622 401,1622 400,1621 362,1621 361,1622 355,1622 354,1623 353,1623 352,1622 332,1622 331,1623 329,1623 328,1622 316,1622 315,1621 292,1621 291,1622 291,1632 290,1633 281,1633 280,1634 278,1634 276,1633 276,1632 275,1631 275,1630 274,1629 274,1622 274,1621 256,1621 255,1622 243,1622 242,1623 211,1623 210,1624 199,1624 198,1623 188,1623 187,1622 169,1622 167,1620 155,1620 154,1619 122,1619 120,1621 119,1621 118,1622 117,1621 106,1621 103,1619 103,1616 102,1615 102,1590 100,1588 100,1585 101,1584 110,1584 111,1585 118,1585 119,1586 120,1586 121,1587 130,1587 130,1587 130,1583 131,1582 133,1582 133,1583 133,1587 134,1587 140,1587 141,1588 154,1588 156,1590 175,1590 178,1587 179,1587 180,1586 181,1586 182,1585 186,1585 189,1582 190,1582 193,1585 195,1585 196,1586 198,1586 199,1588 199,1590 200,1591 200,1597 201,1597 220,1597 220,1597 220,1593 221,1592 221,1589 224,1586 227,1586 228,1588 228,1590 229,1591 229,1592 230,1592 237,1592 237,1593 237,1598 238,1598 265,1598 266,1599 311,1599 312,1598 315,1598 316,1597 322,1597 322,1597 322,1591 324,1589 326,1589 327,1588 347,1588 348,1587 349,1587 350,1586 354,1586 355,1587 365,1587 366,1589 366,1598 367,1598 382,1598 383,1599 404,1599 405,1598 410,1598 411,1597 411,1596 413,1594 415,1594 418,1591 418,1589 419,1588 420,1588 421,1587 422,1587 423,1588 425,1588 426,1590 426,1593 427,1594 427,1598 428,1598 471,1598 472,1597 478,1597 479,1598 491,1598 492,1599 495,1599 497,1601 518,1601 519,1603 519,1604 520,1604 539,1604 540,1603 540,1602 541,1601 542,1601 545,1598 547,1598 548,1597 552,1597 553,1596 562,1596 562,1596 562,1594 563,1593 565,1593 565,1593 565,1588 566,1587 587,1587 588,1586 597,1586 599,1589 599,1595 600,1595 622,1595 622,1595 622,1589 624,1587 647,1587 648,1586 650,1586 651,1587 652,1587 652,1588 652,1589 653,1590 653,1591 654,1592 654,1593 655,1594 655,1596 656,1597 656,1599 658,1600 679,1600 679,1600 679,1598 680,1597 680,1596 681,1595 681,1594 683,1592 683,1591 686,1588 688,1588 689,1587 695,1587 697,1590 697,1599 698,1599 729,1599 729,1599 729,1598 730,1597 730,1593 731,1592 732,1592 733,1593 752,1593 753,1592 753,1591 754,1590 754,1589 756,1587 760,1587 760,1588 760,1599 761,1599 785,1599 786,1598 819,1598 819,1598 819,1590 821,1588 825,1588 825,1589 825,1591 826,1592 826,1599 827,1599 863,1599 865,1597 865,1595 866,1594 866,1593 867,1592 869,1592 870,1594 870,1610 871,1610 878,1610 880,1613 880,1618 881,1619 881,1622 880,1623 880,1625 879,1626 879,1627 878,1628 877,1628 874,1631 872,1631 871,1630 870,1630 869,1630 869,1629 868,1628 868,1623 868,1622 807,1622 806,1623 798,1623 796,1625 795,1624 788,1624 787,1623 771,1623 770,1622 754,1622 753,1621 713,1621 712,1622 711,1622 710,1621 707,1621 706,1620 701,1620 700,1621 700,1637 699,1638 698,1638 696,1640"/><TextEquiv index="1"><Unicode>L'officier pubhic ajouta: „Voilà ſix témoins,</Unicode></TextEquiv></TextLine></TextRegion><TextRegion id="r2" type="page-number" orientation="-0.0"><Coords points="774,176 774,100 917,100 917,176"/><TextEquiv><Unicode/></TextEquiv><TextLine id="r2_l001"><Coords points="815,133 880,133 880,170 815,170"/><TextEquiv index="1"><Unicode>t</Unicode></TextEquiv></TextLine></TextRegion><TextRegion id="r3" type="footnote" orientation="-0.0"><Coords points="653,1686 653,1626 766,1626 766,1686"/><TextEquiv><Unicode/></TextEquiv><TextLine id="r3_l001"><Coords points="667,1634 743,1634 743,1686 667,1686"/><TextEquiv index="1"><Unicode>Na</Unicode></TextEquiv></TextLine></TextRegion><ImageRegion id="r4"><Coords points="665,115 665,117 663,118 663,123 662,125 639,125 637,127 636,127 634,128 592,128 590,127 555,127 553,128 552,128 550,130 515,130 514,129 514,126 513,126 511,123 511,122 507,122 506,121 462,121 462,125 461,126 417,126 415,127 415,130 413,133 412,133 412,141 411,142 411,144 410,146 409,144 409,136 407,135 407,122 406,121 371,121 370,122 370,126 369,127 368,127 367,126 367,121 347,121 346,120 339,120 338,119 295,119 294,120 292,120 292,130 293,130 294,132 294,139 305,139 307,140 307,149 304,151 303,151 302,152 302,163 303,163 304,164 347,164 348,163 349,163 351,162 351,152 352,151 354,151 355,152 355,162 362,162 363,163 447,163 448,162 494,162 495,161 509,161 511,162 511,163 512,164 512,168 549,168 550,166 550,165 551,164 551,163 552,162 590,162 592,161 593,162 593,163 594,164 628,164 629,163 639,163 640,162 650,162 651,163 687,163 688,162 688,161 689,159 689,148 688,148 687,147 681,147 680,146 680,136 681,135 698,135 701,133 701,117 699,115"/></ImageRegion></Page></PcGts>