1116 1854
804 86 876 132 a
669 1586 740 1630 N.
92 142 880 189 “reſtent.“ Je l'embraſſai tendrement. Tout
92 188 882 234 le monde me ſalua & me complimenta,
93 233 881 281 m'appellant M. le Marquis, d'une voix
94 276 871 326 nanime: mais M. le Marquis étoit nu
95 323 882 370 juſqu'à la ceinture. Baptiſte alla chercher
94 366 883 415 un habit de mon pere, qu'il me mit ſur
93 410 884 461 le corps, avec l'ajuſtement complet. Je me
95 458 885 507 trouvai donc habillé, un peu à l'ancienne
93 505 868 551 mode; mais ceux qui avoient connu mon
93 549 883 599 pere s'écrierent qu'ils croyoient le voir
94 594 277 639 reſſuſcité.
81 639 867 685 Alors je dis, d'un ton attendri: „O ma
96 683 886 730 “Julie, êtes-vous mariée? -- Oh! non,
95 728 886 776 “non, s'écria-t-elle, avec la plus grande
95 773 886 820 “vivacité, en ſe jetant dans mes bras.“
95 819 866 865 Mon rival, à ſon tour, dit: „Tout beau,
96 864 868 912 “s'il vous plaît, M. le Marquis; puiſque
96 909 890 955 “tout le monde veut que vous le ſoyez,
95 955 881 1002 “je ne m'oppoſe pas à votre petite fortune;
97 1000 872 1046 “mais pour cela vous ne devez pas m'en-
98 1042 890 1081 “lever ma femme. Premiérement il n'eſt
97 1088 872 1136 “pas encore prouvé, ou du moins déclaré
98 1134 881 1182 “par un arrêt juridique, que vous ſoyez le
99 1179 873 1226 “marquis d'Erbeuil: en ſecond lieu, ſi
101 1225 887 1271 “vous l'êtes, Julie eſt votre couſine, &
95 1269 889 1317 “vous ne pouvez l'épouſer ſans diſpenſe:
102 1314 875 1357 “en troiſieme lieu, il faut ſavoir ſi votre
100 1359 875 1407 “oncle, que vous dépouillez de tout,
100 1403 876 1451 “voudra vous l'accorder: en quatrieme
100 1449 874 1496 “lieu, vous êtes moine: & bien loin de
101 1495 892 1539 “pouvoir vous marier, vous êtes dans le
96 1537 892 1591 “cas d'être enfermé pour le reſte de votre
