1116 1854
222 114 1006 166 “mander en même temps les diſpenſes
220 161 991 211 “néceſſaires; ce ſera l'affaire d'un mois.
221 208 992 255 “Ayez ſoin cependant de vous tenir caché,
220 254 992 301 “pour éviter la vengeance de votre oncle,
222 299 992 346 “& de votre rival, qui ont une lettre de
216 344 995 389 “cachet contre vous; & plus encore celle
222 389 995 436 “des moines, qui pourroient mettre la griſſe
221 435 457 471 “ſur vous.“
266 479 995 527 Il me quitta pour aller travailler à mes
219 525 998 573 affaires. Au milieu de mes belles eſpérances,
218 571 998 617 je me trouvois cependant avec une lettre de
221 615 991 663 cachet ſur le corps, & des vœux qui m'ex-
219 661 995 709 poſoient au danger d'être replongé, par
219 707 1021 753 les moines, dans le plus horrible ſourer-
221 754 302 789 rain.
266 796 989 847 Avec de l'argent, je me vis bientôt équipé
218 843 989 889 d'une maniere qui me rendoit digne de me
220 887 990 936 préſenter devant Julie. J'allai la trouver;
220 934 987 981 je rencontrai à ſa porte mon rival qui en
218 979 989 1025 ſortoit, & qui paroiſſoit fort mécontent.
214 1022 990 1071 „Ah! M. le Marquis, me dit-il, comptez-
214 1071 986 1116 “vous toujours m'enlever mon bien? Ecou-
220 1113 991 1161 “tez, je ſuis généreux; je pourrois vous
219 1160 990 1209 “perdre: je n'aurois qu'à aller trouver vos
222 1205 991 1252 “moines, ou faire mettre à exécution la
221 1252 993 1297 “lettre de cachet que j'ai contre vous;
220 1295 989 1344 “mais, puiſque vous êtes noble, je veux
220 1341 991 1389 “procéder noblement avec vous Faites ce
224 1384 999 1433 “que vous pourrez pour réuſſir; obtenez la
221 1429 997 1480 “caſſation de vos vœux, la diſpenſe du
222 1475 998 1527 “pape, pour votre mariage, & l'arrêt du
222 1519 986 1581 “parlement qui établira votre ſort. Quand
224 64 291 108 a
