1116 1854
851 105 931 145 se
739 1596 821 1634 LN
128 145 924 196 “vous le ramener en bon état. Cela me
137 191 922 241 “donna l'idée de réparer cette perte, &
133 238 923 287 “de me défaire d'un des héritiers qui de-
138 282 930 331 “voient me voler la ſucceſſion de ma belle-
95 330 923 377 “ſœur. Elle avoit deux petits jumeaux par-
137 374 922 421 “faitement reſſemblants. J'en volai un &
138 419 922 467 “je le portai au nourricier de votre fils,
135 463 923 512 “en attendant que je trouvaſſe l'occaſion
132 510 923 557 “d'enlever l'autre. Le villageois recut l'en-
136 554 944 604 “fant avec tranſport, l'éleva, & vous le
139 600 958 649 “remit, en vous le donnant pour votre
138 646 958 693 “fils; vous le recûtes pour tel. Ainſi de
138 690 920 738 “deux jumeaux, je placai l'un ſur les ro-
140 735 920 784 “ſes, l'autre ſur le fumier. Ils ont pouſſé
138 781 920 830 “tous deux, & leur extrême reſſemblance
140 825 920 871 “a fait naître des quiproque & des évé-
141 871 920 920 “nements ſinguliers. Au reſte la nourrice &
140 917 921 964 “le nourricier vivent encore; ils peuvent
140 961 818 1006 “vous certifier tout ce que j'ai dit.“
143 1006 923 1055 Cette confeſſion ſurprit beaucoup l'aſſem-
124 1052 919 1101 blée. Les uns s'écrioient: „Voilà qui eſt
97 1098 919 1145 “bien extmordinaire! les autres, voilà
143 1142 916 1189 “un homme bien déteſtablel“ Et cepen-
143 1185 918 1230 dant les deux freres s'embraſſoient de tout
126 1234 415 1279 leur cœur.
147 1274 937 1325 On n'avoit jamais tent admiré notre reſ-
144 1322 916 1370 ſemblance, que depuis qu'elle étoit deve-
144 1368 917 1415 nue ſi naturelle. En effet elle étoit parti-
146 1413 914 1461 euliere, mais non pas ſans enemple. J'en
142 1458 915 1506 ai vu ſouvent une auſſi frappante entre
145 1503 916 1552 jumeaux comme nous. Tout le monde étoit
142 1548 917 1599 ſurpris de n'avoir pas deviné une choſe ſi
146 1594 267 1640 ſimple.
