1116 1854
199 89 305 137 Le
175 137 1033 190 On fit venir la nourrice & le nourricier,
176 187 1033 235 qui demeuroient à Paris. On leur promit
176 232 1033 279 de ne leur rien faire, pourvu qu'ils recon-
176 274 1033 325 nuſſent la ſubſtitution qui avoit été faite
176 322 1033 370 entre leurs mains, d'un enfant à la place
176 367 1033 415 de l'autre. Ils ſe jeterent à genoux aux
176 413 1033 461 pieds du comte de Bonac, pere putatif de
176 459 1033 505 mon rival, & le conjurerent de leur par-
176 503 1033 551 donner leur faute, en l'avouant d'une ma-
176 545 1033 596 niere claire & détaillée, avec des circonſ-
176 591 1034 656 tances qui ne permettoient pas de révoquer
177 640 613 685 en doute leur fincérité.
177 669 1034 733 Tout-à-coup le comte de Bonac s'écria:
177 728 1034 776 Cependant je ne veux pas perdre mon
177 774 1034 822 “enfant Puiſqu'il n'eſt pas mon fils, je
177 819 1034 868 “l'adopte pour tel, il aura tout mon bien.“
177 862 1034 914 A ces mots d'Orville embraſſa ſon pere
177 904 1034 958 avee tendreſſe, enſuite il ſe jeta dans mes
177 954 1034 1005 bras. „Hé bien moi, dit-il, mon frere,
177 999 1034 1048 “je te laiſſe ma part de ton bien; je ſuis
177 1044 1034 1094 “aſſez riche. Il n'y a que Julie que je veux
177 1089 1035 1156 “te diſputer; mais encore un coup, je
178 1131 804 1186 “m'en rapporte à ſa déciſion.“
178 1167 1035 1229 Julle, pour toute réponſe, me regarda
178 1223 1035 1275 tendrement. Je lui dis à l'oreille: „Je
178 1269 1035 1320 “vous demande un rendez - vous pour de-
178 1314 1035 1380 “main matin.“ Elle me l'accorda, & je
178 1361 469 1411 “m'y rendis.“
178 1390 1035 1453 Je la trouvai fort inquiete; je paroiſſois
178 1449 1035 1500 héſiter à l'épouſer, & cherchai des éclair-
178 1496 1035 1545 ciſſements. Je lui pris la main, que je
178 1540 1036 1609 ſerrai contre mes levres, & je lui dis en-
