1116 1854
207 85 282 132 et
206 138 988 187 “encore revenir; mais je refuſai de rien
208 184 987 233 “prendre, en diſant que je voulois me laiſ-
207 229 985 276 “ſer mourir de faim. On vit que je ſerois
209 274 987 323 “fille à tenir parole, & l'on m'aſſura que
209 319 987 365 “vous n'étiez pas dans votre priſon; mais
208 365 986 412 “qu'on vous avoit fait partir pour les iſſes
209 410 985 465 “aveo une pacotille de dix mille francs.
211 456 986 502 “On me le ura, je le crus, & je conſentis
209 500 984 548 “à prendre un bouillon. A les entendre,
205 545 1000 592 “vous étiez fi gai d'avoir une pacotille,
210 589 984 637 que vous aviez bien fait voir combien
209 637 982 682 “peu vous m'aimiez. Je n'en crus pas un
208 679 984 728 mot, & je me rétablis; car la rage dont
210 722 983 774 “je m'étois crue attaquée n'étoit qu'une
211 770 984 818 “chimere. La perſécution m'attendoit au
210 815 983 854 “ſortir de la maladie. Je fus tourmentée
210 860 984 908 nersellement pour épouſer votre frere; je
209 907 983 952 “ne pus m'y réſoudre. On me donna un
208 950 982 1000 “mois pour m'y déterminer. On me pro-
210 995 983 1044 “mettoit de faire caſſer mes vœux, ſi je
211 1041 983 1090 “conſentois à me laiſſer mener à l'égliſe
210 1086 981 1133 “pour y contracter un lien qui m'étoit
210 1131 981 1178 “auſſi odieux que celui du couvent Si je
209 1176 981 1224 “refuſois, on devoit merendre à mes cruel-
210 1221 981 1269 “les religieuſes, pour qu'elles me replon-
210 1266 950 1321 “geaſſent dans ma priſon ſouterraine.
222 1312 981 1355 “L'alternative étoit cruelle; les vexa-
210 1354 979 1403 “tions étoient affreuſes. On me forca de
210 1402 976 1448 “quitter la maiſon de mon pere, pour me
208 1445 745 1487 “conferver à mon aman.
215 1486 977 1538 “Dans mon embarras. mortel, je penſai
205 1535 981 1599 “à mademoiſelle de Mirville. Le ciel me
