4266 7890
1037 834 4279 1044 arrêté. Ils n'ont pas manqué, en effet, de
1037 1033 4278 1227 nous rejoindre malgré nous. Ils ont voulu
1037 1221 4278 1448 monter à bord; mais le Capitaine s'eſt
1025 1412 4277 1643 préſenté. „Meſſieurs, leur a - t - il dit,
1033 1610 4277 1804 “je ſuis Anglois; mon vaiſſeau eſt An-
1025 1803 4277 2018 “glois. Sur mon bord, nous ſommes en
1017 1993 4276 2188 “Angleterre. Nous voilà hors de l'em-
1013 2182 4276 2404 “pire de la France, ſur la mer, dont
1009 2382 4275 2580 “nous prétendons être rois, nous au-
1010 2576 4275 2767 “tres, mais qui, au moins, eſt com-
1006 2767 4275 2981 “mune aux deux Nations. Nous ſommes
998 2965 4274 3159 “parvenus déjà plus proche de l'Angle-
998 3153 4274 3365 “terre que de la France. Nous reſpirons
1002 3349 4273 3542 “l'air libre de la Grande - Bretagne.
998 3535 4273 3739 “Ainſi, Meſſieurs, vous n'avez pas droit
990 3731 4272 3932 “d'arrêter perſonne chez moi.“ Ils ont
994 3921 4272 4119 dit qu'ils ne prétendoient pas exiger rien
982 4114 4272 4332 par force, qu'ils prioient ſeulement qu'on
955 4301 4271 4513 voulût bien leur remettre un jeune homme,
971 4494 4271 4714 qui vient de ſe battre en duel. „Je m'en
967 4686 4268 4889 “garderai bien, répondit le Capitaine.
955 4869 4270 5083 “J'apprends qu'il s'eſt battu en brave
948 5071 4270 5275 “homme. Je ſuis joyeux & glorieux de
951 5264 4269 5466 “lui préſenter un azile, & de le con-
940 5422 4269 5663 “duire chez une brave Nation, où il
936 5651 4268 5847 “ſera bien accueilli. Tenez, le voilà,
924 5837 4268 6036 “continua-t-il, en me montrant, il ne
913 6034 3495 6233 “vous craint pas ſur mon bord.“
1122 6225 4107 6445 „Meſſieurs, dis-je aux Archers, je ne
