4266 7818
393 997 3348 1200 “puis être fâché de ne pas tomber entre
377 1192 3348 1383 “vos mains. Je ne ſuis point coupable,
393 1379 3363 1578 “puiſque mon adverſaire m'a forcé à
385 1574 3360 1772 “un combat qui me répugnoit beau-
396 1765 3375 1961 “coup; mais pourriez-vous m'apprendre
400 1953 3379 2145 “s'il reſpire encore? Je ſerois bien
221 2136 3387 2333 “affligé, ſi j'avois à me reprocher ſa
186 2323 3394 2527 “mort; & je reſpirerai, en partant, ſi
186 2521 3402 2715 “j'apprends qu'il vive, & qu'il y ait de
194 2714 3398 2906 “l'eſpérance.“ -„Nous le croyons encore
-10 2878 3409 3107 “vivant, me répondit le chef de la bri-
247 3088 3421 3291 “gade; mais, pour de l'eſpérance, il
431 3283 3417 3474 “ne paroît pas qu'il y en ait.“ Je les
244 3470 3428 3667 remerciai, en ſoupirant, & ils reprirent
435 3661 3417 3858 le chemin de la France, & nous conti-
435 3852 2870 4048 nuâmes celui de l'Angleterre.“
630 4040 3429 4238 Je rendis grace, de tout mon cœur, au
442 4231 3425 4427 généreux Capitaine. „J'aime les braves
454 4422 3425 4612 “gens, dit - il, je n'ai fait que mon
450 4612 3432 4805 “devoir. Racontez-nous un peu, avec
458 4801 3436 4994 “plus de détail, votre combat, dont on
461 4994 3669 5186 “m'a déjà donné bonne idée.“ Je l'ai
465 5186 3447 5382 raconté avec ſimplicité, avec l'air vrai-
469 5374 3451 5562 ment mortifié que j'ai dans le cœur. Le
481 5558 3455 5742 Capitaine m'a embraſſé. „Vous êtes un
484 5745 3459 5949 “brave jeune-homme, m'a-t-il dit, un
335 5936 3459 6139 “bon cœur. Vous regrettez celui qui vous
500 6124 3455 6331 “a forcé de l'immoler. Cela eſt honnête;
503 6317 3474 6523 “j'en ferois autant, mais tout le monde
2679 6524 2952 6713 Ai
