4266 8516
610 1193 3260 1407 Céſar de Perlencour, à Dumoulin.
-43 1621 3562 1958 Ah! mon ami, que je ſuis malheureux!
-42 1944 3575 2181 Les ſpectres me pourſuivent, & les re-
-41 2164 3571 2383 mords me perſécutent. Je me ſuis couché
-39 2353 3558 2588 ſur un lit de fer, où j'ai long-temps vaine-
-38 2581 3545 2804 ment appellé le ſommeil. Le ſouvenir de
-37 2794 3550 3013 mes crimes l'écartoit de moi. Je voyois
-35 3001 3550 3227 ma ſœur abreuvée, par ma faute, d'un
-34 3217 3554 3462 poiſon mortel, m'appeller auprès de ſon
-32 3432 3545 3647 tombeau, pour me reprocher ſa mort &
-31 3642 3554 3851 celle de ſon amant. Je voyois cet infor-
-30 3851 3537 4065 tuné tombant ſous mes coups. Je voyois
-28 4054 3537 4276 ſon ſang couler ſous mon glaive impie,
-27 4270 3541 4487 tandis que, pâle, défiguré, il me pardon-
-26 4483 3545 4696 noit ſa mort, qui étoit mon crime. Je
-24 4693 3537 4911 voyois toutes les innocentes Beautés, qui
-23 4902 3545 5115 avoient eu le malheur de me connoître,
-21 5111 3533 5355 plongées dans l'infâmie & le déshon-
-20 5323 3529 5536 neur, & réſervées au ſort le plus fu-
-19 5536 3524 5750 neſte, tandis que ma mere, qui m'avoit
-17 5721 3520 5961 ſacrifié tout ce qu'elle auroit dû avoir
-16 5955 3520 6172 de plus cher, étoit punie, par moi, par
-15 6132 3516 6372 l'idole ingrate qu'elle s'étoit elle - même
-13 6345 3508 6591 forgée. Toutes ces idées cruelles, qui
-12 6581 3499 6814 avoient une ſorte de fondement dans la
2518 6797 2872 7012 A ii
