4266 7875
2308 423 2689 600 L
955 641 3945 848 vérité, m'ont affecté cruellement, m'ont
962 840 3949 1032 exalté l'imagination, & ont sûrement en-
954 1024 3949 1257 fanté le ſonge affreux, dont je crois
958 1221 2949 1431 devoir te rendre compte.
1144 1415 3957 1624 Le ſommeil le plus pénible avoit en-
730 1608 3956 1817 chaîné mes ſens, & ſon peſant repos lut-
954 1798 3960 2011 toit, en vain, contre mon trouble &
950 2003 3960 2208 mon agitation. J'ai cru voir l'Ange ex-
954 2192 3968 2401 terminateur deſcendre du Ciel, avec ſon
958 2379 3968 2591 épée flamboyante. Il a chaſſé, du paradis
950 2580 3972 2786 terreſtre, Adam & Eve, qui reſſembloient
954 2784 3980 2982 aux auteurs de mes jours. Ma mère a
947 2958 3976 3161 mis au monde un enfant du ſexe in-
939 3144 3972 3369 fortuné, qu'elle a rejetté d'abord de
951 3349 3980 3562 ſon ſein. Elle en a bientôt enfanté un
954 3558 3980 3761 ſecond, dont elle a fait ſon idole & ſon
951 3755 3981 3953 Dieu, dédaignant, pour lui, la Nature
962 3948 3984 4148 entiere, & l'adorant preſqu'à genoux.
966 4142 3991 4347 L'enfant, d'abord paré des graces de ſon
978 4331 3995 4531 âge, eſt devenu, en grandiſſant, un
904 4529 3999 4920 ſo ſeiont ni aut i a dalbatd
989 4908 4003 5109 égorgé ſon innocente ſœur, avec le bien-
993 5105 4003 5306 aimé qui lui avoit ſouri. Il tenoit, d'une
997 5298 4007 5500 main, un poignard, de l'autre un maſque
1001 5492 4007 5685 riant, dont il déguiſoit ſes traits. Il ſé-
1005 5681 4011 5884 duiſoit de jeunes innocentes, & enſuite
1020 5875 4030 6081 les faiſoit mourir, en les infectant de
1020 6072 4026 6277 ſon haleine empoiſonnée. Celle qui a
