4266 8026
1749 490 2423 709 L.
332 700 3446 1131 ſelu e ſa lase, eeps éenln l
336 1104 3450 1332 mort. Il l'a étranglée, ſans pitié, & l'a
340 1305 3446 1527 dévorée. Hélas! toutes-ces innocentes vic-
344 1504 3450 1727 times reſſembloient à mes amantes in-
340 1690 3446 1898 fortunées. Enfin, le monſtre a dit à ſa
351 1897 3442 2111 mere: „malheureuſe, tu as tout ſacrifié
340 2096 3442 2302 “au fruit de tes entrailles; tu mérites
328 2293 3434 2706 e aui pug on poivmad
336 2693 3438 2863 dans le ſein d'où il étoit ſorti. Alors,
336 2887 3434 3102 mille foudres ſont tombées ſur lui. Il a
340 3085 3434 3305 été précipité dans des gouffres de feux;
344 3287 3434 3493 il y pouſſoit des hurlemens affreux, qui
332 3477 3439 3695 retentiſſoient dans mon ame, & qui
332 3691 3422 3899 m'ont éveillé, friſſonnant d'horreur, &
348 3885 2115 4091 glacé d'un froid mortel.
533 4083 3414 4290 Voilà, mon cher ami, le ſonge funeſte
324 4284 3438 4472 qu'ont enfanté mes remords. Tu dois
320 4479 3438 4682 ſentir que je ſuis trop éclairé pour croire
328 4674 3434 4880 aux ſonges. Celui - ci eſt d'ailleurs trop
324 4876 3430 5083 outré, eſt trop viſiblement la production
327 5069 3430 5276 d'une imagination malade, pour que je
324 5272 3430 5474 craigne les malheurs affreux qu'il ſemble
324 5482 3426 5680 me pronoſtiquer; mais tu m'avoueras
328 5667 3426 5870 qu'une pareille viſion doit toujours laiſſer
328 5857 3422 6068 du noir dans l'ame, parce qu'en paroiſ-
3 6051 3410 6278 ſant me prédire des crimes futurs, elle me
2589 6273 2912 6424 Aiv
