4266 7975
2054 518 2761 746 s
914 738 3983 954 rappelle mes crimes paſſés, qui ſont trop
950 934 3995 1140 réels, &, qu'en ce cas, le paſſé ſemble
954 1134 4183 1335 être le garant de l'avenir. Hélas! avec
954 1335 3999 1537 toutes les illuſions dont mon amour propre
954 1526 4003 1733 m'a bercé, les choſes ont bien mal tourné
954 1724 4006 1932 pour moi. Me ſerois - je attendu, il y a
961 1920 4014 2116 deux ans, quand je partis de Lyon, quand
969 2113 4010 2305 l'avenir m'offroit une ſi brillante perſ-
965 2313 4014 2514 pective, qu'au bout de deux ans, loin
973 2505 4018 2709 d'être avancé d'un dégré, je ſerois ſi
973 2702 4022 2904 horriblement reculé? Je n'ai pas eu l'ombre
969 2898 4030 3093 d'un ſuccès, dans les nombreuſes tenta-
973 3093 4034 3292 tives que j'ai faites de tous les côtés. Meur-
985 3287 4030 3495 trier de ma ſœur, meurtrier de ſon amant,
981 3488 4034 3685 ſéducteur de plufieurs innocentes créa-
989 3680 4038 3887 tures, fugitif, expatrié, &, pour comble
993 3877 4030 4084 d'ignominie, dupe de la plus vile canaille;
993 4073 4038 4278 voilà ce que je ſuis, voilà le rang que
989 4269 4042 4471 je tiens au temple de la gloire, tandis
997 4462 4043 4663 que je m'en promettois un autre ſi diſ-
985 4666 1493 4861 tingué.
1197 4855 4054 5056 Il ne faut pas pourtant que je me dé-
1001 5051 4050 5252 ſeſpère, mon ami. Tout le monde con-
997 5248 4050 5444 vient que je ſuis très-jeune, & que c'eſt
997 5440 4050 5645 une grande reſſource. Il faut d'abord me
1001 5629 4050 5837 rouvrir les portes de la France. Les yeux
1009 5837 4054 6039 à préſent ouverts ſur les malheureux qui
1013 6034 4054 6234 m'ont trompé, ſur les piéges qu'ils m'ont
