4266 7915
488 531 3500 746 tendu, ſur la fauſſeté des démarches que
485 733 3493 937 j'ai faites juſqu'à préſent, je vais changer
162 925 3493 1127 entièrement de conduite, travailler ſur
158 1122 3489 1324 un nouveau plan, & redevenir un homme.
1258 1862 2709 2034 Le même, au même.
2634 2224 3175 2353 Londres.
142 2645 3500 2848 aLſemble que l'engeance des coquins
134 2851 3492 3042 s'acharne à me pourſuivre. J'en trouve à
489 3042 3493 3236 Londres autant qu'à Paris. Tous veulent
492 3236 3496 3429 s'emparer de moi, & prendre poſſeſſion
489 3426 3504 3617 de ma perſonne. Ceux d'ici ſont plus mé-
154 3617 3500 3818 chants de ſang - froid, plus réfléchis &
154 3811 3496 4007 plus profonds que les nôtres; mais je
489 4005 3504 4204 connois & je ſens les fripons, d'une
489 4200 3508 4400 lieue, & je ne m'en laiſſe pas aborder.
366 4390 3513 4589 Je vais être expoſé, ce me ſemble, à
364 4577 3512 4780 d'autres perſécutions plus douces. Il y a,
492 4775 3512 4976 chez les Anglois, de très-belles femmes,
154 4973 3516 5167 & pluſieurs ne ſe gênent pas pour témoi-
158 5167 3516 5362 gner, aux hommes, qu'elles ſont bien
492 5354 3512 5556 diſpoſées en leur faveur. Je ne parle pas
489 5544 3516 5743 des femmes publiques. (Pour ces der-
496 5738 3508 5921 nieres, la liberté nationale leur donne
496 5917 3497 6141 la faculté de pulluler ſans gêne. Je ſuis
2482 6135 2740 6284 Av
