4266 7932
872 552 3928 771 en butte à leurs attaques, comme tout le
876 763 4141 966 monde. Elles ſont par-tout de ce qu'on
876 951 4242 1165 appelle vulgairement la ſéquele des fri-
888 1153 3891 1360 pons; à ce titre je les fuis de toute mon
883 1340 3895 1555 ame.) Je parle ici des femmes honnêtes
588 1543 3934 1743 qui ſont ſenſibles. Leur liberté a une
896 1731 3899 1937 marche toute oppoſée à ce qu'on voit chez
896 1922 3903 2138 nous. En France, les femmes mariées ſont
900 2120 4272 2308 très-libres, &, ſi elles ont quelques in-
904 2312 4270 2519 clinations, elles peuvent les ſatisfaire; les
908 2496 4281 2716 Demoiſelles, au contraire, ſont gênées
911 2697 4281 2889 & réſervées. Ici c'eſt tout l'oppoſé.
908 2897 3934 3100 Les jeunes perſonnes ſe donnent carrière,
3899 3003 4284 3154 L
912 3092 4280 3299 & témoignent franchement, aux hommes
915 3279 4275 3486 qu'elles diſtinguent, ce qu'elles ſentent
919 3482 4280 3688 pour eux; les femmes mariées, au con-
923 3666 4284 3883 traire, ſont réſervées. Leurs caravanes
919 3860 4273 4066 ſont finies. Elles s'en tiennent à leur mari,
931 4058 4286 4271 & ſe renferment dans leur ménage. Je ne
923 4265 4292 4463 ſuis pas mécontent de cet arrangement.
927 4452 4293 4648 J'aime beaucoup les jeunes & jolies per-
923 4621 4287 4839 ſonnes qui n'ont aucun engagement, &
927 4826 4296 5034 il y a déjà quelqu'apparence que le ſexe
935 4996 4297 5225 de Londres ne me traitera pas plus mal
935 5220 4298 5428 que celui de Paris. Ces diſtractions ne
935 5410 4300 5624 m'empêcheront pas de m'appliquer à des
943 5619 4301 5820 objets plus ſérieux. Je vais étudier ce Gou-
951 5801 4287 6009 vernement républicain, qui mérite les
951 5989 4304 6212 regards de tout honnête homme, & que
