4266 8026
1660 318 2163 503 ià
376 541 3461 753 je ſuis tenté d'envier aux Anglois. Je vais
395 746 3465 949 tâcher de tranſporter, au nôtre, tout
391 937 3477 1149 ce qui pourra s'y adapter, & je vais réfor-
395 1133 3481 1342 mer, en conſéquence, mes plans poli-
407 1330 3485 1542 tiques; enfin, je vais rendre mon ſéjour,
399 1530 3493 1731 en Angleterre, auſſi utile, à la France,
403 1726 3489 1929 que je le pourrai; car j'aime toujours beau-
399 1918 3481 2121 coup ce bon peuple Gaulois, qui fut cher
403 2116 2076 2315 au généreux Henri I.
765 2842 3156 3030 Céſar de Perlencour, à Levrette.
467 3289 3540 3548 A chère petite Levrette, tu ſais la
415 3543 3497 3744 raiſon qui m'a mis dans le cas de paſſer
415 3740 3501 3937 en Angleterre. Je voudrois bien n'être
415 3932 3500 4132 pas obligé d'y reſter long-temps, & je ne
419 4124 3508 4326 vois que toi qui puiſſe me procurer les
419 4321 3504 4520 moyens d'en ſortir, pour retourner en
411 4517 3512 4722 France. Tu as du crédit auprès de pluſieurs
58 4709 3516 4913 honnêtes gens, qui t'eſtiment autant qu'ils
431 4909 3712 5094 t'aiment; tâche de t'en ſervir en ma fa-
419 5109 3512 5303 veur. Je n'ai rien à me reprocher. Je ne
423 5298 3524 5498 ſuis pas coupable. Il étoit impoſſible à un
427 5490 3532 5667 homme d'honneur, de ſe conduire au-
428 5695 1778 5876 trement que moi.
636 5880 3541 6068 Mande moi ce qu'on dit de notre com-
436 6068 3525 6273 bat, ce qu'eſt devenu mon adverſaire. Je
2795 6288 3129 6481 A vi
