4266 8155
2044 288 2547 481 nu
754 525 3900 736 ſerois bien cruellement affligé, s'il avoit
758 730 3892 939 reçu de moi le coup mortel. Il m'y a forcé;
658 925 2924 1172 j'en prends le Ciel à témoin.
943 1132 3892 1342 Je ſuis bien inquiet auſſi ſur deux
754 1333 3892 1737 aaie,se q nejsli i iiee duns ramniaarae
754 1734 3892 1940 ou du moins qui y ſont par l'aſcendant
758 1935 3900 2137 de ma malheureuſe étoile. L'une eſt Ma-
762 2136 3888 2341 demoiſelle de Lyſange, que je devois
762 2337 3892 2542 épouſer, & dont tu m'as beaucoup en-
650 2538 3892 2747 tendu parler; l'autre eſt Mademoiſelle
762 2735 3892 2940 Aurore Belle-en-Deuil, jeune vierge qui
762 2936 3912 3137 commence d'éclorre ſous les yeux de ſes
762 3133 3893 3543 inuipne léaſponde ee uuaancee de
758 3533 3892 3751 ces deux Beautés, qui ſont logées, ſans
762 3731 3892 3937 le ſavoir, chez elle. Je crains que la ſcé-
758 3932 3892 4149 lérate n'abuſe de cet avantage, pour
758 4129 3892 4347 les ſacrifier à tous les libertins dont elle
742 4334 3901 4531 eſt la pourvoyeuſe, & n'immole, à tout
762 4531 3892 4751 ce qu'il y a de plus vil ſur la terre, deux
762 4724 3884 4929 victimes dignes d'une Divinité. Tâche de
754 4928 3896 5151 les voir, & de leur procurer les moyens
758 5125 3888 5344 de fuir cet odieux repaire. Mande-moi,
762 5330 3888 5541 ſur-tout, de tes nouvelles, ma petite Le-
762 5523 3888 5749 vrette; je t'ai laiſſée dans un état qui m'a
766 5728 3888 5941 beaucoup inquiété. J'ai vu quelqu'un qui
774 5933 3896 6133 m'a dit que tu t'en étois tirée fort heu-
771 6128 3898 6347 reuſement, ce qui m'a fait reſpirer; mais
