4266 7850
386 620 3337 817 “d'argent, voilà ma bourſe.“ Elle me
383 816 3363 1010 préſenta, en effet, une bourſe, qui pa-
383 998 3387 1202 roiſſoit aſſez pleine. „Ma belle enfant,
10 1192 3333 1388 “lui dis-je, ſi ce n'eſt pas un jeu de ta
383 1388 3399 1577 “part, je te remercie de tout mon cœur.
386 1576 3379 1768 “Heureuſement je n'en ai pas beſoin, &
36 1764 3383 1956 “je ne ſerois pas fait pour abuſer de ta
387 1952 3380 2141 “généroſité.“ -- „Voilà un bel abus, re-
37 2140 3341 2324 “prit-elle! entrons dans cette taverne,
387 2329 3373 2517 “pour faire connoiſſance. Tu trouveras
384 2521 3388 2709 “une bonne fille, qui n'en veut point
390 2712 3403 2901 “à ta bourſe, & que tu ne ſeras pas
72 2896 2109 3049 “fâché de connoître.“
637 3085 3411 3279 Nous entrâmes dans la taverne. La
394 3278 3395 3468 Nymphe commanda qu'on apportât une
398 3464 3410 3644 bouteille de vin, en me demandant ſi je
409 3655 3399 3849 voulois du rouge ou du blanc. Je me dé-
425 3847 3406 4040 cidai pour le blanc. „Tu me paroîs, dit-
390 4035 3406 4232 “elle, un nouveau débarqué, tout pétri
406 4227 3402 4415 “des petites graces de France; mais un
399 4416 3419 4608 “peu neuf & même gauche, relative-
398 4607 3410 4804 “ment à nous & à nos manières. Tu
417 4797 3406 4990 “arrives; raconte-moi qui tu es, ce qui
426 4991 3415 5176 “t'amène; je verrai s'il y a moyen de
137 5175 2912 5372 “faire quelque choſe pour toi.“
632 5367 3425 5561 On ne doit pas grande confiance à
413 5555 3433 5751 de pareilles Déeſſes; cependant, comme
409 5749 3445 5943 je ne voyois aucun inconvénient à lui dire
125 5935 3445 6131 qui j'étois, & ce qui m'amenoit, je lui ra-
