4266 8084
1687 542 2384 775 .
330 758 3471 979 “il n'eſt pas beſoin d'avoir tant de mé-
416 956 3471 1172 “rite pour le métier que tu fais.“ Il
408 1160 3471 1366 fallut enfin ſe quitter. „Mon bon ami,
117 1349 3475 1562 “dit Camargo, c'eſt le nom qu'elle ſe
420 1547 3471 1751 “donna, je ne te demande point ton
412 1743 3475 1945 “adreſſe; je ne te conſeillerois pas de
412 1943 3467 2142 “la donner comme cela, ſans réflexion,
408 2132 3471 2317 “à une femme de mon état, qui te la
408 2329 3471 2523 “demanderoit. Si tu veux me revoir, tu
416 2518 3475 2723 “pourras me rencontrer, d'ici à quel-
404 2723 3471 2924 “que temps, les ſoirs, au même en-
401 2919 3471 3113 “droit qu'aujourd'hui. Je t'y invite, tu
89 3112 3467 3316 “me feras plaiſir; car tu me plais ſin-
74 3309 3463 3508 “gulièrement. Je pourrai d'ailleurs te
404 3501 3463 3704 “faire connoître le pays que tu examines.
400 3699 3463 3904 “Adieu, mon ami, au plaiſir de te re-
400 3898 1093 4038 “voir!“
593 4096 3793 4302 Je voulus payer; elle fit un ſigne, &
400 4281 3790 4486 l'on me dit: „Cela eſt payé.“ Je quittai
396 4482 3455 4693 Camargo, ſingulièrement content d'elle,
396 4687 3447 4889 un peu honteux pourtant d'avoir été régalé
396 4876 3451 5080 par une femme de cette eſpece. Le beſoin
81 5072 3447 5274 de compagnie, dans un pays où j'étois ſans
400 5268 3439 5447 connoiſſances, me la fit chercher encore,
400 5462 3447 5655 quelques jours après, le ſoir, dans le même
396 5651 3439 5861 endroit. Je ne la vis pas; mais je fus
392 5848 3447 6045 abordé par un jeune Militaire, d'une fort
400 6041 3447 6250 jolie figure. „Tu cherches Camargo, me
396 6241 3451 6446 “dit-il; viens avec moi.“ Je regardai
