4266 7955
882 667 3910 873 elle redevient, tout-à-coup, une femme,
886 870 3914 1058 aux yeux de ſon amant. Je dis ſon amant;
878 1058 4051 1265 car j'en joue un peu le rôle. Elle m'offre
886 1257 3910 1457 toujours de l'argent, que je refuſe toujours.
866 1452 3918 1652 Elle me charge quelquefois de ſommes
878 1648 3926 1844 aſſez conſidérables, que je vais porter ou
870 1843 3922 2040 recevoir chez de fameux Banquiers ou de
878 2038 3926 2232 riches Négocians. Elle me donne des com-
878 2226 3926 2422 miſſions, qui annoncent qu'elle eſt liée avec
882 2421 3926 2620 les premiers perſonnages de l'Etat. Elle
882 2609 3922 2808 m'a recommandé aux Miniſtres, qui me
890 2808 3926 3008 traitent avec beaucoup de conſidération.
886 3000 3926 3203 Ils écriroient même pour moi, en France,
898 3191 3930 3399 ſi la rupture ne venoit pas d'éclater entre
886 3386 3930 3591 les deux Nations. Qu'eſt-ce donc que cette
898 3578 3934 3793 fille, qui m'a paru d'abord une miſérable
894 3791 3938 3987 racrocheuſe, & qui me paroît, à préſent,
898 3984 3938 4180 chargée d'affaires de la plus grande impor-
899 4181 3935 4368 tance, & qui eſt en liaiſon avec ce qu'il
901 4371 3942 4566 y a de plus grand dans l'Etat? Que veulent
917 4555 3941 4751 dire ſes déguiſemens continuels, & ſa
917 4750 3949 4934 conduite myſtérieuſe? Je lui demande ſou-
917 4945 3938 5142 vent l'explication de toutes ces obſcurités;
921 5133 3945 5334 elle eſquive la difficulté & me donne des
921 5332 1511 5477 défaites.
1116 5532 3941 5731 Enfin, un peu perſécutée par mes
925 5724 3949 5914 queſtions, elle me dit: „mon bon
929 5922 3945 6122 “ami, tu ne comprends rien à ta nouvelle
933 6118 3941 6317 “amie; tu ne la connoîtras pas encore
