4266 7975
1634 719 2114 900 al..
11 942 3405 1147 “d'ici à quelque temps; mais je puis
364 1146 3402 1346 “te dire, au moins, que tu dois être
11 1339 3409 1543 “tranquille ſur preſque tous les objets
11 1531 3409 1724 “de tes vœux, que mon crédit eſt auſſi
19 1731 3421 1924 “conſidérable en France, & par-tout
376 1920 3417 2115 “ailleurs, qu'en Angleterre, & que je
26 2109 3421 2304 “puis te faire obtenir ce que tu deſires,
23 2301 3421 2494 “auſſi-bien dans ta patrie que dans la
21 2495 3426 2692 “mienne.“ Elle me diſoit cela d'un
13 2691 3425 2898 certain air d'aſſurance, qui me perſuadoit,
11 2887 3425 3119 d'autant plus que je voyois que ce crédit
380 3082 3417 3282 étoit réellement très-grand en Angleterre.
11 3213 3417 3477 Je crois, cependant, qu'elle l'exagère.
11 3413 3417 3661 „Oui, me dit-elle, je puis vous faire
11 3661 3417 3863 “épouſer votre Mademoiſelle de Ly-
42 3861 3421 4060 “ſange, votre Aurore Belle-en-Deuil, &
388 4054 3421 4255 “toutes celles qui vous plairont. Si votre
388 4250 3704 4445 “fortune eſt un peu ébrêchée par les
384 4438 3425 4639 “fredaines que vous avez faites, je puis
384 4635 3417 4843 “la réparer; mais ſoyez ſage, jeune
11 4762 1335 4981 “homme.“
581 5029 3422 5226 Comprends - tu rien à cela toi, mon
11 5157 3425 5422 ami? pour moi je m'y perds, & je crois
392 5417 3429 5613 devoir cultiver cette ſingulière connoiſ-
393 5610 809 5756 ſance.
