4266 7812
1784 687 2561 864 ()
1163 1420 3676 1635 Levrette, à Céſar de Perlencour.
3056 1804 3400 1927 Paris.
907 2106 3842 2418 Ai! mon bon ami, tu vis, tu es en
892 2407 3823 2609 sûreté; que j'en rends graces au Ciel! Ton
907 2593 3892 2785 combat a fait du bruit. On en a parlé un
907 2777 3861 3224 a titſee poui aeeuoire e re ui tſe
926 3170 3857 3366 tois comporte en brave jeune homme,
926 3353 3865 3552 que tu es un petit Céſar. C'eſt le témoi-
915 3540 3873 3742 gnage, dit - on, que t'a rendu ton adver-
922 3735 3892 3925 ſaire, au lit de la mort? mais eſt-il mort?
926 3920 3877 4127 c'eſt ce que je ne ſais pas. A - t - il été
945 4113 3880 4312 tranſporté à Paris, vivant ou non? Je
858 4300 3884 4498 ne vois, là-deſſus, rien de bien clair. Il
934 4485 3880 4683 paroît qu'on veut étoufſer cette affaire.
942 4678 3888 4865 On t'avoit d'abord dit arrêté, ce qui me
938 4865 3884 5052 donnoit de mortelles allarmes; mais enfin,
934 5056 3899 5444 lre, eée i ia l oen llle, &js
957 5433 3903 5630 te félicite de ta valeur auſſi-bien que de
968 5628 1976 5821 ton honnêteté.
1148 5799 3907 6017 Malgré la juſtice qu'on te rend, on
968 6002 3908 6210 regrette pourtant beaucoup ton adverſaire
972 6185 3915 6399 infortuné. Il étoit généralement eſtimé.
