4266 7904
251 771 3238 977 Il ne devoit pas chercher à venger ſa dé-
10 965 3265 1174 funte amante, principalement ſur le frère
69 1163 3234 1361 de cette innocente Beauté; mais, encore
73 1351 2792 1560 un coup, c'eſt une affaire aſſoupie.
445 1550 3222 1745 u fais bien de plaindre les deux jeunes
38 1737 3230 1935 perſonnes dont tu me parles. Elles ſont
41 1927 3230 2123 bien à plaindre; elles ſont tombées dans
34 2109 3234 2307 de bien indignes mains. L'infame Frédé-
30 2303 3230 2519 gonde les perſécute, & veut les proſtituer
45 2493 3222 2699 au public. Son Chevalier Marqué prétend
220 2691 3211 2889 avoir les prémices de la belle Aurore;
89 2890 3204 3076 pour celles de Laure, tu y as mis bon
217 3076 3216 3274 ordre. Cependant le barbare la pourſuit
212 3273 3203 3462 avec acharnement. Il la fera mourir de
208 3455 3203 3658 chagrin, avant qu'elle ſoit arrivée au
57 3653 2753 3847 terme où elle doit te rendre père.
391 3843 3246 4037 Tu l'es de ma part, mon très - cher
170 4037 3199 4227 ami; j'en ſuis glorieuſe, je le dis à tout
197 4223 3195 4417 le monde. Après quelques ſouffrances,
202 4418 3196 4608 je ſuis accouchée heureuſement d'un gros
201 4611 3191 4808 garçon, très-bel enfant, qui reſſemble à
189 4801 3180 4999 ſon père. C'eſt moi - même qui me ſuis
197 4995 3172 5193 chargée de lui donner le lait maternel,
189 5189 3184 5383 & je ſuis charmée de cet emploi où je
193 5383 3184 5575 trouve des délices. Un de mes vieux
84 5573 3168 5767 amis, qui me trouve, dit-il, à croquer,
189 5763 3176 5957 dans ce petit rôle de mère-nourrice, a
204 5957 3172 6157 voulu me donner douze cents livres de
201 6151 3176 6352 tente. J'ai exigé qu'il les plaçât ſur la
167 7789 703 7902 ..-
