4266 7987
1439 596 1916 826 a
-15 807 3190 1036 brillante livrée, & le ſoir je converſe avec
-14 1015 3190 1228 elle dans une taverne. Je n'ai point encore
-14 1212 3394 1416 vu ſon hôtel, qui doit être un des plus
-14 1404 3230 1614 beaux de Londres. C'eſt toujours dans la
-13 1593 3206 1806 rue qu'elle me donne rendez-vous. Quelle
-13 1796 3202 1989 eſt cette ſingulière perſonne? eſt-ce une
-12 1976 3210 2190 Princeſſe? Elle dit qu'elle m'étudie, pour
-12 2177 3218 2379 voir ſi je ſuis digne d'être admis dans
-12 2366 3222 2755 oun ce e ele eemte ſe e vrei es
-11 2745 3226 2955 l'entendre, ce Club étend ſon pouvoir
-10 2938 3230 3157 beaucoup plus loin que la Grande - Bre-
-10 3152 3233 3349 tagne; car ce pouvoir eſt le même, non-
-9 3316 3226 3545 ſeulement dans tous les États de l'Europe;
-9 3535 3234 3755 mais dans les trois autres parties du monde.
-9 3728 3233 3916 Il aſſervit même les ſujets de tous les
-8 3905 3233 4120 Monarques; & tous les hommes. Cette
-8 4098 3233 4313 Société, qu'elle nomme ſouterreine,
-7 4309 3241 4503 a tant de puiſſance, qu'elle peut récom-
-7 4501 3237 4695 penſer, dans tout l'univers, tous les
-6 4695 3245 4886 hommes vertueux, & punir tous les mal-
-6 4882 3241 5078 faiteurs. Elle cite, à ſon tribunal, enfin,
-6 5078 3233 5277 tous les mortels qui reſpirent ſur la terre.
-5 5277 3233 5474 Tout ce que dit la belle de cette ſociété,
-5 5462 3241 5683 paroît convenir au Ciel même, à moins
-4 5659 3237 5848 que ce titre de ſouterreine n'annonce
-4 5843 3241 6049 qu'elle veut parler de l'Enfer. Camargo,
-4 6012 3245 6236 Miniſtre d'une telle puiſſance, eſt-elle ſor-
-3 6236 3230 6446 cière? eſt-elle diableſſe? Des gens ſu-
427 6435 1106 6580 Tome IIl.
2578 6444 3006 6579 B
