4266 7946
2298 628 2766 804 .
1060 839 4279 1086 perſtitieux ſeroient tentés de penſer, ſur
1056 1047 3714 1238 ſon compte, bien des extravagances.
994 1228 4278 1447 Ma bourſe déclinant, elle m'a forcé
1052 1430 4278 1638 d'accepter, d'elle, de l'argent. C'eſt une
1060 1619 4277 1854 fée bienfaiſante. Je ſuis tombé, à Lon-
1056 1816 4277 2035 dres, dans de bien autres mains qu'à Paris;
1052 2009 4276 2221 dans notre capitale, j'ai trouvé des gens
1052 2198 4276 2396 qui m'ont rongé juſqu'aux os; dans celle-
1052 2395 4275 2599 ci, je rencontre une femme qui veut
1052 2580 4275 2790 me faire ma fortune, & qui paroît en
1048 2773 4275 2981 état de la faire; & c'eſt dans la rue
1052 2966 4274 3179 que le ſort m'a fait trouver cet avantage.
1244 3158 4274 3367 J'apprends de triſtes nouvelles de Paris.
1029 3347 4273 3553 Mademoiſelle de Lyſange & ma belle
1010 3531 4273 3746 Aurore ſont indignement perſécutées par
1048 3729 4272 3936 l'infâme Frédégonde. Quelle différence de
1056 3911 4272 4132 cette furie à la fée Camargo! Je brûle
1060 4115 4272 4306 d'aller délivrer ces deux innocentes Beau-
1060 4304 4271 4503 tés; ſans ce motif, je reſterois, quelque
1056 4489 4271 4693 tems, à Londres, pour voir cette Société
1002 4682 4270 4878 ſouterreine, où ma nouvelle amie veut
1048 4871 4270 5099 m'introduire. Je brûle auſſi d'aller voir
1048 5060 4270 5263 ma Levrette & mon fils. Applaudis-moi,
1044 5253 4269 5455 je ſuis père, mon cher ami. Ce n'eſt
1048 5442 4269 5651 pas la première fois; mais cet enfant me
1037 5635 4268 5835 ſera bien cher, puiſqu'il me vient de l'in-
1037 5828 4268 6029 comparable Levrette. Au premier mo-
1040 6017 4268 6241 ment, je dois obtenir ma liberté par ſon
1040 6210 3243 6388 canal, & voler dans ſes bras.
