4266 7802
2212 675 2684 848 a.
986 900 3915 1098 galant, ni même poli. Il faut être homme,
979 1088 3911 1282 avoir quelque choſe de marqué, & je
990 1277 3912 1471 crois que tu l'as; j'ai apperçu, dans toi,
986 1465 3911 1646 un caractère, à travers les roſes & les lys
976 1654 3909 1839 de ton joli teint, & toutes les graces de
969 1843 2503 2024 ta charmante figure.
1229 2525 3641 2703 Céſar de Perlencour, à Dumoulin.
975 2950 3893 3150 ai aſſiſté, mon cher ami, à une fête
975 3146 3893 3337 ſingulière, que les gens de la Société ſou-
956 3335 3881 3478 terreine ont donnée au Panthéon. Ce
952 3519 3881 3709 Wauxhall eſt infiniment plus beau que le
979 3706 4088 3894 nôtre. La Société avoit ajouté à ſes orne-
949 3892 3878 4081 mens; & tout portoit l'empreinte de la
956 4081 3874 4270 force & du courage, au milieu d'une fête
949 4269 3467 4454 qui devoit être riante & galante.
953 4446 3866 4637 L'aſſemblée étoit compoſée d'abord
956 4631 4070 4830 d'Anglois, qui faiſoient le plus grand
945 4823 3862 5017 nombre, enſuite de François qui n'étoient
941 5008 3851 5205 guères moins nombreux, d'Italiens qui
941 5196 3851 5386 n'étoient pas rares, enfin de Suiſſes, d'Al-
937 5385 3843 5566 lemands & autres étrangers de toutes les
937 5573 3836 5762 Nations. On entendoit parler le mêlange
934 5758 3832 5951 de toutes ces langues, auſſi croiſées que
945 5943 3825 6140 les mœurs différentes qu'elles repréſen-
941 6134 3821 6335 toient. Nous avons beaucoup danſé; nous
